3996 6418
1757 463 1819 522 Ε]

1996 466 2035 522 ι.
3243 528 3246 529 ν
3546 468 3617 532 48

193 644 3611 691 ————————_—__________________________________

1229 813 1586 884 ELOGIA
1699 815 1885 885 PRO
1994 815 2577 890 ANASTASIO.

73 1069 80 1196 ζ
174 1102 504 1160 Guilielmus
552 1104 612 1162 s.
660 1109 724 1164 ιι.
767 1107 832 1164 E.
882 1107 1326 1166 bibliothecarius
1364 1111 1426 1166 in
1460 1111 1590 1168 Vita
1625 1110 1836 1168 Adria-
1861 1105 1926 1168 A

884 1200 945 1253 ni
972 1200 1032 1255 II
1052 1199 1136 1271 (a)

2061 1115 2124 1170 B.
2153 1102 2486 1187 PlatinaIde
2527 1116 2670 1174 Vitis
2694 1117 3038 1188 Pontiﬁcum,
3077 1117 3141 1172 in
3165 1117 3376 1176 JOANNE
3402 1119 3502 1177 IX.

234 1303 440 1374 Legati
473 1303 531 1358 S.
564 1303 629 1359 R.
663 1305 723 1361 E.
768 1309 983 1364 textum
1037 1308 1242 1379 synodi
1269 1309 1481 1381 (nempe
1506 1314 1706 1366 octava
1741 1326 1844 1379 ge-

169 1393 376 1446 neralis
413 1391 891 1466 Constantinopoli
933 1398 1258 1470 celebrata),
1299 1404 1558 1457 verentes
1589 1414 1658 1457 ne
1699 1402 1839 1472 quid

168 1480 382 1538 falsum
418 1485 619 1541 Graca
641 1485 847 1543 levitas
886 1487 946 1544 in
981 1501 1104 1544 eam
1135 1489 1509 1562 congesserit,
1538 1490 1843 1548 Anastasio

163 1577 382 1628 sancta
430 1573 594 1631 SBlliS
639 1577 972 1647 apostolica
1030 1579 1477 1637 bibliothecario
1527 1579 1649 1652 (qui
1703 1586 1843 1638 tunc

163 1662 450 1730 temporis
485 1677 588 1732 pro
617 1677 790 1720 causa
809 1666 1081 1722 Ludovici
1113 1668 1470 1724 serenissimi
1499 1669 1682 1725 nostri
1713 1669 1843 1726 Au-

159 1749 316 1819 gusti
351 1763 493 1807 eum
527 1752 794 1823 Suppone
834 1755 1273 1813 archiministro
1300 1761 1428 1829 post
1455 1771 1551 1814 eos
1570 1758 1841 1815 Constan-

156 1837 501 1910 tinOpolim,
538 1841 762 1915 divina,
795 1849 860 1900 ut
884 1846 1163 1918 creditur,
1200 1847 1636 1917 dispensatione
1661 1849 1841 1905 adve-

153 1928 339 1998 nerat)
382 1929 696 1988 subtiliter
741 1933 1178 2008 inquirendum,
1220 1941 1527 2009 antequam
1574 1939 1825 1995 subscri-

151 2015 311 2088 bant,
368 2021 779 2077 committunt.
811 2023 859 2078 A
888 2039 1003 2095 quo
1033 2025 1172 2096 quia
1210 2026 1273 2081 in
1306 2027 1574 2098 utrisque
1619 2028 1842 2100 linguis

147 2105 695 2178 eloquentissimus
735 2111 1036 2184 existebat,
1097 2113 1527 2171 studiosissime
1569 2130 1844 2186 perscru-

148 2200 329 2260 tatus,
379 2210 571 2253 omne
625 2198 779 2267 quod
839 2200 907 2254 ad
967 2201 1192 2257 laudem
1251 2203 1610 2259 serenissimi
1659 2205 1841 2261 nostri

141 2283 420 2353 Casaris,
475 2286 897 2343 sanctissimus
923 2289 1197 2346 dominus
1239 2290 1534 2348 Adrianus
1581 2292 1839 2363 pontifex

140 2371 195 2426 in
226 2373 496 2442 epistola
547 2375 643 2429 sui
676 2375 998 2433 decessoris
1043 2378 1286 2437 Arsenio
1337 2381 1606 2454 episcopo
1640 2383 1843 2440 immi—

137 2466 318 2518 nente
339 2462 664 2534 adjecerat,
697 2469 1010 2522 reseratum
1043 2466 1365 2526 inveniunt.

185 2589 453 2645 Joannes
484 2590 841 2656 Trithemius,
873 2592 939 2647 de
973 2591 1346 2665 Scriptoribus
1377 2598 1776 2654 ecclesiasticis.

205 2714 587 2772 Anastasius
633 2719 966 2788 apoatolica
1007 2720 1376 2781 bibliotheca
1426 2729 1623 2782 custos
1649 2729 1705 2782 et
1735 2725 1838 2782 ἰηι-

2023 1258 2266 1318 Carolus
2297 1260 2611 1332 imperator
2648 1263 3110 1319 Normannorum
3156 1276 3345 1336 regem
3395 1263 3455 1319 in
3491 1277 3617 1336 gra-

1955 1347 2094 1406 tiam
2121 1350 2431 1423 recipiens,
2457 1365 2488 1408 e
2509 1351 2877 1423 baptismatis
2894 1352 3050 1409 fonte
3067 1351 3297 1422 levavit,
3323 1356 3388 1410 ut
3409 1353 3617 1410 scribit

1953 1438 2314 1512 Anastasius,
2344 1442 2444 1514 qui
2469 1448 2591 1499 tum
2621 1442 2679 1498 in
2699 1443 2884 1513 pretio
2910 1446 3035 1500 erat
3057 1443 3323 1499 Romana
3347 1443 3616 1500 Ecclesia

1955 1526 2458 1603 bibliothecarius,
2492 1532 2582 1590 vir
2613 1545 2748 1589 sane
2780 1538 3025 1605 utraque
3056 1533 3256 1606 lingua
3290 1533 3516 1602 doctus,
3551 1539 3617 1590 ut

1953 1631 1984 1674 e
2013 1619 2212 1676 Graec
2243 1621 2303 1676 in
2327 1622 2593 1678 Latinum
2630 1625 2687 1679 et
2712 1623 3014 1693 septimam
3059 1621 3444 1679 universalem
3472 1635 3616 1694 syn—

1953 1710 2150 1780 odum,
2174 1714 2230 1766 et
2253 1712 2644 1770 Hierarehiam
2672 1713 2937 1784 Dionysii
2958 1711 3338 1785 Areopagita,
3371 1716 3425 1769 et
3454 1712 3615 1770 Vitas

1955 1799 2271 1856 multorum
2328 1799 2516 1857 Caroli
2575 1802 2758 1876 gratia
2804 1804 2866 1862 in
2902 1803 3172 1861 Latinum
3222 1801 3512 1876 eleganter
3555 1809 3611 1859 et

1951 1888 2116 1945 docte
2147 1889 2538 1946 transtuleris.

1953 2032 2271 2104 Onuphrius
2311 2035 2619 2090 Panvinius
2651 2036 2711 2158 iln
2751 2036 3048 2162 PlatIinam,
3079 2041 3310 2093 annotat
3354 2039 3416 2094 in
3441 2038 3613 2097 Nico-

2686 2122 2815 2162 tum
2893 2147 2906 2160 .

2686 2122 2815 2162 tum
2860 2122 2906 2162 1.

2025 2227 2371 2285 Anastasius
2405 2229 2742 2298 monachus,
2774 2233 2832 2286 et
2853 2229 2907 2286 S.
2942 2229 3008 2285 R.
3039 2231 3102 2285 Ε.
3138 2228 3617 2291 bibliotheearius

1956 2331 2140 2388 usque
2159 2318 2227 2373 ad
2262 2317 2562 2374 Nicolaum
2590 2319 2615 2373 Ι
2639 2319 3022 2375 Romanorum
3070 2319 3408 2390 pontiﬁcum
3431 2321 3612 2395 Vitas,

1870 2452 1924 2515 B
1953 2421 2080 2478 qua
2110 2407 2298 2464 adhuc
2323 2408 2475 2478 apud
2523 2421 2611 2464 me
2635 2412 2792 2478 sunt,
2833 2408 3382 2515 scripsit,‘s'ub.qu'o
3406 2413 3461 2515 et
3489 2412 3616 2515 ejus

1951 2497 2386 2554 successoribus
2409 2497 2667 2555 Adriano
2706 2499 2754 2554 II
2773 2501 2830 2554 et
2856 2499 3071 2555 Joanne
3099 2499 3222 2555 VIII
3245 2499 3303 2555 in
3329 2499 3482 2557 Urbe
3503 2503 3615 2558 ﬂo—

1949 2587 2242 2656 ruit.Qua
2263 2587 3338 2660 sequunturconcinnavitGuilielmus
3351 2590 3609 2662 quidam,

1945 2676 2089 2734 alter
2108 2676 2613 2750 bibliothecarius,
2647 2693 2775 2749 qua
2796 2678 2858 2736 in
2880 2678 3033 2736 libro
3059 2678 3169 2736 sub
3204 2680 3475 2737 Damasio
3495 2694 3609 2738 uo-

206 2766 585 2772 "—"'“‘"
635 2766 967 2820 “3";‘"""',
1007 2766 1402 2824 ”·ῖ”ζνῖ’⁴“⁴“”,
1427 2766 1623 2826 ““",""
1649 2766 1705 2782 ν’
1735 2766 1834 2826 ⁸³Ῐ⁷
1947 2767 2102 2824 mine
2126 2766 2555 2840 circumfertur,
2584 2772 2828 2826 exstant.

128 2809 454 2860 staurator
484 2817 920 2877 sagaelsmmus,
953 2821 1012 2864 In
1034 2809 1256 2868 dmms
1283 2813 1604 2884 Scripturls
1627 2815 1835 2871 erudi-

65 2886 69 2888 ⁷
127 2897 257 2958 tus,
284 2894 430 2949 etin
453 2894 839 2952 sacularibus
857 2897 1072 2955 litteris
1089 2899 1367 2959 nobiliter
1385 2903 1611 2975 doetus,
1633 2903 1832 2962 Graeo
1941 2911 2254 2980 Sigebertus
2283 2910 2704 2975 Gemblacensis,
2732 2911 2799 2966 de
2822 2910 3134 2968 illustribus
3161 2912 3417 2970 Ecclesia
3446 2895 3608 2970 Scri-

126 2989 185 3037 et
219 2983 447 3039 Latino
495 2984 745 3042 multum
783 2987 1006 3056 peritus
1035 2989 1288 3062 eloquio,
1336 2991 1522 3049 fertur
1550 2995 1819 3051 nonnulla

2469 2984 2744 3054 ptoribus,
2786 2999 2906 3055 cap.
2942 2981 3064 3041 404.

125 3073 557 3142 composuisse
598 3076 897 3146 opuscula,
931 3078 1027 3134 sed
1059 3080 1128 3136 ad
1177 3095 1382 3139 manus
1421 3088 1648 3140 nostras
1677 3083 1828 3141 nihil

126 3174 343 3217 eorum
381 3163 671 3233 pervenit.
702 3165 1028 3224 Transtulit
1058 3174 1248 3227 autem
1290 3172 1474 3228 multa
1498 3175 1827 3232 Graecorum

127 3250 449 3308 volumina
509 3253 570 3309 in
621 3255 911 3328 Latinum,
943 3271 1073 3315 nam
1101 3259 1338 3329 iubente
1366 3263 1604 3320 Nicolao
1635 3267 1828 3335 papaI

128 3343 460 3398 transtulit
499 3344 706 3400 Vitam
755 3347 993 3405 Joannis
1075 3349 1558 3423 Eleemosynarii:
1617 3353 1719 3410 lib.
1778 3369 1816 3411 ι.

131 3428 322 3486 Unam
380 3433 440 3487 S.
493 3434 760 3505 Dionysii
808 3437 1236 3496 Hierarcbiam:
1284 3441 1387 3498 lib.
1440 3457 1480 3498 ι.
1529 3443 1818 3514 Synodum

132 3532 210 3575 ηε
239 3521 671 3579 universalem:
695 3523 800 3580 lib.
836 3540 875 3582 ι.
904 3527 1064 3584 Vitas
1091 3529 1403 3587 multorum
1429 3532 1522 3588 SS.
1547 3533 1814 3590 Patrum:

135 3609 246 3665 lib.
275 3624 318 3680 ι,
353 3615 415 3667 et
442 3612 562 3668 alia
596 3613 783 3682 plura.
815 3615 1062 3686 Scripsit
1091 3621 1148 3674 et
1186 3620 1498 3678 Historiam
1524 3623 1819 3680 Ecclesia-

137 3701 352 3756 stieam
408 3715 596 3771 usque
643 3703 710 3759 ad
744 3717 851 3761 sua
894 3709 1170 3779 tempora,
1219 3713 1458 3782 rogante
1502 3711 1706 3770 Carolo
1745 3714 1813 3784 ll,

139 3791 232 3844 cui
270 3790 577 3860 imprimis
602 3791 813 3850 cbarus
841 3798 981 3851 erat.
1009 3796 1236 3855 Claruit
1258 3799 1370 3856 sub
1398 3801 1687 3858 Ludovico
1718 3801 1820 3859 im-

144 3885 407 3948 peratore
437 3882 716 3955 secundo,
748 3897 904 3942 anno
927 3885 1160 3944 Domini
1185 3883 1310 3946 860.

2010 3125 2370 3192 Anastasius,
2387 3126 2626 3198 iubente
2643 3127 2882 3186 Nicolao
2906 3141 3071 3201 papa,
3091 3129 3395 3188 transtulit
3413 3130 3473 3187 in
3506 3132 3606 3188 La-

1938 3214 2126 3274 tinum
2145 3217 2331 3274 Vitam
2352 3217 2589 3275 Joannis
2608 3217 3081 3292 Eleemosynarii,
3109 3219 3386 3292 scriptam
3406 3221 3602 3280 Graec

1934 3319 1968 3362 a
1995 3307 2234 3364 Leontio
2254 3308 2548 3379 episcopo.

2005 3395 2186 3453 Caesar
2207 3398 2476 3456 Baronius
2495 3397 2805 3454 Annalium
2825 3399 3325 3456 Ecclesiastieorum
3345 3403 3485 3458 tomo
3499 3403 3594 3459 IX.

2002 3483 2344 3543 Anastasius
2358 3486 2860 3560 bibliothecarius,
2885 3488 2992 3546 etsi
3036 3490 3168 3548 rudi
3191 3490 3360 3563 stylo,
3385 3490 3602 3549 ﬁdelis-

1929 3573 2076 3631 sime
2119 3579 2308 3632 tamen
2350 3590 2542 3634 rerum
2579 3583 2868 3651 gestarum
2920 3578 3224 3636 historiam
3277 3582 3590 3654 enarravit,

1933 3663 2048 3721 imo
2079 3664 2139 3722 in
2161 3679 2350 3723 rerum
2369 3667 2462 3724 sui
2494 3668 2770 3738 temporis
2812 3669 3144 3726 narratione
3190 3670 3418 3727 nullum
3461 3671 3598 3727 tide-

1929 3752 2132 3810 liorem
2154 3758 2212 3810 et
2236 3755 2529 3812 meliorem
2549 3757 2886 3827 scriptorem
2919 3756 3214 3828 habemus,
3233 3759 3385 3827 apud
3421 3772 3589 3828 quem

1928 3843 2115 3914 magis
2139 3857 2270 3898 cum
2292 3844 2669 3914 simplicitate
2688 3845 2902 3902 veritas
2931 3857 3101 3915 quam
3123 3859 3254 3902 eum
3276 3844 3410 3904 fuco
3440 3859 3590 3904 men-

1927 3931 2094 3988 dacia
2123 3930 2450 3992 valuerunt.

208 4023 286 4092 (a)
315 4025 522 4083 Exstat
551 4026 612 4083 in
638 4025 750 4084 hoc
776 4039 968 4100 Opere.
