3996 6406
133 457 198 514 21
502 454 599 512 AD
635 453 1079 513 ANASTASIUM
1116 449 1638 512 PROLEGOMENA
1677 449 1858 508 EDIT.
1897 446 2332 509 ROM.-VATIC.
2361 476 2436 490 -—
2473 446 2685 506 EPIST.
2729 449 3211 508 DEDICATORIA.
3504 450 3580 511 22

132 579 621 653 Archigymnasio
652 579 1070 652 typOgraphus,
1107 593 1235 635 mox
1265 579 1435 634 etiam
1466 577 1799 647 Vaticanus,
1837 581 1892 633 te
1919 575 2112 646 dante,
2147 575 2258 631 sim
2289 575 2817 633 renuntiatus.Hac
2847 576 3104 633 nominis
3132 574 3455 648 amplitudo
3485 588 3575 633 me

135 671 463 727 sollicitum
492 670 702 734 reddit,
730 675 795 725 ut
820 670 919 741 qui
952 684 1053 740 par
1079 669 1276 741 gratia
1304 667 1610 724 referenda
1633 681 1746 722 non
1774 666 1884 722 sim
1914 665 2187 722 munifico
2208 679 2340 737 erga
2364 680 2450 721 me
2471 667 2747 737 principi,
2772 667 3189 737 exspectationi
3218 665 3571 724 sanctissimi

135 761 327 816 Patris
353 761 556 816 saltem
591 774 693 830 pro
724 759 958 816 modulo
992 760 1332 830 respondere
1363 758 1647 814 connitar.
1683 757 1805 826 Qua
1839 757 2024 828 igitur
2050 756 2272 812 ratione
2305 756 2360 812 id
2391 759 2728 814 contendam
2761 757 2870 813 hoc
2898 758 3154 814 editione
3183 758 3387 828 Operis
3415 758 3575 814 Ana-

135 851 331 921 stasii,
368 851 424 906 id
456 849 586 920 tibi,
610 851 794 905 PATER
815 851 1164 920 BEATISSIME,
1195 849 1432 920 laboris,
1465 852 1520 904 et
1540 847 1777 903 consilii
1811 847 1920 903 mei
1950 861 2062 903 non
2090 851 2314 903 tantum
2345 847 2580 904 domino
2613 847 3146 919 indulgentissimo,
3178 862 3376 904 verum
3399 847 3570 904 etiam

129 941 322 1008 judici
354 954 423 997 ac
453 949 696 1011 patrono
725 940 1194 1011 clementissimo,
1228 939 1629 1009 exponendum
1671 937 1975 994 humiliter
2005 937 2146 994 duxi
2177 957 2189 992 :
2222 943 2438 1009 tuoque
2468 938 2576 994 sub
2614 938 2878 1009 auspicio
2919 938 3142 994 cateris
3172 939 3568 1008 aperiendum,

135 1035 198 1085 ut
227 1031 423 1087 sciant
453 1031 789 1101 quicunque
808 1029 993 1100 Opella
1023 1035 1220 1086 nostra
1247 1029 1623 1098 imposterum
1647 1027 1813 1084 usuri
1839 1032 1997 1099 sunt,
2026 1028 2241 1099 quibus
2270 1028 2587 1099 praesertim
2614 1029 2888 1099 operibus
2905 1025 3073 1099 prela
3098 1026 3338 1085 ofﬁcina
3361 1031 3571 1085 nostra

131 1120 393 1176 exerceri
425 1119 681 1190 cupiam,
713 1132 779 1174 ex
811 1132 925 1189 quo
954 1118 1218 1174 Vaticani
1251 1118 1592 1190 typographi
1627 1131 1862 1174 munere
1889 1131 1922 1173 a
1952 1118 2245 1174 sacerdote
2276 1118 2527 1174 maximo
2559 1132 2684 1174 sum
2716 1119 2982 1193 donatus.

204 1211 288 1278 (α)
330 1208 790 1280 Typographiam
823 1207 1155 1264 Vaticanam
1200 1222 1330 1263 cum
1363 1208 1695 1264 institueret
1736 1207 2084 1264 immortalis
2129 1209 2417 1264 memoria
2450 1208 2707 1280 pontifex
2744 1209 2944 1266 Sixtus
2973 1207 3039 1278 V,
3074 1207 3371 1280 professus
3395 1211 3482 1264 est
3504 1220 3572 1265 eo

131 1299 389 1356 consilio
417 1297 734 1368 fundatam,
768 1298 835 1353 ad
870 1301 1199 1354 sanctorum
1226 1297 1453 1354 scilicet
1473 1312 1642 1368 Opera
1675 1298 2048 1367 restituenda,
2082 1299 2543 1371 catholicamque
2565 1300 2903 1371 religionem
2933 1303 3054 1357 toto
3078 1300 3214 1356 orbe
3246 1313 3574 1372 propagan-

131 1391 284 1445 dam.
329 1391 559 1459 Quanto
603 1392 795 1444 autem
837 1388 1032 1444 studio
1072 1402 1132 1444 se
1169 1388 1629 1458 comparaverint
1667 1389 1735 1444 ad
1781 1388 2132 1458 implendum
2180 1393 2459 1460 suscepta
2509 1391 2819 1461 provincia
2864 1405 3076 1448 munus
3121 1395 3406 1462 quotquot
3447 1390 3574 1460 ejus

131 1480 378 1536 ofﬁcina
410 1478 667 1534 libraria
698 1492 894 1535 curam
926 1478 1434 1542 administrabant,
1461 1479 1606 1535 satis
1637 1480 1949 1534 ostendunt
1975 1492 2144 1548 Opera
2175 1480 2405 1552 egregia
2433 1494 2538 1552 per
2557 1495 2655 1537 eos
2673 1495 2856 1538 annos
2877 1482 3032 1537 edita
3054 1481 3208 1552 typis
3235 1479 3566 1537 Vaticanis:

133 1571 448 1641 utriusque
478 1569 823 1625 Testamenti
852 1569 1020 1624 lectio
1049 1583 1219 1640 quam
1241 1569 1733 1639 emendatissima,
1763 1568 2148 1624 conciliorum
2180 1571 2533 1641 generalium
2557 1571 2695 1627 Acta
2716 1586 2785 1627 ex
2808 1571 3240 1642 probatissimis
3267 1569 3572 1628 codicibus

128 1661 443 1730 descripta,
479 1664 813 1714 sanctorum
845 1659 1076 1714 Patrum
1110 1659 1544 1715 lucubrationes
1569 1659 1637 1714 ad
1665 1662 1919 1714 veterum
1953 1659 2369 1729 exemplarium
2393 1660 2559 1717 fidem
2590 1675 2951 1732 summopere
2980 1661 3294 1734 castigata.
3320 1659 3573 1716 Annales

127 1749 404 1804 Ecclesia
435 1763 468 1804 a
499 1749 746 1805 Baronio
777 1754 915 1804 tunc
947 1748 1224 1820 inchoati,
1257 1754 1313 1805 et
1343 1749 1628 1820 ejusmodi
1672 1749 1957 1805 librorum
1991 1761 2196 1820 genera
2228 1761 2520 1820 nunquam
2567 1752 3022 1808 intermoritura.
3065 1753 3161 1807 Na
3191 1749 3442 1807 celebres
3475 1749 3566 1806 illi

129 1840 389 1894 editores
414 1839 679 1894 Vaticani
711 1838 978 1904 Aldinam
1012 1839 1352 1912 elegantiam
1384 1853 1514 1896 cum
1547 1839 1804 1896 utilitate
1829 1843 1885 1894 et
1915 1838 2213 1908 majestate
2243 1841 2566 1909 argumenti
2593 1842 2851 1897 omnium
2883 1842 3211 1914 gravissimi
3243 1842 3570 1911 conjunxe-

130 1936 286 1985 runt.
335 1931 476 1985 Post
509 1929 742 1984 uberem
788 1930 971 2001 igitur
1008 1943 1248 1986 messem
1295 1931 1557 2002 undique
1601 1929 2014 2001 conquisitam,
2047 1933 2104 1984 et
2142 1929 2283 1984 adeo
2324 1927 2576 1984 feliciter
2615 1930 2829 1986 illatam
2864 1932 2926 1987 in
2966 1932 3236 1988 Ecclesia
3278 1931 3571 2002 horreum,

129 2018 297 2090 quale
328 2018 712 2090 spicilegium
745 2019 1032 2089 supererit
1060 2033 1091 2074 a
1126 2033 1215 2076 me
1236 2019 1649 2090 colligendum,
1682 2033 1748 2075 eo
1773 2019 2015 2090 dignum
2042 2019 2298 2090 nomine,
2329 2032 2445 2090 quo
2477 2017 2698 2088 placuit
2721 2020 3039 2076 SANCTITATI
3070 2023 3304 2078 Vssraa
3332 2025 3574 2078 conatus

130 2121 281 2162 meos
303 2107 642 2174 honestare,
668 2106 807 2160 dum
831 2106 888 2160 in
912 2107 1088 2161 vitam
1117 2113 1406 2162 revocaret
1432 2111 1560 2176 post
1582 2121 1782 2176 unum,
1811 2111 1913 2162 aut
1933 2107 2177 2163 alterum
2206 2106 2483 2163 saculum
2511 2108 2948 2177 typographiam
2967 2108 3297 2164 Vaticanam
3319 2110 3348 2164 ‘l
3367 2109 3574 2165 Animo

131 2201 308 2250 tamen
344 2193 720 2264 despondere
746 2206 850 2249 nos
877 2194 1112 2250 minime
1137 2196 1281 2251 sinit
1308 2208 1602 2251 sacrorum
1632 2209 1810 2267 seges,
1840 2209 2011 2266 quam
2043 2209 2284 2267 magnus
2311 2200 2470 2266 pater
2496 2195 2752 2252 familias
2779 2201 3032 2266 paratam
3060 2200 3247 2252 servat
3272 2195 3576 2253 industria

127 2284 337 2353 coloni,
378 2296 502 2337 non
533 2295 701 2337 secus
730 2295 796 2337 ac
828 2283 1007 2339 vinea
1040 2283 1282 2353 fructus,
1317 2290 1372 2340 et
1403 2286 1684 2341 mercedis
1714 2292 2046 2356 proventum
2081 2285 2437 2340 vinitoribus
2464 2285 2684 2341 vocatis
2712 2285 2780 2342 ad
2818 2286 3014 2342 horam
3047 2299 3276 2358 nonam,
3305 2291 3361 2342 et
3391 2287 3580 2343 unde-

130 2374 362 2427 cimam.
403 2371 548 2424 Nam
595 2383 724 2439 qua
769 2372 1067 2439 provincia
1100 2373 1207 2427 tibi
1243 2386 1354 2428 non
1389 2371 1546 2428 ferax
1578 2372 1774 2430 futura
1824 2374 1919 2442 sit,
1955 2375 2288 2428 BEATISSIME
2337 2375 2539 2444 PATER,
2586 2373 2637 2429 si
2683 2373 2754 2428 ab
2796 2378 3049 2431 extrema
3097 2375 3269 2430 etiam
3301 2375 3484 2446 Syria,
3525 2379 3581 2432 et

127 2461 401 2528 desertis,
438 2474 506 2514 ac
552 2458 980 2515 solitudinibus
1011 2461 1213 2516 Nitria
1255 2475 1320 2517 ac
1345 2462 1657 2518 Thebaidis
1696 2463 1929 2535 colligis
1960 2461 2205 2533 fructus,
2249 2463 2521 2533 pluribus
2552 2466 2684 2518 ante
2726 2477 2829 2520 nos
2868 2457 3098 2520 saeculis
3137 2465 3445 2536 denegatos
3474 2469 3577 2521 aut

130 2551 459 2606 occultatos
487 2549 516 2602 ‘?
543 2548 681 2604 Acta
712 2549 866 2604 enim
911 2551 1245 2622 Martyrum,
1279 2551 1350 2606 ab
1398 2551 1647 2608 Eusebio
1683 2553 1944 2624 collecta,
1968 2556 2023 2608 et
2055 2551 2287 2608 turbine
2318 2553 2565 2623 quodam
2610 2553 2798 2608 atatis
2836 2552 3092 2610 barbara
3126 2554 3204 2610 ita
3235 2553 3469 2624 abrepta
3513 2568 3579 2611 ac

131 2641 422 2710 dispersa,
460 2643 525 2695 ut
550 2643 678 2710 post
707 2653 892 2695 annos
917 2654 1029 2695 non
1064 2639 1318 2711 integros
1350 2645 1636 2698 trecentos
1674 2641 1888 2699 frustra
1929 2649 2326 2714 quarerentur
2350 2643 2408 2698 in
2442 2643 2684 2699 scriniis
2720 2642 3011 2714 Ecclesia,
3043 2657 3226 2714 nuper
3255 2657 3321 2699 ex
3347 2643 3580 2700 Oriente

134 2729 395 2786 attulisti
445 2742 577 2784 cum
622 2728 761 2784 aliis
803 2729 1098 2798 praclaris
1141 2730 1444 2786 codicibus
1487 2732 1777 2803 ducentis,
1814 2737 1912 2788 tuo
1948 2734 2117 2803 jussu
2157 2745 2224 2788 ac
2256 2731 2654 2789 munificentia
2693 2733 3042 2804 comparatis
3070 2735 3140 2789 ad
3184 2733 3580 2790 instruendam

137 2823 297 2878 novis
330 2819 530 2890 copiis
563 2818 973 2875 bibliothecam
1003 2820 1357 2876 Vaticanum.
1391 2820 1613 2889 Quanta
1646 2822 1970 2892 amplitudo
2000 2822 2257 2894 regionis
2291 2823 2508 2879 nostris
2539 2823 2839 2880 laboribus
2870 2823 3194 2880 excolenda
3227 2824 3333 2880 hoc
3365 2837 3480 2880 uno
3517 2824 3578 2880 in

135 2915 442 2981 prospectu
478 2912 610 2963 ante
640 2908 841 2964 oculos
870 2908 1168 2979 aperitur!
1204 2910 1342 2965 Cum
1373 2911 1569 2981 itaque
1597 2912 1836 2968 materia
1866 2912 2190 2968 editionum
2222 2911 2492 2969 defutura
2525 2913 2762 2969 minime
2795 2913 2874 2970 sit
2904 2913 3011 2969 sub
3042 2913 3261 2983 Optimo
3295 2913 3577 2986 principe,

133 3001 311 3057 sacris
361 2998 588 3054 litteris
624 2997 882 3067 impense
920 2999 1172 3069 addicto,
1223 3000 1537 3070 prastabit,
1575 3004 1638 3056 ut
1669 3015 1772 3073 ego
1801 3001 2076 3074 arbitror,
2110 3001 2400 3072 specimen
2431 3003 2558 3072 ejus
2586 3003 2909 3075 diligentia
2939 3002 3231 3076 exhibere,
3275 3017 3448 3076 quam
3483 3008 3581 3060 tua

133 3092 406 3146 Vaticana
441 3089 825 3160 typographia
855 3089 1112 3159 polliceri
1144 3093 1332 3159 potest
1357 3090 1684 3147 cultoribus
1713 3091 2040 3162 graviorum
2065 3091 2536 3164 disciplinarum,
2568 3098 2690 3149 tum
2720 3093 2780 3149 in
2801 3093 3026 3150 delectu
3055 3106 3294 3165 operum
3320 3093 3578 3150 edendo-

142 3195 287 3250 rum,
326 3184 456 3234 tum
493 3177 552 3232 in
585 3177 967 3248 castigatione
998 3184 1171 3249 atque
1201 3179 1488 3250 elegantia
1517 3180 1814 3238 editionis.

198 3269 335 3325 Tria
371 3267 495 3322 hac
526 3267 810 3337 spondere
841 3282 967 3324 cum
1001 3269 1213 3339 ausim,
1248 3269 1424 3325 etiam
1456 3275 1729 3339 prastare
1757 3274 1998 3328 conatus
2030 3284 2158 3327 sum
2192 3271 2254 3327 in
2288 3270 2382 3327 his
2411 3272 2766 3330 excudendis
2804 3273 3192 3330 Romanorum
3232 3273 3575 3331 Pontiﬁcum

132 3359 298 3429 Vitis,
327 3371 462 3428 qua
486 3356 781 3412 Anastasii
812 3357 1043 3413 nomine
1067 3357 1272 3413 donari
1296 3358 1502 3415 solent.
1527 3360 1793 3417 Delectus
1820 3361 1878 3417 in
1910 3360 2117 3431 primis
2144 3361 2313 3418 utilis
2342 3363 2599 3432 reputari
2626 3361 2876 3434 profecto
2903 3363 3089 3434 debet,
3120 3364 3220 3436 qui
3246 3369 3402 3436 gesta
3425 3379 3576 3435 pra-

132 3449 298 3518 cipua
328 3446 746 3516 complectitur
769 3446 1133 3504 decessorum
1163 3452 1391 3504 tuorum
1424 3449 1482 3504 in
1505 3450 1654 3506 Petri
1689 3451 1982 3522 cathedra,
2011 3452 2552 3524 successionemque
2575 3457 2687 3509 nbn
2714 3453 3095 3525 interruptam
3124 3471 3135 3508 :
3164 3454 3434 3511 universa
3458 3454 3578 3511 hac

131 3535 405 3607 genuinis
436 3535 592 3590 notis
615 3535 905 3605 descripta
928 3549 996 3591 ex
1020 3536 1316 3607 diptychis
1342 3541 1398 3593 et
1426 3537 1808 3612 heortologiis
1833 3541 2123 3597 nascentis
2148 3541 2436 3598 Ecclesia.
2466 3543 2590 3598 Non
2620 3541 2739 3598 alia
2767 3543 3096 3599 rudimenta
3124 3543 3357 3601 maximi
3386 3544 3581 3615 operis

131 3626 449 3682 Annalium
482 3625 726 3683 Baronio
750 3623 932 3682 fuisse
955 3625 1168 3682 fatetur
1193 3627 1447 3698 inclytus
1473 3629 1724 3700 scriptor
1749 3628 1828 3700 (ὂ)
1852 3630 1912 3684 in
1943 3630 2189 3700 epistola
2219 3633 2646 3702 nuncupatoria
2673 3633 2742 3689 ad
2769 3633 2996 3690 Sixtum
3026 3635 3375 3705 pontiﬁcem,
3407 3638 3579 3706 quam

133 3716 295 3770 Vitas
323 3721 653 3770 sanctorum
683 3719 739 3771 et
763 3715 1021 3785 exempla
1050 3716 1285 3771 Patrum
1311 3733 1323 3770 :
1353 3718 1503 3772 unde
1528 3719 1859 3774 adversaria
1884 3719 2166 3790 colligens
2190 3721 2259 3775 ad
2290 3735 2459 3776 usum
2489 3719 2874 3776 familiarium
2901 3721 3267 3790 concionum,
3302 3735 3406 3791 pro
3435 3735 3582 3777 con-

134 3804 457 3861 suetudine
485 3803 738 3860 Oratorii
768 3805 860 3860 sui
895 3803 1162 3874 quotidie
1202 3803 1618 3876 habendarum,
1661 3820 1731 3860 ex
1768 3819 1938 3876 parvo
1981 3807 2200 3861 semine
2233 3808 2522 3877 ingentem
2564 3807 2828 3862 arborem
2858 3811 3113 3862 exortam
3143 3807 3310 3862 vidit.
3346 3807 3418 3862 At
3440 3808 3584 3864 Vita

135 3894 529 3949 maximorum
575 3893 910 3963 pontificum
955 3893 1060 3949 hoc
1100 3893 1276 3949 etiam
1318 3892 1596 3949 brevitate
1639 3894 1974 3962 enuntiata,
2019 3907 2133 3965 qua
2182 3894 2550 3964 potissimum
2596 3894 2808 3951 veritas
2852 3895 3080 3967 gaudet,
3130 3901 3345 3966 quanto
3390 3911 3581 3955 rerum
3628 3939 3631 3942 ‹

132 3984 384 4054 pondere
427 3988 484 4038 et
515 3990 802 4040 momento
845 3983 1114 4054 polleant,
1168 3983 1331 4054 satis,
1382 3997 1567 4055 spero,
1619 3983 1978 4041 indicabitur
2009 3985 2069 4040 in
2112 3983 2447 4056 prafatione
2488 3985 2557 4041 ad
2600 3987 2908 4043 Lectorem.
2956 3985 3274 4058 Castigatio
3312 3991 3579 4044 accurata

127 4075 298 4144 (quod
344 4079 473 4130 erat
512 4073 762 4130 alterum
793 4087 826 4129 a
867 4087 954 4129 me
985 4073 1315 4143 pollicitum
1347 4078 1401 4129 et
1449 4075 1858 4147 praestandum)
1905 4088 1964 4131 se
1996 4075 2196 4146 prodet
2229 4075 2288 4131 in
2323 4075 2791 4148 uniuscujusque
2840 4075 2970 4133 folii
3011 4083 3323 4149 conspectu
3366 4079 3571 4149 primo.

131 4165 361 4222 Videbit
395 4167 618 4233 Lector,
647 4164 907 4220 omnium
940 4162 1055 4219 fere
1085 4163 1376 4219 cultarum
1411 4163 1732 4235 nationum,
1765 4177 1891 4235 qua
1924 4165 1982 4220 in
2008 4167 2236 4236 Europa
2269 4169 2424 4237 sunt,
2459 4165 2692 4221 collatis
2723 4166 2942 4222 studiis
2974 4166 3121 4222 hanc
3153 4167 3345 4239 operis
3375 4181 3577 4225 emen-

126 4257 422 4312 dationem
451 4268 578 4310 esse
601 4254 958 4309 adornatam.
989 4252 1260 4308 Codicum
1296 4254 1765 4323 prastantiorum
1797 4255 2086 4311 variantes
2117 4255 2414 4326 lectiones,
2450 4269 2594 4326 quas
2626 4254 2994 4311 bibliotheca
3027 4269 3142 4324 pra
3168 4256 3392 4312 cateris
3419 4257 3575 4313 cele-

130 4345 252 4400 bres
278 4344 637 4413 attulerunt,
685 4341 976 4411 Vaticana,
1010 4341 1266 4397 Casarea
1303 4341 1787 4412 Vindobonensis,
1831 4344 2008 4415 Regia
2051 4345 2324 4401 Ludovici
2371 4344 2584 4416 Magni,
2630 4344 2805 4415 Regia
2834 4343 3168 4415 Christina,
3215 4344 3574 4416 Florentlna,

129 4435 500 4502 Farnesiana,
536 4430 869 4499 Barberina,
902 4429 1349 4499 Otthoboniana,
1380 4431 1652 4488 Cavensis
1681 4437 1736 4488 et
1762 4433 2112 4504 Colbertina,
2164 4439 2471 4490 occurrent
2498 4433 2568 4489 ad
2596 4432 2860 4505 singulas
2891 4431 3186 4488 lectiones.
3221 4433 3302 4487 Ex
3331 4433 3574 4488 Germa—

131 4524 216 4578 nia
244 4521 548 4592 superiori
578 4519 865 4588 Velserus,
894 4523 950 4573 et
974 4519 1275 4590 Freherus,
1307 4533 1524 4576 necnon
1560 4521 1782 4592 Binius,
1813 4527 1867 4577 et
1892 4523 2138 4593 Surius;
2168 4535 2236 4578 ex
2267 4520 2532 4578 inferiori
2561 4523 2742 4578 Lucas
2772 4521 3126 4590 Holstenius,
3156 4525 3213 4576 et
3238 4521 3570 4577 Emmanuel

127 4611 561 4667 aSchelestrate
589 4628 604 4679 ς
633 4623 698 4663 ex
727 4608 912 4664 Gallis
943 4609 1218 4679 Labbeus,
1248 4614 1305 4665 et
1333 4610 1639 4666 Fabrotlus
1667 4630 1682 4678 ;
1713 4625 1782 4667 ex
1813 4612 2087 4682 Hispanis
2116 4614 2287 4667 Penia
2315 4631 2328 4680 ;
2362 4625 2431 4666 ex
2460 4611 2622 4666 Italis
2655 4611 2937 4667 Baronius
2961 4610 3050 4681 (ut
3085 4625 3235 4668 unus
3271 4611 3349 4668 sit
3386 4611 3572 4668 instar

128 4701 407 4772 omnium)
430 4698 754 4770 symbolam
781 4712 941 4754 suam
967 4698 1360 4755 contulerunt.
1390 4701 1503 4756 Hoc
1528 4714 1728 4772 agmen
1752 4701 2100 4772 scriptorum
2132 4701 2303 4772 primi
2333 4700 2575 4756 subselii
2603 4701 2798 4757 vadem
2825 4701 3072 4758 adhibeo
3096 4701 3355 4759 delectus
3376 4703 3570 4772 operis

129 4803 156 4843 a
187 4805 272 4845 me
298 4789 588 4859 suscepti,
635 4793 691 4843 et
729 4787 1130 4859 castigationis
1181 4789 1516 4858 promissa:
1550 4791 1701 4862 quod
1735 4791 1908 4847 etiam
1956 4793 2205 4863 pertinet
2234 4791 2303 4846 ad
2335 4791 2682 4862 dignitatem
2726 4790 2994 4847 Ecclesia
3037 4792 3296 4848 omnium
3340 4791 3565 4860 matris,

133 4879 378 4936 libenter
402 4878 831 4949 approbatura,
865 4877 923 4933 in
947 4883 1028 4934 t0t
1056 4879 1356 4935 nationum
1390 4880 1532 4936 filiis
1557 4881 1816 4937 devotam
1848 4880 1962 4937 sibi
1989 4881 2257 4952 pietatem
2287 4879 2536 4936 feliciter
2557 4884 2890 4950 occupatam
2917 4881 2974 4936 in
3001 4878 3400 4936 describendis
3423 4877 3570 4933 fide-

133 4969 259 5025 liter
281 4971 468 5042 gestis
493 4967 834 5039 pontilicum
861 4969 1262 5026 maximorum.
1286 4971 1540 5027 Tertium
1568 4972 1734 5041 illud,
1757 4973 1906 5043 quod
1928 4972 2242 5044 pollicebar
2262 4972 2474 5028 ductus
2493 4970 2758 5041 auSpicio
2774 4971 3082 5041 jussionis,
3102 4975 3158 5024 et
3179 4966 3568 5023 beneﬁcentia

131 5067 257 5129 tua,
293 5062 486 5114 PATER
527 5059 881 5127 BEATlSSlME,
908 5063 996 5113 est
1024 5058 1307 5130 elegantia
1338 5060 1620 5116 editionis
1653 5079 1664 5113 :
1699 5075 1868 5131 quam
1910 5076 2050 5118 usus
2077 5061 2281 5118 docuit
2316 5059 2578 5118 conferre
2611 5059 2929 5129 plurimum
2962 5058 3031 5112 ad
3062 5056 3257 5126 operis
3291 5054 3566 5124 perenni-

131 5157 317 5205 tatem.
357 5149 517 5202 llanc
547 5160 680 5203 vero
709 5152 1072 5204 consectatus
1102 5162 1229 5204 sum
1265 5149 1542 5218 impensis
1570 5163 1680 5205 non
1711 5151 2120 5221 mediocribus,
2156 5151 2404 5207 consilio
2437 5148 2836 5221 prastantium
2862 5147 3142 5212 virorum,
3176 5148 3231 5199 et
3262 5157 3569 5215 compara-

131 5240 283 5295 tione
309 5237 664 5308 editionum,
696 5251 823 5308 qua
865 5240 1182 5308 peritorum
1221 5251 1510 5295 consensu
1539 5239 1821 5297 habentur
1865 5242 2112 5297 maxime
2153 5240 2399 5297 nobiles.
2449 5239 2695 5295 Felicem
2726 5249 2812 5291 me
2848 5233 3147 5304 reputabo,
3182 5234 3231 5291 si
3265 5249 3368 5306 pro
3412 5234 3564 5290 votis

133 5331 180 5383 id
215 5330 558 5397 obtinuero,
599 5333 661 5382 ut
691 5329 989 5384 Sasernas
1023 5330 1241 5384 Vssrax
1277 5341 1614 5398 persuasum
1658 5331 1881 5401 habeat,
1925 5331 2268 5403 typographi
2297 5331 2391 5388 sui
2433 5330 2622 5396 fidem,
2660 5324 3067 5396 obedientiam,
3105 5336 3170 5380 ac
3197 5323 3566 5397 diligentiam

131 5419 204 5474 ita
233 5432 468 5489 semper
501 5424 759 5488 paratam
791 5415 910 5473 fore
936 5437 949 5486 ;
981 5422 1044 5473 ut
1078 5418 1130 5473 is
1159 5417 1497 5489 apostolicis
1528 5421 1770 5490 pedibus
1800 5434 1948 5492 sape
1977 5419 2266 5489 accidens,
2299 5423 2355 5474 et
2387 5431 2486 5488 per
2516 5413 2728 5472 salutis
2759 5417 2966 5470 nostra
2996 5414 3231 5485 signum
3265 5409 3565 5484 pontificia

131 5522 298 5566 manu
334 5506 690 5579 productum
722 5519 754 5561 a
793 5506 906 5563 Deo
934 5507 1089 5563 vires
1131 5506 1470 5578 impetrans,
1499 5521 1532 5564 a
1559 5523 1673 5580 quo
1717 5508 1909 5566 omnis
1939 5506 2288 5565 sufﬁcientia
2335 5510 2535 5562 nostra
2563 5507 2672 5571 est,
2708 5513 2777 5557 ex
2803 5500 2909 5560 hoc
2951 5499 3346 5575 qualicunque
3370 5493 3570 5566 speci-

196 5708 276 5776 (α)
325 5707 410 5763 Ex
443 5705 509 5762 Β.
550 5705 608 5760 Ρ.
646 5703 906 5763 Bonanni
943 5705 1002 5762 in
1032 5703 1184 5776 expl.
1221 5703 1439 5776 nummi
1474 5708 1650 5775 postr.
1683 5701 1834 5776 Sixti
1867 5703 1928 5758 V.

198 5771 276 5848 (by
321 5779 535 5835 Baron.
576 5782 712 5835 tom.
751 5779 794 5834 Ι.
827 5776 1036 5835 Annal.
1072 5771 1129 5833 in
1161 5774 1406 5848 epistola
1431 5771 1622 5832 Dedic.
1657 5775 1726 5831 ad
1759 5773 1983 5830 Sixtum
2011 5771 2074 5826 V.
