3996 6402
447 430 521 490 23
1242 430 1339 490 AD
1375 430 1813 491 ANASTASIUM
1853 430 2369 492 PROLEGOMENA
2408 433 2587 491 EDIT.
2626 432 3055 493 ROM.-VATIC.
3780 432 3879 495 26

455 562 630 633 mine,
656 558 1018 621 veneratione
1040 559 1291 620 maxima
1318 558 1430 620 tibi
1455 558 1667 633 oblato,
1694 560 1765 618 ad
1791 558 2165 618 constitutam
2192 558 2308 617 sibi
2332 560 2594 618 Vaticani
2628 561 2995 634 impressoris
3021 564 3228 621 metam
3259 574 3558 636 nunquam
3580 573 3694 621 non
3715 574 3881 634 pro-

455 650 616 727 gredi
646 650 925 709 videatur.

1608 1003 2110 1080 CLEMENS
2217 1005 2482 1078 PAPA
2590 1005 2707 1079 XI

1731 1200 1801 1247 AD
1841 1203 2097 1249 FUTURAM
2134 1204 2227 1250 REI
2273 1206 2583 1251 MEMORIAE.

520 1508 682 1584 Cum,
751 1513 907 1572 sicut
953 1516 1123 1575 nobis
1168 1518 1396 1575 abunde
1460 1525 1820 1591 perspectum
1882 1524 1986 1588 est,
2048 1520 2298 1580 dilectus
2356 1523 2515 1582 ﬁlius
2569 1526 2814 1585 Joannes
2867 1527 3048 1584 Maria
3112 1525 3389 1596 Salvioni,
3450 1522 3548 1581 ubi
3608 1521 3875 1594 primum

452 1601 887 1674 typographiam
912 1621 1074 1664 suam
1105 1608 1163 1665 in
1186 1608 1409 1666 aedibus
1435 1611 1716 1683 gymnasii
1744 1611 2049 1681 Sapientia:
2078 1614 2393 1683 nuncupati
2422 1614 2585 1672 almae
2610 1616 2774 1673 urbis
2802 1623 3011 1673 nostrae
3032 1617 3085 1673 ei
3114 1617 3180 1673 ad
3209 1616 3265 1672 id
3291 1617 3461 1686 jussu
3487 1617 3684 1669 nostro
3706 1610 3881 1667 assi—

453 1693 663 1766 gnatis,
692 1700 1002 1768 nostraque
1035 1697 1290 1769 impensa
1314 1702 1625 1771 ampliatis,
1662 1700 1957 1771 magniﬁce
1984 1702 2215 1770 aperuit
2242 1721 2256 1773 ;
2288 1703 2609 1774 impensius
2632 1711 2824 1763 autem
2854 1712 2911 1763 et
2936 1707 3209 1776 alacrius,
3240 1710 3540 1776 postquam
3569 1715 3669 1757 nos
3692 1700 3875 1756 illum

452 1796 551 1853 per
588 1786 835 1854 speciale
873 1788 1321 1862 chirographum
1357 1790 1453 1847 die
1495 1788 1566 1847 28
1610 1790 1847 1861 Augusti
1887 1791 2024 1846 anni
2068 1792 2326 1861 proxime
2365 1794 2642 1862 praeteriti
2684 1809 2856 1852 manu
2897 1801 3089 1853 nostra
3135 1795 3425 1867 signatum
3470 1788 3878 1863 typographiaa

448 1872 735 1931 Vaticana:
759 1875 828 1932 ad
865 1878 1012 1933 aedes
1045 1879 1349 1949 praedictas
1379 1893 1412 1935 a
1436 1879 1603 1935 nobis
1636 1879 1931 1936 translatae
1967 1881 2408 1952 przeposuimus,
2433 1887 2488 1938 et
2523 1884 2940 1956 typographum
2974 1886 3310 1942 Vaticanum
3347 1897 3479 1940 cum
3517 1878 3872 1948 honoribus,

452 1964 796 2038 privilegiis,
828 1968 1223 2039 praerogativis
1247 1972 1302 2024 et
1331 1966 1708 2026 facultatibus
1738 1969 2053 2037 consuetis,
2086 1983 2342 2042 congruo
2372 1972 2425 2027 ei
2455 1972 2693 2043 insuper
2722 1975 3041 2031 constituto
3074 1974 3385 2045 stipendio,
3417 1968 3826 2042 deputavimus
3856 1983 3874 2035 ;

454 2053 512 2110 in
544 2067 666 2110 eam
705 2068 920 2128 curam,
966 2055 1148 2113 nullis
1185 2058 1469 2127 parcendo
1507 2057 1860 2131 sumptibus,
1909 2058 2301 2116 indesinenter
2340 2061 2691 2133 incubuerit,
2727 2068 2788 2119 ut
2828 2063 2965 2119 libri
3011 2063 3389 2120 nitidissimis
3429 2055 3878 2117 characteribus

447 2141 732 2214 impressi,
782 2158 1119 2217 summaque
1160 2146 1469 2218 diligentia
1506 2161 1573 2204 ac
1613 2148 1723 2204 ﬁde
1762 2149 2043 2219 recogniti
2083 2152 2140 2205 et
2181 2150 2488 2223 emendati,
2532 2151 2604 2207 ab
2638 2154 2834 2208 eadem
2878 2167 2981 2209 sua
3023 2152 3404 2226 typograuhia
3448 2152 3507 2207 in
3559 2148 3875 2220 publicum

442 2232 744 2290 ederentur
771 2252 784 2289 :
818 2247 919 2289 nec
944 2247 1079 2290 sane
1110 2233 1393 2293 laudabili
1426 2237 1722 2308 proposito
1748 2236 2084 2309 frustratus,
2111 2239 2209 2307 sit,
2242 2253 2373 2295 cum
2401 2240 2763 2312 quamplura,
2799 2257 2926 2313 quae
2953 2242 3052 2299 ille
3078 2243 3355 2299 hactenus
3379 2239 3658 2312 vulgavit,
3688 2237 3875 2293 volu—

441 2323 616 2394 mina,
650 2323 966 2394 praesertim
989 2336 1282 2380 sacrorum
1309 2326 1950 2398 ecclesiasticorumque
1976 2328 2324 2398 scriptorum
2355 2329 2435 2385 ita
2459 2329 2705 2402 exculta,
2736 2336 2937 2387 ornata
2963 2336 3135 2401 atque
3160 2334 3414 2386 correcta
3445 2330 3503 2385 in
3529 2330 3710 2386 lucem
3737 2339 3879 2399 pro‘

438 2412 675 2485 dierint,
705 2416 768 2469 ut
796 2426 829 2468 a
855 2412 1133 2469 litteratis
1156 2414 1323 2484 viris,
1360 2415 1550 2487 iisque
1576 2415 1866 2488 omnibus,
1890 2417 2041 2487 apud
2070 2432 2213 2489 quos
2234 2418 2395 2473 bona:
2416 2424 2569 2474 artes
2590 2419 2650 2475 in
2680 2419 2865 2489 pretio
2890 2424 3047 2491 sunt,
3072 2419 3362 2475 communi
3394 2419 3601 2489 plausu
3627 2422 3879 2489 excepta

440 2501 679 2558 fuerint.
703 2502 1028 2559 Novissime
1068 2516 1222 2574 vero,
1261 2503 1415 2560 sicut
1442 2504 1591 2561 idem
1633 2506 1878 2562 Joannes
1913 2506 2093 2563 Maria
2138 2506 2307 2563 nobis
2341 2521 2525 2579 nuper
2554 2508 2761 2580 exponi
2813 2508 2967 2578 fecit,
3015 2509 3137 2579 ipse
3176 2508 3455 2565 celebrem
3497 2507 3736 2578 librum,
3766 2509 3878 2565 cui

441 2591 655 2647 titulus
686 2609 699 2645 :
726 2591 1016 2647 Anastasii
1043 2592 1454 2649 Bibliothecarii
1482 2595 1548 2648 dc
1582 2595 1722 2650 Vitis
1751 2597 2116 2650 Romanorum
2144 2597 2487 2667 Pontiﬁcum,
2518 2614 2553 2653 a
2582 2599 2645 2653 Β.
2674 2600 2830 2653 Petro
2860 2600 3104 2669 apostolo
3134 2600 3209 2653 ad
3238 2599 3527 2655 Nicolaum
3554 2600 3602 2660 Ι,
3630 2598 3881 2667 adjectis

445 2681 589 2737 Vitis
625 2680 871 2735 Adriani
891 2684 951 2736 II
981 2685 1031 2737 et
1053 2683 1317 2752 Stephani
1346 2684 1439 2746 VI,
1471 2682 1711 2738 Auctore
1742 2683 2029 2740 Guillelmo
2072 2687 2513 2752 Bibliothecario,
2557 2688 2683 2745 suis
2707 2689 2861 2761 typis
2903 2690 2972 2745 ad
3003 2688 3293 2760 publicam
3334 2689 3593 2745 omnium
3619 2701 3685 2744 ac
3706 2702 3883 2757 prae-

440 2769 639 2825 sertim
670 2769 1072 2827 ecclesiastica:
1096 2771 1354 2828 historiae
1380 2772 1772 2830 studiosorum
1805 2774 2115 2832 utilitatem
2146 2776 2415 2833 mandare
2443 2778 2797 2848 decreverit;
2821 2778 2915 2834 sed
2940 2783 3128 2835 tamen
3154 2783 3417 2834 vereatur
3439 2791 3527 2847 ne,
3558 2781 3877 2847 postquam

440 2858 633 2916 editus
646 2857 841 2930 fuerit,
855 2860 981 2930 alii,
998 2860 1099 2931 qui
1114 2874 1181 2916 ex
1192 2860 1381 2918 alieno
1396 2860 1589 2918 labore
1602 2862 1825 2919 lucrum
1842 2869 2129 2937 quaerunt,
2148 2864 2362 2923 librum
2379 2866 2477 2937 huj
2490 2869 2711 2924 usmodi
2730 2868 2787 2924 in
2804 2868 2993 2938 ipsius
3004 2868 3240 2924 Joannis
3252 2867 3444 2923 Maria:
3460 2867 3591 2937 praaj
3602 2866 3879 2923 udicium

444 2949 628 3005 terum
662 2948 917 3019 imprimi
960 2953 1181 3005 curent.
1213 2952 1329 3007 Nos
1369 2951 1624 3022 ejusdem
1662 2953 1899 3009 Joannis
1938 2954 2131 3010 Mariae
2174 2954 2564 3028 indemnitati,
2614 2971 2682 3013 ne
2710 2972 2779 3014 ex
2821 2958 3204 3028 impressione
3244 2956 3577 3028 hujusmodi
3621 2955 3878 3026 aliquod

440 3037 810 3109 dispendium
838 3038 1112 3110 patiatur,
1142 3039 1459 3110 providere,
1489 3040 1774 3113 illumque
1803 3042 2157 3113 specialibus
2188 3043 2482 3101 favoribus
2507 3052 2563 3101 et
2587 3047 2792 3119 gratiis
2817 3047 3089 3118 prosequi
3114 3046 3386 3117 volentes,
3416 3049 3471 3101 et
3495 3059 3527 3101 a
3553 3043 3882 3115 quibusvis

440 3126 1075 3198 excommunicationis,
1110 3128 1513 3198 suspensionis
1537 3133 1593 3185 et
1620 3129 1939 3202 interdicti,
1968 3131 2219 3205 aliisque
2245 3133 2658 3192 ecclesiasticis
2687 3136 3013 3206 sententiis,
3044 3136 3308 3192 censuris
3331 3140 3387 3191 et
3417 3134 3621 3205 prauis,
3650 3146 3682 3189 a
3707 3134 3878 3204 jure,

442 3215 529 3272 vel
556 3214 627 3272 ab
649 3214 881 3273 homine
903 3216 1107 3288 quavis
1131 3217 1449 3285 occasione,
1473 3217 1559 3274 vel
1590 3231 1763 3276 causa
1789 3219 1944 3292 latis,
1972 3222 2021 3276 si
2052 3222 2266 3294 quibus
2292 3224 2723 3294 quomodolibet
2749 3225 3063 3282 innodatus
3087 3224 3309 3296 existit,
3333 3224 3401 3281 ad
3425 3222 3687 3280 eﬁ‘ectum
3712 3237 3882 3292 pra:—

446 3304 697 3361 sentium
740 3305 1023 3361 duntaxat
1065 3311 1448 3374 consequente
1480 3306 1685 3363 harum
1729 3308 1878 3365 serie
1911 3309 2288 3381 absolventes,
2331 3316 2388 3368 et
2424 3313 2755 3370 absolutum
2801 3312 2922 3369 fore
2954 3319 3291 3370 censentes:
3325 3311 3884 3383 supplicationibus

442 3394 571 3464 ejus
596 3394 827 3450 nomine
853 3393 1020 3450 nobis
1041 3408 1214 3466 super
1237 3395 1342 3452 hoc
1366 3395 1669 3453 humiliter
1696 3399 1975 3468 porrectis
1999 3400 2286 3472 inclinati,
2311 3402 2496 3459 eidem
2520 3402 2722 3458 Joanni
2758 3402 2970 3472 Mariae,
3001 3407 3065 3459 ut
3089 3402 3302 3473 viginti
3324 3402 3497 3459 annis
3525 3401 3819 3472 proximis
3844 3416 3883 3458 a

446 3484 715 3555 primaeva
744 3482 882 3539 libri
911 3482 1132 3553 praefati
1167 3484 1541 3554 impressione
1571 3487 1974 3557 computandis
2012 3489 2382 3560 durantibus,
2417 3490 2727 3546 dummodo
2759 3493 2947 3546 tamen
2980 3489 3078 3546 ille
3109 3503 3142 3545 a
3172 3489 3386 3546 dilecto
3428 3489 3550 3547 ﬁlio
3583 3490 3880 3561 magistro

444 3571 593 3628 sacri
622 3569 824 3641 palatii
854 3572 1158 3641 apostolici
1185 3573 1538 3643 approbatus
1563 3574 1661 3643 sit,
1692 3588 1856 3633 nemo
1886 3581 2000 3633 tam
2030 3577 2090 3633 in
2114 3577 2264 3634 Urbe
2296 3576 2549 3648 praefata,
2581 3592 2752 3649 quam
2783 3578 2843 3633 in
2870 3577 3097 3649 reliquo
3124 3578 3286 3633 Statu
3314 3577 3709 3634 ecclesiastico
3738 3591 3881 3634 me-

449 3661 605 3718 diate
634 3660 719 3717 vel
760 3661 1087 3717 immediate
1128 3661 1295 3718 nobis
1342 3661 1599 3732 subjecto
1642 3662 1856 3721 librum
1897 3666 2237 3736 praedictum
2282 3667 2410 3723 sine
2440 3667 2677 3737 speciali
2713 3666 3011 3723 memorati
3047 3666 3286 3724 Joannis
3320 3666 3535 3732 Marize,
3568 3673 3669 3724 aut
3697 3666 3770 3722 ab
3801 3680 3883 3724 eo

448 3765 679 3808 causam
712 3750 1047 3808 habentium
1081 3751 1317 3808 licentia
1350 3752 1697 3823 imprimere,
1730 3758 1831 3811 aut
1860 3755 1931 3811 ab
1956 3754 2093 3827 alio,
2121 3756 2208 3812 vel
2243 3756 2381 3813 aliis
2418 3757 2761 3828 impressum
2794 3757 3056 3827 vendere,
3087 3760 3187 3812 aut
3223 3756 3477 3812 venalem
3504 3755 3731 3823 habere,
3765 3762 3885 3812 aut

448 3853 761 3912 proponere
788 3840 988 3913 possit,
1015 3841 1330 3913 apostolica
1359 3843 1704 3899 auctoritate
1726 3848 1921 3900 tenore
1946 3845 2317 3916 prteseutium
2342 3846 2712 3904 concedimus
2737 3849 2794 3902 et
2819 3844 3210 3916 indulgemus.
3236 3844 3563 3901 Inhibentes
3594 3848 3885 3912 pr0pter-

451 3941 515 3985 ea
539 3929 846 4001 utriusque
876 3943 1046 3986 sexus
1073 3930 1290 3985 Christi
1324 3930 1611 4003 ﬁdelibus,
1647 3933 1963 4001 prmsertim
1996 3933 2279 3990 librorum
2313 3934 2782 4005 impressoribus,
2815 3939 2872 3989 et
2901 3932 3243 4005 bibliopolis
3274 3931 3380 3990 sub
3414 3932 3880 4004 quingentorum

450 4017 790 4073 ducatorum
816 4018 945 4073 auri
971 4017 1043 4072 de
1065 4016 1316 4089 Camera,
1346 4022 1403 4073 et
1421 4019 1758 4075 amissionis
1776 4018 2061 4077 librorum
2086 4026 2144 4076 et
2168 4024 2431 4093 typorum
2459 4024 2718 4080 omnium
2743 4036 2845 4093 pro
2868 4035 2981 4079 una
2999 4022 3246 4079 Camerae
3273 4026 3481 4078 nostra:
3508 4019 3879 4095 apostolicae,

453 4110 511 4162 et
540 4120 642 4179 pro
671 4106 787 4162 alia
814 4105 1047 4177 praafato
1069 4107 1307 4164 Joannis
1337 4109 1528 4167 Mariae
1552 4123 1618 4165 ac
1650 4123 1754 4180 pro
1787 4109 2014 4182 reliqua
2042 4111 2237 4167 tertiis
2263 4111 2529 4181 partibus
2555 4111 2900 4183 accusatori,
2934 4115 2990 4168 et
3009 4110 3197 4182 judici
3227 4111 3563 4182 exsequenti
3596 4109 3883 4167 irremis—

453 4194 708 4253 sibiliter
722 4195 1102 4269 applicandis,
1125 4201 1179 4253 et
1195 4209 1260 4252 eo
1279 4197 1404 4268 ipso
1419 4197 1636 4270 absque
1652 4198 1774 4255 ulla
1789 4197 2177 4255 declaratione
2196 4199 2564 4257 incurrendis
2587 4202 2790 4271 poenis,
2814 4214 2883 4256 ne
2896 4200 3075 4256 dictis
3092 4200 3302 4271 viginti
3325 4200 3496 4257 annis
3516 4197 3882 4257 durantibus

455 4284 669 4344 librum
703 4284 1018 4358 prmfatum,
1046 4291 1148 4343 aut
1173 4288 1430 4359 aliquam
1456 4288 1583 4357 ejus
1609 4292 1847 4360 partem,
1882 4292 1996 4344 tam
2026 4288 2085 4344 in
2115 4287 2285 4359 Urbe,
2317 4301 2488 4360 quam
2519 4289 2578 4345 in
2605 4289 2831 4360 reliquo
2860 4290 3023 4347 Statu
3048 4288 3444 4346 ecclesiastico
3484 4287 3877 4361 supradictis,

454 4376 581 4434 sine
606 4375 938 4448 hujusmodi
967 4375 1206 4433 licentia
1243 4376 1594 4447 imprimere,
1622 4380 1725 4433 aut
1753 4377 1825 4433 ab
1856 4378 1996 4435 aliis
2034 4378 2399 4449 impressum,
2441 4382 2543 4435 aut
2575 4378 2911 4448 impressam
2942 4379 3207 4451 vendere,
3240 4391 3342 4435 seu
3367 4376 3621 4434 venalem
3656 4375 3883 4435 habere

455 4464 858 4540 quoquomodo
901 4467 1170 4535 audeant,
1216 4477 1319 4520 seu
1363 4469 1730 4534 praesumant.
1779 4467 2111 4523 Mandantes
2152 4472 2449 4538 pr0pterea
2490 4466 2724 4525 dilectis
2764 4467 2908 4524 ﬁliis
2947 4468 3189 4539 nostris,
3232 4472 3289 4524 et
3334 4465 3663 4537 apostolicae
3708 4466 3882 4524 sedis

452 4557 523 4617 de
551 4556 731 4612 latere
752 4553 983 4626 legatis,
1024 4566 1124 4610 seu
1150 4565 1348 4611 eorum
1382 4553 1505 4611 vice
1538 4554 1765 4628 legatis,
1794 4560 1897 4613 aut
1926 4555 2390 4628 praesidentibus,
2431 4555 2937 4628 gubernatoribus,
2973 4555 3338 4628 praetoribus,
3370 4561 3428 4611 et
3456 4555 3593 4612 aliis
3617 4554 3881 4625 justitiam

456 4642 746 4703 ministris
770 4641 1217 4714 provinciarum,
1246 4642 1568 4714 civitatum,
1598 4648 1903 4714 terrarum,
1931 4642 1986 4699 ‘et
2008 4645 2265 4701 locorum
2293 4646 2488 4703 Status
2514 4645 2697 4702 nostri
2724 4646 3104 4703 ecclesiastici
3133 4644 3380 4717 praefati,
3408 4649 3692 4717 quatenus
3728 4659 3882 4715 prte-

453 4734 613 4793 dicto
629 4731 833 4788 Joanni
853 4730 1066 4803 Mariae,
1089 4745 1191 4790 seu
1211 4732 1282 4788 ab
1301 4746 1368 4789 eo
1388 4746 1618 4789 causam
1641 4732 1991 4790 habentibus
2013 4732 2307 4804 praedictis
2329 4734 2390 4790 in
2418 4734 2733 4806 praemissis
2757 4733 3002 4791 eﬁlcacis
3020 4732 3377 4791 defensionis
3404 4733 3674 4804 praesidio
3695 4735 3880 4791 assis-

455 4827 609 4883 teute
645 4841 662 4895 ς
706 4822 1165 4895 quandocunque
1206 4822 1278 4880 ab
1318 4823 1513 4880 eodem
1555 4824 1770 4879 Joanne
1813 4824 1993 4880 Maria
2037 4821 2256 4881 fuerint
2284 4823 2596 4904 .requisiti,
2643 4836 2840 4894 poenas
2884 4824 3189 4895 praedictas
3235 4828 3436 4880 contra
3486 4836 3880 4894 quoscunque

455 4913 851 4973 lnobedientes
869 4911 1360 4970 irremissibiliter
1373 4916 1779 4983 exsequantur.
1797 4913 1919 4968 Non
1932 4911 2298 4970 obstantibus
2313 4911 2854 4982 constitutionibus,
2875 4919 2931 4969 et
2947 4911 3417 4970 ordinationibus
3428 4910 3785 4983 apostolicis,
3802 4925 3881 4969 ac

454 5002 757 5076 quibusvis
777 5002 1032 5073 statutis,
1065 5006 1122 5058 et
1144 5000 1688 5071 consuetudinibus,
1713 5002 1886 5058 etiam
1909 5003 2257 5075 juramento,
2281 5002 2718 5060 conﬁrmatione
2740 5002 3077 5073 apostolica,
3106 5000 3192 5058 vel
3220 5001 3427 5073 quavis
3452 5000 3726 5058 ﬁrmitate
3749 5000 3880 5059 alia

457 5088 760 5163 roboratis,
786 5091 1114 5164 privilegiis
1134 5103 1381 5162 quoque,
1412 5088 1681 5159 indultis,
1706 5094 1762 5145 et
1781 5090 1996 5147 litteris
2014 5091 2351 5162 apostolicis
2376 5092 2435 5149 in
2456 5091 2811 5148 contrarium
2839 5090 3263 5163 praemissorum
3287 5088 3720 5161 quomodolibet
3739 5102 3880 5147 con-

456 5176 658 5246 cessis,
700 5180 1071 5251 conﬁrmatis,
1117 5183 1173 5236 et
1204 5177 1514 5249 innovatis,
1558 5178 1895 5251 casterisque
1944 5180 2256 5237 contrariis
2298 5181 2763 5253 quibuscuuque.
2814 5180 3094 5238 Volumus
3137 5184 3329 5237 autem
3381 5182 3447 5236 ut
3494 5179 3877 5251 praesentium

456 5267 865 5336 transsumptis
888 5273 942 5324 et
956 5271 1073 5338 jam
1096 5270 1157 5327 in
1184 5269 1310 5340 ipso
1332 5266 1508 5326 Libro
1531 5268 1849 5341 impressis,
1874 5283 2047 5329 manu
2066 5270 2319 5341 alicujus
2342 5270 2553 5328 notarii
2581 5269 2801 5341 publici
2828 5268 3199 5340 subscriptis,
3220 5275 3280 5326 et
3302 5268 3502 5343 sigillo
3530 5280 3785 5339 persona:
3808 5269 3879 5328 in

454 5352 847 5422 ecclesiastica
882 5355 1165 5427 dignitate
1195 5357 1527 5416 constitutae
1554 5357 1801 5415 munitis
1832 5361 2027 5417 eadem
2064 5374 2302 5433 prorsus
2333 5359 2472 5418 ﬁdes
2502 5359 2721 5431 ubique
2749 5357 3115 5429 adhibeatur,
3149 5373 3275 5431 quae
3309 5358 3453 5430 ipsis
3485 5358 3880 5429 praesentibus

453 5442 849 5512 adhiberetur,
875 5441 926 5498 si
946 5441 1138 5503 forent
1163 5447 1459 5521 exhibita,
1489 5447 1576 5506 vel
1600 5449 1859 5506 ostensae.
1886 5450 2097 5509 Datum
2126 5451 2318 5511 Romae
2345 5450 2497 5522 apud
2527 5449 2585 5505 S.
2618 5449 2857 5506 Mariam
2890 5449 3158 5520 Majorem
3182 5446 3293 5507 sub
3317 5447 3534 5506 annulo
3557 5448 3879 5519 piscatoris

451 5534 551 5593 die
581 5531 767 5604 prima
792 5529 953 5586 Junii
988 5527 1143 5605 i748,
1181 5532 1552 5605 pontiﬁcatus
1583 5536 1768 5594 nostri
1800 5551 1957 5597 anno
1989 5538 2076 5595 48.

2486 5629 2549 5683 F.
2582 5627 2886 5685 cardinales
2916 5627 3242 5687 Ouvsums.
