3996 6416
195 449 279 510 29
1737 448 2117 511 PBJEFATIO.
3271 441 3277 447 ’
3582 450 3654 513 30

201 574 430 641 secundi
442 572 679 636 Catalogi
692 574 1055 641 sextoisaculo
1070 572 1876 641 transcripsitverbapriorisjam
1909 577 1968 637 Λ
1993 588 2120 641 num
2149 573 2302 625 nobis
2334 575 2663 641 reliquerunt!
2680 577 2891 641 decreta
2922 577 3269 629 marmoribus
3298 577 3552 641 impressa
3574 578 3653 641 (ut

200 640 438 689 contexti
465 641 649 699 quarto
695 637 931 699 saeculo;
967 642 1018 689 et
1052 654 1112 690 ex
1159 640 1270 689 aliis
1292 637 1646 688 'documentis
1685 637 1882 687 addidit

197 703 358 765 plura
386 703 441 751 in
466 700 761 765 Liberiana
792 703 959 751 atatis
985 701 1252 763 Catalogo,
1286 704 1483 765 utpote_
1497 700 1745 765 breviori,
1776 714 1879 749 non

197 716 358 765 plura
386 716 441 751 1n
466 716 761 751 Libertana
792 716 959 751 atatis
985 716 1252 763 uatatogo,
1289 716 1466 812 UIBOIG
1497 716 1742 760 brevium,
1776 716 1879 749 non

196 778 472 827 expressa.
493 764 729 827 Scriptor
754 778 878 813 vero
899 766 1081 827 prima
1105 766 1259 827 partis
1281 764 1343 813 Li
1380 764 1433 827 ri
1456 763 1781 827 Pontiﬁcalis
1807 776 1883 812 re-

196 823 323 877 tulit
342 830 526 876 octavo
544 823 741 876 sabulo
762 827 817 875 in
835 823 979 876 Vitas
1000 823 1309 877 Pontiﬁcum
1329 825 1489 875 verba
1503 826 1719 875 secundi
1735 823 1881 875 Cata-

201 890 339 951 logi,
374 894 427 939 et
450 889 596 952 plura
629 888 869 939 similiter
888 890 1073 950 adiecit
1110 890 1316 939 aliunde
1340 890 1599 952 percepta.

272 950 357 1001 12.
391 950 705 1002 Additiones
737 952 877 1002 Libri
908 952 1230 1001 Pontiﬁcalis
1260 950 1417 1015 supra
1448 950 1759 1015 Catalogum
1793 964 1879 1015 se-

198 1015 777 1078 cundumiplerumque
795 1018 912 1063 sunt
932 1016 1299 1078 expositiones,
1325 1012 1390 1063 ac
1410 1013 1568 1078 veluti
1598 1015 1733 1078 nota
1758 1012 1882 1078 ube-

197 1078 393 1137 riores,
419 1076 612 1140 clarius
637 1076 950 1140 exponentes
979 1076 1041 1127 ea
1060 1092 1177 1140 qua
1194 1077 1505 1127 contractius
1531 1080 1581 1127 et
1600 1076 1876 1125 obscurius

198 1140 257 1189 in
288 1140 526 1189 secundo
552 1138 804 1201 Catalogo
834 1138 1213 1190 indicabantur.

271 1204 357 1255 13.
397 1203 489 1266 De
501 1200 805 1251 auctoritate
833 1217 1002 1252 rerum
1026 1204 1080 1251 in
1110 1206 1331 1266 utroque
1362 1201 1614 1266 Catalogo
1644 1200 1877 1266 enuntia-

198 1268 411 1329 tarum._
451 1264 515 1329 Et
547 1266 779 1329 primum,
822 1266 989 1327 agitur
1021 1266 1085 1315 de
1114 1263 1389 1329 utriusque
1433 1263 1668 1325 Catalogi
1704 1265 1875 1324 atate,

199 1327 596 1390 exemplaribus
626 1330 676 1390 et
704 1328 950 1377 editione.

270 1389 906 1465 ti.;_I.’rior._Catalogu‘s,
956 1390 1068 1465 sub.
1088 1391 1317 1465 Liberio‘
1325 1390 1571 1465 conditus
1574 1426 1605 1464 θ’
1621 1389 1759 1437 circa
1788 1402 1878 1437 an-

196 1465 330 1501 num
358 1453 469 1511 354,
497 1452 668 1500 editus
692 1452 785 1502 fuit
801 1468 830 1501 a
846 1453 1108 1502 Bucherio
1130 1467 1250 1502 cum
1273 1453 1387 1502 aliis
1407 1452 1638 1516 reliquiis
1655 1466 1877 1562 oguscu—

197 1514 377 1579 lorum
427 1515 683 1579 ejusdem,
714 1517 890 1565 saculi
926 1517 1111 1579 quarti,
1144 1516 1370 1579 plurimo
1404 1516 1463 1579 in,
1494 1515 1659 1578 pretio
1681 1575 1692 1579 _
1722 1514 1875 1579 abitis

196 1578 345 1687 aﬁud
376 1575 628 1625 eruditos.
662 1575 965 1641 Descriptus
996 1575 1161 1627 fuerat
1188 1579 1242 1627 in
1282 1575 1511 1627 vetustis‘
1539 1575 1873 1636 membranis,

198 1653 231 1687 o
259 1640 329 1688 'm
362 1641 609 1691 spectatis
630 1654 660 1688 a
685 1640 1021 1691 Cusuiniano.
1046 1641 1170 1690 Inde
1200 1642 1556 1691 transcriptus.
1595 1642 1747 1691 atque
1781 1639 1873 1687 ite-

200 1654 329 1688 onm
362 1654 609 1701 spectans
630 1654 660 1688 a
685 1654 792 1691 uus
830 1655 1021 1691 imane.
1046 1654 1170 1690 mue
1200 1654 1556 1703 transcriptus,
1595 1654 1747 1701 atque
1781 1654 1877 1687 ue-

200 1716 320 1767 rum
350 1702 571 1767 collatus
603 1716 723 1752 cum
758 1656 873 1753 aliis
915 1704 1185 1767 exemplis,
1218 1704 1517 1766 castigatior
1545 1703 1716 1752 editus
1749 1703 1825 1751 est
1848 1714 1879 1751 a

202 1763 603 1814 Schelestratio.

268 1828 346 1876 15.
404 1826 553 1876 Alter
595 1826 874 1889 Catalogus
920 1828 1015 1877 sub
1054 1828 1230 1877 Felice
1276 1828 1366 1888 IV,
1417 1830 1565 1878 atate
1592 1826 1876 1877 Justiniani

199 1892 498 1965 contextus,
530 1891 670 1965 circa
705 1890 1101 1965 annum‘Cbrist‘i
1122 1893 1231 1965 5330,
1261 1891 1627 1965 vulgatus_fuit
1652 1905 1682 1940 a
1713 1889 1876 1964 Sche-
1904 1904 1958 1965 B

197 1951 521 2016 lestratioex
545 1954 729 2016 codice
756 1954 946 2016 scripto
975 1956 1121 2002 atate
1143 1953 1315 2004 Caroli
1346 1951 1545 2014 Magni,
1563 1953 1687 2001 olim
1716 1954 1779 2016 in
1800 1966 1876 2016 re-

198 2016 286 2074 gia
307 2013 922 2065 BibliothecaChristina
941 2016 1237 2065 Succorum
1265 2013 1479 2076 regina,
1503 2030 1640 2064 nunc
1662 2016 1715 2064 in
1732 2015 1875 2063 Vati-

200 2090 332 2139 cana
353 2081 627 2126 asservato
648 2091 661 2124 :
687 2078 880 2126 collata
895 2092 1052 2139 opera
1072 2077 1325 2139 Stephani
1350 2078 1566 2138 Baluzii,
1586 2077 1875 2126 ministran-

198 2140 261 2187 tis
293 2138 560 2188 lectiones
590 2139 853 2188 variantes
882 2138 1078 2188 codicis
1121 2138 1423 2201 Celbertini,
1459 2139 1692 2201 ejusdem
1716 2140 1874 2188 atatis

199 2200 375 2252 Caroli
412 2201 624 2252 Magni.

241 2214 375 2250 aron
415 2214 624 2260 magni.

257 2265 336 2312 16.
362 2263 451 2327 De
475 2263 974 2327 auctoritatercrum
995 2262 1046 2311 in
1079 2261 1332 2327 Catalogis
1357 2277 1733 2326 expressarum,
1762 2276 1874 2327 qua

197 2328 347 2373 sunt:
378 2325 448 2388 in
480 2326 647 2388 priori
670 2325 887 2388 quidem,
918 2339 1106 2374 nomen
1124 2326 1399 2387 pontiﬁcis,
1422 2325 1556 2375 anni
1588 2325 1872 2388 regiminis,

196 2392 245 2437 et
271 2387 424 2449 paria
456 2386 763 2452 consulum,
786 2386 1170 2452 quibusinivi’t,
1207 2391 1257 2437 et
1277 2388 1465 2452 quibus
1487 2386 1670 2449 desiit}
1709 2390 1762 2438 in
1780 2402 1874 2452 ise-

197 2448 374 2499 eundo
400 2451 581 2513 autem
608 2448 860 2510 Catalogo
887 2450 1091 2513 additur
1109 2448 1306 2499 nomen
1322 2452 1502 2513 patris,
1529 2455 1580 2501 et
1598 2448 1744 2512 regio
1776 2451 1874 2501 Ur-

195 2513 292 2569 bis,
318 2513 362 2559 si
398 2512 673 2560 Romanus
694 2515 790 2570 est,
819 2512 897 2560 vel
921 2512 1099 2574 patria,
1138 2513 1180 2561 si
1212 2512 1518 2573 extraneus';
1548 2518 1597 2563 et
1623 2528 1873 2563 numerus

198 2575 624 2623 ordinationum:
655 2576 705 2621 et
728 2575 926 2636 aliquot
949 2576 1157 2624 decreta
1182 2589 1273 2624 seu
1299 2574 1708 2627 Constitutiones
1733 2576 1874 2625 illius

196 2637 469 2700 pontiﬁcis
504 2637 569 2685 de
596 2650 700 2699 quo
735 2638 924 2700 agitur.

258 2702 336 2764 tl.
369 2700 576 2764 Nomen
592 2699 856 2761 pontiﬁcis
883 2699 1240 2764 redderecum
1271 2701 1427 2761 patris
1453 2700 1871 2764 nomineiproba-

194 2765 276 2809 tur
304 2761 474 2809 fuisse
505 2775 566 2809 ex
596 2776 739 2810 more
783 2764 991 2810 atatum
1028 2762 1217 2824 quibus
1242 2764 1461 2823 catalogi
1494 2761 1873 2812 scribebantur.

198 2826 458 2884 Regionis
484 2837 691 2883 nomen,
712 2824 763 2872 in
787 2824 1119 2885 pontiﬁcibus
1141 2826 1349 2874 natione
1367 2826 1617 2876 Romanis
1636 2826 1874 2873 observa-

197 2890 325 2950 tum,
376 2887 586 2950 videtur
621 2900 682 2935 ex
704 2887 1037 2950 institutione
1078 2886 1363 2937 Clementis
1395 2888 1568 2950 primi,
1604 2895 1653 2936 et
1682 2888 1875 2937 indicat

195 2948 506 3009 Catalogum
530 2947 677 2997 illum
696 2948 854 2997 fuisse
875 2949 1153 3012 collectum
1175 2964 1236 2998 ex
1262 2947 1410 2999 Actis
1432 2953 1735 3012 martyrum,
1754 2950 1877 2999 scri-

194 3014 295 3075 ptis
325 3025 421 3075 per
444 3014 648 3075 septem
670 3012 918 3070 notarios,
938 3011 1000 3059 ab
1022 3012 1206 3060 eodem
1236 3012 1299 3062 S.
1332 3011 1597 3063 Clemente
1626 3014 1877 3062 constitu-

196 3073 273 3122 tos
297 3073 350 3122 in
374 3073 543 3123 Urbe.
576 3074 703 3132 Qua
724 3074 924 3122 Actain
946 3075 1400 3135 persecutionibus
1424 3076 1572 3124 Decii
1598 3079 1649 3124 et
1669 3075 1875 3124 Diocle-

197 3138 317 3185 tiani
355 3135 566 3184 fuerant
595 3136 890 3200 absumpta,
922 3136 1297 3200 supplebantur
1328 3139 1454 3187 satis
1484 3152 1577 3200 per
1606 3137 1873 3186 historiam

197 3199 488 3261 Hegesippi
518 3199 856 3260 superstitem
887 3201 1033 3247 atate
1061 3199 1295 3259 Eusebii,
1328 3199 1533 3250 necnon
1553 3215 1615 3250 ex
1645 3201 1874 3249 testimo-

198 3263 294 3310 niis
318 3262 527 3323 Irenai,
544 3265 596 3310 et
621 3262 844 3310 aliorum
868 3261 1090 3324 scriptis,
1114 3262 1248 3311 unde
1263 3263 1536 3320 Eusebius,
1562 3264 1729 3324 potuit
1748 3277 1873 3311 suc-

196 3325 490 3388 cessionem
517 3324 823 3388 pontiﬁcum
857 3323 1212 3388 Romanorum
1254 3326 1426 3384 edere,
1459 3323 1693 3388 adeoque
1722 3326 1874 3374 etiam

197 3390 378 3435 auctor
411 3385 653 3447 Catalogi
685 3386 923 3434 scribens
944 3386 1152 3437 Eusebii
1188 3388 1379 3438 saculo
1399 3385 1635 3437 eamdem
1669 3402 1875 3437 succes-

200 3450 399 3497 sionem
430 3450 599 3510 potuit
630 3448 896 3497 exhibere.

260 3514 340 3560 18.
366 3511 727 3576 Chronologia
751 3512 1049 3573 pontiﬁcum
1070 3512 1445 3576 Romanorum.
1469 3526 1561 3576 per
1572 3512 1873 3561 consulatus

196 3574 246 3622 in
270 3578 492 3637 utroque
520 3573 771 3633 Catalogo
794 3576 1115 3633 consignata,
1136 3574 1315 3624 haberi
1336 3573 1490 3625 etiam
1505 3577 1673 3637 potuit
1689 3577 1872 3637 quarto

197 3639 247 3684 et
278 3636 428 3701 sexto
462 3637 675 3701 saculo,
702 3636 892 3701 partim
920 3650 981 3684 ex
1005 3637 1433 3701 inscriptionibus
1458 3636 1755 3701 martyrum,
1783 3638 1872 3686 de-

198 3700 495 3760 positorum
522 3700 573 3746 in
608 3698 924 3762 ciameteriis
961 3698 1289 3759 suburbanis,
1317 3701 1503 3762 partim
1535 3698 1748 3748 exactis
1782 3714 1871 3749 eo-

198 3761 441 3823 rumdem
476 3760 775 3821 pontiﬁcum
811 3763 861 3809 et
883 3764 1186 3823 martyrum,
1216 3760 1509 3811 necessario
1543 3762 1872 3811 memoranti-

197 3822 596 3933 lgusiprincipcs
623 3826 673 3871 et
700 3822 1135 3884 magitratus’sub
1167 3823 1356 3886 quibus
1388 3823 1629 3884 martyrio
1678 3823 1872 3872 afﬁcie-

233 3899 298 3933 an
326 3900 404 3933 ur.

233 3899 404 3934 antur.

264 3949 341 3996 19.
371 3948 505 4010 Acta
526 3947 752 4007 genuina
771 3948 1030 4010 passionis
1064 3948 1122 3997 S.
1156 3946 1339 4010 Ignatii
1373 3946 1598 4010 probant
1631 3949 1777 3996 atate
1814 3946 1871 3996 S.

197 4008 486 4060 Clementis
497 4010 673 4058 eadem
699 4008 834 4059 Acta
855 4012 1046 4071 signari
1071 4008 1407 4059 consuevisse
1431 4009 1633 4072 cpocha
1651 4010 1873 4072 impera-

196 4075 320 4121 toris
338 4074 388 4120 et
415 4072 717 4124 consulum.
744 4073 861 4122 Alia
879 4087 999 4122 vero
1020 4075 1152 4123 Acta
1176 4074 1411 4121 Romana
1426 4085 1544 4120 cum
1566 4074 1874 4121 recenseant

197 4134 499 4197 prafectum
519 4133 667 4196 Urbi,
689 4137 739 4184 et
762 4135 1107 4184 Provincialia
1123 4148 1241 4183 cum
1264 4136 1552 4197 memorent
1577 4136 1870 4196 prasidem,

198 4196 282 4245 aut
317 4196 619 4258 praefectum
643 4198 945 4260 provincia,
968 4198 1197 4246 continet
1231 4196 1556 4246 characteres
1590 4198 1751 4246 atatis
1782 4212 1868 4247 sa-

200 4260 262 4307 tis
278 4260 545 4324 deﬁnitos,
560 4260 633 4324 ad
656 4261 1037 4324 contpxendum
1062 4260 1268 4309 saculis
1292 4263 1493 4323 quarto,
1519 4261 1570 4308 et
1586 4263 1749 4320 sexto,
1766 4262 1870 4324 pri-

200 4335 360 4373 mum.
393 4326 445 4369 et
482 4321 721 4370 ultimum
759 4321 1083 4383 Catalogum.

259 4385 340 4431 20.
378 4383 750 4433 Ordinationes
786 4399 880 4445 per
911 4385 1197 4434 secundum
1233 4383 1541 4445 Catalogum
1568 4388 1868 4435 memorata

259 4399 340 4431 zu.
378 4399 750 4433 urumauones
825 4400 880 4433 er
911 4399 1197 4434 secundum
1233 4399 1541 4445 uamogum
1568 4399 1866 4435 memorata

198 4446 249 4510 in
279 4446 510 4510 singulis
545 4399 882 4508 pontiﬁcibus
908 4447 1189 4510 probantur
1208 4446 1385 4495 haberi
1408 4447 1653 4496 debuisse
1671 4448 1731 4510 in
1761 4449 1866 4497 Ec-

199 4508 363 4557 clesia
401 4509 644 4557 Romana
674 4522 735 4557 ex
769 4508 933 4559 prima
948 4511 1268 4559 institutione
1300 4510 1635 4559 sacerdotalis
1670 4508 1866 4559 bierar-

200 4572 330 4619 chia
351 4576 557 4619 servato
588 4572 831 4634 exemplo
860 4573 1047 4621 veteris
1074 4572 1642 4635 sacerdotii,epocham
1663 4574 1868 4623 ordina-

201 4635 401 4682 tionum
438 4635 781 4683 mcmorantis
814 4635 867 4683 in
899 4636 1085 4685 divinis
1107 4634 1314 4685 litteris.

258 4697 338 4761 2t.
368 4695 426 4744 In
460 4695 608 4761 Urbe
637 4700 778 4761 tanta
799 4695 894 4761 fuit
920 4697 1226 4761 existimatio
1257 4697 1534 4746 sacerdotii
1564 4698 1717 4747 etiam
1748 4712 1866 4761 pro-

200 4757 297 4807 fani
333 4758 473 4823 apud
495 4757 746 4823 ethnicos
769 4761 825 4807 ut
846 4757 898 4807 bi
919 4760 1194 4821 diligenter
1221 4761 1564 4822 expresserim
1584 4757 1868 4823 cooptatio-

200 4834 288 4884 nes
312 4825 364 4869 et
393 4821 713 4884 initiationes
730 4835 851 4870 suas
874 4822 1020 4871 arcis
1052 4826 1101 4871 et
1130 4821 1433 4871 marmoreis
1454 4821 1800 4884 documentis,
1819 4826 1871 4873 et

201 4883 366 4932 Fastis
398 4882 775 4944 Collegiorum,
809 4897 901 4946 per
919 4884 1159 4934 consules
1191 4889 1241 4935 et
1269 4899 1433 4934 annos
1465 4885 1619 4935 Urbis
1646 4882 1869 4935 referen-

200 4947 333 4993 tibus
356 4947 726 4995 successiones
753 4948 1077 4996 sacerdotum
1105 4949 1259 4997 etiam
1290 4948 1551 4996 minorum
1576 4962 1588 5007 ;
1621 4949 1742 4996 etin
1771 4948 1871 4998 Ka-

197 5008 463 5073 lendariis,
486 5012 632 5073 atate
650 5011 896 5069 Augusti,
924 5014 973 5059 et
990 5009 1194 5059 Claudii
1220 5009 1427 5073 publice
1453 5011 1753 5073 propositis,
1780 5011 1867 5060 ad-

197 5072 491 5119 nataverint
515 5072 655 5146 diem
680 5073 1014 5135 pontiﬁcatus
1053 5073 1261 5122 maximi
1303 5087 1395 5136 per
1423 5073 1638 5123 eosdem
1672 5073 1866 5136 princi-

195 5148 284 5197 pes
314 5137 590 5194 assumpti.

258 5200 338 5245 2:2.
378 5195 501 5243 Mes
521 5196 783 5245 incidendi
816 5196 1004 5245 tabulis
1034 5197 1340 5247 marmoreis
1373 5197 1505 5246 Acta
1533 5199 1868 5249 sacerdotalia

197 5260 331 5321 apud
362 5258 637 5325 Romanos
659 5260 871 5325 viguita
897 5261 1066 5325 primo
1092 5259 1283 5311 Christi
1303 5260 1495 5308 saculo
1515 5260 1579 5309 ad
1606 5264 1863 5325 quartum,

205 5327 250 5369 ut
276 5321 530 5384 probatur
556 5322 866 5371 testimoniis
900 5321 1127 5384 lapidum
1161 5336 1278 5384 qua
1322 5326 1620 5384 supersunt.

257 5386 338 5433 23.
378 5383 556 5441 Quare
580 5384 819 5449 episcopi
852 5383 1079 5449 Romani
1102 5383 1241 5449 Petri
1268 5383 1598 5449 successores
1618 5385 1670 5434 in
1692 5386 1864 5449 pontis

202 5447 345 5498 ﬁcatu
372 5460 492 5497 vere
526 5446 884 5511 maximoper
903 5447 1162 5511 Christum
1195 5447 1445 5511 insiituto,
1478 5446 1865 5511 necnon'prlmi

144 5552 149 5557 .
203 5510 396 5571 ﬁdeles,
425 5511 492 5559 de
519 5512 663 5558 tanto
690 5509 1001 5570 sacerdotio,
1035 5509 1253 5572 ejusque
1279 5508 1582 5559 hierarchia
1614 5508 1863 5572 gradibus

199 5588 286 5634 pro
314 5573 572 5633 dignitate
604 5572 911 5631 sentientes,
942 5572 1109 5621 secuti
1143 5584 1339 5619 morem
1370 5584 1634 5621 sacrarum
1664 5572 1861 5621 littera-

202 5650 324 5695 rum,
347 5640 401 5685 et
418 5648 574 5684 usum
595 5634 792 5696 pariter
812 5648 1027 5683 suorum
1049 5637 1363 5696 temporum,
1381 5635 1687 5684 studuerunt
1706 5635 1861 5696 etiam

199 5698 448 5760 prioribus
480 5694 737 5747 Ecclesia
769 5696 982 5760 saculis
1005 5694 1281 5760 diligenter
1304 5709 1481 5745 curare
1501 5696 1703 5745 tabulas
1724 5694 1865 5760 ordi-

201 5756 457 5811 intionum
484 5757 922 5811 sacerdotalium.
950 5759 1086 5821 Quin
1113 5759 1267 5809 etiam
1289 5760 1520 5821 tempore
1545 5756 1864 5821 persecutio-

1908 3236 1957 3300 C

1970 5683 2089 5757 post
2122 5707 2287 5745 annos
2318 5687 2461 5757 mille
2496 5683 2558 5733 ab
2593 5683 2817 5757 {ditione
2846 5683 3357 5757 LibriPontlﬁcalig.

1992 640 2360 705 inmarmorea
2389 638 2512 705 sede
2544 639 2600 705 S_.
2621 639 2884 705 Hippolyti
2908 641 3194 705 cernimus)
3214 642 3278 692 de
3293 638 3650 704 Paschate,'ac

1987 701 2212 764 jejunio,
2248 700 2513 764 referenda
2537 702 2601 750 ad
2631 700 2763 751 Acta
2789 700 3117 764 pontiﬁcum.

2058 766 2137 813 24.
2161 764 2297 813 Pace
2315 763 2564 813 Ecclesia
2578 763 2911 830 redditasub
2933 763 3294 830 constantiae,
3316 768 3485 816 multo
3504 766 3652 830 plura

1991 827 2304 890 documenta
2318 827 2620 876 marmoreis
2636 826 2823 890 tabulis
2844 826 3095 890 insculpta
3108 829 3319 879 fuerunt
3338 844 3369 879 a
3388 826 3654 880 successo-

1988 888 2135 954 ribus
2162 889 2301 954 Petri
2323 890 2376 954 in
2399 890 2523 954 sedc
2544 889 2829 954 apostolica
2848 888 3103 954 Romana,
3126 895 3179 940 ut
3205 893 3546 954 comprobant
3566 905 3653 954 ge-

1988 904 2135 938 rmus
2162 904 2301 938 rem
2324 904 2376 938 in
2399 904 2523 939 seue
2544 904 2829 1003 agosmuca
2848 904 3103 951 nomana,
3126 904 3179 940 ut
3205 904 3546 954 compronant
3566 905 3653 954 ge-

1988 951 2542 1063 :Eigtaﬁigscriptiones
2612 987 2625 1002 .
2656 952 3041 1016 Damasipapa,
3064 956 3116 1003 et
3137 954 3363 1005 aliorum
3379 956 3551 1005 adhuc
3571 968 3654 1005 su-

1987 1027 2228 1076 perstites
2240 1048 2253 1063 .

2049 1077 2129 1142 25.
2167 1076 2243 1142 Ex
2277 1080 2499 1142 utroque
2532 1091 2750 1142 numero
2783 1078 3177 1142 inscriptionum
3207 1080 3441 1141 tempore
3472 1093 3652 1141 perse-

1985 1138 2228 1204 cutionis,
2257 1143 2306 1204 et
2324 1142 2379 1189 in
2404 1138 2530 1204 pace
2550 1141 2798 1190 Ecclesia
2821 1138 3043 1191 contéxti
3064 1144 3186 1190 sunt
3204 1138 3420 1190 indiculi
3440 1138 3650 1203 deposi-

1984 1202 2185 1251 tionum
2208 1202 2595 1266 episcoporum,
2615 1207 2666 1252 et
2686 1207 2986 1266 martyrum,
3009 1205 3073 1253 ad
3099 1218 3253 1252 usum
3274 1202 3524 1253 Ecclesia
3549 1205 3652 1253 Ro-

1984 1278 2152 1330 mana
2182 1270 2364 1328 quarto
2392 1265 2592 1315 Christi
2619 1265 2843 1330 saculo’:
2879 1281 3100 1330 quorum
3131 1266 3328 1329 aliquot
3350 1267 3510 1315 edidit
3544 1267 3649 1315 Bu-

1984 1326 2211 1441 obierint?)—
2227 1342 2330 1403 una
2352 1342 2473 1378 cum
2495 1330 2655 1391 priori
2679 1326 2921 1390 Catalogo
2953 1326 3258 1392 pontiﬁcum
3290 1330 3648 1380 Romanorum

1985 1404 2044 1439 su
2158 1407 2173 1440 1
2214 1407 2341 1441 emo.

1985 1404 2081 1439 ειη)
2112 1404 2341 1441 LIDBI'IO.

2047 1455 2125 1503 26.
2153 1455 2272 1505 Mos
2301 1454 2354 1502 in
2388 1454 2626 1503 Romana
2656 1453 2890 1504 Ecclesia
2920 1455 3213 1503 custoditus
3246 1453 3487 1515 signandi
3520 1467 3646 1516 epo-

1986 1514 2433 1627 chasgmontiﬁcum
2446 1530 2539 1579 per
2558 1517 2874 1576 consulatus,
2893 1520 2945 1566 et
2963 1516 3241 1577 colligendi
3255 1514 3316 1565 ex
3331 1518 3407 1565 eis
3425 1514 3647 1627 digityca,

1987 1580 2039 1626 et
2061 1578 2112 1626 in
2153 1581 2333 1627 iculos.
2363 1592 2423 1627 ac
2449 1580 2827 1627 successiones.
2854 1582 3064 1627 apparet
3084 1580 3416 1627 transmissus
3437 1593 3465 1627 a
3521 1578 3647 1627 alias

1987 1580 2039 1626 et
2061 1578 2333 1639 indiculos,
2363 1592 2423 1628 ac
2449 1578 2827 1639 successiones,
2854 1582 3064 1642 apparet
3084 1578 3499 1642 transmissusad
3521 1578 3647 1627 alias

1986 1642 2250 1703 proximas
2302 1643 2453 1691 sedes
2482 1642 2806 1705 episcopales
2836 1656 2848 1703 ;
2884 1641 2954 1705 in
2988 1642 3129 1692 Italia
3159 1641 3378 1705 subinde
3400 1641 3646 1705 fundatas

1988 1704 2290 1767 auctoritate
2314 1703 2799 1767 summipontiﬁcis.
2824 1704 3125 1753 Aﬁ'eruntur
3143 1703 3379 1767 exempla
3399 1703 3645 1767 Ecclesia

1986 1764 2592 1839 Nolanaepiscoporum
2706 1768 3028 1839 signatorum
3048 1764 3338 1839 in‘antiquis
3358 1764 3637 1839 lapidibus,

1988 1830 2276 1889 spectantia
2305 1829 2369 1877 ad
2393 1829 2756 1893 atateminter
2781 1833 3058 1893 utrumque
3078 1829 3386 1889 Catalogum
3418 1829 3644 1893 interce-

1986 1884 2149 1953 p'tam.
2174 1894 2339 1949 Quare
2365 1891 2529 1953 multo
2551 1890 2849 1951 diligentius
2868 1884 3101 1940 servatus
3127 1895 3203 1941 est
3217 1884 3333 1940 mos
3363 1904 3468 1938 non
3490 1890 3647 1953 inter-

1984 1952 2168 2014 ruptus
2202 1955 2354 2002 istius
2388 1952 2743 2013 chronologia
2772 1955 2825 2002 in
2858 1953 3095 2003 Ecclesia
3128 1955 3384 2014 Romana,
3410 1952 3645 2002 omnium

1983 2018 2146 2064 matre
2177 2029 2271 2065 uer
2304 2016 2512 2064 beatum
2547 2015 2759 2063 Petrum
2798 2016 3046 2065 instituta.

2046 2079 2131 2128 27,
2170 2076 2383 2152 Summi.
2393 2077 2673 2152 pontiﬁces
2694 2076 2966 2152 Christiani
2992 2079 3158 2152 quarti
3178 2076 3644 2152 et_qu‘inti"sacu,li,

1985 2153 2157 2189 sacras
2188 2138 2539 2190 ordinationes
2559 2139 2862 2202 plerumque
2888 2138 3215 2202 celebrantes
3233 2138 3287 2188 in
3314 2139 3528 2189 basilica
3547 2138 3648 2188 Va-

1982 2202 2152 2251 ticana
2173 2203 2269 2264 (uti
2297 2205 2500 2251 constat
2520 2201 2581 2251 ex
2603 2202 2932 2250 sermonibus
2957 2202 3145 2250 Leonis
3170 2201 3364 2311 Magni;
3383 2203 3501 2311 iure
3543 2214 3649 2251 me-

1983 2265 2081 2311 rito
2115 2268 2359 2311 curarunt
2380 2268 2455 2311 tot
2485 2266 2837 2311 monumentis
2854 2264 3062 2311 nublice
3082 2264 3261 2311 incisis
3285 2277 3345 2311 ce
3367 2277 3394 2311 e
3432 2277 3544 2311 rare
3573 2263 3647 2311 di-

1983 2265 2081 2314 rito
2115 2268 2359 2314 curarunt
2380 2268 2455 2313 tot
2485 2266 2837 2313 monumentis
2853 2264 3062 2327 publice
3082 2264 3261 2313 incisis
3285 2263 3544 2313 celebrare
3573 2263 3647 2327 di-

1982 2329 2226 2388 gnitatem
2259 2327 2467 2376 maximi
2500 2327 2795 2386 sacerdotii,
2827 2325 2869 2374 af
2890 2325 3102 2375 Christo
3138 2327 3362 2375 Domino
3398 2325 3647 2388 percepti,

1983 2390 2419 2452 eticommunicati
2446 2392 2504 2438 Β.
2539 2389 2715 2452 Petro,
2738 2394 2788 2438 et
2815 2389 3229 2452 successoribus,
3257 2391 3311 2452 ut
3331 2388 3651 2452 apponerent

1984 2449 2130 2527 sacra
2155 2452 2605 2527 vera'religionis,
2630 2450 2730 2524 hoc
2751 2452 3038 2527 prasertim
3067 2452 3120 2527 in
3141 2450 3259 2527 loco
3280 2449 3522 2527 Vaticani
3533 2449 3648 2527 .col-

1981 2515 2067 2576 lis,
2101 2529 2258 2579 quem
2290 2512 2459 2563 Roma
2508 2512 2716 2563 ethnica
2747 2512 3030 2562 fadaverat
3062 2514 3205 2562 Actis
3240 2512 3648 2562 sacerdotalibus

1982 2577 2309 2641 profanarum
2341 2575 2922 2641 suarumrreligionum,
2970 2576 3076 2624 sive
3105 2577 3574 2641 supersiitionnmr

2046 2642 2125 2689 28.
2157 2641 2518 2689 Recensentur
2546 2640 2675 2687 Acta
2710 2651 3000 2686 marmorea
3039 2638 3246 2699 collegii
3278 2638 3514 2687 Fratrum
3549 2638 3647 2686 Ar-

1986 2702 2195 2777 vatium,
2216 2706 2267 2751 et
2300 2702 2656 2777 coepiationgs
2685 2701 2880 2777 ethnici
2911 2701 3209 2777 sacerdotii,
3244 2703 3294 2749 et
3325 2701 3646 2777 initiationes

1984 2764 2287 2825 Isiacorum,
2338 2765 2561 2824 Mithra,
2600 2764 2884 2825 Sarapidis,
2931 2763 3111 2811 Matris
3146 2776 3366 2823 magna,
3403 2763 3646 2837 Solisque

1985 2828 2329 2898 sacerdotum,
2360 2830 2561 2889 reperta
2585 2826 2638 2874 in
2672 2827 2786 2898 ipsa
2817 2826 3090 2898 crepidine
3115 2825 3264 2898 collis
3298 2826 3433 2898 circa
3466 2825 3645 2898 bas_11i-

1986 2902 2099 2938 cam
2120 2886 2440 2951 Vaticanam',
2468 2902 2585 2951 qua
2606 2886 3002 2951 ostendunt,’ibi
3024 2888 3181 2951 fuisse
3203 2887 3266 2935 ab
3294 2886 3514 2951 ethnicis
3546 2887 3646 2935 fre-

1986 2954 2257 3013 quentatas
2291 2949 2591 3013 huiusmodi
2622 2949 3030 3012 superstitiones,
3062 2950 3250 3012 quibus
3274 2950 3561 3013 abolendis,
3591 2950 3647 2998 ut

1985 3012 2056 3063 ait
2089 3013 2198 3062 Leo
2226 3013 2467 3073 Magnus,
2487 3012 2705 3075 feliciter
2731 3013 3014 3062 destinatus
3034 3014 3221 3063 Petrus
3252 3012 3538 3075 Apostolus
3568 3025 3645 3061 se-

1988 3077 2105 3125 dem
2128 3075 2356 3124 veritatis
2384 3076 2437 3123 in
2468 3074 2609 3124 Urbe
2642 3074 2764 3134 ﬁxit,
2791 3075 3024 3124 omnium
3046 3089 3279 3125 errorum
3304 3074 3432 3123 tunc
3452 3078 3648 3134 tempo-

1986 3139 2059 3250 gis
2080 3138 2326 3249 magiistra
2354 3137 2457 3249 stult).
2480 3138 2645 3200 impp.
2674 3138 2902 3199 Claudio,
2926 3141 2977 3187 et
2998 3137 3227 3201 Nerone,
3249 3140 3300 3187 et
3327 3151 3357 3187 a
3377 3151 3431 3186 se
3452 3136 3648 3186 reddita

2024 3216 2189 3250 iscmu
2212 3215 2241 3249 a
2267 3215 2369 3250 veri
2394 3215 2424 3249 a
2445 3215 2511 3250 ιε.

2024 3202 2241 3251 iscinula
2267 3201 2511 3251 veritatis.

2047 3216 2243 3313 Ἐξ
2264 3216 2531 3312 ζὲἴὲῗῖιέιῗιξι
2549 3261 2805 3324 insculpta
2828 3275 2962 3311 anno
2980 3275 3096 3311 ara
3129 3260 3431 3313 Christiana
3453 3261 3563 3321 160,
3598 3262 3649 3324 et

1983 3325 2231 3387 Lugduni
2252 3329 2470 3389 reperta,
2492 3328 2648 3389 atque
2667 3323 2918 3374 illustrata
2940 3338 3033 3388 per
3054 3326 3117 3375 Β.
3143 3325 3203 3374 Ρ.
3228 3323 3647 3389 Dominicumde

1986 3385 2205 3440 Colonia
2225 3385 2337 3438 soc'.
2364 3389 2396 3437 J
2401 3385 2492 3437 esu
2507 3385 2826 3449 theologum,
2853 3385 3189 3450 percipimus,
3206 3387 3437 3436 secundo
3455 3385 3647 3450 Christi

1982 3452 2176 3500 saculo
2201 3451 2263 3500 ab
2296 3451 2513 3501 ethnicis
2542 3447 3388 3499 usum‘inductum—transmittendi
3414 3463 3476 3498 ex
3495 3447 3648 3496 Vati-

1984 3528 2117 3563 cano
2139 3513 2271 3562 colle
2294 3514 2533 3563 Romano
2558 3515 2711 3563 ritum
2738 3513 3159 3575 superstitiosum,
3178 3512 3313 3562 Idea
3332 3511 3512 3575 Matris
3528 3511 3649 3575 deo-

1982 3590 2095 3625 rum
2126 3576 2189 3624 ab
2222 3577 2408 3625 iisdem
2438 3578 2587 3626 dicta
2617 3577 2670 3625 in
2703 3572 2984 3625 Colonias:
3012 3574 3290 3624 amulante
3323 3572 3552 3631 diabolo,
3591 3574 3647 3620 ut

1984 3639 2052 3687 ait
2100 3639 2468 3698 Tertullianus,
2533 3641 2587 3688 in
2638 3638 2899 3687 idolorum
2954 3637 3213 3698 mysteriis
3252 3636 3397 3685 irrito
3453 3636 3645 3683 conatu

1986 3700 2284 3749 subvertere
2313 3707 2490 3749 nostra
2513 3713 2661 3748 sacra
2688 3714 2783 3761 per
2816 3698 3125 3761 sacrilegam
3154 3699 3521 3761 imitationem.

2046 3764 2132 3813 30.
2156 3762 2385 3811 Conatus
2414 3757 2741 3810 ethnicorum
2760 3760 2914 3817 irriti,
2941 3757 3046 3807 non
3077 3773 3228 3807 secus
3250 3772 3307 3806 ac
3323 3758 3553 3818 Dagonis
3579 3757 3647 3805 si-

1982 3823 2274 3871 mulacrum
2299 3836 2475 3883 coram
2499 3835 2621 3869 arca
2651 3821 2944 3883 testamenti
2970 3819 3648 3883 concideruntz‘nostrique

1986 3884 2215 3933 Romani
2251 3882 2498 3944 prasules
2530 3894 2687 3943 super
2715 3882 2890 3929 ruinas
2911 3879 3186 3944 confracta
3217 3879 3522 3944 idololatria
3550 3879 3648 3931 éri-

1986 3948 2170 4007 gentes
2201 3942 2370 3993 crucis
2386 3942 2657 4007 tropaum,
2681 3945 2733 3993 et
2751 3944 2884 3992 Acta
2908 3942 3184 3992 sacerdotii
3215 3942 3494 3994 Christiani
3515 3958 3649 3994 sem-

1983 4022 2080 4073 per
2111 4007 2408 4073 illustriora,
2432 4021 2490 4073 ac
2520 4008 2747 4073 ﬁrmiora
2781 4007 3344 4073 ostendentes,‘eadem
3380 4008 3649 4073 signarunt

1983 4068 2291 4120 marmoreis
2324 4069 2532 4131 tabulis,
2568 4073 2617 4119 et
2647 4071 2711 4119 ad
2746 4081 3027 4132 perennem
3052 4068 3487 4132 ireiimemoriam
3524 4069 3647 4120 ﬁxe-

1981 4136 2100 4183 runt
2124 4132 2350 4196 publice,
2380 4130 2663 4195 prasertim
2695 4130 3026 4196 ianaticana
3046 4130 3280 4196 basilica,
3312 4133 3465 4182 etiam
3497 4135 3644 4183 atate

1984 4169 3644 4309 ὲῗὰὧὲῖὲὖῒθἴίίῖῗῖιὶῗὶὲῐῐίοὲῐέἓέὁῐὧῗῑὶἓῖὺῖἑῖἷ)ὄῖιῖῖἡῖ

1984 4259 2125 4309 salis.
2212 4273 2330 4308 uare
2362 4260 2485 4306 satis
2516 4260 2719 4307 constat
2739 4257 2804 4304 de
2837 4256 2955 4309 ﬁde.
2987 4258 3038 4303 et
3053 4259 3357 4307 auctoritate
3386 4271 3560 4306 rerum
3590 4258 3642 4307 in

1980 4274 2125 4308 03118.

1979 4325 2201 4385 utroque
2225 4321 2472 4385 Catalogo
2509 4321 2930 4378 memoratarum,
2966 4318 3104 4367 unde
3136 4319 3295 4370 Liber
3322 4319 3645 4370 Pentiﬁcalis

1978 4383 2282 4437 desumntus
2309 4383 2425 4437 fuit.

2042 4448 2097 4496 31
2114 4486 2125 4498 .
2149 4440 2353 4496 Gradus
2371 4447 2424 4495 ﬁt
2439 4461 2499 4496 ex
2516 4443 2843 4495 documentis
2868 4440 3232 4503 Catalogorum
3251 4442 3315 4492 ad
3335 4443 3648 4493 documenta

1978 4510 2190 4572 reliqua
2225 4509 2453 4572 historia
2484 4523 2641 4572 super
2673 4506 3160 4572 Catalogosaddita
3181 4506 3238 4572 in
3264 4505 3644 4572 eodem‘Libro

1979 4568 2292 4622 Pon‘tiﬁcali.
2317 4568 2633 4631 Ostenditur,
2658 4572 2804 4620 atate
2826 4568 2989 4618 sancti
3001 4568 3244 4631 Gregorii
3266 4569 3400 4618 tertii
3425 4568 3645 4631 plurima

2212 4273 2330 4308 uare
2362 4260 2485 4306 satis
2516 4256 2719 4307 constat
2739 4257 2804 4304 de
2837 4256 2955 4315 ﬁde,
2987 4258 3038 4303 et
3053 4259 3357 4307 auctoritate
3386 4256 3560 4306 rerum
3590 4258 3642 4307 in

1896 4610 1955 4673 D
1981 4610 2293 4697 ἓιόὀῖἱὲἱέἕὶὶέ
2320 4610 3042 4697 ἶῖιῖἑὶῗζιῖἒὲέεἲξισῖιῃξςυὲ
3069 4610 3643 4697 nﬁr'r'éfitﬁﬁ"ixi"_1._i_br6

1982 4696 2295 4758 Pontiﬁcali,
2316 4693 2421 4745 non
2452 4696 2622 4745 solum
2652 4697 2706 4744 in
2736 4693 2996 4758 Archivis,
3027 4695 3118 4758 sed
3154 4695 3384 4745 etiamin
3411 4693 3637 4758 publicis

1978 4757 2437 4822 inscriptionibus:
2476 4758 2663 4822 quibus
2712 4758 2825 4822 hac
2872 4757 3244 4822 ips_a__historia
3276 4757 3644 4822 comprobatur

1971 4823 2119 4885 juxta
2140 4818 2238 4871 tria
2296 4822 2462 4871 otiora
2482 4818 2655 4869 rerum
2680 4820 2846 4882 capita
2869 4818 2921 4867 in
2946 4818 3101 4868 Libro
3128 4818 3415 4869 enuntiata.
3429 4818 3504 4866 Ea
3524 4830 3642 4866 vero

1979 4888 2129 4934 sunt:
2171 4889 2214 4934 1.
2246 4837 2599 4935 8hronoloeia
2630 4886 2678 4931 et
2708 4881 2973 4931 successio
2996 4882 3323 4935 pontiﬁcum.
3356 4880 3409 4928 2.
3447 4877 3637 4928 Eorum

1979 4877 2129 4934 sunt:
2171 4889 2214 4934 1.
2246 4877 2599 4945 Chronologia
2630 4886 2678 4931 et
2708 4877 3323 4945 successiorpontiﬁcum.
3356 4880 3427 4945 2ἷΔ
3447 4877 3637 4945 Eorum

1979 4961 2137 5013 sacra
2170 4940 2541 5004 ordinationes,
2572 4943 2935 5013 liierarchiam
2954 4940 3214 5013 Ecclesia
3244 4940 3640 5013 constituentes,

1977 5014 2027 5061 et
2051 5012 2272 5070 decreta,
2300 5025 2392 5059 seu
2417 5001 2837 5070 constitutiones.
2866 5007 2934 5070 3.,
2952 5005 3230 5070 Sacr-arum
3251 5002 3441 5070 adium
3462 5001 3642 5070 funda-

1977 5074 2167 5136 tiones,
2194 5064 2613 5132 instaurationes,
2646 5069 2859 5120 donaria
2892 5068 2942 5115 et
2995 5064 3198 5128 reliqua
3228 5066 3375 5125 gesta
3423 5065 3639 5126 pontiﬁ-

1975 5136 2121 5246 cagg:
2154 5199 2291 5249 Dum
2341 5196 2499 5248 Liber
2557 5191 2881 5243 Pontiﬁcalis
2916 5187 3347 5249 conscribebatur
3384 5188 3480 5237 sub
3511 5188 3638 5238 Gre-

2013 5261 2124 5309 orio
2152 5248 2248 5320 lli,
2276 5261 2502 5323 primum
2525 5259 2681 5323 caput
2696 5248 3046 5323 pertincng‘afl
3062 5250 3453 5323 chronologiam
3475 5251 3641 5323 ponti-

2015 5308 2145 5371 ciam
2156 5308 2356 5384 ista
2376 5308 2675 5384 adiumenta
2695 5308 2926 5384 duplicis.
2943 5308 3189 5384 Catalogi,
3206 5308 3527 5384 ﬁrmamenta
3549 5313 3641 5384 9b-

1973 5384 2127 5432 tinuit
2148 5374 2202 5432 in
2237 5374 2504 5445 diptych'is
2522 5374 2891 5445 Ecclesiarum,
2912 5374 2964 5445 in
2994 5374 3141 5445 Actis
3167 5377 3531 5445 conciliorum,
3552 5374 3641 5445 Hi:

1975 5446 2153 5504 storis,
2206 5447 2258 5492 et
2292 5435 2585 5504 'Chronicis
2618 5435 2847 5495 Eusebii,
2880 5439 2957 5504 _et
2994 5441 3298 5504 caterorum
3356 5436 3550 5504 Latina
3584 5437 3642 5504 _et

1974 5496 2168 5557 Graca
2205 5500 2816 5567 Ecclesiajscriptorum,
2850 5496 3562 5567 aliorumqueQi-ientalium,
3581 5496 3634 5543 in

1972 5570 2214 5633 genuinis
2256 5559 2685 5633 inscriptionibus
2718 5559 3133 5633 eameterioruin
3176 5563 3298 5633 Ssx
3339 5559 3640 5633 martyrum,

1972 5617 2255 5695 prasertim
2298 5617 2569 5695 Romanis,
2600 5637 2716 5695 qua
2777 5629 2949 5695 nostra
2972 5617 3334 5695 agam-relate
3365 5617 3643 5678 supersunt

2035 5733 2527 5820 5:3.E'aYuKAiiBi-um
2552 5733 2886 5801 paratast"?
2892 5733 2961 5803 ἶὰ
2972 5733 3203 5804 bacas
3214 5748 3266 5795 et
3286 5733 3640 5789 ordinationes
