1998 3210
195 863 587 874 ww;
602 863 686 874 ἑλλέ
694 863 716 874 ξ

182 968 229 971 —
245 966 319 973 τ-πιη
321 966 435 973 ΑτιΙ-ιινμσαξ
450 966 456 973 ΙΑ
489 966 690 973 1_:¥>A-:

454 1149 544 1173 Nimim
564 1149 651 1181 Crispi
667 1150 739 1174 Caes.
757 1157 788 1174 ex
805 1150 899 1174 Must
917 1151 1030 1182 Princip.
1053 1151 1199 1182 Burglzesii,
1219 1150 1277 1174 clim
1294 1150 1381 1174 Fulvii
1400 1150 1484 1173 Ursin.

137 290 487 429 ί
604 394 613 397 -
628 316 1386 441 arumnis;

139 493 142 556 ι

138 542 337 622 ι
351 547 377 603 έ
1295 547 1345 616 is

358 655 539 822 $12111
590 710 618 767 ’τι
840 653 1273 799 isi.
1291 713 1327 722 v
1636 714 1680 751 ⁵

160 769 348 835 Erg
374 754 546 828 ρ
564 741 587 827 ἕ
627 732 970 845 ρέῖλιξῖξρ
1263 790 1309 831 εὶ
1420 797 1432 809 κε
1604 752 1647 828 /:
1712 769 1780 824 ὦ

166 882 512 963 7;;
521 903 529 933 χ
538 834 1130 1009 ξ
1264 881 1315 942 f’
1423 888 1617 1002 ᾓῖιᾞςκιὲῥξξξῇξηκίιξϊὶφιγῃς

134 1012 287 1133 ³
304 1037 724 1119 li?
1760 1043 1779 1117 i

999 1112 1079 1126 i‘m’
1076 1112 1706 1128 Μ

774 1257 1155 1309 PR/EFATIO.

140 1427 168 1456 4.
185 1428 280 1456 Erunt
305 1426 428 1457 fortasse
451 1428 501 1464 qui
529 1428 662 1464 judicent
674 1428 794 1457 minime
808 1435 943 1457 necessa-
957 1430 987 1460 Α
999 1429 1305 1464 praestantissimorum
1320 1429 1412 1458 totius
1427 1428 1516 1457 Italiae
1528 1429 1661 1458 codicum
1686 1435 1754 1457 mss.
1769 1436 1786 1458 a
1799 1437 1828 1458 se

105 1474 184 1502 rium
212 1472 327 1508 pmfari
354 1473 385 1501 in
408 1473 488 1501 Vitas
498 1472 679 1509 [pontiﬁcum
696 1474 899 1510 Romanorum,
915 1476 944 1502 et

104 1517 142 1546 de
153 1517 304 1545 Anastasii
315 1517 434 1546 nomine
448 1517 510 1546 illis
531 1518 657 1554 praeﬁxo,
681 1520 742 1547 tum
761 1518 797 1546 de
809 1525 875 1546 vero
887 1525 944 1547 au-

104 1565 195 1599 ctore,
213 1562 274 1590 sive
288 1562 469 1595 auctoribus,
486 1569 643 1599 eorumque
658 1565 751 1599 aetate,
767 1563 851 1599 stylo,
866 1570 943 1598 prae-

104 1608 226 1643 stantia,
236 1607 412 1643 diligentius
423 1608 571 1644 inquirere
583 1608 636 1636 hoc
647 1611 744 1636 nostro
757 1608 872 1644 saeculo,
887 1615 943 1644 quo

106 1651 246 1687 praeclara
262 1651 425 1680 illustrium
448 1652 618 1680 criticorum
632 1652 745 1688 judicia
761 1652 840 1688 prelo
861 1659 945 1681 com-

107 1697 198 1725 missa
212 1698 348 1725 teruntur
369 1697 499 1726 omnium
517 1697 661 1732 manibus,
686 1704 743 1726 non
765 1698 849 1726 modo
866 1698 942 1733 apud

106 1742 266 1777 scriptores
281 1742 534 1779 bibliothecarum,
557 1743 605 1771 sed
621 1741 708 1771 etiam
735 1743 811 1778 apud
827 1750 876 1772 eos
890 1743 941 1779 qui

107 1785 161 1814 hoc
177 1786 213 1814 de
225 1789 395 1823 argumento
406 1787 626 1816 dissertationes
638 1791 689 1816 aut
703 1787 806 1816 Libros
816 1787 945 1816 nomina-

105 1831 161 1859 tim
176 1834 205 1859 et
219 1831 248 1859 in
265 1831 338 1860 Urbe
347 1832 512 1860 ediderunt.
523 1832 596 1867 Quis
605 1833 682 1860 enim
696 1833 807 1861 nesciat
825 1838 943 1860 examen

106 1876 189 1903 Libri
202 1876 369 1911 Pontiﬁcalis
382 1876 450 1913 (quo
461 1878 577 1906 nomine
597 1877 723 1905 donatur
737 1877 798 1905 haec
813 1877 943 1905 Vitarum

106 1920 253 1956 collectio)
265 1920 300 1948 ab
312 1921 429 1950 erudito
447 1921 571 1957 praesule
582 1921 690 1950 Joanne
704 1921 855 1956 Ciampino
867 1921 946 1956 typis

105 1965 250 1993 Romanis
271 1966 381 1994 editum
399 1973 476 1995 anno
495 1965 575 2002 4688,
591 1969 619 1994 et
635 1968 699 2002 post
720 1966 944 2001 quadriennium

104 2010 141 2038 ab
155 2010 208 2038 illa
224 2011 352 2039 editione
369 2011 399 2039 in
411 2013 488 2040 tomo
504 2011 598 2047 primo
614 2011 801 2046 Antiquitatis
819 2011 946 2038 Ecclesiae

104 2055 259 2083 Illustratz
269 2063 320 2091 per
333 2055 425 2084 alium
439 2055 657 2084 celeberrimum
670 2055 820 2091 praesulem
836 2056 945 2083 Emma-

998 1473 1118 1502 coliatas
1131 1474 1231 1502 retulit
1243 1481 1278 1502 ex
1289 1473 1478 1502 bibliothecis
1489 1474 1636 1510 Vaticana,
1646 1474 1733 1510 Regia
1749 1474 1830 1502 Chri-

998 1518 1137 1554 stiniana,
1152 1519 1180 1546 S.
1197 1519 1285 1547 Marci
1304 1519 1480 1555 Florentina,
1495 1519 1671 1554 Cassinensi,
1689 1521 1717 1547 et
1729 1519 1830 1547 Farne-

998 1563 1089 1591 siana.
1102 1563 1230 1599 Praestat,
1248 1566 1281 1592 ut
1298 1571 1449 1592 numerum
1465 1564 1582 1592 tertium
1599 1563 1705 1599 capitis
1719 1563 1751 1591 V.
1767 1563 1829 1592 Dis-

998 1607 1167 1635 sertationis
1180 1608 1378 1636 Schelestratii
1393 1608 1554 1636 describam
1574 1607 1736 1643 integrum:
1753 1609 1787 1635 ut
1795 1614 1830 1636 ex

997 1652 1140 1681 Holstenii
1153 1653 1249 1681 verbis
1259 1653 1290 1681 in
1309 1659 1342 1681 eo
1361 1653 1462 1681 relatis
1476 1652 1608 1688 resultet,
1623 1659 1687 1688 quae
1701 1652 1830 1688 dignitas

998 1696 1068 1725 libri
1080 1697 1130 1733 sit,
1146 1699 1257 1726 tantum
1267 1697 1363 1726 virum
1376 1697 1546 1733 occupantis
1557 1698 1637 1733 parte
1649 1703 1706 1725 non
1717 1696 1830 1725 modica

998 1742 1092 1770 atatis
1114 1749 1174 1770 suae
1189 1742 1220 1770 in
1241 1749 1306 1771 vera
1330 1744 1393 1778 ejus
1415 1742 1537 1771 lectione
1553 1742 1750 1777 restituenda;
1766 1748 1830 1777 qua:

997 1787 1085 1815 etiam
1092 1787 1254 1822 antiquitas
1266 1787 1411 1822 codicum,
1428 1787 1504 1815 unde
1514 1787 1641 1815 eamdem
1656 1785 1784 1822 collegit,
1799 1785 1830 1813 in

998 1831 1150 1867 aliquibus
1164 1839 1305 1867 superans
1315 1832 1451 1860 saeculum
1461 1831 1620 1866 Anastasii,
1636 1833 1664 1858 et
1677 1830 1831 1859 ostendens

999 1876 1130 1910 priorum
1149 1876 1280 1904 Vitarum
1306 1876 1464 1911 scriptores
1486 1882 1548 1903 esse
1572 1875 1725 1903 Anastasio
1737 1876 1832 1902 ivstu—

1000 1920 1106 1948 stiores
1115 1928 1122 1946 :

1039 1974 1052 1990 «
1067 1964 1138 1992 Cum
1151 1970 1185 1992 ex
1197 1963 1344 1999 praedictis
1353 1963 1507 1991 Annibalis
1519 1963 1646 1991 Fabrotti
1662 1962 1760 1992 verbis
1778 1963 1831 2000 (ait

998 2008 1221 2037 Schelestratius
1233 2015 1312 2037 num.
1323 2007 1350 2046 3)
1362 2008 1513 2037 manifeste
1526 2010 1672 2044 appareat,
1688 2008 1832 2037 editiones

1000 2054 1079 2082 Libri
1106 2053 1285 2082 Pontiﬁcaiis
1310 2054 1346 2082 ad
1370 2060 1456 2082 suum
1472 2060 1565 2090 usque
1580 2055 1693 2089 tempus
1719 2053 1831 2082 mendis

105 2100 223 2128 nuelem
239 2107 255 2128 a
270 2100 461 2129 Schelestrate
477 2101 619 2129 Vaticanis
634 2100 820 2129 Bibliotheca:
836 2100 945 2128 Prafe-
961 2101 985 2132 B
999 2099 1123 2134 repletas
1134 2097 1237 2134 fuisse,
1251 2101 1279 2126 et
1293 2098 1440 2127 meliorem
1457 2096 1612 2127 editionem
1628 2105 1663 2126 ex
1678 2104 1731 2126 ms.
1747 2098 1832 2127 codi—

103 2149 185 2174 ctum
213 2144 307 2174 fuisse
330 2145 477 2183 vulgatam
503 2146 740 2174 Dissertationem
770 2146 895 2181 tertiam,
912 2145 942 2173 in

105 2190 215 2226 primis
228 2191 375 2219 eruditam
388 2194 416 2219 et
431 2198 554 2227 gravem,
571 2191 623 2219 hoc
643 2190 732 2219 titulo
750 2190 941 2226 insignitam:

103 2237 141 2264 De
159 2238 289 2271 antiquis
299 2237 483 2265 Romanorum
494 2237 655 2272 Pontiﬁcum
674 2236 822 2271 Catalogis,
837 2244 872 2263 ea:
885 2236 946 2270 qui-

106 2282 156 2309 bus
186 2282 269 2309 Liber
285 2282 455 2317 Pontiﬁcalis
474 2284 653 2310 concinnatus
681 2282 748 2317 fuit,
773 2283 798 2309 et
820 2281 853 2308 de
867 2281 945 2308 Libri

105 2327 281 2362 Pontiﬁcum
296 2327 417 2354 Auctore
428 2330 453 2354 et
469 2328 635 2363 prastantia
645 2327 660 2354 ?

137 2370 170 2400 2.
196 2372 277 2400 Hanc
299 2375 375 2400 certe
396 2372 645 2406 Dissertationem,
676 2378 775 2400 novem
799 2370 946 2407 capitibus

102 2416 293 2453 distinctam,
310 2417 383 2445 tanti
409 2416 568 2445 faciendam
586 2417 698 2453 judico,
717 2418 750 2445 ut
770 2423 863 2452 operae
879 2423 948 2452 pre—

103 2462 183 2490 tium
202 2462 308 2490 ducam
329 2462 458 2490 eamdem
477 2462 627 2498 integraln,
642 2462 725 2490 edere
738 2461 854 2497 quando
874 2463 947 2489 nota:

103 2507 133 2535 in
148 2507 341 2535 Anastasium
370 2507 549 2543 prodibunt:
566 2514 632 2535 cum
655 2506 862 2541 complectatur
883 2513 947 2535 ma-

101 2554 176 2581 tura
187 2552 313 2587 judicia,
323 2554 352 2580 et
365 2551 580 2581 observationes
592 2555 653 2580 tum
669 2551 764 2586 ipsius
776 2551 948 2580 Schelestra-

103 2597 151 2632 tii,
173 2599 239 2624 tum
260 2597 324 2631 ejus
345 2597 507 2625 decessoris
522 2596 552 2625 in
568 2596 754 2624 Bibliotheca:
777 2595 946 2631 praefectura

104 2641 272 2670 clarissimi
286 2641 368 2669 Lucae
377 2641 537 2670 Hoistenii:
555 2641 641 2676 cujus
654 2640 814 2677 laboribus,
826 2648 877 2676 per
889 2648 946 2669 an-

105 2693 159 2716 nos
174 2686 324 2722 plurimos
342 2686 462 2714 assidue
477 2685 618 2722 impensis
635 2685 748 2721 potiora
763 2692 883 2721 quaeque
892 2686 947 2714 de-

105 2731 179 2766 beri,
195 2738 263 2768 qua:
278 2730 468 2769 dehprmclaro
485 2731 538 2759 hoc
549 2732 734 2759 monumento
744 2730 947 2759 ecclesiastica;

998 2144 1083 2172 cibus
1095 2144 1192 2172 curari
1208 2150 1301 2179 posse,
1317 2149 1416 2171 curam
1432 2143 1506 2171 hanc
1516 2143 1546 2171 in
1561 2145 1767 2178 sesusCeperat
1776 2143 1834 2171 vir.

997 2189 1187 2217 doctissimus
1197 2188 1390 2224 praedecessor
1400 2187 1544 2223 quondam
1560 2194 1641 2216 meus
1657 2189 1747 2216 Lucas
1759 2187 1830 2216 Hol—

998 2233 1122 2269 stenius,
1136 2233 1187 2269 qui
1210 2233 1357 2261 Anastasii
1374 2231 1530 2260 Historiam
1543 2232 1579 2260 de
1591 2232 1667 2260 Vitis
1685 2231 1832 2260 Romano-

998 2284 1063 2306 rum
1075 2278 1247 2306 Pontiiicum
1259 2277 1400 2306 editionis
1413 2277 1590 2313 Moguntinae
1599 2283 1665 2305 cum
1688 2279 1831 2312 praestan-

1000 2323 1225 2360 tissimisjtotius
1235 2323 1324 2351 italia:
1334 2322 1486 2351 codicibus
1495 2322 1630 2357 contulit,
1641 2324 1673 2350 ut
1682 2322 1762 2351 illam
1772 2324 1833 2351 cor“-

1001 2368 1152 2397 rectiorem
1175 2367 1457 2403 emendatioremque
1479 2368 1585 2396 ederet.
1611 2367 1831 2403 Autographum

1000 2413 1142 2441 Holstenii
1163 2419 1197 2441 ex
1219 2413 1306 2441 libris
1328 2412 1438 2441 Moroni
1462 2415 1590 2448 emptum
1613 2412 1644 2440 in
1667 2411 1833 2439 bibletheca

1002 2458 1138 2486 Vaticana
1150 2458 1277 2493 reposui,
1297 2457 1327 2485 in
1338 2457 1423 2492 cujus
1436 2457 1530 2493 primo
1542 2456 1613 2485 folio
1627 2462 1714 2483 manu
1726 2455 1835 2483 Hoiste-

1001 2503 1045 2532 nii
1056 2504 1190 2532 adnotata
1198 2505 1266 2532 sunt
1275 2502 1441 2539 sequentia:
1461 2511 1475 2528 α
1486 2502 1527 2529 De
1540 2508 1608 2528 mss.
1619 2498 1780 2534 codicibus,
1797 2499 1832 2527 ad

1002 2559 1016 2576 ια
1037 2556 1110 2586 quos
1124 2548 1308 2577 Anastasium
1323 2547 1513 2575 contulimus,
1524 2545 1593 2579 Quae
1605 2551 1622 2571 a
1635 2543 1782 2579 principio
1792 2543 1834 2572 li—

1002 2605 1015 2621 »
1040 2595 1086 2623 bri
1101 2601 1194 2629 usque
1217 2594 1252 2622 ad
1277 2592 1411 2630 paginam
1425 2590 1461 2618 53
1479 2590 1639 2617 atramento
1654 2590 1752 2617 notata
1763 2595 1821 2616 sun

1001 2649 1016 2665 ιο
1037 2640 1067 2667 in
1095 2639 1235 2674 margine,
1255 2636 1343 2665 variae
1358 2635 1497 2662 lectiones
1511 2635 1580 2661 sunt
1603 2639 1640 2662 ex
1660 2633 1762 2661 codice
1777 2640 1830 2662 ms.

1003 2694 1016 2711 ι
1037 2683 1186 2716 Vaticano,
1200 2682 1250 2717 qui
1266 2680 1326 2707 fuit
1335 2678 1410 2705 sacri
1421 2678 1589 2706 Monasterli
1598 2677 1774 2711 Casinensis,
1790 2677 1834 2706 vel

1005 2739 1018 2755 ι
1039 2735 1074 2756 ex
1094 2725 1265 2754 Sanctuario
1291 2722 1461 2757 Mombritii,
1484 2722 1527 2750 vel
1553 2723 1639 2751 etiam
1665 2720 1836 2750 collectione

107 2764 242 2805 historiae
265 2775 302 2804 ad
318 2764 375 2804 nos
394 2777 595 2812 pervenerunt,
611 2775 684 2803 satis
712 2774 843 2804 ostendet
861 2775 949 2803 testi-
964 2770 989 2803 C
1005 2784 1019 2800 ι
1042 2773 1189 2801 Canonum
1212 2767 1348 2812 Anselmi
1367 2767 1514 2802 Lucensis,
1545 2774 1610 2803 quia
1637 2764 1836 2812 manuscripta

107 2822 252 2856 monium,
270 2821 403 2856 ejusdem
423 2820 565 2850 Holstenii
588 2826 676 2848 manu
694 2820 841 2856 signatum
865 2820 896 2848 in
915 2825 948 2848 eo

107 2867 270 2903 exemplari
297 2865 503 2902 Anastasiano,
526 2865 558 2894 in
571 2872 628 2902 quo
649 2864 795 2894 variantes
805 2864 947 2894 lectiones

1005 2828 1019 2845 ι
1039 2817 1154 2847 exstant
1182 2815 1213 2843 in
1234 2810 1411 2841 bibliotheca
1429 2811 1654 2841 eminentissimi
1676 2807 1837 2836 cardinalis

1005 2871 1019 2889 ι
1039 2859 1198 2892 Barbarini.
1222 2856 1524 2896 Quaeminlomotata
1541 2863 1559 2884 a
1580 2852 1729 2891 principio
1743 2854 1837 2883 usque
