3996 6410
359 391 432 453 35
1167 384 1260 442 AD
1296 381 1731 442 ANASTASIUM
1768 379 2284 440 PROLEGOMENA
2332 383 2515 440 EDIT.
2554 382 2972 442 ROM.-VATIC.

3709 382 3797 443 36

363 536 390 568 ι
431 515 502 574 ad
546 513 796 572 eamdem
827 508 1093 583 paginam
1123 505 1216 580 53,
1261 510 1399 565 sunt
1425 505 1712 564 variantes
1739 505 2013 562 lectiones
2034 505 2095 568 A
2121 505 2244 570 dos,
2280 506 2380 578 qui
2407 519 2552 578 opus
2579 507 2972 566 Anastasiana
2986 505 3349 565 collectionis
3378 504 3652 578 pluribus
3681 522 3800 565 sa-

362 625 390 657 »
432 603 634 677 Optimi
666 600 886 659 codicis
922 597 1306 668 manuscripti
1335 596 1653 653 Florentini
1684 609 1752 651 ex
1793 594 2015 651 biblio-

363 715 390 747 ι
432 695 591 752 theca
629 695 945 748 conventus
991 689 1048 745 S.
1083 687 1279 744 Marci.
1327 686 1463 743 Inde
1491 686 1697 758 pagina
1739 681 1810 740 54
1858 685 2018 740 inci—

361 802 390 836 ι
431 785 598 856 piunt
631 781 971 839 collationes
1015 792 1120 834 ms.
1165 775 1501 833 Farnesiani
1548 775 1752 845 scripti
1802 773 2016 829 litteris

359 892 390 926 ι
431 871 794 944 majusculis,
829 883 944 940 quo
997 866 1148 924 nihil
1188 866 1492 936 antiquius
1533 869 1756 922 exstare
1786 867 1922 934 puto
1954 863 2014 917 in

359 981 386 1014 υ
429 961 538 1018 hoc
571 973 794 1034 genere,
825 964 882 1014 et
905 957 1082 1014 codex
1116 956 1265 1012 haud
1297 954 1473 1010 dubie
1498 958 1629 1009 ante
1657 958 1854 1009 natum
1875 951 2017 1007 Ana-

359 1071 386 1103 ι
429 1051 676 1108 stasium
707 1049 964 1118 scriptus
987 1045 1122 1117 fuit,
1155 1045 1240 1102 vel
1265 1044 1462 1100 saltem
1507 1057 1574 1099 eo
1616 1049 1868 1112 tempore
1901 1053 2016 1113 quo

359 1159 386 1193 »
429 1141 555 1212 ipse
582 1137 927 1195 Anastasius
957 1135 1120 1192 vixit.
1160 1137 1227 1190 Et
1257 1133 1393 1204 quia
1423 1132 1762 1189 collationes
1799 1130 2016 1186 Farne-

357 1249 384 1281 »
426 1229 578 1286 siani
609 1227 830 1284 codicis
859 1224 1042 1281 minio
1077 1222 1305 1293 scripta
1348 1226 1486 1278 sunt
1522 1234 1706 1292 usque
1736 1220 1804 1276 ad
1844 1218 2016 1290 pagi-

359 1337 387 1370 s
429 1331 560 1374 nam
599 1315 690 1388 63,
725 1316 832 1372 hoc
854 1320 941 1370 est
970 1325 1153 1383 usque
1182 1311 1249 1367 ad
1285 1308 1641 1367 Bonifacium
1674 1311 1760 1378 ιν,
1797 1308 2014 1363 idcirco

358 1425 385 1458 »
427 1407 496 1464 ad
540 1403 1018 1476 distinguendum
1049 1400 1314 1457 codicum
1343 1399 1704 1454 diversorum
1739 1396 2013 1452 lectiones

357 1515 385 1548 ι
425 1509 459 1552 a
481 1509 607 1568 pag.
640 1491 712 1550 54
733 1506 918 1564 usque
944 1491 1015 1548 ad
1046 1487 1118 1546 63
1145 1489 1482 1546 collationes
1510 1486 1739 1543 Codicis
1773 1484 2014 1540 Floren-

359 1603 385 1636 ι
429 1584 542 1641 tini
565 1587 886 1639 atramento
914 1579 1132 1636 notavi.
1156 1577 1292 1634 Inde
1316 1591 1348 1633 a
1370 1590 1498 1649 pag.
1525 1574 1595 1632 63
1619 1587 1802 1645 usque
1824 1573 1894 1629 ad
1915 1569 2006 1642 72,

357 1691 385 1724 »
426 1672 496 1730 ad
524 1671 710 1728 Vitam
736 1670 792 1727 S.
820 1668 1088 1741 Eugenii,
1112 1667 1470 1724 Farnesiana
1497 1663 1834 1721 collationes
1862 1666 2012 1717 atra-

2122 595 2273 652 culis
2303 602 2734 667 pracesserunt.

2193 681 2244 740 ι.
2285 685 2426 741 Cum
2461 687 2646 758 igitur
2667 687 2917 744 viderem
2949 687 3177 757 excerpi
3220 699 3384 756 posse
3413 685 3486 742 ab
3518 685 3622 742 illa
3641 686 3792 743 Dis-

2123 775 2434 831 sertatione
2459 789 2522 831 ea
2550 790 2680 847 qua
2707 776 2938 833 Librum
2978 775 3368 832 Pontiﬁcalem
3396 777 3656 846 pressius
3699 781 3794 831 at-

2124 863 2376 935 tingunt,
2409 871 2464 921 et
2492 865 2920 936 praestantibus,
2948 879 3074 936 qua
3094 869 3425 936 supersunt,
3453 865 3792 922 observatis

2124 953 2404 1009 Holstenii
2434 955 2570 1010 addi
2605 969 2715 1011 non
2752 958 2943 1025 pauca'
2962 968 3146 1025 posse,
3181 969 3308 1025 qua
3339 959 3490 1010 recte
3518 969 3618 1024 per
3645 967 3788 1010 eum

2122 1043 2440 1099 constituta
2471 1043 2810 1100 conﬁrment
2839 1043 3041 1115 magis,
3067 1049 3123 1099 et
3161 1044 3408 1099 vitarum
3438 1043 3788 1112 hujusmodi

2124 1129 2449 1202 historiam,
2500 1131 2762 1201 criticen,
2838 1145 2905 1187 ac
2956 1133 3296 1188 documenta
3367 1132 3786 1202 pr0pemodum

2121 1220 2426 1289 prasentia
2479 1220 2737 1291 reddant,
2790 1234 2855 1276 ac
2877 1220 3284 1290 demonstrata,
3323 1233 3434 1276 non
3481 1219 3789 1276 inutiliter

2121 1321 2208 1363 me
2231 1307 2706 1368 adlaboraturum
2747 1309 2990 1380 speravi,
3025 1310 3074 1364 si
3101 1308 3499 1364 contraherem
3547 1308 3784 1377 potiora

2119 1395 2191 1450 ab
2213 1395 2418 1451 iisdem
2445 1397 2832 1467 scriptoribus
2853 1397 3044 1454 fusius
3074 1401 3383 1468 petractata
3419 1400 3475 1452 et
3501 1395 3739 1466 probata
3760 1415 3777 1450 :

2119 1497 2299 1555 eaque
2322 1486 2597 1542 nectendo
2629 1487 2894 1557 invicem,
2927 1492 2983 1542 et
3011 1485 3386 1543 inosculando
3415 1498 3545 1542 cum
3572 1497 3788 1540 recen—

2119 1571 2280 1628 tibus
2326 1573 2662 1646 observatis,
2702 1575 3005 1632 deﬁnitum
3059 1575 3439 1646 undequaque
3480 1573 3782 1643 judicium

2119 1659 2330 1717 referre
2354 1667 2665 1735 satagerem
2702 1665 2772 1720 de
2810 1665 3054 1735 origine,
3086 1663 3476 1732 incrementis,
3519 1677 3650 1733 usu,
3679 1662 3786 1718 do-

357 1779 385 1813 ι
428 1765 641 1830 mento,
691 1758 1034 1816 Florentina
1073 1757 1256 1812 minio
1304 1758 1510 1811 notata
1540 1757 1692 1808 sunt.
1723 1753 1934 1807 lterum
1974 1762 2008 1804 a
2032 1814 2084 1830 ἢ
2116 1749 2421 1821 cumentis,
2452 1759 2510 1807 et
2539 1753 2868 1823 prastantia
2901 1753 3076 1822 hujus
3095 1753 3228 1808 Libr
3272 1753 3625 1822 Pontiﬁcalis.

356 1868 385 1901 ι
692 1814 884 1919 usque
909 1814 980 1903 ad
1032 1845 1294 1917 paginam
1342 1838 1462 1911 407,
1496 1841 1596 1898 ubi
1641 1839 1849 1910 incipit
1878 1814 2085 1894 VitaB
2185 1836 2239 1895 5.
2297 1814 2941 1912 Librum-Pontificalem
2977 1814 3146 1898 'hunc
3193 1814 3541 1912 appellatum
3588 1838 3785 1894 fuisse

356 1957 384 1990 ι
423 1939 712 1996 Zacharia
759 1939 888 2008 PP.,
936 1934 1280 1992 Farnesiana
1327 1931 1510 1987 minio
1574 1928 2006 1986 Florentiniana

355 2047 383 2079 ι
424 2031 742 2084 atramento
784 2025 992 2082 collata
1020 2027 1174 2080 sunt.
1211 2023 1343 2094 Pag.
1396 2016 1518 2076 407.
1560 2019 1690 2075 Vita
1722 2017 2008 2074 Zacharia

355 2133 383 2166 ι
425 2115 487 2170 in
510 2113 855 2170 Farnesiano
888 2110 1253 2168 desideratur
1280 2107 1630 2164 Collationes
1670 2119 1739 2161 ex
1765 2105 2010 2161 Floren-

354 2223 381 2255 »
425 2203 550 2260 tino
579 2203 776 2258 codice
814 2201 998 2256 minio
1027 2203 1236 2255 notata
1265 2201 1403 2254 sunt
1429 2209 1612 2267 usque
1635 2195 1705 2250 ad
1739 2196 2005 2266 paginam

353 2310 380 2343 ι
423 2288 548 2360 445,
577 2289 677 2346 ubi
715 2288 1102 2344 Farnesianus
1138 2287 1348 2341 iterum
1389 2284 1618 2353 incipit.
1656 2283 1766 2338 Ubi
1797 2283 2006 2338 iterum

354 2399 382 2432 ι
423 2379 765 2436 Florentina
787 2377 1062 2433 lectiones
1079 2377 1398 2431 atramento
1423 2376 1699 2428 notantur
1727 2384 1910 2442 usque
1935 2371 2005 2427 ad

353 2489 380 2521 ι
423 2469 692 2542 paginam
723 2464 844 2535 436,
874 2465 1009 2522 inde
1037 2463 1214 2520 rubro
1252 2475 1434 2533 usque
1457 2461 1526 2516 ad
1569 2460 1812 2516 mediam
1857 2461 2012 2532 pagi-

354 2578 382 2610 »
424 2571 556 2614 nam
581 2554 703 2613 438.
754 2555 889 2611 Inde
932 2553 1085 2610 enim
1137 2553 1344 2608 iterum
1370 2555 1692 2606 atramento
1736 2554 2010 2605 notantur

354 2665 382 2697 ι
425 2659 608 2718 usque
636 2645 706 2702 ad
735 2643 1087 2714 principium
1115 2641 1336 2713 pagina
1366 2635 1486 2709 443,
1521 2652 1650 2694 nam
1673 2638 1803 2694 inde
1824 2652 2007 2708 usque

352 2755 380 2786 ι
423 2736 492 2792 ad
540 2735 802 2807 paginam
857 2729 960 2790 458
989 2730 1306 2787 Florentini
1351 2729 1574 2785 codicis
1612 2729 1886 2786 lectiones
1916 2728 2008 2783 si-

353 2842 381 2876 »
420 2828 670 2897 gnantur
691 2822 888 2888 rubro,
918 2824 1090 2890 atque
1122 2819 1203 2875 ibi
1238 2819 1297 2874 in
1344 2818 1470 2873 Vita
1498 2817 1740 2873 Adriani
1766 2817 2002 2873 desinit.

351 2932 379 2964 ι
421 2913 606 2970 Habui
641 2912 851 2968 deinde
879 2909 1058 2966 alium
1082 2908 1337 2964 codicem
1369 2906 1826 2976 manuscriptum
1856 2908 2006 2962 Lon-

351 3021 378 3052 »
419 3001 790 3074 gobardicum
813 2998 1311 3070 antiquissimum,
1345 3010 1413 3052 ex
1431 2995 1625 3051 eadem
1655 2994 2005 3050 bibliotheca

348 3111 377 3143 ι
419 3095 733 3149 conventus
773 3091 829 3146 S.
871 3088 1069 3159 Marci,
1121 3087 1304 3144 multo
1353 3085 1721 3142 vetustiorem
1773 3085 1996 3155 priore:

2115 1933 2246 1984 ante
2270 1929 2486 1986 Velseri
2513 1932 2844 2001 editionem,
2875 1931 2977 2002 qui
3018 1931 3421 2002 complectitur
3447 1929 3607 1985 Vitas
3637 1941 3785 1999 pon-

2117 2017 2338 2074 tiﬁcum
2393 2020 2775 2078 Romanorum
2819 2035 2851 2076 a
2899 2022 2954 2077 S.
2998 2022 3162 2077 Petro
3204 2020 3272 2076 ad
3316 2019 3615 2074 Nicolaum
3643 2016 3785 2087 pri-

2118 2121 2294 2178 mum,
2343 2122 2540 2166 omnes
2584 2111 2973 2167 consentiunt.
3029 2109 3334 2166 Anastasio
3387 2107 3664 2164 monacho
3715 2107 3778 2162 S.

2117 2197 2182 2251 R.
2207 2198 2266 2251 Ε.
2301 2196 2750 2256 Bibliothecario
2777 2199 3000 2269 primus
3030 2198 3296 2254 Velserus
3330 2196 3620 2266 attribuit,
3654 2195 3787 2250 Bel-

2118 2283 2410 2355 larminio,
2449 2292 2506 2342 et
2548 2288 2824 2366 ijanvinio
2867 2287 3363 2344 consentientibus
3401 2287 3548 2342 citra
3590 2283 3778 2341 ullam

2115 2375 2320 2430 asserti
2371 2376 2671 2431 rationem.
2722 2376 3002 2433 Baronius
3033 2375 3359 2432 intercessit
3384 2374 3783 2445 prajudicata

2115 2463 2380 2532 opinioni
2428 2464 2668 2535 Velseri,
2697 2469 2754 2520 et
2801 2465 3162 2522 collectorem
3207 2465 3400 2535 potius
3425 2463 3784 2535 quam-scri-

2117 2557 2335 2620 ptorem
2385 2553 2712 2608 earumdem
2740 2553 3000 2609 Vitarum
3031 2559 3162 2610 ante
3203 2554 3520 2609 Adrianum
3547 2554 3594 2608 II
3615 2549 3784 2608 aﬂir-

2116 2640 2293 2694 mavit
2319 2639 2638 2697 habendum
2669 2655 2790 2697 esse
2810 2641 3176 2699 Anastasium
3201 2642 3500 2713 (Baronius
3529 2641 3604 2695 ad
3631 2657 3776 2696 ann.

2111 2723 2237 2796 867,
2266 2744 2323 2782 η.
2373 2727 2530 2794 439):
2573 2730 2670 2786 cui
2713 2731 3010 2786 sententia
3052 2730 3385 2788 Holstenius
3427 2729 3780 2794 subscribit,

2112 2819 2326 2871 etcum
2370 2830 2437 2872 eo
2466 2817 2928 2889 Schelestratius,
2978 2817 3266 2888 triplicem
3296 2831 3526 2874 causam
3572 2815 3786 2888 profe-

2117 2917 2248 2960 rens
2280 2905 2358 2961 ita
2397 2907 2684 2963 sentiendi
2713 2905 2913 2978 (Schel.
2946 2908 3080 2961 diss.
3107 2905 3162 2970 3,
3208 2925 3328 2978 cap,
3367 2905 3422 2974 7,
3447 2924 3502 2962 n.
3539 2904 3613 2978 4).

2185 2992 2237 3050 6.
2302 2995 2491 3051 Prima
2541 2997 2726 3066 posita
2769 3002 2856 3053 est
2905 2997 2964 3052 in
3023 2998 3354 3053 testimonio
3395 2997 3779 3068 scriptorum,

2115 3081 2233 3138 vita
2261 3081 2592 3140 functorum
2617 3090 2750 3140 ante
2773 3085 3162 3157 Anastasium,
3199 3087 3300 3157 qui
3330 3086 3544 3142 diserte
3574 3084 3784 3155 profe—

347 3198 375 3231 n
414 3181 540 3251 ejus
569 3179 846 3236 lectiones
867 3179 1182 3234 atramento
1218 3175 1445 3245 notavi;
1481 3174 1582 3230 ubi
1619 3187 1748 3230 cum
1789 3173 2008 3228 Farne-
2031 3166 2080 3232 C
2114 3176 2251 3228 runt
2305 3173 2529 3228 Librum
2584 3173 2868 3229 Gestorum
2920 3177 3323 3244 Pontiﬁcalium
3357 3193 3375 3230 :
3431 3187 3576 3246 quos
3617 3174 3786 3230 inter

347 3289 374 3321 υ
415 3269 580 3326 siano
611 3273 668 3324 et
687 3267 1019 3324 Florentino
1046 3265 1378 3334 Iconvenit,
1407 3263 1683 3320 lectiones
1711 3262 2002 3318 dictorum

346 3377 374 3408 ι
414 3359 681 3415 codicum
730 3357 883 3412 linea
914 3355 1080 3427 nigra
1113 3353 1386 3425 subduxi,
1436 3367 1549 3425 qua
1593 3352 1770 3422 hujus
1795 3350 2001 3422 optimi

348 3466 376 3497 ι)
419 3447 640 3504 codicis
694 3457 1010 3502 consensus
1069 3447 1303 3500 notatur
1345 3459 1359 3497 :
1405 3443 1502 3499 sed
1553 3441 1653 3500 ubi
1714 3441 2004 3512 peculiare

346 3553 375 3585 ι
419 3535 560 3606 quid
594 3533 784 3604 habet,
823 3536 1140 3588 atramento
1179 3531 1425 3604 signavi,
1455 3531 1720 3602 apposita
1759 3536 1892 3587 nota
1916 3528 2001 3584 Fl.

349 3645 376 3677 ι
415 3623 470 3698 2,
506 3625 612 3681 hoc
632 3628 721 3680 est
749 3622 1117 3680 Florentinus
1141 3621 1316 3678 codex
1345 3619 1399 3678 2.
1424 3621 1652 3677 Desinit
1680 3625 1870 3676 autem
1898 3632 2004 3675 co-

347 3732 376 3765 »
417 3713 526 3769 dex
567 3712 677 3768 iste
725 3711 784 3766 in
816 3712 995 3766 Leone
1034 3710 1102 3781 ΙΙ,
1148 3722 1272 3781 pag.
1303 3707 1408 3780 80;
1455 3713 1724 3779 praterea
1755 3706 2001 3763 mutilus

346 3822 372 3854 ››
414 3807 502 3858 est
529 3814 563 3857 a
589 3815 714 3872 pag.
751 3797 818 3856 47
857 3813 1040 3872 usque
1075 3799 1142 3855 ad
1186 3813 1310 3872 pag.
1360 3796 1448 3855 58.
1478 3799 1618 3855 Cum
1668 3797 1775 3853 hoc
1804 3797 2002 3854 codice

346 3909 372 3943 υ
416 3889 749 3946 Florentino
799 3885 855 3958 3,
903 3889 964 3943 in
1009 3888 1279 3944 omnibus
1321 3887 1498 3942 ferme
1539 3888 1828 3943 consentit
1870 3889 1997 3944 cod.

341 3997 370 4030 ι»
410 3977 596 4034 Vatic.
621 3973 786 4038 5269,
817 3977 919 4046 qui
941 3975 1162 4030 desinit
1196 3975 1254 4029 in
1278 3973 1556 4043 Gregorio
1587 3973 1654 4026 Η.
1686 3972 1871 4042 Hujus
1895 3988 2002 4030 co—

343 4085 370 4118 »
411 4065 564 4120 dicis
589 4069 737 4120 nota
757 4067 894 4118 sunt
911 4061 1092 4117 Vatic.
1124 4061 1330 4118 Minor.
1361 4059 1449 4116 vel
1479 4060 1542 4116 V.
1571 4060 1644 4116 M.
1683 4077 1709 4110 »

411 4151 466 4210 3.
497 4153 628 4208 Hac
669 4151 866 4220 itaque
915 4163 1046 4206 cum
1075 4163 1178 4222 ego
1217 4150 1460 4207 sentiam
1491 4148 1563 4206 de
1608 4146 1892 4204 Holstenii
1941 4152 1999 4204 et

2112 3259 2281 3330 Beda,
2325 3261 2536 3318 saculo
2577 3261 2800 3334 integro
2840 3263 3162 3333 pracedens
3190 3268 3412 3319 atatem
3451 3263 3776 3319 Anastasii.

2109 3347 2229 3403 Alii
2265 3362 2400 3405 vero
2443 3350 2756 3419 scriptores
2796 3355 2988 3420 postea
3031 3352 3277 3407 insecuti
3329 3351 3484 3408 hunc
3528 3351 3780 3425 librum,

2109 3436 2482 3506 Pontiﬁcalem
2540 3442 2754 3500 vocant,
2794 3443 2851 3492 et
2897 3438 3058 3492 Gesta
3122 3441 3488 3495 Romanorum
3530 3441 3786 3510 Pontiﬁ-

2112 3541 2230 3580 cum
2255 3543 2272 3591 ;
2297 3539 2592 3597 nunquam
2619 3539 2750 3582 vero
2773 3525 3066 3596 appellant
3083 3527 3308 3581 Librum
3330 3529 3638 3584 Anastasii.
3661 3530 3786 3586 Al—

2111 3618 2231 3670 tera
2259 3615 2406 3670 ratio
2425 3615 2663 3671 ducitur
2681 3628 2748 3670 ex
2775 3619 2938 3670 atate
2958 3614 3241 3683 codicum,
3262 3615 3558 3673 observata
3581 3631 3614 3673 a
3636 3617 3785 3674 Lab-

2109 3701 2214 3758 beo
2236 3709 2292 3759 et
2315 3702 2630 3774 Lambecio,
2659 3703 2963 3774 judicibus
2991 3705 3229 3773 optimis
3253 3705 3554 3774 scriptura
3578 3706 3788 3765 libro—

2111 3807 2257 3849 rum.
2286 3793 2542 3849 Labbeus
2564 3791 2714 3848 libro
2736 3792 2806 3848 de
2839 3792 3235 3862 Scriptoribus
3260 3794 3319 3849 in
3353 3795 3584 3847 Damaso
3603 3793 3786 3851 aﬁir—

2109 3887 2248 3954 mat,
2263 3882 2632 3937 Anastasium
2657 3894 2770 3936 non
2786 3895 2950 3950 posse
2976 3895 3100 3936 esse
3111 3889 3398 3938 auctorem
3418 3882 3630 3952 prioris
3643 3898 3779 3952 par-

2109 3970 2214 4040 tis;
2255 3971 2468 4040 inquit,
2503 3970 2736 4023 viderim
2785 3973 3220 4040 manuscriptum
3272 3971 3506 4026 codicem
3551 3974 3782 4040 optima:

2106 4062 2265 4128 nota,
2299 4062 2531 4126 tempore
2578 4058 2761 4113 Caroli
2792 4060 2986 4126 Magni
3031 4064 3337 4125 exaratum,
3369 4062 3443 4130 δἰη
3488 4075 3594 4129 quo
3639 4064 3781 4120 vita

2106 4144 2216 4200 illa
2251 4148 2485 4199 Damaso
2523 4146 2647 4214 jam
2687 4146 3073 4202 tribuebantur
3115 4154 3408 4218 antequam
3452 4153 3551 4203 aut
3597 4155 3776 4208 natus

338 4240 700 4299 Schelstratii
743 4239 1042 4297 laboribus
1070 4239 1234 4311 plane
1263 4238 1648 4308 admirandis,
1683 4236 1997 4308 limatoque
2106 4239 2243 4288 esset
2268 4233 2626 4297 Anastasius,
2660 4239 2758 4289 aut
2785 4236 2976 4291 saltem
3021 4254 3089 4292 ea:
3111 4241 3318 4307 prioris
3344 4240 3604 4306 infantia
3637 4255 3778 4294 cre-

333 4330 560 4402 judicio
593 4331 748 4386 circa
793 4329 1027 4387 Librum
1073 4329 1465 4385 Pontiﬁcalem
1505 4325 1577 4380 ab
1623 4325 1708 4380 eis
1753 4324 1992 4396 prolato,
2101 4323 2331 4391 pundiis
2362 4326 2678 4378 emersisset.
2713 4324 3048 4381 Lambecius
3079 4325 3296 4382 indicat
3317 4327 3497 4382 alium
3521 4327 3772 4396 pracla-

338 4423 528 4477 actum
584 4433 751 4492 agere
801 4418 1043 4476 fortasse
1085 4430 1298 4488 arguar
1350 4427 1553 4471 novam
1604 4411 1994 4483 prafationem
2105 4424 2233 4466 rum
2263 4410 2538 4482 codicem,
2563 4411 2630 4466 ad
2655 4412 2928 4468 Ludovici
2961 4413 3326 4484 Piitempora
3356 4414 3764 4488 pertinentem,

334 4513 631 4579 attexens;
671 4513 730 4564 et
761 4507 1001 4563 videbor
1041 4507 1328 4560 Lectorem
1372 4516 1484 4560 non
1525 4502 1772 4558 relevare
1803 4503 1993 4558 medi-
2017 4521 2074 4585 ι)
2103 4499 2202 4570 qui
2234 4500 2396 4556 Vitas
2425 4500 2766 4556 Pontiﬁcum
2819 4501 3203 4558 Romanorum
3248 4503 3472 4559 claudit
3519 4504 3578 4558 in
3627 4504 3776 4560 Ste-

334 4597 474 4654 tatis
500 4594 896 4666 prastantium
912 4593 1190 4664 virorum,
1215 4593 1312 4649 sed
1342 4591 1657 4648 inutilibus
1683 4592 1826 4648 meis
1847 4605 1993 4648 one—
2103 4590 2292 4660 phano
2307 4591 2374 4662 II,
2403 4589 2542 4645 aliis
2559 4591 2631 4646 Ill
2653 4589 2834 4646 dicto.
2864 4591 3048 4661 Hujus
3073 4596 3264 4648 autem
3291 4592 3495 4649 electio
3515 4592 3672 4648 cadit
3701 4595 3765 4650 in

334 4696 496 4754 rare;
529 4681 580 4738 si
624 4680 884 4737 differam
912 4680 972 4735 in
994 4685 1211 4736 tomum
1238 4684 1504 4736 notarum
1525 4677 1734 4736 referre
1759 4679 1992 4735 Disser-
2098 4692 2314 4736 annum
2346 4675 2473 4750 752,
2498 4677 2694 4735 obitus
2738 4678 2797 4734 in
2826 4674 2952 4734 757.
2999 4679 3444 4736 Schelestratius
3492 4682 3768 4752 producit

335 4773 609 4830 tationem
642 4770 922 4842 integram
957 4767 1372 4840 Schelestratii,
1410 4771 1468 4824 et
1498 4767 1644 4824 hanc
1688 4767 1990 4824 obtrudam
2099 4771 2215 4824 tres
2269 4766 2418 4823 alios
2481 4767 2728 4838 codices,
2776 4765 3120 4825 Vaticanum
3175 4766 3338 4840 5269,
3400 4769 3764 4829 desinentem

335 4863 558 4918 utinam
594 4873 706 4917 non
735 4857 1193 4929 improbandam.
2097 4869 2229 4913 cum
2258 4856 2389 4912 Vita
2407 4857 2460 4912 S.
2492 4855 2758 4928 Gregorii
2787 4857 2854 4928 II,
2882 4857 2982 4927 qui
3011 4857 3348 4914 obiitannis
3368 4865 3598 4916 centum
3623 4865 3765 4918 ante

403 4950 828 5006 Abstinuissem
859 4948 1064 5019 utique
1093 4959 1124 5003 a
1157 4945 1608 5017 pertractatione
1636 4947 1986 5019 argumenti,
2096 4945 2464 5004 Anastasium
2503 4964 2518 5017 ;
2569 4945 2808 5017 Regium
2865 4945 3196 5019 Christina,
3256 4953 3312 5004 et
3359 4948 3762 5007 Florentinum

335 5038 476 5094 adeo
505 5036 750 5095 feliciter
769 5037 974 5095 tentati
1003 5040 1061 5092 et
1100 5035 1348 5107 promoti
1381 5048 1480 5105 per
1509 5038 1699 5092 tantos
1721 5036 1900 5107 viros,
1936 5034 1986 5092 si
2096 5033 2151 5090 S.
2197 5038 2398 5102 Marci,
2445 5049 2689 5108 quorum
2741 5040 2984 5109 uterque
3023 5037 3241 5094 desinit
3298 5038 3356 5093 in
3407 5037 3664 5094 Adriano
3714 5042 3760 5112 Ι,

334 5125 406 5181 ad
438 5137 542 5180 nos
569 5124 785 5197 integra
817 5126 1210 5198 pervenissent
1237 5123 1522 5180 Holstenii
1562 5125 1855 5194 meditata,
1885 5137 1988 5179 nec
2099 5125 2351 5182 nondum
2379 5131 2513 5182 nato
2541 5125 2876 5183 Anastasio:
2903 5127 3229 5196 lia-quibus,
3265 5127 3480 5199 inquit,
3504 5130 3639 5182 satis
3668 5141 3766 5182 su-

337 5215 680 5285 pramatura
708 5215 832 5280 ejus
870 5219 1050 5273 morte
1094 5213 1367 5285 subrepta
1412 5210 1662 5269 fuissent
1691 5213 1987 5284 complura
2093 5231 2297 5286 perque
2331 5219 2561 5287 constat,
2591 5215 2818 5270 Librum
2857 5215 3226 5283 Pontiﬁcalem
3266 5215 3568 5271 Anastasio
3597 5220 3763 5271 anti-

335 5315 464 5374 qua
493 5301 546 5356 is
577 5301 784 5356 addere
803 5308 1198 5377 proposuerat,
1218 5304 1306 5361 uti
1327 5302 1770 5360 Schelestratius
1795 5303 1990 5360 obser-
2093 5307 2337 5376 quiorem
2366 5319 2478 5358 esse
2499 5323 2516 5358 :
2547 5304 2788 5374 adeoque
2816 5303 2975 5358 illum
3001 5305 3161 5358 istius
3197 5304 3327 5358 libri
3349 5309 3624 5360 auctorem
3643 5321 3763 5363 esse

334 5394 463 5460 vat;
489 5393 591 5444 aut
614 5389 666 5444 si
695 5389 870 5458 hujus
887 5395 1194 5463 scriptoris
1222 5393 1464 5450 secundi
1489 5393 1834 5450 Dissertatio
1865 5399 1986 5451 tota

331 5481 404 5538 de
430 5478 736 5536 Anastasio
771 5475 934 5549 foret,
978 5495 1104 5551 qua
1136 5484 1422 5554 pracipue
1451 5483 1779 5554 conscripta
1797 5487 1886 5538 est
1907 5487 1984 5538 De

329 5569 596 5638 Antiquis
621 5569 985 5622 Romanorum
1021 5569 1341 5640 Pontificum
1371 5572 1667 5640 Catalogis,
1702 5575 1760 5626 et
1793 5572 1985 5641 capita

334 5655 615 5718 nonnulla
641 5655 916 5726 continet,
951 5655 1108 5713 edita
1134 5658 1204 5716 ad
1234 5671 1333 5716 eos
1363 5659 1647 5729 Catalogos
1671 5659 1984 5718 illustran-

2093 5409 2204 5450 non
2225 5408 2406 5463 posse.
2437 5392 2685 5449 Tertiam
2709 5392 2990 5449 rationem
3021 5393 3308 5467 colligunt
3339 5393 3673 5450 Holstenius
3700 5403 3762 5452 et

2092 5481 2533 5538 Schelestratius
2562 5496 2632 5540 ex
2673 5481 3009 5538 diversitate
3039 5483 3198 5554 styli,
3238 5497 3362 5554 qua
3412 5481 3762 5541 observatur

2094 5572 2156 5628 in
2181 5571 2332 5628 Vitis
2355 5584 2750 5628 successorum
2781 5572 2834 5628 S.
2863 5572 3128 5645 Gregorii
3163 5572 3344 5638 tertii,
3383 5572 3610 5628 scilicet
3641 5575 3761 5630 Za—

2093 5661 2304 5719 charia
2349 5665 2406 5718 et
2449 5659 2924 5734 subsequentium
2961 5679 2978 5734 ;
3027 5675 3159 5718 cum
3196 5663 3565 5732 pracedentes
3611 5665 3761 5724 Vita
