3996 6492
145 431 206 492 37
1669 429 2055 486 PREFATIO.
3507 432 3578 494 38

146 577 306 631 usque
334 560 411 614 ad
436 559 766 627 Gregorium
788 558 1007 611 tertium
1031 555 1276 612 eumdem
1301 556 1504 625 stylum
1534 559 1585 609 et
1614 559 1812 610 aucto—
1837 555 1897 616 A
1924 555 2097 627 ginus
2125 555 2278 611 enim
2320 555 2545 626 primus
2572 569 2605 612 a
2639 557 2868 615 Justino
2895 559 3134 616 Juniore
3163 561 3470 618 institutus
3491 569 3577 620 est

146 667 247 703 rem
271 651 661 720 praeseferant.
687 645 1055 702 Diﬁ‘erentias
1075 646 1440 718 singulorum
1471 648 1812 700 enumerant

145 745 289 808 capt.
317 735 374 809 7,
420 752 580 794 num.
614 734 670 804 7,
699 743 755 792 et
785 749 908 806 cap.
936 735 992 801 8,
1037 749 1188 791 num.
1219 733 1334 806 ὄξει
1363 747 1522 804 seqq.

207 829 310 884 His
339 834 531 883 autem
561 825 877 897 diligenter
905 824 1191 894 expensis,
1224 824 1295 879 de
1327 822 1486 878 Libri
1515 825 1702 892 atate,
1731 824 1813 876 at-

142 934 248 990 que
291 918 565 986 Auctore,
613 916 691 971 ita
735 915 1023 970 deﬁniunt
1047 912 1262 983 (Schel.
1293 927 1415 982 cap.
1445 911 1502 983 8,
1536 925 1694 967 num.
1721 907 1806 982 2).

146 1032 167 1061 α
193 1007 435 1063 Videtur
457 1006 655 1076 itaque
679 1003 846 1060 Liber
866 1003 1222 1060 Pontiﬁcalis
1239 1002 1609 1072 conscriptus
1627 999 1811 1057 fuisse

147 1106 270 1168 post
305 1102 547 1152 mortem
590 1093 954 1150 Constantini
986 1107 1162 1163 papa,
1198 1092 1299 1163 qui
1331 1105 1482 1147 anno
1506 1087 1612 1146 7M
1638 1090 1808 1161 obiit,

145 1189 317 1258 idque
352 1187 620 1241 ﬁrmatur
639 1183 984 1240 auctoritate
1007 1182 1389 1252 manuscripti
1413 1180 1635 1236 codicis
1663 1179 1814 1235 Vati-

142 1277 269 1330 cani
293 1273 474 1342 5’269;
503 1273 604 1344 qui
635 1272 770 1328 licet
789 1277 921 1327 ante
949 1269 1056 1327 500
1086 1271 1324 1326 circiter
1343 1283 1525 1326 annos
1545 1273 1814 1323 exaratus

144 1366 218 1420 sit
236 1379 304 1420 ex
321 1363 662 1434 antiquiore
680 1367 865 1417 tamen
884 1360 1214 1430 descriptus
1232 1357 1364 1429 fuit,
1391 1363 1588 1428 utpote
1607 1357 1814 1412 ﬁniens

140 1453 477 1524 Catalogum
495 1451 853 1522 pontiﬁcum,
871 1463 1040 1522 quem
1061 1449 1229 1504 Libro
1251 1447 1574 1503 Pontiﬁcali
1606 1459 1817 1516 prapo-

144 1543 284 1611 suit,
317 1542 378 1597 in
432 1541 714 1612 Gregorio
748 1542 811 1609 II,
839 1539 1206 1595 Constantini
1261 1549 1610 1593 successore.
1649 1535 1818 1590 Liber

144 1644 275 1687 vero
298 1630 683 1699 Pontiﬁcalis,
709 1629 808 1700 qui
854 1628 1187 1700 Catalogum
1221 1627 1280 1682 in
1302 1627 1501 1682 codice
1517 1623 1818 1694 subsequi-

145 1727 262 1790 tur,
293 1719 431 1774 ﬁnit
466 1719 560 1774 his
585 1717 777 1774 verbis
802 1737 813 1773 :
850 1717 1144 1785 Gregorius
1177 1719 1399 1770 natione
1429 1717 1728 1774 Romanus,
1751 1727 1819 1765 ea:

143 1816 303 1880 patre
324 1809 590 1862 Marcello
609 1809 752 1863 sedit
773 1823 946 1862 annos
965 1821 1082 1870 xvr,
1105 1822 1313 1861 menses
1336 1819 1420 1875 x1,
1445 1806 1560 1859 dies
1587 1817 1667 1858 χι.
1691 1803 1817 1856 Fuit

1920 644 2202 700 exarchus
2226 658 2376 701 anno
2404 641 2533 715 567,
2576 651 2898 715 postremus
2929 650 3250 720 Eutychius
3275 651 3345 706 ab
3365 652 3579 709 Aistul-

1922 733 2035 802 pho
2057 733 2557 803 Longobardorurn
2596 748 2725 806 rege
2752 735 2956 806 pulsus
2985 751 3137 794 anno
3165 737 3291 795 752.
3325 741 3482 796 Unde
3510 755 3578 796 ex

1922 822 2196 891 praedicto
2222 822 2348 878 loco
2376 828 2530 892 patet
2557 832 2851 880 auctorem
2883 827 3026 882 Vita
3051 828 3304 884 Cononis
3331 831 3580 886 scribere

1919 911 2190 967 debuisse
2233 917 2366 968 ante
2400 914 2650 970 medium
2695 916 2880 971 octavi
2922 917 3144 986 saculi,
3184 933 3296 987 quo
3344 921 3576 976 exarchi

1921 1014 2021 1056 seu
2037 999 2292 1070 prafecti
2309 1001 2677 1072 imperatoris
2697 1004 3324 1076 ConstantinOpolitani
3343 1009 3400 1064 in
3418 1011 3580 1066 Italia

1921 1103 2044 1146 esse
2063 1090 2398 1147 desierunt:
2433 1093 2692 1150 scribere
2717 1100 2907 1151 autem
2936 1097 3196 1166 potuisse
3220 1097 3374 1154 circa
3395 1100 3577 1154 octavi

1921 1179 2118 1236 saculi
2155 1179 2414 1253 initium,
2436 1197 2549 1254 quo
2579 1184 2856 1240 Ravenna
2883 1187 3134 1242 nondum
3164 1187 3358 1243 sedere
3386 1188 3582 1243 desie—

1923 1274 2052 1324 rant
2076 1270 2334 1341 exarchi,
2369 1272 2437 1327 ad
2490 1287 2636 1343 quos
2680 1274 2751 1329 de
2788 1275 3068 1332 electione
3115 1278 3248 1333 novi
3289 1278 3582 1347 pontiﬁcis

1924 1357 2126 1414 referri
2161 1359 2398 1431 solebat,
2436 1369 2498 1417 ut
2523 1376 2592 1418 ex
2618 1362 2789 1419 Libro
2815 1364 3036 1422 Diurno
3083 1371 3326 1422 constat.

1993 1448 2148 1505 Satis
2170 1448 2354 1519 igitur
2377 1451 2672 1508 evidenter
2697 1459 2851 1524 patet
2881 1458 3002 1509 tum
3034 1469 3104 1510 ex
3141 1456 3384 1525 ipsemet
3419 1455 3577 1512 Libri

1925 1536 2280 1594 Pontiﬁcalis
2317 1545 2572 1612 auctore,
2609 1547 2729 1598 tum
2762 1557 2830 1600 ex
2856 1543 3201 1615 aqualibus,
3234 1550 3291 1601 et
3321 1546 3581 1616 proxime

1925 1625 2331 1696 subsequentis
2351 1632 2454 1686 avi
2469 1632 2877 1704 scriptoribus,
2896 1635 3057 1691 Vitas
3073 1635 3430 1706 pontiﬁcum,
3457 1649 3584 1706 qua

1926 1727 1959 1770 a
1989 1722 2187 1771 sancto
2227 1716 2502 1789 Gregorio
2535 1723 2871 1794 pertingant
2900 1725 2970 1780 ad
3001 1724 3442 1781 Constantinum
3476 1737 3585 1795 pa-

1930 1817 2079 1874 pam,
2112 1807 2486 1877 conscriptas,
2520 1817 2576 1867 et
2618 1812 2877 1883 vulgatas
2929 1828 3053 1870 esse
3103 1828 3135 1870 a
3167 1815 3294 1870 viro
3347 1815 3404 1871 in
3437 1813 3586 1869 Urbe

142 1904 320 1952 autem
352 1898 690 1967 temporibus
720 1898 1032 1959 Anastasii,
1064 1896 1371 1958 Theodosii,
1419 1895 1610 1948 Leonis
1653 1896 1816 1960 atque
1840 1899 1890 1959 Β
1929 1898 2192 1951 versante
2222 1895 2330 1951 sub
2360 1897 2416 1951 S.
2445 1897 2722 1970 Gregorio
2744 1904 2810 1972 II,
2839 1907 2896 1957 et
2923 1903 3370 1960 administrante
3398 1903 3586 1959 archi-

143 1988 500 2041 Constantini
529 1988 950 2054 Augustorum;
981 1985 1081 2040 ubi
1125 1991 1350 2040 tantum
1386 1981 1559 2038 refert
1589 1985 1816 2050 tempus

145 2076 526 2146 pontiﬁcatus
557 2077 689 2133 sine
715 2075 858 2130 ullis
886 2075 1052 2129 actis.
1086 2075 1170 2127 Ex
1207 2086 1320 2143 quo
1346 2071 1668 2142 colligitur,
1703 2084 1817 2124 au—

142 2173 350 2220 ctorem
400 2165 719 2220 inchoasse
750 2163 983 2233 quidem
1027 2162 1216 2216 Vitam
1266 2159 1676 2230 Gregorii,sed
1707 2171 1819 2213 non

145 2254 494 2322 absolvisse,
527 2254 671 2308 dum
700 2251 869 2306 Liber
901 2249 1260 2319 Pontiﬁcalis
1285 2248 1520 2319 prodiit.
1556 2249 1819 2302 Putarem

149 2344 321 2414 igitur
377 2346 519 2411 post
559 2339 784 2396 obitum
828 2339 1194 2395 Constantini
1246 2337 1536 2408 prodiisse
1584 2336 1820 2392 Librum

147 2430 575 2499 Pontiﬁcalem,
608 2428 760 2499 quod
795 2429 1032 2484 omnino
1064 2427 1331 2483 convenit
1364 2427 1440 2481 iis
1479 2441 1605 2496 qua
1647 2438 1820 2494 supra

146 2521 484 2576 notavimus
504 2519 577 2574 de
598 2517 927 2573 Venerabili
966 2517 1134 2586 Beda,
1157 2530 1188 2571 a
1217 2530 1330 2586 quo
1351 2515 1607 2570 omnium
1633 2515 1819 2584 primo

147 2610 310 2665 Liber
337 2606 710 2664 Pontiﬁcalis
731 2607 944 2661 citatus
970 2605 1276 2675 reperitur.
1301 2604 1459 2658 Vixit
1491 2603 1645 2658 enim
1673 2603 1820 2657 Beda

145 2700 209 2753 ab
229 2711 392 2754 anno
418 2695 528 2752 673
550 2710 736 2766 usque
769 2695 836 2750 ad
861 2708 1076 2750 annum
1102 2691 1246 2761 735;
1275 2707 1523 2762 cumque
1547 2697 1672 2761 post
1689 2693 1820 2746 Gre-

147 2789 292 2858 gorii
325 2785 578 2843 secundi
615 2785 1038 2855 pontiﬁcatum,
1073 2783 1174 2854 qui
1221 2796 1373 2838 anno
1397 2778 1505 2836 714
1534 2781 1729 2850 capit,
1765 2784 1822 2836 et

149 2892 298 2934 anno
325 2873 432 2932 73l
488 2875 687 2946 desiit,
723 2873 1082 2930 Venerabilis
1112 2872 1256 2928 Beda
1301 2876 1591 2942 superstes
1618 2869 1815 2939 fuerit,

149 2968 385 3023 Librum
418 2964 814 3021 Pontiﬁcalem
866 2963 1061 3019 videre
1085 2967 1141 3018 et
1161 2963 1343 3018 citare
1370 2961 1576 3031 potuit.
1618 2961 1689 3015 Ut
1717 2959 1820 3030 igi-

153 3062 242 3113 tur
262 3060 518 3113 mentem
544 3068 725 3110 meam
743 3054 998 3124 aperiam
1025 3053 1096 3108 de
1119 3052 1278 3109 Libri
1301 3050 1660 3107 Pontiﬁcalis
1685 3056 1820 3105 tem-

148 3161 295 3218 pore,
314 3159 435 3218 quo
450 3145 705 3215 primum
736 3144 791 3199 in
809 3143 992 3206 lucem
1024 3142 1264 3214 prodiit,
1282 3142 1482 3212 paucis
1503 3140 1815 3197 absolvam.

1925 1997 2058 2039 vum
2083 1986 2495 2057 apostolicum,
2529 1993 2631 2043 aut
2651 1989 3020 2048 bibliotheca
3035 2007 3230 2049 curam
3262 1997 3523 2065 gerente:
3549 2007 3582 2050 a

1929 2086 2044 2142 quo
2072 2075 2213 2129 Vita
2243 2076 2336 2130 SS.
2365 2076 2632 2148 Gregorii
2674 2079 2723 2133 II
2753 2085 2811 2134 et
2847 2081 2918 2135 III
2959 2086 3086 2150 post
3105 2082 3432 2138 eorumdem
3477 2081 3588 2139 ob-

1929 2160 2075 2217 itum
2117 2162 2352 2233 adjecta
2399 2165 2653 2222 fuerunt.

1999 2249 2052 2305 8.
2088 2253 2250 2308 Vitas
2279 2261 2469 2310 autem
2513 2255 2850 2325 pontiﬁcum
2878 2257 3263 2314 Romanorum
3289 2271 3321 2314 a
3341 2259 3399 2313 S.
3427 2260 3589 2316 Petro

1931 2339 2000 2394 ad
2034 2341 2127 2396 SS.
2157 2343 2499 2414 Gregorium
2533 2346 2580 2399 II
2609 2349 2665 2400 et
2693 2347 2768 2400 III
2793 2343 2942 2416 (qua
2974 2350 3111 2402 sunt
3143 2360 3276 2418 pars
3302 2348 3509 2420 potior,
3537 2355 3591 2406 et

1932 2431 2118 2499 prima
2145 2432 2318 2487 istius
2349 2433 2732 2504 collectionis)
2763 2441 3051 2492 auxerunt
3074 2437 3420 2507 appendices
3439 2438 3588 2508 dua,

1929 2519 2178 2576 subinde
2207 2521 2434 2592 addita,
2469 2536 2595 2592 qua
2625 2523 2906 2592 appellari
2955 2525 3128 2580 etiam
3176 2532 3420 2595 possunt
3459 2541 3591 2597 pars

1927 2608 2106 2664 altera
2123 2617 2178 2666 et
2201 2612 2370 2667 tertia
2387 2611 2751 2668 collectionis
2771 2614 3050 2682 ejusdem.
3086 2613 3268 2685 Illam,
3291 2629 3491 2686 nempe
3508 2630 3585 2672 se-

1928 2699 2174 2754 cundam
2211 2706 2447 2772 partem,
2472 2701 2685 2758 tribuit
2707 2703 3154 2760 Schelestratius
3177 2718 3460 2777 anonymo
3485 2706 3592 2761 ali-

1929 2788 2024 2842 cui
2044 2801 2111 2842 ex
2132 2788 2285 2844 clero
2303 2791 2576 2859 Romano,
2601 2790 2698 2846 cui
2721 2791 3023 2849 archivum
3053 2793 3297 2863 patebat.
3321 2796 3400 2850 Ea
3425 2807 3592 2850 com-

1933 2877 2204 2946 plectitur
2223 2879 2384 2934 Vitas
2404 2880 2692 2936 Zacharia
2712 2887 2768 2937 et
2786 2882 3061 2951 Stephani
3084 2885 3176 2938 III.
3200 2885 3451 2940 Tertiam
3489 2898 3592 2941 seu

1931 2961 2272 3036 pestremam
2324 2975 2539 3039 partem
2571 2969 2694 3025 sive
2734 2971 3106 3042 appendicem
3146 2973 3405 3045 assignat
3427 2987 3592 3030 com—

1932 3055 2218 3126 pluribus,
2242 3057 2578 3130 plerumque
2598 3060 2926 3117 viventibus
2946 3067 3112 3118 atate
3131 3062 3365 3119 illorum
3392 3063 3590 3133 ponti—

1930 3145 2121 3216 ﬁcum,
2151 3162 2395 3218 quorum
2423 3149 2784 3220 scripserunt
2812 3151 3000 3206 Vitas:
3056 3152 3137 3209 ita
3169 3157 3234 3208 ut
3265 3153 3384 3208 hac
3410 3153 3580 3210 tertia

145 3235 511 3291 Crediderim
538 3237 672 3289 ante
701 3246 917 3288 annum
937 3228 1045 3287 732
1067 3231 1289 3302 publici
1319 3231 1475 3301 juris
1501 3229 1736 3295 factum.
1762 3233 1819 3285 et
1848 3246 1896 3309 (ς
1929 3249 2060 3306 pars
2090 3239 2273 3307 possit
2302 3239 2473 3295 etiam
2501 3241 2632 3310 jure
2657 3240 2953 3297 subdividi
2980 3242 3037 3298 in
3067 3243 3280 3315 plures,
3314 3243 3365 3299 si
3401 3250 3592 3300 essent

148 3326 279 3380 huic
291 3323 638 3381 collectioni
659 3323 1034 3393 appendicem
1055 3327 1246 3392 postea
1273 3321 1344 3377 ab
1365 3321 1559 3376 eodem
1582 3325 1818 3375 auctore

145 3416 507 3484 :idjunctam,
565 3426 694 3484 qua
743 3412 902 3467 Vitas
959 3411 1224 3482 Gregorii
1268 3412 1315 3466 II
1361 3416 1417 3466 et
1447 3410 1711 3481 Gregorii
1745 3411 1817 3466 [Π

149 3503 666 3575 complectebatur.
690 3502 853 3572 Quod
879 3502 1142 3558 ﬁrmatur
1159 3517 1227 3558 ex
1246 3502 1324 3558 iis
1347 3515 1471 3574 qua
1489 3500 1820 3557 observavit

147 3594 329 3649 Lucas
358 3593 716 3650 llolstenius.
749 3593 889 3649 Cum
923 3593 1075 3649 enim
1107 3606 1304 3649 omnes
1344 3591 1682 3662 pontiﬁcum
1712 3591 1822 3646 Vi—

145 3690 229 3738 tas
260 3683 475 3739 sedulo
509 3683 905 3753 pervolvisset,
937 3683 1255 3753 adnotavit,
1286 3688 1442 3754 gesta
1474 3681 1817 3753 pontiﬁcum

144 3789 172 3826 ιι
203 3775 385 3829 Petro
427 3773 688 3842 apostolo
737 3786 923 3843 usque
953 3774 1022 3828 ad
1051 3772 1404 3842 Zachariam,
1455 3771 1720 3842 Gregorii
1749 3771 1820 3824 III

147 3875 586 3928 successorum,
612 3862 805 3918 eodem
835 3861 1074 3917 omnino
1093 3860 1240 3932 stylo
1261 3861 1518 3930 adeoque
1535 3859 1606 3914 ab
1627 3859 1823 3914 eodem

143 3953 406 4008 Auctore
431 3952 761 4021 conscripta
798 3950 1001 4008 fuisse.
1028 3969 1055 4002 »

209 4039 262 4098 7.
293 4041 579 4098 Eamdem
610 4046 834 4099 atatem
876 4041 1107 4113 colligit
1152 4037 1600 4096 Schelestratius
1650 4037 1820 4108 (ibid.

145 4147 297 4188 num.
341 4131 404 4202 4}
428 4146 501 4187 ex
532 4133 721 4203 ipsius
748 4131 888 4188 libri
916 4132 1106 4187 verbis
1135 4131 1192 4186 in
1223 4131 1349 4186 Vita
1385 4129 1592 4186 Leonis
1619 4141 1822 4185 secun-

138 4225 213 4278 di.
243 4227 355 4278 Hic
388 4225 636 4293 suscepit
675 4223 936 4277 Sanctam
973 4225 1192 4279 Sextum
1225 4221 1527 4289 Synodum,
1561 4234 1682 4289 qua
1720 4234 1824 4288 per

143 4316 231 4366 Dei
265 4313 699 4384 prouidentiam
727 4325 908 4367 NUPEn
934 4314 993 4365 in
1036 4313 1206 4377 Regia
1237 4310 1377 4364 Urbe
1421 4309 1691 4363 celebrata
1721 4311 1817 4362 est.

145 4425 160 4449 α
185 4405 325 4459 Cum
350 4403 544 4473 enim,
603 4402 822 4473 inquit,
845 4407 1048 4456 auctor
1071 4403 1332 4469 testetur,
1360 4400 1549 4468 Nuper
1575 4397 1636 4453 in
1677 4396 1818 4452 urbe

136 4491 798 4561 Ginstantinopolitana
823 4489 1167 4546 celebratam
1197 4488 1378 4546 fuisse
1414 4491 1630 4544 sextam
1659 4499 1822 4556 syno-

141 4584 294 4655 dum,
320 4582 629 4640 celebrata
651 4587 843 4637 autem
867 4581 947 4636 sit
968 4586 1124 4636 sexta
1147 4580 1400 4651 synodus
1435 4577 1544 4634 sub
1564 4576 1824 4648 Agatho-

140 4689 217 4738 ne,
247 4674 482 4729 Leonis
512 4670 755 4727 secundi
791 4671 1226 4740 pradccessore,
1259 4682 1410 4725 anno
1461 4663 1587 4738 681,
1620 4670 1824 4722 auctor

136 4767 244 4820 hac
274 4764 555 4821 scribere
581 4761 787 4818 debuit
819 4775 931 4818 non
985 4760 1185 4832 procul
1236 4774 1267 4815 a
1302 4761 1412 4815 ﬁne
1443 4757 1676 4830 septimi
1709 4771 1824 4813 sa—

132 4857 263 4926 culi,
295 4863 415 4912 etc.
462 4872 491 4902 n
524 4852 705 4908 Addit
731 4852 1040 4922 indicium,
1073 4867 1175 4922 par
1197 4864 1264 4907 ex
1292 4852 1421 4906 Vita
1447 4849 1719 4918 Cononis,
1752 4847 1823 4902 de

133 4947 295 5013 cujus
342 4942 769 5011 assumptione
811 4941 881 4996 ad
924 4940 1347 5012 pontiﬁcatum,
1400 4953 1528 5010 qua
1577 4935 1826 5008 contigit

131 5050 273 5090 anno
299 5033 444 5104 686,
489 5032 571 5087 ita
604 5030 839 5086 scribit:
870 5032 939 5084 Et
969 5033 1159 5084 missos
1190 5032 1401 5100 pariter
1423 5044 1535 5083 una
1565 5043 1687 5082 cum
1711 5026 1828 5079 cle-

131 5129 271 5195 riris,
307 5131 365 5179 et
389 5121 614 5194 populo
648 5120 726 5175 ad
753 5121 1265 5175 excellentissimum
1305 5119 1642 5173 Theodorum
1672 5132 1827 5171 emar-

131 5219 300 5278 ahum,
368 5226 447 5268 ur
483 5224 589 5264 nos
621 5224 736 5281 esr,
787 5210 1129 5265 direxerant.
1165 5230 1191 5261 «
1240 5207 1498 5264 Notanda
1527 5213 1681 5276 sunt,
1718 5207 1824 5279 ait,

132 5305 237 5361 inec
269 5305 468 5361 verba
503 5305 568 5354 ut
592 5315 704 5354 mos
732 5305 828 5357 est.
863 5302 983 5356 Non
1011 5301 1164 5356 enim
1191 5299 1348 5355 dixit
1372 5302 1576 5353 auctor
1605 5301 1665 5352 ut
1703 5313 1826 5351 mo-

130 5399 196 5444 m-
243 5399 391 5463 fuit,
432 5391 528 5449 vel
561 5396 623 5445 ut
647 5393 773 5461 ﬁeri
810 5391 1035 5462 solebat,
1079 5389 1175 5445 sed
1225 5394 1284 5444 ut
1308 5404 1419 5443 mos
1445 5393 1558 5455 est;
1589 5387 1826 5460 signiﬁ-

131 5503 260 5544 «κως
293 5487 436 5543 illis
467 5482 676 5540 verbis
705 5481 854 5536 hanc
874 5481 1057 5537 Vitam
1091 5480 1478 5549 conscriptam
1503 5477 1685 5536 fuisse
1711 5491 1826 5550 quo

131 5584 384 5647 tempore
414 5574 493 5631 ad
525 5571 819 5629 exarchos
849 5571 919 5627 de
948 5570 1231 5627 electione
1260 5568 1391 5625 novi
1426 5568 1721 5639 pontiﬁcis
1747 5582 1826 5624 re-

131 5665 427 5724 ferebant:
511 5663 781 5734 adeoque
852 5667 989 5718 tunc
1050 5675 1182 5718 cum
1250 5659 1483 5716 exarchi
1547 5661 1828 5716 Ravenna

130 5765 300 5816 erant.
334 5760 620 5816 Fuerunt
649 5757 848 5812 autem
899 5752 1169 5811 ducentis
1217 5749 1397 5810 ferme
1445 5750 1635 5808 annis.
1670 5751 1828 5808 Lon-

1930 3331 2118 3396 partes
2145 3342 2245 3398 pro
2272 3329 2622 3400 scriptorum
2647 3345 2886 3387 numero
2909 3332 3254 3388 dividenda.
3281 3334 3589 3390 Anastasio

1929 3420 2118 3472 autem
2152 3419 2429 3475 monacho
2482 3424 2537 3475 et
2589 3419 3038 3477 bibliothecario
3069 3421 3226 3478 sedis
3255 3422 3586 3492 apostolica

1929 3503 2015 3576 (ut
2043 3507 2320 3564 Panvinio
2349 3509 2590 3582 dicitur)
2611 3511 2796 3567 Vitam
2824 3511 3046 3567 Nicolai
3084 3511 3257 3581 primi
3289 3526 3412 3568 esse
3432 3511 3591 3568 assi—

1934 3598 2214 3668 gnandam
2237 3613 2347 3655 non
2369 3598 2684 3672 diﬁitetur;
2712 3601 2808 3658 cui
2830 3601 3180 3657 Guillelmus
3201 3601 3594 3658 bibliotheca-

1931 3684 2059 3741 rius
2087 3687 2233 3742 duas
2265 3693 2580 3757 postremas
2626 3689 2860 3759 adjecit,
2895 3690 2954 3744 in
2999 3690 3187 3745 codici
3221 3689 3592 3745 Fabrottiano

1931 3785 1998 3827 ex
2010 3786 2269 3842 pressas;
2298 3789 2428 3830 cum
2459 3776 2830 3832 Velserianus
2848 3777 3027 3831 codex
3048 3776 3323 3830 desiisset
3369 3776 3430 3829 in
3463 3775 3591 3830 Vita

1932 3861 2160 3916 Nicolai
2194 3875 2293 3930 per
2340 3863 2710 3917 Anastasium
2737 3867 3035 3932 contexta;
3074 3862 3209 3917 inde
3241 3861 3330 3917 illi
3376 3862 3596 3932 placuit

1937 3961 2141 4004 nomen
2163 3950 2455 4006 Anastasii
2481 3950 2736 4007 tribuere
2759 3951 3038 4007 universa
3059 3951 3409 4022 collectioni,
3439 3952 3589 4022 quod

1934 4043 2058 4095 erat
2133 4039 2258 4109 ejus
2333 4041 2597 4098 coronidi
2683 4041 3077 4100 tantummodo
3148 4041 3594 4099 accommodan—

1933 4129 2092 4184 dum.

2005 4216 2059 4274 9.
2082 4220 2214 4276 Post
2231 4219 2558 4291 assignatas
2584 4219 2923 4277 auctoribus
2947 4221 3130 4278 octavi
3157 4225 3213 4278 et
3230 4221 3367 4278 noni
3389 4217 3590 4276 saeculi

1936 4313 2124 4379 partes
2146 4310 2409 4382 singulas
2431 4310 2644 4381 operis,
2669 4310 2822 4381 quod
2853 4310 3205 4380 recudimus,
3239 4309 3593 4380 quaretali-

1935 4401 2070 4471 quis
2101 4414 2212 4456 non
2247 4400 2559 4472 immerito,
2588 4414 2692 4457 cur
2711 4400 2941 4455 Damasi
2972 4398 3171 4454 libera
3204 4398 3475 4468 pluribus
3493 4398 3595 4454 di-

1933 4492 2119 4560 catur,
2149 4497 2206 4546 et
2238 4489 2514 4546 habeatur
2541 4491 2591 4547 is
2626 4491 2726 4562 qui
2755 4489 2915 4547 Vitas
2949 4487 3284 4560 pontiﬁcum
3310 4487 3476 4543 illius
3504 4488 3596 4543 de-

1855 4601 1909 4664 D
1936 4592 2226 4636 cessorum
2263 4580 2686 4651 complectitur,
2716 4579 2854 4636 licet
2874 4579 3060 4651 stylus
3083 4579 3592 4649 prodatauctorem

1936 4669 2044 4724 sub
2067 4670 2346 4738 Gregorio
2369 4672 2413 4724 ll
2440 4674 2561 4725 tum
2586 4669 2710 4734 has,
2730 4674 2852 4726 tum
2877 4669 3135 4741 reliquas
3157 4667 3395 4740 prioris,
3414 4681 3586 4739 quam

1933 4758 2212 4826 diximus,
2244 4759 2427 4829 partis
2458 4759 2616 4816 Vitas
2639 4759 3092 4816 conscribentem
3117 4759 3145 4813 ‘2
3177 4758 3426 4828 Aperuit
3446 4771 3597 4812 cau—

1935 4865 2053 4907 sam
2085 4850 2302 4906 erroris
2328 4863 2474 4920 sape
2501 4849 2770 4906 laudatus
2788 4849 3261 4918 Schelestratius,
3283 4847 3597 4902 ostendens

1934 4953 1999 4996 ea
2024 4955 2148 5012 qua
2167 4939 2438 5011 leguntur
2462 4939 2520 4995 in
2544 4939 2689 4995 Vitis
2707 4939 3043 5009 pontiﬁcum
3068 4935 3365 5002 indicatis,
3397 4938 3454 4989 et
3471 4947 3597 5003 qua

1938 5031 2184 5101 priorem
2211 5036 2426 5100 partem
2457 5029 2823 5086 constituunt
2855 5028 3030 5085 istius
3061 5021 3445 5091 collectionis,
3487 5022 3600 5076 de—

1936 5121 2154 5190 scripta
2181 5117 2364 5175 fuisse
2397 5120 2633 5175 ineunte
2659 5123 2858 5174 octavo
2889 5113 3101 5171 saculo
3151 5109 3389 5165 totidem
3419 5107 3595 5165 ferme

1936 5210 2206 5267 verbisex
2221 5209 2447 5280 duplici
2468 5206 2738 5275 Catalogo
2753 5197 3596 5275 longeantiquioriantistitum

1937 5301 2201 5355 Romana
2223 5298 2398 5366 sedis,
2422 5298 2613 5352 adhuc
2629 5292 2943 5362 superstite
2964 5289 3021 5344 in
3051 5287 3418 5344 membranis.
3434 5287 3602 5343 Prior

1936 5392 2124 5444 autem
2155 5399 2224 5443 ex
2259 5385 2352 5440 his
2371 5383 2603 5440 duobus
2621 5379 2930 5449 Catalogis,
2961 5375 3224 5434 indicans
3252 5381 3476 5433 atatem
3516 5374 3602 5429 Li-

1938 5476 2087 5533 berii
2121 5488 2300 5546 papa,
2329 5472 2430 5541 qui
2462 5472 2768 5524 Damasum
2819 5465 3026 5523 habuit
3049 5478 3432 5524 successorem
3462 5475 3603 5533 pro-

1939 5567 2182 5635 ximum,
2207 5559 2570 5620 occasionem
2600 5552 2882 5612 referendi
2904 5558 2973 5614 ad
3002 5557 3262 5613 eumdem
3288 5557 3598 5610 Damasum

1941 5669 2165 5727 papam,
2189 5659 2462 5722 tanquam
2488 5645 2560 5703 ad
2583 5648 2872 5703 auctorem
2903 5651 3209 5706 contextus
3253 5647 3359 5704 aut
3383 5647 3604 5730 appro-

1942 5723 2197 5804 bationis
2214 5741 2384 5802 illius
2399 5733 2681 5806 Catalogi,
2717 5733 2932 5797 obtulit
2951 5735 3149 5796 nescio
3173 5733 3269 5792 cui
3309 5723 3608 5797 sequioris
