3996 6412
467 384 541 443 39
1263 387 1357 443 AD
1393 385 1828 444 ANASTASIUM
1866 384 2379 444 PROLEGOMENA
2421 386 2597 443 EDIT.
2649 385 3073 444 ROM.-VATIC.
3790 383 3855 443 40

473 515 663 572 atatis
687 513 905 571 homini
931 511 1074 569 male
1094 511 1333 570 feriato:
1370 515 1472 586 qui
1500 527 1606 570 suo
1636 517 1816 568 marte
1848 513 2118 582 procudit
2145 515 2203 576 Α
2227 514 2373 570 citer
2397 513 2566 570 annis
2596 517 2722 584 post
2765 515 3071 570 Damasum
3117 523 3319 582 papam
3364 510 3473 568 sub
3522 509 3789 584 Gregorio
3812 515 3859 570 Ιῐ

471 605 616 660 duas
651 603 923 674 epistolas
974 606 1417 670 commentitias,
1451 604 1632 660 sancti
1678 602 2004 673 Hieronymi
2045 603 2115 658 ad

469 696 794 764 Damasum,
826 694 1115 762 poscentis
1143 695 1403 750 eumdem
1433 695 1762 766 Catalogum
1794 693 1908 748 sibi
1954 705 2116 748 com-

470 782 777 854 municari,
810 788 866 839 et
894 785 1121 840 Damasi
1144 785 1212 840 ad
1241 784 1644 855 Hieronymum
1668 783 2116 839 transmittentis

464 869 797 943 Catalogum
820 887 987 942 quem
1038 880 1387 944 poposcerat.
1419 875 1596 929 Fraus
1637 873 1970 942 impostoris
2001 885 2112 927 non

465 960 778 1019 difﬁculter
802 961 1058 1034 obrepsit
1095 964 1327 1020 saculis
1371 964 1676 1033 imperitis,
1729 965 1954 1035 quando
1987 968 2116 1034 post

471 1050 772 1109 incursum
802 1053 1307 1124 Longobardorum
1353 1053 1728 1109 consederant
1755 1052 1992 1108 littera:
2027 1066 2113 1109 ea-

467 1156 580 1213 que
606 1143 676 1198 de
695 1156 867 1199 causa
898 1143 1142 1213 contigit
1182 1149 1246 1198 ut
1274 1143 1539 1198 Carolina
1587 1146 1752 1198 atate
1804 1143 1863 1198 in
1917 1142 2114 1198 codice

468 1230 894 1288 membranaceo
938 1233 1006 1288 ad
1048 1231 1431 1288 Colbertinam
1487 1231 1896 1288 bibliothecam
1949 1232 2114 1287 modo

468 1320 805 1392 pertinente,
828 1326 882 1376 et
910 1321 968 1376 in
993 1321 1172 1378 altero
1206 1321 1362 1390 paris
1386 1321 1760 1392 antiquitatis
1791 1335 1858 1377 ex
1886 1321 2114 1392 Regina

465 1407 680 1465 Suecia
727 1409 918 1480 libris,
967 1409 1039 1465 ab
1089 1410 1414 1467 Alexandro
1460 1412 1578 1467 VIII
1633 1411 2000 1481 comparatis,
2059 1415 2116 1466 et

463 1498 612 1554 dono
628 1497 780 1554 datis
801 1498 1163 1555 bibliotheca
1182 1501 1489 1570 Vaticana,
1517 1500 1575 1554 in
1613 1512 1725 1569 qua
1749 1512 1900 1556 nunc
1934 1513 2114 1554 asser-

464 1590 648 1658 vatur,
673 1591 918 1658 utraque
945 1588 1211 1659 epistola,
1235 1588 1371 1644 licet
1401 1589 1628 1659 ﬁctitia,
1661 1588 1808 1644 Vitis
1830 1601 2114 1658 praepone-

463 1679 639 1731 retur.
672 1675 832 1745 Quod
860 1682 1050 1734 autem
1079 1678 1403 1734 mirandum
1440 1677 1621 1749 magis
1649 1682 1753 1748 est,
1798 1677 1970 1732 etiam
2006 1676 2112 1731 hoc

465 1769 659 1821 nostro
679 1765 912 1835 saculo,
935 1772 1038 1823 aut
1063 1773 1214 1823 certe
1242 1767 1502 1836 proxime
1521 1765 1831 1837 superiori,
1855 1778 1968 1835 quo
1995 1769 2112 1820 stu-

2229 604 2480 674 primum
2506 607 2808 660 contextus
2827 601 3005 658 fuerit
3028 615 3096 656 ex
3119 601 3391 673 genuinis
3405 601 3863 673 documentispu-

2227 691 2392 748 blica
2420 692 2807 763 auctoritatis,
2843 705 2967 761 qua
3007 689 3382 746 servabantur
3415 691 3475 745 in
3526 689 3860 749 bibliotheca

2229 781 2545 852 pontiﬁcia,
2573 786 2674 838 aut
2707 781 2766 836 in
2790 780 3046 836 archivis
3067 779 3238 835 etiam
3266 780 3687 850 pracipuarum
3703 781 3861 838 Urbis

2225 872 2637 941 ecclesiarum;
2673 883 2855 940 neque
2901 869 3276 946 alteruterex
3311 869 3602 941 CatalOgis
3636 871 3858 927 Damaso

2223 965 2310 1017 est
2323 960 2716 1030 ascribendus,
2749 972 2878 1015 cum
2907 959 3188 1014 vetustior
3210 958 3310 1014 ille
3338 961 3620 1029 prodierit
3639 961 3739 1016 sub
3767 963 3863 1017 Li-

2225 1050 2385 1106 berio
2412 1049 2640 1105 Damasi
2688 1049 2984 1104 decessore
3032 1049 3091 1103 in
3120 1063 3232 1118 quo
3285 1049 3522 1117 desinit,
3571 1064 3740 1122 quare
3768 1065 3861 1107 nec

2223 1152 2404 1194 annos
2433 1143 2729 1194 enumerat
2753 1139 2878 1207 ejus
2904 1138 3275 1206 pontiﬁcatus
3300 1139 3552 1195 nondum
3583 1140 3856 1210 absoluti;

2222 1229 2368 1284 alter
2390 1241 2522 1284 vero
2549 1227 2854 1298 Catalogus
2881 1225 2950 1281 ad
2992 1227 3265 1284 saculum
3310 1233 3533 1285 sextum
3567 1229 3852 1299 pertineat,

2225 1323 2421 1388 utpote
2452 1317 2784 1389 pertingens
2804 1321 2872 1376 ad
2907 1322 3147 1378 Felicem
3176 1319 3264 1388 IV,
3287 1318 3395 1374 sub
3413 1320 3439 1372 J
3449 1319 3753 1374 ustiniano.

2299 1405 2382 1462 lO.
2415 1408 2554 1463 Cum
2588 1408 2782 1479 itaque
2821 1423 3005 1481 neque
3031 1412 3309 1465 Damasus
3354 1409 3732 1464 vetustiorum
3759 1407 3857 1464 Vi-

2224 1501 2409 1552 tarum
2442 1497 2681 1566 hujusce
2709 1499 3073 1555 collectionis
3097 1504 3299 1554 auctor
3328 1496 3624 1553 habendus
3648 1498 3742 1568 sit,
3775 1509 3862 1553 ne-

2223 1599 2332 1656 que
2349 1587 2688 1641 Anastasius
2706 1586 2958 1658 illarum,
2997 1594 3098 1643 aut
3123 1587 3505 1642 recentiorum
3531 1587 3741 1656 quippe
3764 1586 3860 1656 qui

2224 1676 2451 1732 unicam
2483 1677 2707 1733 Nicolai
2733 1692 2888 1748 papa
2911 1678 3246 1734 [addiderit
3271 1676 3721 1747 praecedentibus
3743 1690 3864 1733 con-

2223 1765 2398 1821 textis
2422 1765 2531 1821 sub
2561 1768 2837 1838 Gregorio
2877 1769 2944 1835 lI,
2973 1767 3068 1822 sed
3096 1780 3408 1837 anonymos
3445 1766 3688 1821 habeant
3717 1766 3866 1821 scri-

457 1852 555 1910 dia
587 1851 848 1909 historia
877 1859 933 1910 et
959 1856 1214 1927 critices,
1266 1856 1383 1912 situ
1439 1861 1495 1911 et
1540 1854 1810 1925 squalore
1861 1855 2105 1922 deterso,
2141 1862 2192 1922 B
2223 1859 2412 1923 ptores
2444 1860 2729 1925 quotquot
2756 1868 2788 1910 a
2812 1855 3089 1928 Gregorio
3129 1858 3199 1910 IlI
3231 1860 3543 1925 supersunt
3581 1868 3759 1924 usque
3795 1855 3860 1910 ad

463 1954 574 1997 non
607 1943 772 1998 modo
825 1944 1230 2010 reﬂoruerunt,
1264 1945 1358 2000 sed
1392 1945 1562 1999 etiam
1597 1944 1664 1998 ad
1719 1943 2106 1999 maturitatem

459 2029 728 2100 perducta
755 2028 931 2103 fuere,
960 2033 1174 2088 inventi
1199 2038 1335 2088 sunt
1361 2032 1463 2102 qui
1496 2032 1640 2087 adeo
1672 2031 1988 2086 oscitanter
2018 2031 2108 2085 le-

459 2125 651 2189 gerent
677 2124 796 2176 tum
819 2134 914 2175 eas
937 2121 1231 2191 epistolas,
1267 2126 1390 2176 tum
1421 2120 1594 2174 etiam
1628 2121 1929 2188 septimam
1975 2132 2104 2173 cum

459 2208 849 2278 responsione,
876 2222 908 2265 a
928 2210 1134 2266 Martio
1153 2209 1376 2265 Milesio
1398 2210 1584 2265 editas
1607 2208 1758 2264 inter
1785 2208 1967 2277 Opera
1985 2220 2108 2262 san-

455 2296 535 2352 cti
561 2297 809 2366 Damasi,
848 2304 908 2354 ut
939 2311 1051 2354 non
1081 2299 1439 2354 attenderem
1469 2303 1821 2357 contextum,
1853 2297 2108 2350 chrono-

459 2385 665 2457 logiam
699 2392 757 2441 et
799 2386 1132 2443 sententias.
1161 2386 1349 2453 Quare
1403 2385 1659 2440 Labbeus
1689 2390 1842 2440 tomo
1882 2386 1930 2438 II
1954 2384 2112 2438 Con-

455 2474 726 2532 ciliorum
755 2474 980 2530 easdem
1013 2475 1092 2529 ita
1132 2473 1391 2544 sigillat:
1445 2472 1839 2542 Supposititia,
1871 2488 2111 2542 apocry-

453 2562 596 2630 pha,
628 2566 679 2616 et
706 2564 1058 2632 ineptissima
1075 2563 1212 2616 viris
1241 2561 1411 2616 doctis
1450 2562 1754 2615 habentur:
1792 2566 2112 2630 tantumque

456 2665 492 2704 a
514 2651 657 2718 style
687 2653 911 2706 Damasi
944 2656 994 2706 et
1017 2653 1336 2719 Hieronymi
1374 2651 1604 2714 distant,
1633 2655 1900 2720 quantum
1923 2651 2112 2704 calum

455 2753 492 2792 α
512 2742 678 2806 terra,
708 2744 760 2795 et
780 2740 944 2810 polus
962 2740 1316 2795 Antarcticus
1346 2740 1415 2794 ab
1445 2740 1683 2794 Arctico.
1711 2738 1921 2795 Subdit
1947 2739 2114 2794 Sche-

457 2825 757 2884 lestratius
805 2829 909 2884 hac
936 2828 1343 2886 dissertatione
1387 2842 1543 2884 num.
1576 2826 1627 2898 4,
1671 2842 1794 2898 cap.
1829 2826 1879 2883 3.
1923 2829 2108 2896 Neque

456 2916 709 2971 ulte-riori
741 2918 1061 2988 probatione
1081 2919 1192 2974 hac
1218 2919 1487 2986 indigent,
1512 2934 1632 2973 eum
1661 2919 1744 2971 vel
1770 2919 1980 2972 litteras
2011 2919 2108 2972 in-

457 3007 710 3074 spicienti
737 3008 923 3064 eadem
937 3009 1107 3079 plane
1129 3013 1438 3072 occurrant,
1454 3012 1624 3078 prout
1647 3023 1714 3062 ea:
1735 3008 1980 3077 epistolis
2004 3022 2107 3075 per

457 3095 722 3151 Martium
766 3098 1038 3154 Milesium
1073 3098 1372 3168 publicatis
1417 3098 1550 3152 adeo
1580 3097 1725 3150 clare
1768 3096 2107 3150 ostenderam

2218 1943 2520 1999 Nicolaum
2550 1945 2607 1998 I:
2641 1943 2900 2000 dubitari
2931 1943 3170 2000 fortasse
3196 1946 3490 2015 continget
3514 1945 3584 2000 de
3607 1945 3865 2000 auctori-

2217 2037 2331 2086 tate
2372 2046 2438 2088 ac
2488 2033 2597 2088 ﬁde
2645 2039 2933 2105 gestorum
3000 2049 3126 2103 qua
3177 2035 3621 2102 describuntur;
3667 2037 3766 2088 aut
3817 2035 3863 2089 si

2215 2121 2563 2191 aquabilius
2582 2135 2747 2192 agere
2769 2125 2966 2178 Lector
2988 2123 3168 2193 malit,
3203 2123 3404 2178 saltem
3437 2123 3690 2193 requiret
3718 2136 3863 2178 cau—

2217 2223 2336 2264 sam
2363 2225 2468 2265 cur
2493 2210 2732 2266 ﬁdenter
2747 2224 3070 2267 asseramus
3098 2225 3451 2281 quacunque
3475 2212 3534 2266 in
3572 2211 3677 2266 hoc
3699 2211 3866 2267 Libro

2221 2301 2531 2354 narrantur
2561 2297 2743 2354 fuisse
2785 2299 3022 2354 collecta
3075 2313 3142 2355 ex
3195 2300 3466 2370 genuinis
3511 2300 3870 2354 documentis

2223 2387 2468 2457 publica
2488 2389 2878 2458 auctoritatis,
2912 2403 3038 2459 qua
3076 2389 3134 2444 in
3167 2389 3518 2444 bibliotheca
3550 2389 3866 2458 pontiﬁcia,

2220 2481 2278 2531 et
2300 2477 2575 2544 archivis,
2607 2483 2709 2533 aut
2736 2478 3122 2534 monumentis
3151 2479 3566 2548 pracipuarum
3590 2477 3861 2532 ecclesia-

2223 2579 2348 2620 rum
2401 2565 2574 2620 Urbis
2618 2566 2888 2636 patebant
2916 2567 3218 2637 auonymis
3276 2567 3681 2637 scriptoribus,
3736 2567 3872 2622 inde

2221 2653 2634 2724 colligentibus
2689 2655 2847 2711 Vitas
2909 2663 2965 2712 et
3025 2660 3182 2727 gesta
3257 2657 3590 2726 pontiﬁcum
3655 2657 3874 2712 Roma—

2220 2756 2448 2799 norum.

2290 2831 2651 2889 Prafationis
2690 2837 2900 2891 nostra
2952 2834 3303 2904 pracipuum
3362 2838 3534 2902 caput
3592 2834 3699 2890 hoc
3747 2847 3877 2890 esse
3957 2891 3959 2896 η

2219 2921 2463 2977 libenter
2481 2936 2755 2993 agnosco:
2779 2937 2960 2994 neque
2979 2924 3330 2993 provinciam
3351 2923 3625 2992 detrecto,
3645 2929 3749 2978 aut
3765 2922 3882 2978 dif-

2217 3010 2875 3083 ﬁcultatemdissimulo;
2896 3013 2990 3068 sed
3016 3013 3182 3082 plane
3211 3012 3621 3068 ostendendum
3637 3026 3877 3069 assumo

2210 3113 2526 3170 anonymos
2558 3101 2702 3157 istos
2741 3106 3005 3158 auctores
3044 3103 3301 3158 Vitarum
3330 3115 3398 3156 ex
3452 3101 3728 3172 genuinis
3755 3102 3882 3157 do-

458 3189 519 3242 in
539 3187 724 3256 prima
749 3187 1123 3257 Antiquitatis
1151 3190 1541 3244 Ecclesiastica
1568 3188 1822 3257 editione,
1854 3192 1915 3241 ut
1944 3187 2014 3241 V.
2047 3188 2103 3243 C.
2139 3204 2186 3266 ρ
2217 3190 2503 3245 cumentis
2525 3190 2768 3259 publica
2789 3190 3156 3246 auctoritatis
3175 3204 3240 3246 ea
3255 3190 3644 3260 desumpsisse
3661 3191 3879 3261 quain

457 3277 858 3346 Papebrochius
899 3279 961 3332 in
997 3278 1276 3348 Propylao
1304 3278 1379 3333 ad
1418 3281 1678 3346 quartum
1716 3281 1917 3331 tomum
1946 3277 2104 3339 Maii,

452 3381 584 3435 pag.
617 3366 673 3437 3,
698 3368 1021 3422 sententiam
1063 3369 1393 3422 Henschenii
1426 3368 1836 3437 pradecessoris
1878 3367 1968 3420 sui
2009 3382 2109 3420 re-

458 3457 808 3512 tractandum
847 3457 1090 3521 duxerit,
1131 3458 1442 3526 adjungens
1499 3474 1575 3520 se,
1618 3457 1922 3511 rationibus
1974 3458 2105 3510 meis

457 3547 779 3610 convictum,
817 3546 982 3602 malle
999 3544 1256 3617 epistolas
1272 3547 1400 3602 illas
1431 3563 1497 3602 ea:
1519 3552 1654 3602 tomo
1670 3547 1852 3615 primo
1887 3545 2105 3615 Aprilis

457 3640 760 3704 eapunctas
771 3676 786 3691 .

521 3725 921 3796 Supposititia
940 3726 1124 3799 igitur
1151 3725 1360 3783 littera
1375 3728 1603 3783 Damasi
1623 3740 1780 3798 papa
1800 3727 1870 3782 ad
1899 3726 2108 3782 Hiero-

456 3827 708 3886 nymum,
731 3821 788 3871 et
819 3817 1150 3887 Hieronymi
1178 3817 1248 3873 ad
1288 3819 1613 3888 Damasum,
1650 3831 1778 3888 qua
1811 3815 1881 3872 ab
1914 3815 2107 3884 inepto

456 3902 580 3958 viro
605 3904 894 3973 sequioris
923 3906 1112 3960 atatis
1132 3905 1410 3975 conﬁcta,
1443 3912 1500 3960 et
1531 3905 1852 3974 praposita
1879 3903 2110 3959 fuerant

453 3987 741 4058 Catalogis
771 3992 1211 4060 vetustioribus,
1235 3993 1336 4046 uni
1360 3993 1584 4048 scilicet
1607 3992 1846 4047 collecto
1869 3993 1980 4047 sub
2005 3993 2110 4047 Li—

458 4076 613 4147 bero,
641 4081 698 4131 et
717 4076 884 4132 alteri
915 4085 1042 4148 post
1077 4079 1231 4135 hunc
1274 4082 1533 4150 proximo
1565 4082 1715 4136 inter
1737 4081 2014 4150 antiquos
2035 4081 2104 4136 ad

460 4163 710 4221 medium
722 4165 920 4222 saculi
939 4167 1084 4224 sexti
1106 4167 1416 4241 referendo,
1439 4171 1574 4236 illa,
1594 4170 1830 4240 inquam
1849 4171 2108 4240 epistola

460 4268 560 4323 per
580 4253 838 4312 fraudem
881 4259 1158 4329 apposita
1207 4260 1495 4332 CataIOgis
1537 4260 1766 4330 quando
1807 4261 2109 4317 describe-

459 4341 669 4401 bantur
689 4350 856 4403 atate
881 4348 1071 4404 Caroli
1102 4351 1314 4420 Magni,
1348 4354 1404 4404 et
1431 4363 1545 4417 pra
1575 4349 1883 4405 oscitantia
1910 4357 2108 4420 poste-

460 4447 654 4490 rorum
680 4436 874 4492 minus
896 4442 1110 4493 attente
1130 4437 1459 4508 observata,
1495 4437 1554 4492 in
1580 4451 1751 4494 causa
1781 4438 2017 4497 fuerunt
2044 4446 2108 4497 ut

457 4522 740 4579 Martinus
764 4524 1012 4580 Polonus
1036 4524 1258 4594 aliique
1285 4525 1451 4594 pauci
1482 4527 1854 4599 crediderint,
1893 4532 2108 4586 Dama-

458 4623 584 4665 sum
617 4624 820 4680 papam
839 4615 1134 4668 auctorem
1154 4626 1277 4670 esse
1299 4616 1709 4674 nominandum
1742 4619 1862 4675 sive
1889 4620 2106 4676 Catalo-

457 4698 514 4769 gi
537 4699 658 4755 sive
688 4699 828 4754 libri
852 4701 912 4755 in
935 4715 1048 4772 quo
1069 4707 1228 4773 gesta
1255 4706 1585 4774 pontiﬁcum
1611 4709 1999 4765 continentur.
2027 4712 2105 4765 Re

453 4794 645 4846 autem
664 4801 794 4846 vera
815 4803 999 4862 neque
1024 4791 1193 4848 Liber
1219 4793 1327 4850 iste
1351 4797 1705 4854 Pontiﬁcalis
1725 4811 1757 4854 a
1774 4799 1832 4852 Β.
1861 4801 2103 4857 Damaso

454 4879 709 4950 scriptus
728 4885 848 4948 est;
882 4894 1013 4937 cum
1043 4882 1185 4938 totis
1209 4885 1482 4940 trecentis
1511 4891 1568 4941 et
1592 4888 1972 4960 quadraginta
1993 4891 2105 4946 cir-

781 4971 959 5026 Verba
1605 4977 1785 5031 Verba

597 5063 768 5128 primi
797 5062 1066 5131 Catalogi.
1429 5066 1656 5120 secundi
1680 5065 1945 5136 Catalogi.

523 5145 780 5206 Clemens
793 5153 964 5208 annis
993 5165 1073 5222 lx,
1099 5165 1248 5209 men—
1358 5153 1597 5209 Clemens
1628 5157 1860 5212 natione
1890 5158 2103 5214 Roma—

456 5231 622 5288 sibus
641 5249 723 5305 x1,
741 5239 946 5296 diebus
982 5256 1088 5298 xu.
1126 5243 1261 5300 Fuit
1342 5256 1455 5300 nus
1498 5244 1570 5299 de
1635 5247 1867 5317 regione
1923 5247 2101 5303 Calio

457 5323 811 5391 temporibus
833 5329 1024 5386 Galba
1050 5337 1107 5388 et
1136 5335 1251 5390 Ve—
1333 5341 1523 5390 monte
1538 5348 1607 5390 ex
1625 5342 1783 5406 patre
1804 5339 2098 5409 Faustino,

455 5411 734 5482 spasiaui,
827 5427 861 5470 a
956 5421 1257 5480 consulatu
1339 5425 1494 5480 sedit
1518 5440 2099 5497 annosix,mensesn,

453 5498 716 5556 Trachali
747 5506 804 5557 et
856 5503 1043 5560 Italici
1076 5523 1256 5580 usque
1340 5513 1456 5567 dies
1486 5527 1544 5570 x.
1577 5517 1705 5570 Fuit
1742 5521 1932 5573 autem
1978 5521 2104 5571 tem-

453 5588 800 5658 Vespasiano
852 5591 946 5648 VII
998 5597 1056 5648 et
1105 5596 1252 5654 Tito.
1331 5603 1560 5672 poribus
1587 5603 1774 5660 Galba
1809 5610 1860 5659 et
1903 5608 2104 5675 Vespa-

1339 5691 1486 5746 siani
1505 5694 1790 5750 consulatu
1835 5695 2103 5751 Trachali

2221 3278 2374 3334 hunc
2398 3279 2653 3336 codicem
2678 3279 3022 3336 retulerunt.
3049 3281 3125 3334 De
3145 3280 3399 3350 singulis
3418 3280 3694 3336 distincte
3719 3287 3787 3335 ut
3818 3281 3878 3336 id

2219 3367 2472 3439 probem,
2531 3366 2888 3437 prafationis
2939 3369 3141 3423 modus
3192 3369 3429 3424 minime
3461 3369 3700 3439 patitur,
3738 3383 3881 3426 cum

2220 3456 2414 3525 potius
2463 3456 2570 3511 hoc
2616 3456 2902 3526 pertineat
2939 3456 3009 3510 ad
3056 3460 3239 3524 notas,
3287 3457 3384 3512 sed
3436 3457 3755 3513 universim
3816 3466 3885 3514 ut

2218 3545 2534 3615 ostendam,
2567 3558 2634 3600 ac
2663 3544 2840 3601 veluti
2869 3543 3049 3599 fontis
3097 3544 3344 3599 indicem
3378 3547 3529 3602 unde
3555 3547 3885 3616 scriptores

2155 3678 2166 3686 .
2220 3633 2310 3690 illi
2337 3647 2474 3689 suas
2500 3632 2723 3689 areolas
2766 3632 3103 3704 irrigarunt,
3160 3633 3239 3687 ita
3271 3636 3573 3704 perspicue
3603 3638 3884 3705 prastari

2221 3737 2385 3795 posse
2408 3729 2664 3794 autumo,
2693 3735 2863 3793 quam
2882 3723 3031 3794 quod
3063 3725 3322 3778 maxime.

2293 3811 2379 3869 Η.
2409 3814 2638 3869 Certum
2689 3813 2750 3867 in
2791 3813 2998 3882 primis
3023 3818 3109 3867 est
3155 3815 3300 3868 duos
3350 3812 3484 3868 illos
3538 3813 3886 3887 Catalogos,

2220 3902 2339 3957 sive
2365 3902 2655 3957 lndiculos
2678 3901 3014 3971 pontiﬁcum
3041 3903 3419 3958 Romanorum
3446 3901 3637 3956 editos
3661 3912 3892 3972 quarto

2219 3990 2428 4046 saculo
2457 3990 2565 4046 sub
2595 3989 2822 4046 Liberio
2847 3992 2890 4056 Ι,
2913 3995 2969 4046 et
2993 3996 3153 4046 sexto
3180 3990 3388 4046 saculo
3417 3989 3524 4045 sub
3556 3991 3749 4046 Felice
3783 3995 3888 4063 IV,

2219 4092 2343 4134 esse
2367 4086 2650 4134 texturam
2680 4079 3026 4148 pracipuam
3057 4079 3383 4134 earumdem
3409 4079 3665 4135 Vitarum
3697 4081 3764 4136 in
3794 4085 3898 4139 Li-

2219 4167 2320 4224 bro
2348 4167 2688 4238 pontiﬁcali,
2722 4183 2848 4238 qua
2876 4169 3019 4224 hanc
3048 4173 3268 4224 atatem
3316 4169 3650 4225 metiuntur.
3688 4171 3896 4230 Tanta

2220 4257 2276 4312 id
2307 4255 2593 4312 evidentia
2622 4261 2866 4328 constat,
2905 4263 2966 4313 ut
2985 4258 3172 4313 oculis
3198 4258 3578 4326 judicandum
3612 4259 3898 4329 subjece-

2217 4346 2297 4401 rit
2315 4345 2621 4402 admodum
2655 4346 3018 4416 providenter
3059 4360 3189 4402 cum
3218 4347 3513 4403 Holstenio
3539 4361 3686 4416 sape
3738 4350 3899 4409 lau—

2215 4438 2350 4493 dato
2370 4439 2688 4507 proximam
2715 4435 2786 4491 ab
2805 4450 2872 4492 eo
2893 4436 3116 4492 laudem
3143 4438 3487 4506 promeritus
3506 4438 3901 4499 Schelestra-

2217 4528 2358 4582 tius.
2391 4525 2589 4581 Plures
2620 4526 2679 4581 in
2706 4524 3004 4582 columnas
3032 4527 3237 4582 divisit
3268 4528 3454 4596 spatia
3493 4529 3894 4599 paginarum.

2213 4617 2351 4670 Tres
2402 4621 2592 4672 autem
2645 4615 2918 4672 adhibuit
2968 4616 3036 4671 ad
3069 4616 3446 4673 exhibendam
3501 4620 3560 4673 in
3609 4620 3903 4691 singulis

2216 4705 2588 4776 pontiﬁcibus
2620 4706 2922 4762 historiam
2955 4707 3116 4778 Vita,
3169 4707 3333 4776 juxta
3381 4708 3670 4777 triplicem
3725 4725 3906 4768 con—

2213 4801 2432 4852 textum
2461 4796 2656 4867 primi,
2680 4802 2737 4851 et
2761 4797 2998 4853 secundi
3018 4797 3296 4868 Catalogi,
3327 4803 3384 4853 et
3405 4799 3544 4853 libri
3569 4800 3907 4868 pontiﬁca-

2213 4885 2309 4958 lis,
2343 4885 2489 4941 utin
2523 4885 2628 4942 hoc
2654 4887 2967 4957 specimine
2997 4887 3290 4958 percipere
3317 4889 3735 4960 unusquisque
3769 4905 3908 4961 po-

2213 4975 2351 5033 terit
2368 4980 2425 5033 et
2439 4989 2790 5048 comparare.

2951 5087 3130 5144 Verba

2745 5176 2900 5231 Libri
2958 5178 3318 5248 Pontiﬁcalis.

2285 5264 2522 5320 Clemens
2560 5266 2780 5320 natione
2817 5269 3092 5322 Romanus
3138 5269 3203 5321 de
3236 5269 3452 5335 regione
3487 5265 3649 5322 Catio
3689 5277 3917 5326 monte

2212 5351 2280 5390 ea:
2297 5342 2457 5405 patre
2499 5340 2779 5408 Faustino,
2807 5340 2946 5392 sedit
2987 5355 3161 5393 annos
3189 5353 3270 5403 lx,
3307 5354 3512 5392 menses
3553 5353 3616 5404 ιι,
3655 5339 3789 5394 dies
3836 5356 3916 5398 Χ.

2211 5408 2374 5464 Vixit
2395 5414 2578 5463 autem
2617 5411 2944 5479 temporibus
2976 5409 3163 5464 Galba:
3205 5417 3255 5466 et
3292 5412 3621 5478 Vespasiani
3668 5426 3707 5464 α
3740 5428 3919 5468 con-

2211 5479 2884 5557 s_ulatu_g‘rajani_[codex
2909 5482 3088 5557 Vatic.
3118 5483 3366 5557 Florent.
3391 5487 3449 5537 et
3459 5482 3508 5557 _d_
3512 5496 3583 5557 uo
3611 5483 3881 5557 Ca_ssin.
3899 5530 3917 5557 ,

2217 5549 2461 5626 Tragali]
2493 5557 2540 5605 et
2569 5549 2960 5626 Italiciiusque
3002 5555 3405 5626 Vespasianum
3448 5553 3530 5626 IX
3562 5559 3612 5607 et
3664 5549 3919 5626 Titum:

2211 5623 2477 5697 Hicdumg
2495 5624 2706 5697 multos
2731 5623 2913 5681 libras
2933 5625 3052 5682 zelo
3076 5623 3206 5680 ﬁdei
3242 5625 3589 5681 Christiana
3615 5624 3912 5697 religio-

2213 5695 2307 5752 nis
2334 5695 2667 5768 ascriberet,
2696 5700 2962 5766 martyrio
2991 5701 3300 5753 coronatur.
3350 5699 3454 5753 Hic
3489 5699 3624 5764 fecit
3667 5695 3930 5767 septem
