3996 6404
401 468 474 529 43

403 599 798 662 testimonium
858 591 1062 650 Leonis
1109 582 1369 649 secundi,
1424 578 1574 634 idem
1615 565 1934 631 indicantis
1987 550 2138 619 deA

610 655 794 746 ἦξε-1η
823 677 1122 739 Vendelini
1156 676 1274 730 hac
1304 673 1474 727 sunt:
1511 686 1536 718 α
1561 664 1726 728 Ecce,
1744 664 1809 714 ut
1836 655 2060 712 vivente

619 781 785 834 Petro
807 774 986 830 Linus
1007 764 1220 825 sederit
1249 761 1588 833 episcopus:
1617 761 1784 842 quem
1809 746 2059 815 prOpter-

405 888 471 932 ea
519 867 993 938 chorepiscopum
1044 854 1358 917 Marianus,
1400 845 1622 914 aliique
1665 835 2051 904 scripserunt:

408 968 561 1024 inter
601 924 748 1030 quds
799 924 907 1007 Leo
953 949 1016 1016 ll,
1081 951 1378 1001 successor
1437 927 1798 1005 Agathonis:
1845 924 2056 980 Petrus,

411 1015 638 1124 inquit:
668 1045 949 1114 adjutores
973 1037 1080 1092 sibi
1117 1031 1310 1088 ascivit
1347 1027 1567 1083 Linum,
1607 1022 1658 1073 et
1687 1015 1912 1071 Cletum,
1951 1021 2061 1060 non

1409 1116 1420 1124 .
1496 1116 1506 1124 .
1803 1098 1894 1124 ω,
1935 1095 2061 1124 NL

411 1095 970 1208 tdmeuv’poutificiam
1018 1124 1334 1196 potestatem
1369 1116 1445 1169 eis
1489 1106 1745 1167 tradidit,
1799 1095 2062 1208 scdnCle-

410 1231 600 1288 menti.
634 1186 801 1280 iram.
835 1186 1050 1274 certum
1095 1221 1316 1278 semper
1363 1201 1498 1265 fuit,
1558 1209 1673 1252 una
1720 1201 1851 1247 cum
1898 1186 2063 1240 Petro

415 1321 620 1377 Linum
675 1307 975 1384 praefuisse
1004 1273 1273 1358 ﬁdelibus
1316 1285 1607 1353 Romanis,
1665 1285 1725 1336 et
1767 1277 1840 1332 ab
1869 1273 2062 1330 eodem

1370 1377 1420 1384 -.
1595 1371 1633 1384 ..
1692 1368 1781 1384 η,
1821 1375 1946 1384 ,μή
1985 1358 2022 1384 η

414 1358 1326 1464 Petro‘utra'ditu—m'pontiﬁcatum
1362 1371 1662 1434 Clementi.
1692 1368 1787 1424 Sic
1817 1375 1950 1464 ergo
1985 1358 2067 1414 li-

419 1494 656 1570 quidior
707 1451 1144 1557 incipit-ﬂuere
1194 1474 1313 1530 hac
1379 1459 1751 1532 chronologia
1796 1456 1856 1511 in
1915 1451 2068 1508 hunc

421 1585 674 1644 modum,
709 1597 736 1630 κν

493 1675 598 1730 llic
621 1622 736 1727 nbn
765 1673 996 1722 assumo
1024 1648 1404 1714 dirimendam
1440 1638 1814 1716 quastionem
1847 1629 1920 1686 de
1941 1624 2069 1730 Lini

425 1713 1041 1830 euasi-{pontiﬁcatu
1085 1741 1354 1806 maximo,
1404 1713 1572 1804 quam
1622 1723 1979 1830 internotas
2001 1713 2069 1830 ad

426 1853 661 1911 Librum
699 1802 1086 1903 Pontiﬁcalem
1137 1831 1206 1887 ad
1255 1802 1486 1884 examen
1545 1810 1958 1873 revocabimus.
2015 1802 2072 1859 ld

429 1954 610 2001 unum
664 1933 962 1994 ostendere
993 1923 1184 1994 cupio,
1235 1912 1388 1988 quod
1437 1917 1687 2001 propone

429 1981 1310 2088 goinugxtumvﬂi‘hriiPontiticalis
1333 2015 1366 2058 a
1383 2003 1580 2056 sancto
1605 1995 1769 2088 Petro
1791 1998 1974 2056 usque
2002 1981 2071 2037 ad

429 2080 770 2176 aliis“;
798 2104 1022 2166 desumi
1055 2099 1393 2172 plerumque
1423 2101 1492 2142 ex
1515 2080 1784 2176 οδιίξξοεο
1813 2084 2077 2176 sum???"

429 2389 585 2456 sunt,
621 2337 960 2444 desumpta
988 2367 1171 2422 fuisse
1203 2373 1273 2415 ex
1307 2348 1670 2410 documentis
1717 2337 2083 2398 auctoritatis

1164 2449 1196 2456 ν’
1249 2446 1282 2456 Α·
1339 2444 1350 2456 ·
1425 2439 1605 2456 αῖς-η
1637 2438 1685 2456 -ι
1719 2427 1968 2456 nummi...
1987 2425 2083 2456 ρ..-

431 2489 546 2534 non
571 2425 887 2528 dissimilis
911 2458 981 2514 ab
1000 2446 1322 2510 enuntiatis
1337 2444 1399 2496 in
1423 2439 1610 2510 primo
1633 2438 1691 2489 et
1719 2427 1969 2486 secundo
1987 2425 2084 2480 Ca-

432 2565 642 2636 ialogo.

510 2602 855 2707 {in’erum
900 2635 1040 2693 ordo
1087 2619 1384 2686 ratiocinii
1409 2613 1687 2688 fpostulat
1739 2613 1804 2664 ut
1851 2606 1974 2675 ipsa
2015 2602 2086 2658 de

437 2695 797 2800 auctoritate
800 2695 988 2786 rerum
1021 2723 1082 2777 in
1112 2722 1359 2783 utroque
1373 2704 1639 2774 Catalogo
1655 2695 2086 2757 enuntiatarum

440 2827 612 2903 paulo
661 2816 1008 2892 diligentius
1038 2805 1422 2878 inquiramus.
1453 2795 1594 2850 Cum
1639 2789 1794 2844 enim
1848 2783 2087 2852 hujusce

1025 2901 1030 2903 ‘
1186 2893 1207 2903 ”
1313 2891 1350 2903 ··
1469 2876 2060 2903 η-ικιλι-ιριιιιη...,.ηο.,

621 2876 847 2971 textura
869 2876 1156 2977 praecipua
1180 2891 1358 2950 fuerit
1375 2901 1444 2944 ex
1466 2876 2084 2978 Catalogisdesu‘mpta,

442 2961 1103 3080 profecto
1118 2987 1394 3080 quantum
1416 2970 1600 3080 tribuLi
1623 2964 1808 3080 possit
1827 2961 2086 3080 Vilil‘lltl‘uml

438 3047 1004 3154 call‘ectoribusjnisi
1023 3047 1154 3132 ante
1181 3067 1530 3139 exploratam
1560 3057 1901 3154 haberemus
1921 3047 2084 3103 ﬁdem

771 3143 1048 3240 Catalogi,
1087 3162 1381 3228 totiusque
1408 3149 1615 3251 θρετῙὶ
1630 3143 2084 3251 iundamentum.

437 3241 554 3348 Age
578 3241 758 3344 igitur
789 3263 1037 3348 primum
1059 3253 1130 3310 de
1151 3241 1561 3348 exetnplarium

783 3315 1199 3410 undeCatalogi
1229 3329 1504 3400 descripti
1531 3328 1668 3382 sunt
1685 3333 1860 3424 mox
1886 3317 1957 3372 de
1979 3315 2091 3370 do—

439 3408 753 3510 cumentis,
786 3435 1058 3513 genuinis
1099 3408 1252 3486 unde
1316 3420 1626 3488 scriptores
1687 3408 2086 3478 Catalogorum

437 3537 736 3614 potuerint
765 3496 868 3586 illa
893 3527 1195 3582 desumere
1213 3526 1340 3585 qua
1367 3509 1437 3564 ad
1471 3519 1574 3562 nos
1617 3496 2085 3558 transmiserunt.

1112 3609 1125 3614 ’
1352 3613 1357 3614 ν
1396 3598 1441 3614 νι
1513 3590 1737 3614 ἐιμι-ιιι
1791 3583 2082 3614 Anna-litum

514 3583 979 3689 iit-Catalogum
1040 3583 1288 3682 priorem
1342 3598 1451 3655 sub
1511 3590 1740 3650 Liberio
1789 3583 2088 3689 conditum

435 3672 832 3778 cir'elaﬁﬁmn
847 3672 970 3762 ν354
1013 3672 1199 3756 edidit
1233 3690 1456 3763 primus
1491 3686 1654 3738 Pater
1682 3675 1947 3778 Egidius
1970 3672 2090 3726 Bu-

438 3807 672 3866 cherius
709 3765 772 3856 in
802 3793 1077 3868 praclaro
1121 3796 1230 3842 suo
1257 3770 1677 3836 Commentario
1704 3768 1774 3822 ad
1805 3765 2088 3820 Cononem

793 3851 1038 3941 iiictorii
1069 3867 1368 3946 Aquitani,
1399 3877 1512 3952 una
1533 3872 1664 3916 cum
1683 3860 1932 3929 quatuor
1954 3851 2093 3908 aliis

440 3943 742 4054 opusculis
774 3974 844 4029 ad
868 3943 1366 4027 eamdem—atatem
1391 3947 1726 4015 referendis,
1751 3945 1840 3999 uti
1871 3943 2094 3997 constat

441 4040 512 4129 ex
557 4061 986 4125 enumeratione
1021 4048 1324 4109 consulum
1379 4044 1784 4102 Romanorum,
1827 4040 2094 4099 expressa

439 4117 512 4217 in.
526 4117 1014 4229 primoopusculo
1037 4141 1108 4196 de
1138 4132 1423 4209 praiectis
1445 4127 1606 4195 Urbi,
1629 4127 1686 4180 et
1724 4122 1784 4176 in
1818 4117 2092 4186 secundo,

445 4206 742 4316 complexo
775 4206 1179 4308 Pragmentum
1209 4230 1465 4282 veterum
1494 4219 1814 4276 Fastorum,
1841 4219 1970 4316 cuin
2003 4206 2097 4260 Fe-

1281 4313 1290 4316 ·
1676 4313 1690 4316 ~
1707 4313 1733 4316 4
1747 4311 1774 4316 --
1792 4311 1846 4316 --
1873 4294 1905 4316 0
1973 4291 2062 4316 ,ηι-

448 4291 943 4408 ἔῖἱζῖίίἶενοιῖέέέι
975 4318 1144 4392 Cyclo
1173 4313 1510 4408 Latinorum
1541 4315 1640 4372 per
1669 4311 1850 4356 annos
1870 4291 1943 4350 84
1969 4291 2095 4349 dif-

445 4389 617 4486 iusti:
755 4389 872 4491 quo
915 4389 1091 4471 etiam
1119 4405 1335 4463 librum
1377 4395 1654 4454 celebrem
1696 4391 1860 4444 atate
1901 4389 2097 4441 nostra

441 4474 1105 4581 conscripsititenricus
1144 4487 1464 4550 cardinalis
1499 4479 1788 4538 Norisius.
1831 4474 2098 4546 Quinque

449 4563 902 4671 bac-opuscula,
935 4592 1087 4646 inter
1125 4595 1252 4656 qua
1282 4574 1598 4650 principem
1648 4571 1836 4625 locum
1879 4563 2100 4621 obtinet

449 4651 849 4761 Catalogusde
873 4651 985 4752 quo
1007 4651 1258 4748 agimus,
1289 4662 1732 4724 continebantur
1749 4658 1812 4712 in
1839 4651 2104 4724 antiquis

455 4744 822 4845 membranis,
863 4744 909 4826 δ’
935 4744 1150 4823 Joanne
1178 4763 1482 4824 Brennero,
1524 4749 1682 4822 regio
1712 4744 2020 4804 secretario
2048 4745 2106 4798 et

451 4832 716 4932 actuario
741 4832 1027 4920 in'senatu
1048 4841 1556 4916 Luxemburgensi,
1588 4840 1740 4896 dono
1757 4835 1912 4892 datis
1935 4832 2108 4888 Auso-

451 4921 643 5030 Hii—i3,
661 4921 806 5028 regi
847 4945 1134 5007 catholico
1169 4954 1204 4996 a
1228 4934 1470 5010 privatis
1495 4925 1775 4986 Bruxella
1802 4921 2104 4980 consiliis:

450 5061 514 5110 et
539 5063 609 5106 ex
627 5009 706 5104 iis
723 5009 1118 5112 Cvuspinianus
1135 5024 1578 5094 transcripserat
1601 5015 1834 5072 nomina
1859 5009 2109 5080 complu-

455 5099 612 5198 Eu};
629 5099 964 5200 consul-um,
999 5132 1066 5184 ut
1089 5130 1338 5196 persape
1365 5116 1609 5170 testatur
1634 5107 1696 5162 in
1713 5117 1820 5160 suo
1844 5101 1994 5158 libro
2014 5099 2110 5156 Fa-

453 5237 716 5293 storum;
751 5186 867 5280 Ti;
918 5186 1106 5276 etiam.
1139 5186 1474 5270 observante
1513 5194 1792 5255 Eucherio
1820 5192 1964 5263 (cap.
2019 5186 2105 5259 44,

971 5297 1344 5367 membranis)
1367 5289 1626 5390 pluscula
1650 5283 1822 5390 ignoti
1867 5278 2106 5378 quidem,

459 5367 976 5470 sed-autiqluissimi,
1005 5401 1057 5450 et
1096 5393 1193 5463 qui
1231 5386 1334 5444 sub
1377 5378 1730 5439 Constantino
1766 5367 2110 5429 Constantini

459 5459 652 5562 λέωηὶ
844 5459 1047 5540 vixisse
1091 5459 1332 5540 uidetur,
1360 5469 1641 5541 scriptoris
1689 5459 2107 5520 continebantur

745 5591 872 5648 qua:
897 5574 1264 5642 Cuspinianus
1287 5568 1348 5620 in
1375 5575 1572 5620 manus
1603 5555 1858 5652 habuisse
1883 5565 1940 5605 se

1175 450 1267 506 AD
1302 437 1741 504 ANASTASIUM
1792 425 2316 491 PROLEGOMENA
2354 425 2529 481 EDIT.
2583 417 3019 479 ROM.—VATIC.

3749 400 3824 459 ιιι

2169 551 2367 604 votum
2390 544 2638 618 (Dissert.
2669 545 2745 600 ad
2766 545 2915 599 Fast.
2933 536 3220 594 Gonsular.
3249 545 3371 604 par.
3407 528 3468 602 ι),
3501 531 3568 584 ut
3595 522 3829 582 easdem

2172 637 2370 707 potius
2397 610 2759 692 membranas
2789 643 2959 702 quam
2989 625 3222 682 illarum
3263 619 3581 691 fragmenta
3608 610 3832 682 Cuspi—

2169 727 2382 782 nianus
2422 725 2728 797 vulgasset.
2772 717 3104 777 Laterculos,
3154 711 3369 782 inquit,
3400 705 3717 761 consulares
3762 714 3835 753 ea:

2171 815 2396 869 laudato
2417 814 2680 882 anonymi
2703 809 2880 865 codice
2910 807 3184 874 excerptas
3210 815 3307 853 suo
3331 795 3599 851 volumini
3614 791 3835 862 passim

2168 905 2422 964 inseruit.
2453 917 2586 972 quos
2614 916 2746 955 sane
2768 899 2878 952 viri
2906 891 3112 950 eruditi
3140 893 3378 954 integros
3407 885 3477 939 ab
3503 881 3684 938 eodem
3713 877 3836 933 edi-

2170 997 2250 1048 tos
2301 993 2644 1047 maluissent.
2693 983 3032 1054 Exemplum
3097 977 3311 1048 duplex
3355 972 3528 1030 hodie
3569 974 3838 1040 superest

2173 1077 2705 1149 indicatiCatalogi,
2723 1067 3121 1142 descriptum'a
3133 1064 3450 1122 vetustiore
3463 1059 3664 1130 aliquo
3675 1061 3839 1113 auto-

2173 1170 2410 1244 grapho,
2435 1169 2602 1238 cujus
2618 1146 3008 1238 apographum
3025 1155 3364 1214 membrana
3383 1152 3521 1222 ipsa
3537 1146 3839 1205 censenda

2173 1235 2333 1326 sunt,
2381 1235 2902 1326 Cuspinia'novolim
2954 1251 3229 1306 tractata.
3290 1241 3462 1298 hodie
3498 1235 3832 1307 deperdita.

2174 1324 2362 1403 Unum
2392 1324 2713 1414 exemplum
2738 1343 2925 1398 servat
2946 1333 3301 1393 bibliotheca
3327 1331 3581 1388 Caesarea
3611 1324 3844 1382 Vindo—

2177 1435 2450 1492 bonensis
2468 1434 2618 1488 inter
2646 1444 2780 1486 mss.
2805 1426 3116 1484 historicos
3135 1419 3541 1491 consignatum
3561 1425 3721 1471 num.
3742 1409 3842 1482 56,

2180 1529 2322 1581 teste
2356 1521 2653 1579 Lambecio
2689 1518 2794 1574 lib.
2844 1531 2900 1572 ιν
2943 1509 3518 1578 Commentariorum,
3563 1507 3620 1559 et
3657 1500 3847 1558 Sche-

2182 1611 2445 1670 lestratio
2491 1610 2723 1667 dissert.
2773 1603 2826 1678 3,
2879 1618 3000 1674 cap.
3056 1599 3111 1672 2,
3159 1611 3315 1655 nam.
3352 1593 3402 1666 i,
3451 1587 3846 1664 Antiquitatis

2182 1702 2468 1760 Ecclesia.
2523 1699 2780 1756 Alterum
2833 1694 3046 1752 visitur
3091 1691 3150 1746 in
3199 1684 3546 1744 bibliotheca
3599 1682 3850 1737 Antuer-

2187 1792 2373 1863 piensi
2401 1791 2513 1846 RR.
2549 1789 2647 1843 PP.
2675 1785 2873 1841 societ.
2901 1785 3054 1850 Jesu,
3083 1792 3196 1850 quo
3220 1789 3362 1832 usus
3385 1778 3473 1830 est
3503 1772 3565 1828 in
3594 1782 3702 1826 sua
3724 1767 3851 1824 edi-

1691 1901 1842 1968 bam,
1875 1903 2075 1962 nempe
2098 1874 2153 1936 Β
2185 1882 2342 1937 tione
2384 1877 2722 1946 Bucherius,
2777 1873 3126 1942 conquestus
3159 1863 3515 1922 membranas
3565 1854 3847 1916 Brenneri

2184 1975 2347 2027 atate
2373 1982 2477 2024 sua
2508 1979 2621 2023 non
2647 1978 2769 2020 esse
2799 1959 3160 2031 superstites.

2256 2055 2700 2115 Schelestratius
2748 2030 2963 2123 (Antig.
2990 2047 3160 2111 Eccl.,
3193 2045 3336 2100 diss.
3369 2038 3422 2111 3,
3455 2052 3579 2108 cap.
3612 2032 3668 2105 2,
3692 2047 3752 2089 n.
3800 2030 3856 2104 4)

2192 2331 2248 2385 Ρ.
2290 2326 2672 2395 Janningum;
2704 2327 2849 2387 tum,
2882 2322 2948 2372 ut
2987 2315 3222 2370 lacunas
3263 2309 3438 2376 hujus
3485 2304 3754 2374 impleret
3782 2314 3862 2356 ex

2192 2393 2659 2478 Vindobouensi;
2711 2415 2831 2462 tum
2869 2405 3064 2471 etiam,
3111 2406 3174 2454 ut
3206 2397 3496 2453 variantes
3543 2393 3862 2460 utriusque

2193 2501 2438 2571 exempli
2476 2477 2750 2555 lectiones
2793 2494 2993 2548 daret:
3031 2484 3508 2559 quemadmodum
3533 2477 3864 2536 Bucherius

2197 2593 2257 2648 in
2305 2589 2563 2660 margine
2591 2583 2887 2641 annotavit
2921 2594 2984 2636 ea
3028 2592 3152 2648 qua
3177 2575 3402 2631 variant
3434 2571 3493 2627 in
3523 2582 3629 2626 suo
3653 2567 3865 2624 codice

2195 2695 2228 2738 a
2251 2657 2494 2736 lectione
2521 2672 2883 2744 Cuspiniani.
2905 2671 3115 2725 Horum
3142 2665 3324 2736 igitur
3353 2658 3677 2718 illustrium
3701 2657 3841 2714 viro

2197 2783 2324 2826 rum
2363 2767 2593 2824 collatis
2637 2760 2950 2822 laboribus.
2991 2751 3476 2826 deprehendimus
3511 2745 3862 2816 Catalogum

2197 2858 2430 2930 quidem
2457 2854 2638 2912 fuisse
2654 2855 2979 2908 contextum
2999 2845 3108 2902 sub
3138 2841 3369 2915 Liberio
3392 2850 3558 2909 papa,
3585 2835 3681 2891 sed
3704 2835 3868 2904 ejus-

2197 2925 2322 3004 dem
2345 2943 2764 3017 autographum
2785 2952 2896 2996 non
2921 2947 3240 3006 superesse.
3265 2932 3347 2987 Ex
3375 2925 3643 2998 pluribus
3664 2929 3863 2980 tamen

2197 3015 2657 3106 exemplis'inde
2709 3025 3078 3096 transcriptis
3131 3033 3310 3080 unum
3362 3015 3865 3074 membranaceum

2195 3101 2554 3196 Cuspiniano
2583 3125 2900 3191 spectatum
2932 3114 3103 3171 hodie
3122 3107 3463 3176 desiderari,
3481 3105 3598 3161 duo
3619 3101 3870 3158 charta-

1584 3235 1694 3292 iide
1723 3246 1789 3288 ac
1813 3191 2092 3286 vetustate
2116 3211 2164 3273 C
2199 3229 2296 3271 cca
2316 3191 2622 3283 superesse
2649 3207 2892 3264 minoris
2929 3198 3322 3272 antiquitatis,
3349 3201 3407 3253 et
3436 3195 3497 3250 in
3531 3193 3618 3250 eis
3646 3191 3872 3260 depre-

2203 3305 2272 3360 he
2295 3304 2376 3358 uti
2403 3279 2632 3371 aliquot
2654 3302 2841 3353 errata
2865 3289 3326 3355 amanuensium,
3353 3297 3481 3354 qua
3508 3279 3869 3338 Schelestra-

2202 3394 2322 3448 tius
2369 3368 2595 3446 curavit
2638 3387 2930 3455 detergere
2979 3393 3078 3450 per
3123 3374 3490 3432 collationem
3547 3368 3872 3437 utriusque

2200 3479 2420 3535 codicis
2466 3489 2596 3532 cum
2641 3453 3035 3540 Cuspiniano;
3080 3463 3220 3519 adeo
3250 3464 3316 3516 ut
3352 3459 3412 3514 in
3459 3453 3870 3512 Schelestratii

2198 3568 2455 3625 editione
2474 3564 2618 3621 satis
2641 3558 3002 3618 emendatum
3031 3548 3382 3622 cpusculum
3414 3543 3753 3603 habeamus.

2275 3654 2356 3712 45.
2391 3655 2550 3711 Alter
2563 3649 2870 3718 Catologus
2889 3645 2959 3700 ad
2986 3647 3209 3698 atatem
3233 3631 3550 3692 Justiniani
3585 3628 3869 3698 refertur,

2200 3759 2332 3803 cum
2361 3743 2590 3800 desinat
2621 3740 2680 3795 in
2715 3717 2900 3792 Felice
2927 3733 3014 3800 IV,
3041 3729 3196 3784 circa
3225 3736 3439 3780 annum
3473 3718 3693 3775 Christi
3733 3717 3867 3776 530.

2201 3834 2408 3891 Editus
2453 3831 2703 3901 primum
2743 3823 2859 3880 fuit
2895 3835 2964 3877 ex
3005 3817 3203 3874 codice
3238 3810 3666 3868 membranaceo
3712 3820 3874 3878 qua—

2201 3925 2379 3982 drata
2422 3897 2638 3988 forma,
2685 3913 2900 3982 scripto
2926 3909 3082 3965 circa
3131 3910 3352 3961 atatem
3392 3897 3584 3956 Caroli
3631 3897 3866 3967 Magni:

2203 4027 2371 4084 quem
2385 3985 2633 4066 Parisiis
2649 4008 2906 4073 emptum
2932 4013 2966 4056 a
2989 3995 3185 4067 regina
3209 3990 3526 4059 Christina,
3552 3992 3610 4044 et
3627 3985 3870 4045 Romam

2204 4073 2569 4167 translatum,
2618 4098 2746 4164 post
2790 4091 2917 4158 ejus
2969 4099 3101 4144 vero
3146 4087 3381 4138 mortem
3419 4077 3492 4136 ab
3538 4073 3872 4132 haredibus

2203 4196 2525 4258 coemptum
2542 4163 2862 4240 Alexander
2887 4189 3030 4248 papa
3048 4175 3165 4230 Vill
3185 4167 3551 4228 bibliotheca
3578 4163 3871 4222 Vaticana

2203 4279 2442 4336 donavit
2487 4287 2617 4331 cum
2664 4267 2888 4328 caeteris
2923 4261 3225 4322 codicibus
3273 4272 3408 4314 mss.
3452 4257 3534 4312 Ex
3577 4267 3643 4309 eo
3667 4251 3873 4308 codice

2207 4367 2417 4441 regina
2439 4361 2749 4420 Christina
2777 4357 3088 4430 vulgarunt
3109 4349 3283 4422 primi
3304 4347 3415 4404 RR.
3449 4345 3550 4400 PP.
3586 4341 3873 4397 Hensche-

2207 4432 2344 4519 nius
2387 4463 2444 4514 et
2489 4448 2914 4523 Papebrochius
2954 4444 3016 4500 in
3063 4434 3484 4510 Prolegomenis
3529 4432 3600 4490 ad
3644 4435 3869 4488 tomum

2128 4563 2182 4626 D
2211 4549 2459 4622 primum
2489 4519 2730 4613 Aprilis.
2764 4538 2970 4594 Verum
3013 4543 3126 4588 non
3161 4527 3308 4584 satis
3346 4527 3612 4580 accurate
3636 4519 3874 4576 descri—

2216 4607 2374 4710 ptum
2400 4607 2778 4704 deprehendit
2807 4625 2896 4682 ill.
2923 4619 3131 4694 prasul
3151 4611 3616 4681 Schelestratius,
3637 4621 3773 4664 cum
3797 4607 3872 4665 ab

2216 4697 2430 4798 inclyta
2459 4697 2658 4794 regina
2694 4720 2882 4782 Roma
2923 4712 3312 4770 commorante
3346 4701 3676 4760 facultatem
3707 4697 3873 4755 obti—

2218 4790 2444 4876 nuisset
2464 4813 2514 4882 ej
2525 4790 2592 4868 us
2611 4805 2841 4866 vivendi
2865 4817 2932 4860 ac
2952 4813 3123 4872 penes
3143 4810 3204 4854 se
3233 4790 3480 4851 habendi
3520 4802 3618 4860 per
3647 4799 3873 4844 menses

2215 4877 2562 4976 complures.
2583 4898 2735 4968 Quin
2765 4895 2940 4952 etiam
2959 4903 3090 4948 cum
3125 4883 3471 4958 percepisset
3499 4877 3660 4936 aliud
3686 4889 3874 4932 exem-

2221 4963 2376 5068 plum
2399 4963 2653 5062 ejusdem
2678 4983 2933 5055 Catalogi
2953 4977 3197 5068 reperiri
3229 4977 3287 5032 in
3309 4975 3538 5032 vetusto
3565 4965 3766 5024 codice
3789 4963 3875 5020 bi-

2219 5053 2519 5144 bliotheca
2562 5053 2904 5134 Colbertina
2927 5069 3094 5142 (num.
3132 5063 3288 5136 4868)
3311 5059 3566 5132 ejusdem
3601 5053 3873 5124 antiqui-

2221 5142 2378 5244 tatis,
2425 5181 2624 5240 nempe
2645 5163 2832 5222 atatis
2853 5159 3044 5217 Caroli
3081 5152 3293 5226 Magni,
3321 5145 3654 5222 impetravit
3681 5156 3715 5198 a
3743 5142 3874 5198 cla—

2221 5231 2454 5322 rissimo
2506 5231 2632 5316 viro
2685 5252 2972 5324 Stephano
3023 5244 3256 5303 Baluzio
3317 5247 3384 5298 ut
3433 5236 3568 5294 inde
3621 5231 3874 5289 fideliter

2220 5350 2714 5412 transeriberetur.
2764 5340 3084 5398 Plurimum
3155 5345 3288 5391 vero
3330 5327 3564 5403 gavisus
3612 5327 3700 5378 est
3737 5333 3870 5378 cum

2221 5451 2521 5512 utramque
2546 5436 2870 5503 lectionem,
2896 5426 3119 5501 codicis
3141 5422 3372 5495 Regina
3407 5413 3743 5481 Christina,
3770 5424 3872 5467 seu

2215 5506 2500 5600 Vaticani,
2521 5535 2578 5584 et
2589 5521 2906 5584 Colbertini
2927 5518 3094 5590 plane
3112 5509 3438 5572 consentire
3459 5507 3732 5575 expertus
3753 5506 3866 5557 est:

2214 5589 2420 5685 leviori
2463 5589 2684 5679 tantum
2737 5589 3082 5670 discrimine
3123 5597 3441 5672 aliquando
3487 5589 3873 5655 intercedente
