1998 3238
66 261 99 290 ιδ
837 260 1030 292 ΡΜΕΕΑΠΟ.
1749 268 1784 298 46

66 331 111 374 per
124 325 285 374 utrumque
292 324 427 374 codicem
441 325 517 354 vidit
534 323 598 355 dar’i
613 324 774 355 ordinatam
790 323 894 374 seriem
908 327 937 358 A
951 324 1055 374 Pati-is,
1068 324 1155 355 Filius
1167 325 1217 355 Det
1225 325 1292 374 bini,
1304 327 1434 358 eumdem
1445 327 1590 360 Simonem
1600 322 1782 374 designatum

66 369 192 406 priorum
202 370 373 406 pontiﬁcum
382 371 587 407 Romanorum,
598 378 717 407 eamque
726 370 896 406 responden-

65 417 116 444 tem
131 414 243 444 Canoni
261 425 269 450 ;
285 422 371 451 quam
396 415 547 444 lectionem
566 415 656 444 editio
676 412 895 444 Henscheniana

64 458 237 488 turbaverat.
251 459 293 488 De
308 460 440 488 codicum
464 460 609 496 scriptura
624 463 711 496 atque
725 462 808 488 atate
824 468 898 496 sup—

64 503 124 540 pari
137 503 241 533 Carolo
256 504 359 541 Magno
378 504 512 533 dubitare
525 512 581 533 non
598 505 671 533 sinit
682 505 775 541 ﬁgura
791 505 897 533 chara—

63 550 172 577 cterum
184 551 214 577 et
224 549 307 584 libri,
322 556 429 579 necnon
441 549 565 585 adjectio
579 549 762 585 sequentium
775 547 898 584 pontiﬁ—

64 599 138 629 cum,
153 593 188 621 in
204 593 372 622 Colbertino
392 594 507 630 quidem
526 595 560 623 ad
579 594 738 623 Adrianum
760 595 896 630 primum,

62 639 90 665 et
103 638 225 666 Leonem
239 642 375 674 quartum
390 648 396 666 :
413 639 441 666 in
457 639 596 667 Vaticano
611 646 688 670 vero,
703 646 755 667 seu
767 638 898 666 Christi—

64 681 150 711 uiano
174 685 205 710 et
227 682 424 711 Alexandrino
445 684 481 711 ad
503 684 668 712 Paschalcm
688 684 699 711 ι
717 692 724 717 ;
739 683 789 711 ubi
810 683 896 711 etiam

63 725 172 763 legitur
184 728 382 756 testimonium
400 728 494 756 atatis
510 728 538 756 in
553 728 688 764 periocha
702 728 749 756 his
763 730 898 763 concepta

63 770 176 800 verbis:
189 771 216 800 Α
231 773 358 808 passione
379 773 488 800 Domini
507 774 596 800 nostri
613 772 678 801 Iesu
696 772 798 800 Christi
813 780 899 807 usque

62 817 100 845 ad
120 817 214 845 sedem
235 817 385 844 beatissimi
404 817 560 845 Marcellini
574 825 657 853 papa
671 819 736 845 sunt
750 817 820 844 anni
833 815 897 848 276,

63 870 164 892 Μία
185 861 215 889 8.
236 862 276 889 De
297 862 452 897 apostolatu
467 863 529 896 jam
548 863 623 896 facto
648 862 750 890 Christi
767 861 902 896 martyris

62 905 220 937 Παταωηὶ
244 915 330 942 usque
349 907 387 934 ad
410 910 514 942 tempus
535 907 639 934 domini
661 906 753 934 Caroli
773 907 844 940 regis
863 904 899 933 25

62 952 143 979 meis
161 952 246 986 regni
265 951 335 986 ejus,
351 951 400 979 hoc
417 953 456 979 est
474 959 560 986 usque
575 951 612 978 ad
628 958 681 979 Vlll
702 951 765 979 Kal.
790 950 898 986 Aprilis

949 371 1089 400 vicarium
1101 375 1186 400 suum
1200 373 1331 401 nominat
1341 374 1475 402 Simonem
1487 375 1636 408 Bar-Jona,
1649 371 1783 406 Simonem

949 416 1038 450 ﬁlium
1051 416 1177 448 Joannis,
1197 417 1302 445 deinde
1320 418 1434 453 Cephas,
1450 419 1561 447 Petrum
1582 420 1694 455 (Matth.
1712 423 1781 461 xw).

949 461 1114 490 Pracu'rsor
1137 461 1246 490 Christi
1276 463 1400 492 Joannes
1425 464 1460 493 de
1481 472 1585 501 genere
1610 464 1783 496 sacerdotali

951 505 1063 534 dicitur
1077 506 1196 534 Joannes
1207 507 1346 535 Zacharia
1358 509 1442 544 filius.
1458 509 1581 539 Joannes
1595 511 1782 547 evangelista,

952 552 980 578 et
993 550 1116 579 Jacobus
1131 552 1259 586 ejusdem
1273 552 1361 581 frater
1376 554 1469 583 vocati
1482 554 1517 582 ad
1534 555 1726 590 apostolatum
1744 557 1785 584 di-

953 598 1060 623 cuntur
1082 596 1135 630 ﬁlii
1156 597 1277 624 Zebedei.
1304 592 1495 628 Satiselucet
1522 599 1568 628 his
1591 601 1620 628 in
1645 602 1784 637 exemplis

953 639 1131 668 consuetudo
1154 642 1249 670 atatis
1272 649 1304 670 ac
1326 642 1477 679 regionis:
1496 651 1581 680 quam
1604 646 1640 674 ab
1659 646 1785 675 llebrais

953 685 1058 719 passim
1073 688 1209 714 retentam
1221 693 1253 715 ea
1263 690 1430 723 tempestate
1439 689 1620 719 addiscimus
1629 691 1664 719 ab
1674 699 1784 721 eorum-

952 728 1015 757 dem
1038 730 1184 759 sacerdote
1206 734 1292 768 atque
1314 732 1456 762 historico
1476 735 1608 771 Josepho,
1634 738 1783 772 proprium

954 778 1055 802 nomen
1067 774 1105 803 ita
1118 776 1307 812 consignant‘e
1321 777 1350 805 in
1362 778 1480 815 prologo
1491 780 1526 808 ad
1541 780 1650 809 librum
1663 778 1698 810 de
1709 781 1784 810 bello

952 817 1072 846 Iudaico
1091 828 1098 846 :
1119 820 1176 854 Ego
1196 821 1329 858 Iosephus
1357 823 1501 852 Matathix
1524 825 1611 860 ﬁlius,
1640 825 1782 859 Hebraus,

953 862 1081 890 sacerdos
1100 871 1133 891 ea:
1152 864 1356 901 Hierosolymis.
1379 867 1455 904 Quid
1478 868 1548 898 huic
1575 872 1781 900 consuetudini

953 906 1095 942 similius,
1116 915 1201 943 quam
1219 915 1250 939 ea
1269 918 1333 946 qua
1352 916 1485 941 servatur
1504 914 1534 942 in
1550 916 1676 944 secundo
1697 916 1784 945 Cata-

954 950 1018 988 logo
1031 951 1045 978 ?
1057 952 1202 985 Anicetus,
1226 955 1338 982 natione
1359 955 1456 991 Syrus,
1474 966 1508 985 ea:
1523 962 1604 995 patre
1617 962 1733 995 Joanne,
1751 962 1783 990 dc

61 998 124 1024 sunt
136 997 211 1024 anni
226 994 280 1024 490
290 998 315 1023 et
330 1004 433 1023 menses
448 995 490 1024 l3.
504 995 569 1024 Hac
582 996 617 1024 de
628 996 829 1042 Catalogorutn
843 1000 899 1023 an—
913 989 940 1021 Β
952 997 1010 1042 uico
1026 997 1133 1029 Amisa,
1147 1000 1201 1025 etc.
1217 999 1295 1030 Pius,
1307 989 1416 1028 natione
1428 989 1534 1035 Italus:
1541 1012 1575 1031 ea:
1583 1008 1664 1040 patre
1673 989 1782 1042 Rufino,

63 1041 209 1078 tiquitate,
226 1048 261 1068 ac
274 1041 310 1068 de
323 1043 465 1068 vetustate
478 1043 565 1076 atque
577 1040 752 1068 auctoritate
766 1039 899 1067 codicum

63 1086 135 1114 unde
146 1087 246 1122 petita
262 1085 356 1114 editio
371 1085 491 1113 illorum
514 1084 583 1120 fuit,
605 1084 749 1112 delibasse
766 1082 899 1113 sufficiat.

61 1129 113 1166 Qui
121 1130 215 1167 plura
226 1130 322 1165 cupit,
337 1129 420 1157 adeat
431 1129 575 1157 laudatam
589 1128 786 1157 Schelestratii
798 1128 902 1157 disser-

62 1174 201 1204 tationem
207 1195 214 1201 .

91 1217 135 1248 16.
159 1218 285 1248 Gradus
307 1218 374 1246 inde
396 1217 547 1246 faciendus
566 1220 610 1246 est
632 1218 666 1246 ad
691 1217 899 1254 inquirendum

58 1262 286 1293 deauctoritate
300 1269 394 1292 rerum
410 1263 440 1290 in
454 1266 577 1299 utroque
591 1263 726 1299 Catalogo
738 1262 899 1290 enuntiata-

60 1315 131 1338 rum.
145 1308 326 1337 Summatim
339 1308 482 1344 agendum
498 1311 551 1343 est,
566 1308 673 1344 quibus
686 1307 831 1336 subnixus
843 1307 899 1334 do-

58 1353 207 1383 cumentis
228 1357 332 1381 auctor
348 1352 446 1389 quarti
469 1352 567 1381 saculi
584 1353 639 1381 sub
654 1352 770 1381 Liberio
792 1351 899 1390 rescire

59 1402 165 1435 posset,
177 1405 214 1426 ac
225 1397 312 1426 nobis
325 1398 437 1426 tradere
448 1403 627 1433 quacunque
637 1398 745 1432 scripta
757 1396 858 1425 retulit
868 1395 898 1423 in

16 1475 23 1478 _
58 1443 189 1479 primum
201 1442 372 1479 Catalogum
385 1451 392 1478 ;
404 1442 526 1478 parique
537 1442 598 1478 lege
611 1442 797 1478 quaerendum
811 1443 854 1469 est
864 1440 899 1468 de

58 1487 185 1517 alterius
196 1487 328 1523 Catalogi
340 1490 458 1516 auctore
468 1487 523 1515 sub
532 1487 709 1523 Justiniano,
722 1487 897 1523 quibusnam

57 1532 93 1562 de
103 1532 244 1562 fontibus
259 1532 410 1569 hauserit;
423 1535 483 1560 tum
496 1538 529 1560 ea
547 1539 608 1568 qua
621 1531 727 1567 adjecit
739 1538 828 1567 supra
842 1531 899 1559 Ca-

60 1578 191 1616 talogum
202 1577 332 1614 primum
344 1577 532 1613 pontiﬁcibus
544 1577 573 1606 in
584 1585 617 1605 eo
629 1577 795 1605 memoratis
807 1581 899 1612 usque

59 1622 92 1653 ad
107 1622 276 1659 Liberium,
294 1625 355 1651 tum
371 1629 404 1650 ea
419 1630 482 1658 qua
498 1623 528 1651 in
543 1622 656 1651 cateris
672 1626 736 1658 post
750 1622 897 1650 Liberium

59 1667 203 1704 perduxit
217 1668 254 1696 ad
268 1667 393 1696 Felicem
410 1667 452 1695 ιν.

92 1712 234 1750 mjusta
245 1711 451 1748 disquisitioni
467 1711 569 1740 faciam
581 1712 662 1748 satis,
677 1712 787 1740 attendi
800 1712 897 1746 velim,

59 1757 91 1786 in
105 1757 204 1795 priori
225 1757 363 1794 Catalogo
378 1763 394 1785 a
410 1759 508 1785 sancto
528 1758 610 1785 Petro
624 1757 658 1785 ad
676 1757 823 1785 Liberium
839 1757 899 1784 hac

61 1802 208 1831 recenseri
230 1802 261 1830 in
277 1801 405 1838 singulis
427 1801 615 1837 pontiﬁcibus
636 1811 642 1829 :
661 1808 773 1838 nomen,
795 1807 896 1836 annos,

60 1853 187 1884 menses,
210 1853 245 1875 ac
267 1847 332 1875 dies
355 1847 520 1875 earumdem
546 1847 699 1883 regiminis
716 1855 724 1882 ς
744 1846 897 1875 consulum

59 1891 156 1928 paria,
173 1891 286 1928 quibus
301 1891 422 1919 initium
441 1898 474 1919 ac
489 1891 574 1919 ﬁnem
596 1891 783 1926 pontiﬁcatus
797 1890 898 1918 consi-

59 1939 130 1972 guat
143 1945 153 1972 ;
166 1939 198 1966 et
212 1935 323 1964 alicubi
348 1936 462 1964 decreta
485 1935 635 1971 nonnulla,
654 1938 687 1963 ut
703 1935 732 1963 in
748 1935 874 1962 Fabiano
890 1944 897 1969 ;

57 1980 177 2018 aliquot
189 1986 259 2009 vero
270 1980 394 2010 adiﬁcia
405 1981 436 2008 in
447 1980 535 2016 iulio,
548 1987 632 2016 quem
646 1980 779 2008 Liberius
790 1979 900 2014 excipit

59 2025 146 2055 illius
153 2025 288 2062 Catalogl
299 2029 472 2062 postremus.
486 2026 516 2054 ln
525 2025 650 2054 secundo
661 2029 755 2053 autem
765 2025 899 2060 Catalogo

58 2070 182 2101 dditur
196 2076 302 2099 nomen
315 2070 418 2106 patris,
435 2073 463 2098 et
476 2070 558 2099 locus
572 2071 601 2098 in
618 2070 701 2106 Urbe,
716 2073 766 2098 aut
783 2070 812 2098 in
829 2077 900 2105 pro-

59 2116 167 2153 vincia,
186 2115 240 2144 ubi
256 2119 343 2144 natus
357 2117 402 2144 est
418 2115 444 2144 is
459 2115 515 2151 qui,
532 2115 660 2151 pontifex
682 2119 778 2151 postea
794 2114 896 2143 evasit.

58 2160 179 2198 Mlecta
195 2163 268 2191 sunt
281 2160 396 2190 decreta
410 2163 440 2189 et
454 2160 656 2189 institutiones
671 2161 782 2188 rituum
798 2166 899 2188 sacro—

57 2212 122 2235 η-
137 2206 305 2244 praesertim
323 2206 353 2234 in
376 2205 522 2234 sacriﬁcio
544 2205 640 2234 missae
662 2204 831 2241 peragendo,
848 2207 900 2233 aut

57 2251 136 2280 circa
147 2250 303 2288 publicam
316 2250 450 2279 Ecclesia
460 2249 647 2285 disciplinam
661 2250 795 2278 inducta.
809 2250 850 2277 Ad
852 2250 900 2284 je-

56 2295 213 2326 αεαιω
223 2295 427 2324 ordinationes
439 2295 469 2323 in
480 2295 592 2330 duplici
603 2295 705 2323 ordine
716 2294 898 2323 hierarchico

953 1041 1042 1074 frater
1063 1042 1195 1074 Pastoris,
1213 1043 1247 1070 de
1267 1044 1375 1072 civitate
1393 1045 1534 1080 Aquileia,
1556 1050 1609 1076 etc.
1631 1041 1723 1082 Soter,
1737 1059 1785 1079 na-

955 1085 1027 1112 tione
1042 1086 1208 1122 Campanus,
1224 1095 1259 1115 ea:
1269 1091 1351 1124 patre
1364 1087 1522 1123 Concordia,
1537 1092 1570 1120 de
1585 1091 1699 1122 Civitate
1714 1093 1783 1124 Fun-

956 1129 1009 1161 dis,
1024 1132 1076 1158 etc.
1091 1131 1211 1164 Eleuter,
1227 1134 1339 1162 natione
1354 1134 1474 1168 Gracus,
1491 1145 1525 1165 ex
1537 1140 1618 1172 patre
1632 1134 1784 1169 Abundan-

955 1174 1003 1205 tio,
1025 1173 1058 1202 de
1076 1177 1179 1221 oppido
1200 1177 1337 1213 Nicopoli,
1365 1183 1417 1207 etc.
1439 1181 1522 1215 Apud
1543 1182 1687 1212 Romanos
1705 1192 1781 1221 vero,

955 1220 1113 1253 prasertim
1132 1221 1162 1248 in
1177 1221 1322 1259 Catalogis
1341 1226 1536 1262 contexendis,
1554 1227 1583 1255 id
1605 1230 1712 1263 passim
1728 1220 1784 1259 ser-

953 1266 1048 1292 vatum
1070 1264 1161 1294 fuisse
1182 1266 1286 1295 docent
1309 1268 1524 1305 inscriptiones.
1554 1272 1623 1300 Cum
1649 1275 1726 1303 enim
1751 1277 1779 1305 in

954 1308 1088 1343 pluribus
1103 1310 1169 1338 vita
1179 1311 1277 1340 civilis
1288 1313 1392 1342 usibus
1404 1314 1533 1344 habenda
1544 1321 1619 1346 esset
1631 1320 1705 1348 ratio
1718 1324 1781 1350 ata-

953 1353 1003 1388 tis,
1019 1352 1196 1391 familiaque
1215 1356 1334 1391 plebeia
1352 1362 1403 1387 aut
1422 1361 1552 1395 patricia
1572 1370 1604 1391 ea
1625 1365 1781 1395 necessitas

954 1400 1130 1446 memorandi
1145 1404 1286 1437 parentes,
1303 1403 1436 1439 patriam,
1447 1408 1557 1434 atatem
1573 1407 1690 1438 induxit
1704 1411 1778 1446 apud

953 1442 1095 1492 Romanos
1103 1446 1341 1492 consuetudinem
1354 1452 1386 1477 ut
1397 1449 1447 1477 illa
1458 1450 1624 1488 plerumque
1633 1442 1782 1492 consigna-

954 1489 1055 1516 rentur
1082 1495 1138 1517 non
1169 1491 1252 1519 modo
1280 1492 1310 1519 in
1326 1492 1412 1521 libris
1438 1496 1580 1524 censoriis
1604 1496 1692 1533 (unde
1716 1489 1781 1534 pars

954 1534 1078 1562 maxima
1093 1536 1404 1583 earumdem-historia
1417 1539 1512 1576 ﬂuxit,
1529 1543 1600 1570 teste
1613 1543 1650 1571 Μ.
1664 1543 1779 1583 Tullio),

953 1585 1050 1626 verum
1072 1580 1159 1626 etiam
1176 1581 1206 1609 in
1222 1581 1331 1611 talibus
1346 1586 1524 1620 marmoreis,
1543 1586 1717 1620 auctoritate
1733 1580 1783 1626 pu-

953 1622 1029 1652 blica
1045 1625 1150 1660 positis
1164 1628 1215 1654 aut
1228 1627 1349 1665 privata.
1365 1628 1445 1664 Quod
1459 1633 1554 1659 autem
1570 1634 1679 1662 attendi
1696 1622 1784 1665 mere-

954 1671 1011 1713 tur,
1027 1669 1169 1705 pracipue
1182 1670 1213 1698 in
1228 1672 1354 1701 secundo
1368 1673 1513 1711 Catalogo,
1529 1675 1557 1704 id
1571 1679 1624 1713 est,
1641 1677 1672 1706 in
1687 1677 1785 1708 Ponti-

954 1712 1058 1758 licibus
1068 1713 1204 1743 Romanis
1216 1715 1245 1744 in
1257 1716 1330 1745 Urbe
1341 1718 1427 1754 natis,
1441 1726 1495 1747 non
1510 1712 1660 1751 memorari
1670 1723 1781 1758 tribum,

952 1757 1001 1785 cui
1014 1761 1096 1786 erant
1108 1760 1228 1796 ascripti
1244 1763 1275 1790 ut
1290 1762 1376 1799 cives,
1392 1763 1439 1792 sed
1455 1766 1600 1800 regionem.
1618 1767 1647 1796 Id
1662 1775 1728 1797 vero
1740 1767 1784 1798 in-

952 1802 1040 1837 dicat,
1058 1806 1090 1832 ut
1101 1810 1154 1840 ego
1166 1805 1303 1841 arbitror,
1320 1807 1405 1836 hasce
1418 1809 1560 1846 notiones,
1575 1819 1639 1847 qua
1653 1812 1683 1841 in
1693 1811 1783 1842 Cata-

953 1847 1028 1884 logis
1056 1849 1252 1886 reperiuntur,
1279 1850 1372 1880 fuisse
1400 1853 1535 1882 collectas
1560 1861 1595 1883 ex
1621 1855 1730 1886 tabulis
1755 1861 1783 1886 et

953 1892 1075 1928 regestis
1096 1894 1272 1929 conscriptis
1295 1902 1345 1930 per
1366 1899 1473 1931 septem
1496 1899 1626 1927 notarios
1648 1899 1783 1930 Ecclesia

954 1937 1097 1972 Romanae,
1111 1943 1127 1965 a
1141 1937 1285 1966 Clemente
1301 1940 1311 1967 Ι
1325 1939 1401 1967 Petri
1417 1940 1563 1977 discipulo
1579 1946 1606 1972 et
1618 1951 1783 1976 successore

954 1981 1117 2029 assignatus
1133 1982 1251 2029 totidem
1272 1984 1441 2020 regionibus
1460 1986 1667 2018 ecclesiasticis
1686 1990 1782 2029 Urbis,

956 2027 984 2054 in
997 2033 1069 2062 quas
1079 2027 1224 2055 contraxit
1232 2029 1450 2064 quatuordecim
1459 2031 1495 2059 ab
1502 2032 1633 2069 Augusto
1644 2027 1784 2066 constitu;

954 2074 1007 2107 tas,
1019 2071 1053 2099 ad
1069 2075 1225 2108 martyrum
1237 2076 1315 2108 gesta
1330 2074 1502 2111 colligenda.
1518 2077 1675 2114 Martyrum
1687 2083 1783 2110 autem

954 2116 984 2143 in
1002 2123 1120 2144 numero
1135 2119 1204 2145 sunt
1219 2124 1317 2146 omnes
1332 2119 1451 2148 Romani
1473 2121 1624 2156 pontiﬁces
1640 2129 1732 2160 usque
1746 2126 1780 2154 ad

952 2161 1138 2196 Sylvestrum.
1162 2162 1214 2189 Hic
1236 2163 1303 2196 fecit
1325 2166 1426 2199 septem
1445 2166 1568 2198 regiones
1591 2167 1672 2203 ('sunt
1698 2170 1782 2200 verba

952 2205 1080 2242 Catalogi
1097 2207 1215 2236 secundi
1233 2207 1263 2235 in
1277 2208 1430 2245 Clemente)
1441 2212 1466 2237 et
1477 2209 1573 2238 divisit
1584 2209 1700 2241 notariis
1711 2215 1779 2249 ﬁde-

954 2250 1025 2277 libus
1043 2251 1179 2283 Ecclesia,
1191 2253 1241 2287 qui
1251 2255 1328 2287 gesta
1343 2256 1498 2288 martyrum
1512 2256 1627 2284 sollicite
1641 2259 1666 2285 et
1678 2260 1783 2287 curiose

954 2301 1026 2323 unus
1039 2300 1155 2327 ovisovs
1169 2302 1222 2325 rea
1236 2302 1376 2327 REGIONEK
1392 2305 1463 2327 sum
1476 2300 1623 2336 diligenter
1631 2304 1783 2341 perquire-

57 2338 147 2378 ιιιιιι
161 2341 275 2370 sanctae
287 2339 424 2369 Ecclesia
436 2339 578 2375 Romana,
592 2339 822 2376 presbyterorum
836 2339 898 2367 sci-
914 2341 941 2374 Ι)
953 2342 1004 2385 ret.
1015 2341 1076 2368 Mos
1087 2341 1141 2369 iste
1148 2342 1183 2369 ad
1198 2345 1327 2371 octavum
1341 2343 1478 2373 saeculum
1487 2338 1644 2381 perductus
1651 2338 1704 2385 est,
1714 2357 1781 2380 cum

55 2384 127 2416 licet
136 2393 174 2415 ac
184 2385 392 2421 diaconornm,
408 2390 518 2414 necnon
534 2384 735 2420 episcoporum
748 2388 828 2413 extra
841 2385 899 2412 Ur—

53 2429 132 2468 bes,
143 2430 186 2460 ab
196 2424 274 2459 aliis
288 2429 479 2466 pontiﬁcibus
499 2429 658 2458 celebrata.
682 2430 735 2458 Per
751 2429 817 2458 illas
831 2435 898 2458 vero

53 2477 165 2514 anno,
181 2475 264 2505 unde
276 2475 436 2511 incipiunt,
450 2476 479 2503 et
491 2474 522 2503 in
535 2481 608 2511 quas
619 2475 758 2503 desinunt
769 2474 897 2511 Catalogi

53 2521 204 2558 pradletl,
229 2526 289 2549 usu
304 2522 451 2556 receptum
476 2523 537 2548 erat
552 2519 611 2548 hac
631 2520 728 2548 omnia
750 2519 896 2548 memoria

53 2566 207 2602 lallare,
218 2565 383 2602 pmenlm
397 2565 428 2593 in
439 2564 640 2593 describendis
648 2563 797 2592 indicibus
807 2570 899 2592 sacer-

51 2611 166 2642 dotum.
184 2609 354 2640 Videndum
369 2613 415 2638 est
429 2613 562 2639 accurate
578 2615 628 2645 per
640 2609 767 2647 singula.

90 2654 135 2686 Π.
159 2657 277 2686 Nomen
305 2655 456 2692 pontiﬁcis
482 2655 656 2691 conjungere
680 2660 745 2683 cum
768 2655 897 2690 parentis

47 2702 239 2732 litatione
249 2700 383 2730 solemne
394 2700 453 2728 fuit
466 2702 527 2729 tum
540 2700 616 2736 apud
629 2699 819 2735 Christianos,
834 2702 895 2728 tum

46 2748 130 2784 apud
143 2747 296 2783 Πάπιος,
313 2745 373 2774 imo
386 2748 416 2773 et
429 2745 504 2781 apud
520 2745 663 2774 Romanos
676 2745 817 2778 ethnicos,
831 2752 896 2773 con-

45 2794 148 2824 mu
161 2792 233 2822 Vita
252 2790 333 2820 beati
349 2790 439 2818 Petri.
460 2789 578 2820 Nullum
600 2790 804 2818 documentum
821 2789 895 2817 illu-

45 2837 146 2869 dl‘lls
152 2836 257 2867 alerrl
269 2838 367 2873 potest
377 2841 464 2872 quam
476 2835 552 2872 quod
564 2834 757 2863 sacrosanctis
767 2833 797 2862 ln
809 2835 896 2862 Evan-

44 2881 138 2921 μὴ
154 2883 271 2915 udus
291 2880 488 2918 consignavit.
511 2881 594 2908 Iesus
615 2879 751 2908 Christus
771 2882 896 2908 aeternus

46 2928 180 2966 male:
193 2933 213 2959 a
226 2926 354 2958 Simone
374 2931 443 2955 cum
461 2925 618 2961 diceretur,
636 2923 817 2953 indicatione
834 2924 895 2953 veri

955 2383 1030 2413 intra
1044 2385 1190 2415 Adrianus
1202 2387 1214 2414 I
1225 2385 1315 2423 (num.
1331 2387 1394 2426 294)
1405 2395 1422 2417 a
1435 2389 1522 2419 Paulo
1537 2392 1549 2420 Ι
1564 2391 1654 2423 fuerit
1668 2383 1782 2425 consti—

953 2432 1034 2458 tutus
1050 2431 1174 2458 notarius
1189 2432 1370 2466 regionarius.
1734 2458 1736 2460 .

989 2475 1121 2512 Legimus
1138 2476 1234 2514 itaque
1250 2477 1280 2506 in
1296 2478 1422 2508 secundo
1437 2479 1571 2518 Catalogo
1585 2490 1591 2509 :
1609 2479 1710 2515 σιειω,
1723 2486 1781 2511 na-

951 2520 1024 2547 tione
1050 2522 1198 2554 Romanus,
1224 2521 1257 2550 de
1283 2524 1393 2558 regione
1416 2524 1498 2552 Calio
1521 2526 1621 2557 "Lente,
1647 2533 1682 2554 ea
1698 2529 1780 2563 patre

950 2564 1092 2598 Faustino,
1107 2569 1161 2595 etc.
1178 2567 1316 2603 Regionis
1335 2568 1456 2596 Urbana
1473 2568 1617 2599 iudicatio
1632 2569 1779 2602 omittitur

951 2610 981 2638 ln
996 2611 1155 2647 Zephyrino
1168 2612 1299 2651 proximo
1312 2612 1461 2642 decessore
1474 2611 1588 2642 Callisti
1603 2623 1610 2642 :
1625 2616 1700 2651 quod
1717 2616 1779 2646 sci-

951 2654 1020 2683 licet
1033 2655 1113 2691 Acta,
1130 2660 1194 2691 qua
1212 2655 1287 2695 satis
1300 2656 1411 2696 integra
1426 2656 1481 2684 sub
1494 2656 1651 2689 Antoninis
1665 2662 1776 2691 servata

951 2698 1074 2735 fuerant,
1091 2704 1156 2727 cum
1172 2699 1218 2727 illi
1234 2696 1381 2737 principes
1392 2699 1551 2729 'Ecclesiam
1569 2702 1670 2734 mitius
1685 2704 1777 2734 habeo

949 2747 1024 2779 rent,
1035 2744 1106 2772 adeo
1117 2742 1233 2772 turbata
1248 2746 1316 2771 sunt
1330 2744 1361 2773 in
1376 2745 1626 2780 persecutionibus
1640 2749 1736 2780 Severi
1751 2755 1782 2786 et

949 2789 1039 2824 Decii,
1054 2792 1084 2817 ut
1098 2787 1278 2824 providentia
1293 2788 1412 2817 Fabiani
1425 2789 1480 2818 sub
1494 2790 1580 2820 Decio
1593 2795 1670 2828 passi
1687 2792 1778 2825 fuerit

951 2834 1054 2862 iterato
1072 2833 1292 2868 occurrendum,
1314 2838 1349 2861 ne
1361 2833 1478 2864 omnino
1492 2834 1656 2876 interirent,
1669 2841 1698 2869 et
1714 2845 1780 2868 con-

951 2879 1103 2907 sulendum
1119 2878 1295 2914 reparationi
1313 2878 1443 2910 Actorem
1463 2883 1602 2916 veterum,
1618 2889 1652 2911 ac
1666 2882 1785 2919 futuro.-

951 2929 1015 2953 rum
1042 2923 1192 2953 securitati
1220 2929 1270 2960 per
1295 2929 1396 2952 novam
1422 2925 1597 2954 divisionem
1626 2922 1780 2962 regionum
