3996 6398
489 447 560 508 47
1257 453 1352 511 AD
1399 453 1837 511 ANASTASIUM
1885 450 2402 510 PROLEGOMENA
2445 451 2623 509 EDIT.
2676 450 3112 511 KOM.-VATIC.
3837 453 3908 512 48

488 582 700 651 septem
715 579 780 637 in
803 562 970 652 Urbe,
993 581 1234 640 totidem
1253 566 1519 640 diaconis
1538 582 1872 654 assignatis,
1900 580 2141 652 parique
2167 578 2225 639 A
2253 592 2401 632 anno
2463 581 2703 650 suscepti
2769 581 3112 650 episcopatus
3169 579 3478 643 undecimo,
3529 579 3911 649 pontiﬁcatum

489 667 662 728 ferme
686 686 924 729 numero
953 671 1460 743 subdiaconorum,
1491 673 1591 744 qui
1627 672 1882 730 notarios
1907 670 2140 728 sollici-

489 763 676 816 tarent
716 761 786 817 ad
827 761 1152 832 colligenda
1179 767 1492 833 martyrum
1524 766 1680 834 gesta
1712 779 1726 816 :
1761 761 2138 832 quemadmo—

484 847 622 904 dum
652 855 894 920 uterque
928 849 1234 922 Catalogus
1273 855 1516 907 testatur
1555 849 1926 920 inFabiano,
1975 863 2132 905 num.

482 931 546 990 24
575 938 715 991 :Hic
751 940 995 1006 regiones
1031 939 1222 993 divisit
1261 941 1601 995 diaconibus.
1651 941 1734 995 Ita
1765 937 1939 994 refert
1965 938 2138 994 Cata-

485 1024 654 1096 logus
692 1027 940 1096 primus.
980 1027 1158 1084 Addit
1204 1029 1494 1086 secundus
1533 1028 1841 1100 Catalogus
1868 1047 1880 1083 :
1908 1030 1978 1082 Et
2006 1029 2136 1095 fecit

483 1127 582 1167 sea:
608 1114 1000 1184 .subdiaconos,
1043 1118 1141 1186 qui
1176 1122 1375 1188 septem
1409 1119 1641 1172 notariis
1679 1119 2042 1178 imminerent,
2074 1119 2136 1169 ut

479 1206 632 1269 gesta
660 1208 962 1273 martyrum
991 1205 1226 1275 fideliter
1253 1207 1584 1274 colligerent.
1618 1207 1826 1262 Verum
1859 1205 1978 1260 haec
2010 1204 2136 1274 ipsa

479 1295 637 1362 gesta
684 1293 1000 1349 recentiora
1038 1293 1277 1352 collecta
1322 1301 1449 1364 post
1487 1294 1821 1365 Fabianum,
1867 1292 2134 1348 incendio

481 1379 817 1453 plerumque
867 1382 1094 1440 sublata
1151 1397 1251 1454 per
1313 1384 1616 1440 immanem
1680 1382 2131 1454 persecutionem

476 1469 844 1542 Diocletiani,
869 1472 1125 1542 praeclari
1149 1473 1342 1555 Operis
1363 1473 1643 1545 reliquias
1657 1472 1963 1530 admodum
1982 1485 2134 1542 pau-

477 1572 574 1614 cas
595 1559 763 1616 nobis
784 1562 1249 1633 transmiserunt,
1277 1562 1753 1634 quemadmodum
1775 1561 2133 1617 Schelestra—

477 1647 598 1704 tius
639 1653 878 1706 annotat
919 1651 989 1707 ad
1027 1651 1183 1708 hunc
1221 1651 1409 1708 locum
1445 1669 1458 1706 :
1490 1653 1567 1705 De
1597 1651 1793 1721 paucis
1835 1649 2129 1704 admodum

475 1739 832 1810 martyribus,
881 1739 984 1812 ait,
1037 1743 1237 1796 mentio
1275 1745 1338 1811 ﬁt
1375 1743 1435 1796 in
1473 1742 1783 1810 antiquiore
1831 1739 2126 1808 Catalogo;

474 1832 526 1882 et
570 1843 754 1883 eorum
798 1829 941 1884 Acta
987 1846 1097 1884 non
1147 1831 1424 1893 describit,
1469 1830 1566 1884 sed
1617 1833 1830 1884 tantum
1870 1829 2132 1898 martyrii

2248 667 2502 722 Romanae
2543 669 2696 722 urbis
2737 670 2961 723 sortitus
3013 676 3092 723 est
3137 656 3406 738 Hyginus.
3466 667 3734 724 Historiae
3781 667 3910 724 Au-

2248 760 2428 826 gustae
2472 757 2782 827 scriptores
2819 758 3001 814 Grzeci
3046 773 3112 814 ac
3160 758 3354 814 Latini
3399 757 3747 830 consignant
3795 770 3910 813 an-

2247 857 2382 900 num
2429 847 2802 902 emortualem
2850 847 3114 910 Adriani.
3154 852 3209 904 et
3260 848 3512 918 primum
3565 847 3908 917 imperantis

2243 930 2523 989 Antonini
2555 941 2930 1006 cognomento
2955 936 3064 1006 Pii,
3093 937 3269 1008 Nigro
3290 941 3347 992 et
3365 935 3664 992 Camerino
3685 950 3908 992 consu—

2246 1021 2440 1093 libus;
2464 1025 2836 1081 conﬁrmante
2860 1025 3049 1096 lapide
3069 1026 3220 1096 apud
3243 1027 3576 1096 Gruterum,
3603 1024 3702 1082 fol.
3727 1038 3903 1095 CCLVI,

2248 1124 2304 1166 n.
2338 1109 2390 1181 4,
2421 1112 2648 1184 signato
2681 1114 2740 1170 in
2771 1115 3007 1170 adversa
3051 1121 3208 1185 parte
3237 1115 3565 1172 eorumdem
3597 1114 3902 1171 consulum

2245 1199 2509 1272 collegio,
2528 1203 2849 1258 utadvertit
2865 1204 3362 1260 eminentissimus
3378 1204 3648 1260 Norisius
3665 1203 3906 1274 Episto—

2245 1287 2313 1343 lm
2329 1289 2654 1348 consularis
2673 1306 2795 1364 pag.
2817 1290 2906 1348 85.
2926 1293 3232 1365 Catalogus
3248 1293 3459 1349 secund
3471 1309 3538 1349 us
3557 1291 3730 1348 refert
3745 1306 3906 1348 exor-

2241 1377 2404 1434 dium
2433 1381 2803 1449 pontiﬁcatus
2827 1381 3034 1453 Hygini
3061 1382 3129 1437 ad
3157 1382 3424 1438 consules
3447 1366 3809 1438 Camerinum
3844 1385 3904 1436 et

2241 1466 2505 1538 Magnum
2536 1469 2638 1540 (ita
2669 1470 2824 1526 enim
2851 1471 2996 1526 vitio
3024 1471 3464 1528 amanuensium
3497 1470 3900 1542 imperitorum

2241 1553 2450 1612 factum
2483 1562 2570 1612 est
2594 1563 2658 1614 ut
2686 1561 2920 1627 Nigrum
2946 1559 3005 1615 in
3035 1562 3300 1628 Magnum
3329 1573 3666 1616 conversum
3693 1559 3904 1615 videa-

2241 1646 2411 1717 mus),
2447 1660 2644 1718 nempe
2671 1649 3036 1704 Camerinum
3068 1654 3124 1704 et
3152 1650 3414 1721 Nigrum.
3449 1649 3604 1705 Licet
3626 1649 3685 1704 in
3715 1647 3902 1718 priori

2237 1733 2505 1807 Catalogo
2535 1735 2745 1792 lacuna
2777 1736 3056 1806 impediat
3087 1751 3155 1792 ne
3184 1738 3488 1794 consulum
3520 1737 3754 1794 nomina
3786 1735 3902 1807 legi

2241 1825 2485 1896 possint,
2527 1825 2872 1896 supplentur
2903 1825 3022 1882 haec
3053 1824 3221 1882 facile
3254 1840 3320 1882 ex
3361 1825 3820 1897 prazcedentibus
3847 1829 3906 1880 et

473 1932 643 1985 genus
678 1918 836 1972 verbo
875 1919 1106 1973 indicat.
1155 1919 1306 1974 Unde
1335 1923 1521 1989 putem
1557 1918 1700 1974 Acta
1733 1923 2060 1987 martyrum,
2092 1934 2127 1972 a
2153 1914 2208 1977 B
2237 1914 2761 1987 consequentibus;
2786 1915 3004 1986 quibus
3030 1915 3315 1972 tribuitur
3339 1916 3472 1972 vitae
3498 1916 3786 1971 terminus
3811 1915 3906 1971 de-

473 2007 705 2061 notariis
742 2011 793 2061 et
831 2007 1257 2062 subdiaconibus
1288 2009 1588 2078 primitiva
1628 2008 1880 2062 Ecclesiae
1914 2007 2131 2061 descri-

464 2099 588 2164 pta,
624 2096 684 2149 in
706 2098 1135 2166 persecutionem
1173 2097 1502 2151 Diocletiani
1538 2113 1659 2151 cum
1690 2098 1897 2151 exteris
1932 2097 2126 2150 Eccle—

467 2185 561 2238 sia:
581 2184 910 2239 membranis
933 2188 1183 2256 periisse.
1216 2186 1316 2242 Vel
1335 2187 1386 2240 si
1409 2202 1530 2256 qua:
1549 2187 1765 2254 integra
1787 2202 1854 2240 etc
1873 2186 2124 2240 incendio

467 2278 774 2338 evaserunt,
816 2290 879 2328 ea
917 2275 993 2328 ad
1028 2290 1225 2330 manus
1266 2280 1482 2330 nostras
1526 2291 1636 2330 non
1685 2277 1984 2339 devenisse,
2029 2275 2125 2329 sed

466 2367 766 2433 temporum
788 2367 1052 2416 vetustate
1076 2365 1248 2429 ferme
1271 2366 1453 2417 omnia
1478 2369 1796 2432 consumpta
1824 2379 1953 2418 esse.
1986 2364 2125 2419 Acta

465 2464 599 2508 vero
625 2451 791 2520 plura
818 2455 1037 2506 servata
1063 2455 1202 2506 sunt
1228 2457 1561 2522 martyrum,
1592 2453 1692 2522 qui
1721 2455 2127 2522 praecesserant

468 2552 486 2594 ι
530 2542 586 2594 et
623 2552 665 2593 ιι
703 2538 913 2594 saeculo
955 2552 1081 2594 atrae
1120 2539 1462 2596 Christianae
1504 2555 1634 2597 cum
1681 2540 1968 2610 descripta
2007 2541 2123 2610 jam

466 2625 654 2683 forent
678 2628 889 2699 exiguo
916 2633 1019 2684 aut
1050 2629 1209 2685 nullo
1240 2629 1499 2699 periculo
1529 2629 1636 2686 sub
1667 2629 2016 2700 Antoninis;
2045 2630 2123 2685 ita

467 2721 533 2772 ut
561 2716 915 2788 Hegesippus
945 2718 1134 2773 Roma:
1163 2731 1337 2790 agens
1369 2718 1502 2775 inde
1533 2719 1786 2790 potuerit
1811 2732 1874 2775 ea
1903 2724 2124 2789 tempe—

463 2809 609 2861 state
628 2811 928 2863 contexere
948 2807 1130 2864 libros
1151 2809 1410 2879 quinque
1431 2809 1833 2866 ecclesiasticae
1854 2809 2122 2866 Historiae

463 2895 570 2952 sub
595 2895 902 2952 Eleuthero
929 2910 1092 2968 papa,
1131 2898 1376 2954 testibus
1404 2899 1748 2970 Hieronymo
1774 2906 1828 2955 et
1849 2899 2118 2970 Eusebio,

463 2999 708 3056 quorum
737 2989 902 3042 aetate
927 2989 1269 3058 superstites
1295 2987 1476 3046 fuisse
1503 2989 1651 3045 idem
1678 2988 1963 3046 Eusebius
1984 2989 2122 3045 scri-

461 3074 550 3130 bit
579 3074 682 3130 lib.
715 3073 794 3145 lv,
826 3089 950 3145 cap.
983 3074 1074 3131 22.
1108 3077 1188 3132 Ex
1221 3077 1425 3133 iisdem
1463 3078 1908 3134 Commentariis
1937 3080 2120 3149 Hege-

459 3163 637 3235 sippi,
661 3177 789 3220 cum
816 3165 923 3220 iste
949 3163 1196 3222 fateatur
1219 3165 1388 3235 (Hist.
1416 3168 1560 3223 Eccl.
1591 3167 1695 3223 lib.
1723 3181 1801 3238 1v,
1829 3181 1951 3238 cap.
1979 3167 2034 3240 8)
2059 3182 2118 3224 se

2237 2004 2484 2060 cessoris
2522 2009 2578 2060 et
2617 2004 2854 2061 initium
2894 2005 3262 2075 episcopatus
3297 2005 3357 2060 in
3396 2019 3745 2062 successore.
3786 2006 3904 2061 Po—

2237 2093 2434 2148 stremi
2461 2093 2748 2164 consules,
2781 2109 2925 2166 quos
2947 2095 3095 2150 idem
3117 2093 3425 2165 Catalogus
3451 2100 3714 2151 numerat
3741 2093 3902 2150 sedis

2223 2175 2586 2253 Telesphori,
2613 2188 2751 2239 sunt
2773 2184 2958 2240 Ctesar
2981 2187 3037 2239 et
3062 2183 3337 2239 Balbinus
3361 2182 3652 2255 (Albinum
3680 2196 3899 2240 corru-

2235 2273 2328 2338 pte
2361 2270 2614 2326 reddidit
2642 2273 3012 2328 amanuensis
3055 2285 3167 2330 una
3195 2271 3387 2326 littera
3417 2270 3664 2342 dempta)
3691 2283 3900 2340 nempe

2233 2359 2298 2413 L.
2334 2361 2511 2414 Elius
2551 2360 2730 2414 Caesar
2767 2363 2826 2416 ΙΙ
2851 2367 2901 2416 et
2929 2363 2990 2416 P.
3041 2361 3236 2416 Caelius
3279 2361 3569 2423 Balbinus,
3604 2359 3685 2416 ita
3717 2359 3897 2414 incisi

2237 2446 2297 2502 in
2327 2447 2621 2504 Auximati
2667 2464 2948 2506 marmore
2987 2451 3137 2520 apud
3165 2452 3474 2506 Gruterum
3507 2448 3606 2506 fol.
3635 2461 3896 2521 ccccxnv,

2239 2533 2326 2608 40,
2355 2538 2542 2607 posito
2565 2551 2621 2593 v1
2649 2539 2785 2594 Idus
2807 2539 2971 2595 Julii.
3001 2541 3113 2595 Hos
3142 2539 3410 2596 consules
3439 2539 3697 2610 proxime
3726 2539 3899 2594 exci—

2235 2625 2408 2695 piunt
2439 2627 2776 2684 Camerinus
2814 2632 2870 2684 et
2899 2629 3073 2700 Niger
3119 2629 3178 2684 in
3220 2628 3408 2684 Fastis
3447 2627 3894 2699 Consularibus,

2235 2721 2440 2785 quarto
2489 2716 2707 2774 Christi
2758 2717 2969 2775 saeculo
3023 2717 3334 2788 descriptis
3381 2716 3654 2789 (adeoque
3702 2719 3898 2774 astatis

2231 2804 2484 2874 ejusdem
2525 2819 2656 2862 cum
2701 2807 2883 2876 priori
2917 2806 3205 2879 Catalogo)
3239 2812 3295 2863 et
3327 2821 3359 2862 ιι
3395 2805 3676 2863 Bucherio
3711 2807 3896 2863 simul

2231 2893 2427 2965 editis,
2455 2893 2769 2952 illustratis
2790 2910 2920 2952 vero
2937 2909 2968 2952 a
2989 2895 3145 2952 card.
3171 2896 3404 2952 Norisio
3427 2896 3487 2950 in
3505 2895 3737 2951 dissert.
3765 2902 3899 2966 post
3933 2911 3940 2918 ·

2230 2983 2476 3052 epochas
2533 2985 3070 3056 Syromacedonum.
3131 2986 3300 3040 Recte
3351 2985 3536 3056 igitur
3595 2990 3898 3054 ponuntur

2232 3073 2502 3140 postremi
2535 3074 2802 3130 consules
2819 3075 3164 3144 Telesphoro
3187 3073 3468 3146 assignati
3490 3073 3676 3130 Elius
3707 3073 3896 3129 Caesar

2229 3160 2287 3214 II
2311 3166 2368 3217 et
2394 3162 2681 3226 Balbinus,
2714 3169 2771 3218 et
2802 3164 2974 3234 primi
3006 3163 3228 3235 Hygino
3257 3163 3526 3219 attributi
3571 3163 3896 3218 Camerinus

457 3253 687 3310 dedisse
705 3252 1001 3324 complura
1023 3269 1148 3325 qua:
1168 3254 1526 3312 verissimam
1547 3236 1878 3327 apostolicae
1901 3236 2117 3326 praedi-
2145 3251 2196 3316 C.
2224 3236 2285 3304 'et
2313 3251 2500 3318 Niger.
2536 3253 2758 3308 Rursus
2795 3253 3212 3308 conﬁrmantur
3240 3267 3309 3308 ex
3337 3252 3476 3308 aliis
3507 3252 3896 3323 praecedenti-

457 3341 708 3400 cationis
728 3341 1031 3398 historiam
1053 3342 1599 3416 complectebantur,
1623 3351 1678 3401 et
1701 3344 1986 3414 praecipue
2003 3345 2117 3400 Ca-

457 3430 733 3503 talogum,
779 3434 836 3486 et
879 3432 1298 3488 successionem
1349 3433 1686 3504 pontiﬁcum
1731 3436 2115 3492 Romanorum

456 3519 696 3590 colligat
733 3533 847 3576 non
899 3520 958 3576 in
1001 3534 1116 3577 uno
1165 3519 1288 3577 loco
1332 3521 1518 3591 (ibid,
1563 3536 1688 3592 cap.
1733 3520 1842 3596 22),
1875 3536 2118 3596 arguere

455 3622 761 3680 possumus
785 3607 1144 3679 superfuisse
1170 3611 1528 3667 notariorum
1548 3611 1706 3683 Acta,
1731 3612 2115 3683 exprimentia

454 3710 678 3766 nomen,
715 3697 980 3768 patriam,
1017 3699 1304 3769 regionem
1335 3706 1391 3755 et
1419 3713 1600 3756 annos
1629 3700 1794 3758 illius
1823 3702 2115 3771 pontiﬁcis

454 3784 554 3856 qui
589 3786 862 3856 martyrio
891 3785 1248 3843 adiciebatur
1278 3805 1292 3856 ;
1329 3793 1593 3844 monente
1623 3790 1796 3845 etiam
1828 3790 2114 3861 Cypriano

455 3872 556 3928 lib.
582 3887 670 3944 ιιι,
693 3874 937 3945 epistola
961 3873 1014 3940 6,
1037 3875 1104 3930 ad
1135 3875 1498 3945 presbyteros
1523 3883 1580 3932 et
1597 3877 1875 3936 diaconos
1900 3881 2116 3936 Roma-

456 3974 560 4016 nos
589 3961 740 4030 data,
775 3967 839 4017 ut
867 3975 938 4017 ne
969 3963 1299 4018 omitterent
1337 3963 1676 4036 consignare
1720 3967 1874 4022 diem
1918 3967 2115 4024 obitus

435 4062 653 4113 .eorum
685 4050 787 4120 qui
822 4049 882 4104 iu
913 4063 1138 4106 carcere
1177 4064 1280 4122 pro
1317 4050 1547 4110 Christo
1585 4054 1922 4112 decedentes
1951 4061 2116 4112 erant

458 4137 812 4209 martyribus
845 4140 1204 4195 accensendi.

532 4225 616 4282 48.
650 4227 802 4298 Quin
827 4228 998 4284 etiam
1031 4227 1258 4286 loculus
1289 4230 1632 4302 sepulcralis
1664 4243 1774 4286 non
1808 4242 1938 4286 raro
1969 4245 2116 4287 con—

459 4316 798 4389 signabatur
836 4316 934 4373 die
980 4323 1036 4373 et
1085 4333 1235 4375 anno
1281 4317 1668 4388 depositionis
1717 4318 1972 4376 indicato
2017 4335 2117 4391 per

457 4406 723 4463 consules
738 4406 1103 4476 ordinarios;
1121 4406 1271 4476 quod
1293 4406 1351 4460 in
1374 4406 1616 4476 privatis
1631 4407 1800 4464 etiam
1824 4407 2112 4480 ﬁdelibus,

462 4509 564 4552 nec
593 4495 870 4564 martyrio
897 4493 1138 4566 affectis,
1169 4508 1271 4550 nec
1301 4496 1618 4553 sacerdotio
1651 4496 1950 4570 insignitis
1978 4513 2116 4570 pas-

2231 3339 2614 3412 l)u.collegiis
2629 3341 2686 3396 in
2706 3345 2947 3412 utroque
2962 3341 3230 3413 Catalogo
3250 3341 3552 3398 recensitis
3569 3356 3696 3398 cum
3715 3342 3896 3398 annis

2234 3428 2588 3500 pontiﬁcum,
2612 3433 2668 3485 et
2685 3429 2929 3500 pariatis
2949 3444 3079 3485 cum
3100 3430 3272 3485 annis
3293 3431 3720 3500 imperatorum.
3747 3433 3892 3486 Nam

2233 3523 2471 3589 uterque
2490 3518 2794 3591 Catalogus
2815 3519 3074 3590 assignat
3094 3519 3439 3589 Telesphoro
3465 3533 3646 3576 annos
3669 3521 3894 3590 episco-

2229 3611 2397 3678 patus
2442 3608 2732 3678 undecim,
2784 3613 2840 3664 et
2889 3622 3110 3664 menses
3157 3614 3294 3680 tres,
3334 3609 3575 3679 ejusque
3623 3611 3893 3680 proximo

2225 3697 2513 3753 decessori
2561 3697 2742 3769 Xysto
2785 3711 2967 3754 annos
3005 3699 3219 3771 decem,
3263 3704 3319 3755 et
3365 3712 3582 3754 menses
3611 3699 3760 3755 duos
3803 3699 3892 3755 vel

2227 3791 2341 3843 tres
2389 3806 2402 3842 :
2453 3801 2697 3858 quorum
2749 3787 2828 3844 sit
2871 3789 3172 3846 exordium
3221 3787 3529 3860 collegium
3579 3788 3893 3845 consulum

2224 3877 2388 3948 Nigri
2421 3882 2478 3932 et
2505 3877 2842 3948 Aproniani,
2878 3877 3010 3932 ﬁnis
3041 3891 3172 3933 vero
3195 3878 3351 3933 Coss.
3385 3878 3564 3933 Verus
3593 3882 3650 3932 et
3677 3877 3895 3934 Ambi-

2225 3963 2419 4020 bulus.
2447 3966 2679 4020 Summa
2704 3966 3141 4035 episcopatuum
3166 3966 3332 4034 Xysti
3357 3971 3413 4019 et
3431 3965 3763 4034 Telesphori
3788 3967 3894 4024 dat

2223 4064 2408 4106 annos
2439 4066 2539 4106 xxx
2562 4057 2618 4107 et
2646 4066 2866 4107 menses
2891 4053 3126 4107 circiter
3147 4066 3260 4107 sex.
3291 4052 3582 4106 Adrianus
3609 4052 3667 4106 in
3697 4053 3896 4124 impe-

2227 4139 2316 4193 rio
2341 4139 2530 4210 exegit
2549 4153 2731 4195 annos
2756 4154 2834 4195 xx
2862 4145 2917 4194 et
2945 4154 3165 4196 menses
3190 4155 3270 4211 xi,
3302 4141 3482 4196 Dione
3509 4147 3650 4198 teste
3674 4142 3732 4197 in
3761 4145 3812 4214 ej
3825 4161 3894 4202 us

2225 4226 2392 4298 Vita;
2429 4228 2523 4284 cui
2553 4229 2774 4284 nummi
2805 4233 2863 4284 et
2889 4228 3110 4298 lapides
3136 4229 3548 4302 suffragantur,
3581 4231 3631 4286 si
3663 4234 3888 4291 Norisii

2227 4316 2654 4374 observationes
2709 4317 3090 4375 adhibeamus
3137 4319 3318 4389 Epist.
3373 4319 3710 4376 Consularis
3755 4337 3884 4396 pag.

2224 4404 2314 4462 8‘5.
2345 4406 2452 4462 Dio
2480 4410 2667 4462 autem
2695 4407 2876 4462 tradit
2899 4421 2958 4464 se
2983 4409 3272 4478 accepisse
3301 4422 3367 4464 ea
3393 4423 3518 4480 quae
3544 4409 3783 4480 scripsit
3815 4412 3888 4468 ab

2224 4495 2574 4568 Aproniano,
2603 4501 2760 4567 patre
2781 4511 2906 4568 suo,
2939 4497 3037 4568 qui
3069 4503 3206 4554 tunc
3229 4497 3442 4554 Chiciaa
3465 4505 3725 4568 praeerat,
3751 4514 3886 4557 cum

459 4584 570 4640 sim
593 4583 1739 4654 occurrit,duminspicimuscoemeteria
1760 4585 2532 4667 suburbana,Ddecedente
2588 4587 2831 4656 Trajano
2886 4587 2946 4642 in
2999 4588 3193 4643 eadem
3259 4587 3574 4657 provincia,
3639 4586 3886 4646 Adriani

461 4677 518 4730 et
547 4671 755 4729 titulos
789 4671 1037 4744 legimus
1074 4671 1159 4728 vel
1195 4673 1253 4728 in
1297 4674 1518 4746 cryptis
1557 4679 1892 4749 martyrum,
1933 4677 2020 4734 vel
2054 4679 2115 4736 in

461 4762 636 4820 libris
677 4763 868 4818 Romae
911 4761 1315 4832 subterranea,
1365 4762 1600 4821 eﬁ'ossas
1644 4765 1776 4822 inde
1806 4766 2034 4824 tabulas
2061 4774 2119 4824 et

461 4851 801 4925 epigraphes
823 4851 1292 4908 memorantibus.
1313 4853 1461 4910 Hinc
1481 4853 1763 4910 Eusebius
1785 4857 1975 4926 potuit
1998 4857 2118 4914 Ro—

465 4955 762 4999 manorum
805 4939 1138 5012 pontiﬁcum
1185 4942 1356 4998 initia
1385 4949 1441 4999 et
1471 4945 1856 5001 successionis
1893 4951 2117 5018 tempus

465 5031 748 5103 ﬁnemque
790 5029 1050 5087 conferre
1093 5044 1223 5088 cum
1267 5032 1438 5088 annis
1485 5033 1894 5104 imperatorum
1943 5038 2113 5106 (quod

465 5135 612 5191 saepe
630 5119 784 5192 facit)
799 5135 868 5177 ex
887 5121 1108 5177 indicio
1123 5121 1480 5192 consulatus,
1506 5137 1618 5192 quo
1635 5123 1849 5180 electus
1870 5125 2118 5196 quisque

469 5208 655 5265 fuerat
691 5210 760 5265 ad
807 5211 1058 5282 regimen
1110 5210 1378 5266 Ecclesiae
1422 5212 1854 5281 capessendum,
1903 5220 1958 5270 et
2003 5230 2117 5286 quo

468 5298 851 5355 sacerdotium
879 5313 945 5356 ac
974 5301 1148 5357 vitam
1179 5301 1517 5372 expleverat.
1553 5303 1884 5373 Exemplum
1915 5304 2119 5362 demus

469 5389 530 5444 in
557 5387 902 5456 Telesphoro
930 5393 986 5443 et
1009 5389 1250 5460 Hygino.
1281 5389 1500 5446 Scribit
1525 5391 1809 5448 Eusebius
1834 5391 1978 5449 Hist.
2009 5392 2112 5450 lib.

467 5490 548 5546 Iv,
589 5489 712 5545 cap.
759 5470 825 5530 40
855 5492 870 5528 :
899 5475 1154 5533 Caeterum
1195 5479 1452 5534 Adriano
1490 5482 1605 5534 vita
1641 5484 1955 5550 perfuncto,
1997 5499 2117 5537 cum

467 5581 641 5621 unum
669 5568 720 5619 et
745 5565 945 5631 viginti
972 5581 1142 5620 annos
1180 5567 1516 5638 imperasset,
1555 5569 1875 5624 Antoninus
1913 5585 2118 5639 cogno—

467 5659 644 5713 mento
685 5655 818 5710 Pius
861 5653 1392 5712 administrationem
1431 5660 1650 5729 imperii
1685 5661 1938 5731 suscepit.
1986 5661 2117 5715 Hu—

457 5747 559 5818 jus
610 5759 760 5802 anno
797 5743 979 5816 primo
1023 5757 1145 5800 cum
1199 5744 1549 5818 Telesphorus
1593 5750 1886 5819 migrasset
1926 5766 1954 5806 e
1999 5752 2116 5807 vita

2226 4675 2482 4744 adoptio,
2504 4679 2561 4730 et
2581 4673 2889 4745 imperium
2913 4673 3162 4732 factione
3186 4675 3425 4732 Plotina:
3447 4676 3746 4746 processit.
3771 4678 3884 4748 Qui

2227 4762 2493 4818 consules
2516 4763 2696 4834 igitur
2716 4762 2952 4820 fuerunt
2971 4765 3280 4836 ordinarii,
3307 4765 3550 4834 Trajano
3575 4765 3884 4824 decedente

2225 4853 2525 4908 Selinunte
2567 4852 2664 4908 die
2710 4850 2775 4908 40
2817 4854 3062 4924 Augusti
3101 4852 3355 4925 (fuerunt
3393 4859 3582 4910 autem
3622 4855 3800 4926 Niger
3829 4862 3884 4914 et

2226 4941 2613 5012 Apronianus,
2645 4947 2710 4998 ut
2735 4943 3002 4999 universa
3031 4945 3379 5000 monimenta
3405 4944 3800 5017 comprobant,
3827 4953 3882 5003 et

2229 5031 2498 5088 historici
2524 5046 2653 5088 cum
2678 5033 2897 5104 Dione),
2925 5035 3150 5089 eosdem
3181 5033 3457 5090 incidisse
3478 5032 3772 5090 fatendum
3797 5042 3883 5092 est

2231 5121 2289 5175 in
2321 5121 2620 5178 exordium
2652 5122 2840 5192 Xysti.
2875 5123 3122 5194 Uterque
3148 5127 3336 5179 autem
3363 5123 3659 5195 catalogus
3690 5125 3881 5193 pariat

2232 5210 2469 5268 initium
2517 5210 2685 5283 Xysti
2731 5225 2861 5268 cum
2912 5211 3116 5268 iisdem
3164 5212 3318 5268 Coss.
3370 5213 3548 5284 Nigro
3594 5217 3650 5268 et
3695 5213 3881 5271 Anto—

2229 5304 2421 5360 niano.
2457 5302 2689 5358 Decimo
2717 5305 2905 5356 autem
2937 5300 3008 5355 ab
3041 5301 3163 5356 illis
3190 5301 3314 5358 loco
3354 5301 3792 5371 subsequuntur
3823 5304 3876 5358 in

2231 5391 2400 5448 fastis
2421 5394 2598 5448 Verus
2616 5396 2672 5447 et
2692 5389 3059 5461 Ambibulus,
3084 5406 3228 5461 quos
3250 5391 3466 5462 pariter
3484 5395 3706 5462 aequata
3729 5393 3877 5450 ratio

2229 5495 2507 5538 annorum
2544 5480 2807 5538 undecim
2837 5479 3020 5552 Xysto
3050 5482 3475 5553 assignatorum
3505 5481 3763 5538 ostendit
3785 5497 3877 5538 re-

2229 5571 2524 5642 spondere.
2552 5572 2878 5628 Consensus
2900 5570 3096 5642 itaque
3117 5585 3352 5626 summa:
3372 5585 3654 5628 annorum
3677 5577 3792 5628 tam
3817 5572 3872 5627 in

2229 5660 2470 5732 imperio
2501 5662 2828 5733 principum
2869 5674 3040 5732 quam
3082 5661 3141 5716 in
3172 5661 3508 5732 episcopatu
3540 5659 3873 5734 pontiﬁcum

2225 5751 2607 5809 Romanorum
2641 5748 2990 5822 respondens
3019 5746 3320 5806 laterculis
3360 5750 3666 5809 consulum
3707 5755 3873 5810 utro—
