3996 6398
201 360 262 421 49
1747 360 2131 420 ΡΒᾸΞΡΑΤΙΟ.
3569 361 3642 422 50

202 487 370 559 bique
395 487 632 561 positis,
683 491 801 546 tam
835 488 896 546 in
925 489 1202 562 catalogis
1235 490 1568 548 memoratis
1599 503 1768 563 quam
1803 490 1864 547 in
1890 487 2183 562 Areperit
2219 488 2468 560 primum
2500 489 2864 565 catalogum;
2897 505 2966 548 ex
2999 489 3218 549 indicio
3240 487 3636 562 praefectorum

205 578 430 634 Eusebii
463 578 759 636 Chronico
789 585 846 636 et
875 580 1150 651 Historia,
1175 583 1370 639 eodem
1412 581 1620 639 saculo
1646 581 1864 652 scripta

203 683 305 740 quo
334 669 500 739 prior
521 669 834 741 Catalogus
860 670 1154 740 edebatur,
1195 673 1549 729 demonstrat
1572 673 1673 728 illa
1701 677 1866 728 atate

201 757 558 830 superfuisse
587 760 882 816 indiculos
903 767 960 818 et
999 763 1336 818 documenta
1366 763 1725 819 notariorum
1753 765 1867 819 Ec—

201 848 383 904 clesia
410 850 703 915 Romana,
741 851 891 906 unde
913 851 1224 921 scriptores
1254 852 1510 924 Cata10gi
1533 866 1646 908 non
1671 852 1866 909 minus

200 945 408 995 certam
443 954 617 1010 quam
657 939 946 997 Eusebius
977 941 1384 1016 chonologiam
1414 948 1470 999 et
1495 943 1702 999 seriem
1733 957 1866 1012 pon-

201 1027 415 1084 tiﬁcum
440 1028 880 1085 concinnarent.

267 1114 350 1171 l9.
388 1119 602 1173 Verum
633 1118 768 1189 quis
815 1118 1042 1175 dubitet
1093 1124 1258 1176 atate
1284 1120 1520 1178 Eusebii
1551 1124 1608 1177 et
1649 1120 1864 1191 prioris

197 1206 449 1279 Catalogi
465 1207 536 1262 ad
565 1207 859 1263 Liberium
889 1209 1292 1282 pertingentis,
1310 1211 1370 1267 in
1393 1211 1647 1267 Ecclesia
1667 1211 1866 1267 Roma-

199 1297 894 1355 naexstitisseindiculos
927 1313 1208 1356 annorum
1223 1301 1867 1371 etconsulatuum,uni-

196 1389 408 1458 cuique
432 1388 698 1458 pontiﬁci
722 1389 1188 1459 assignatorum?
1207 1405 1338 1447 cum
1361 1391 1500 1447 Acta
1525 1396 1860 1464 martyrum,

197 1478 289 1548 qui
325 1479 523 1533 Roma
545 1479 863 1548 prasertim
905 1479 1274 1549 patiebantur
1299 1485 1464 1538 atate
1493 1480 1564 1536 ab
1584 1481 1865 1552 apostolis

197 1568 479 1638 proxima,
518 1582 771 1640 persape
796 1569 1122 1639 exprimant
1164 1572 1401 1627 nomina
1432 1571 1736 1627 consulum
1764 1575 1865 1626 aut

196 1655 603 1728 prafectorum
649 1659 810 1727 Urbi,
845 1664 946 1715 aut
973 1659 1204 1730 imperii
1236 1661 1590 1732 principum,
1623 1666 1681 1716 et
1710 1661 1863 1717 diem

191 1747 506 1818 passionis.
539 1750 598 1804 ln
620 1748 782 1804 Actis
808 1749 991 1805 sancti
1015 1750 1248 1822 Ignatii,
1281 1764 1338 1806 n.
1375 1748 1412 1805 2
1435 1757 1491 1806 et
1517 1765 1572 1806 n.
1605 1748 1642 1805 8
1662 1751 1866 1806 editio-

1980 581 2216 652 perinde
2236 595 2301 637 ac
2330 595 2398 638 ex
2430 582 2664 638 notione
2712 581 3018 639 consulum
3047 583 3294 652 epochas
3324 585 3637 652 martyrum

1976 667 2251 742 (adeoque
2299 676 2355 728 et
2403 671 2766 744 pontiﬁcum)
2817 671 3015 744 colligi
3071 686 3234 740 posse
3284 676 3637 743 compertum

1978 760 2142 817 foret.
2176 762 2392 831 Quarto
2416 768 2608 818 autem
2658 763 2870 818 saculo
2900 761 3117 818 Christi
3166 763 3304 818 dum
3335 761 3641 833 Catalogus

1981 852 2139 921 prior
2190 851 2683 920 conscribebatur,
2741 852 2945 908 seriem
3004 849 3400 922 prafectorum
3461 850 3642 908 fuisse

1979 947 2331 1014 perspectam
2353 942 2948 1016 arguitfragmentum
2982 943 3127 999 illud
3160 956 3512 1013 praservans
3546 956 3643 1013 per

1977 1032 2197 1088 solidos
2239 1046 2423 1088 annos
2465 1038 2696 1089 centum
2746 1031 3010 1105 singulos
3059 1045 3438 1088 successores.
3486 1032 3642 1086 Hanc

1974 1135 2106 1178 vero
2132 1122 2637 1194 consuetudinem,
2681 1123 2802 1179 sive
2830 1123 3003 1179 etiam
3034 1121 3430 1178 necessitatem
3466 1119 3646 1176 histo-

1976 1211 2151 1267 ricam
2185 1213 2411 1269 eosdem
2446 1213 2819 1284 magistratus
2855 1211 3339 1269 commemorandi
3374 1211 3433 1266 in
3467 1209 3644 1282 gestis

1974 1301 2243 1358 Ecclesia
2273 1302 2532 1375 viguisse
2559 1303 2684 1359 dixi
2715 1307 2882 1359 atate
2929 1302 2999 1358 ab
3047 1301 3326 1372 apostolis
3362 1300 3640 1372 proxima.

1976 1392 2170 1462 Neque
2197 1392 2255 1448 id
2292 1392 2474 1448 moris
2499 1394 2657 1463 justo
2685 1392 2978 1449 maturius
3007 1406 3039 1448 a
3063 1405 3150 1448 me
3174 1391 3436 1448 inchoari
3471 1389 3646 1462 quis-

1978 1481 2132 1553 piam
2167 1487 2408 1554 reputet,
2443 1497 2574 1538 cum
2628 1482 2981 1555 evangelicis
3032 1481 3288 1539 oraculis
3315 1481 3642 1549 doceamus,

1977 1585 2009 1626 a
2062 1570 2262 1627 divino
2306 1572 2532 1641 Spiritu
2586 1572 2862 1629 dictatam
2917 1571 3173 1642 regulam
3208 1571 3290 1626 ita
3328 1569 3643 1626 deﬁniendi

1976 1661 2224 1731 epochas
2244 1660 2561 1716 illustrium
2592 1666 2880 1734 gestorum
2911 1661 3153 1730 Christi,
3185 1661 3426 1731 ejusque
3455 1657 3646 1714 disci—

1980 1751 2271 1823 pulorum.
2315 1751 2540 1805 Natalis
2562 1751 2792 1808 Domini
2825 1753 3201 1824 consignatus
3230 1765 3262 1807 a
3292 1750 3347 1805 S.
3377 1749 3642 1805 Matthao

193 1838 284 1893 nis
311 1837 621 1895 Ruinartii
656 1839 906 1911 legimus
950 1854 1181 1912 quoque
1221 1854 1434 1896 annum
1473 1840 1705 1911 imperii
1735 1855 1864 1897 cum
1893 1823 1946 1884 Β
1977 1840 2195 1914 (Matth.
2231 1842 2268 1916 ι)
2301 1855 2403 1912 per
2426 1855 2609 1897 annos
2633 1847 2952 1912 postremos
2976 1843 3136 1914 regni
3159 1839 3400 1898 Herodis
3429 1839 3642 1912 Magni,

186 1927 541 1984 consulibus
573 1929 884 1998 pariatum.
909 1932 1077 1986 Facta
1117 1933 1301 1984 autem
1331 1935 1459 1984 sunt
1486 1930 1596 1984 hac
1621 1931 1710 1984 die
1741 1935 1868 1985 ante

186 2031 288 2072 xm
322 2019 455 2072 Kal.
491 2021 804 2073 Ianuarias
821 2020 1248 2088 praesidentibus
1275 2019 1426 2088 apud
1464 2021 1732 2074 Romanos
1757 2021 1870 2088 Sy-

186 2110 270 2160 ria
294 2113 344 2160 et
365 2107 602 2162 Senecio
635 2107 874 2160 secundo
921 2106 1024 2177 (ita
1071 2106 1286 2162 habent
1333 2121 1489 2164 num.
1522 2107 1576 2172 8,
1632 2122 1872 2164 numero

71 2227 76 2233 -
183 2205 371 2254 autem
394 2196 434 2252 2
459 2197 782 2266 scribitur)
805 2201 929 2268 post
953 2213 1163 2252 annum
1185 2202 1443 2266 quartum
1465 2193 1669 2271 [Ruin.
1697 2199 1873 2255 corri-

182 2288 268 2358 git
306 2285 564 2361 nonum]
603 2286 858 2354 Trajani,
894 2289 1121 2356 ejusque
1150 2289 1409 2342 victorias
1450 2288 1516 2343 de
1563 2289 1780 2357 Scythis
1811 2306 1874 2343 ac

185 2378 506 2432 Thracibus
543 2372 844 2449 [intellige
873 2378 1062 2448 Dacis]
1097 2382 1416 2446 reportatas
1437 2392 1500 2434 ea
1531 2379 1866 2450 contigisse.

179 2467 236 2522 C.
277 2467 497 2523 Sosius
529 2466 771 2521 Senecio
822 2466 898 2522 III
941 2471 996 2522 et
1028 2468 1085 2522 L.
1125 2466 1390 2523 Licinius
1433 2467 1577 2523 Sura
1634 2469 1680 2523 II
1707 2467 1863 2524 Coss.

171 2571 332 2612 anno
375 2555 622 2626 Trajani
685 2559 892 2626 quarto
948 2561 1368 2628 processerunt,
1421 2561 1477 2613 et
1522 2557 1868 2628 interposito

170 2645 603 2717 quinquennio
625 2659 756 2699 cum
779 2658 966 2701 nonus
982 2659 1171 2702 annus
1189 2645 1452 2716 ejusdem
1470 2646 1699 2717 imperii
1722 2647 1871 2704 labe-

169 2740 362 2803 retur,
391 2734 576 2790 iidem
592 2734 864 2790 consules
880 2735 1116 2792 Senecio
1133 2737 1268 2791 lVet
1290 2735 1364 2791 Su
1375 2749 1435 2791 ra
1451 2737 1521 2791 III
1540 2734 1720 2793 fastos
1745 2751 1870 2808 ape-

1979 1946 2012 1989 a
2046 1934 2100 1988 S.
2141 1933 2293 1989 Luca
2326 1932 2624 1988 indicatur
2669 1945 2766 2001 per
2807 1932 3254 2002 descriptionem
3288 1931 3552 2002 primam,
3578 1945 3645 1987 ex

1982 2022 2172 2077 edicto
2201 2020 2454 2094 Augusti
2483 2018 2691 2076 factam
2712 2019 2958 2089 praside
2976 2020 3152 2089 Syria
3176 2020 3385 2088 Cyrino
3405 2019 3536 2090 (Luc
3563 2019 3646 2090 ιι).

1982 2111 2253 2180 Ejusdem
2299 2109 2626 2180 baptismus
2652 2122 2716 2164 ac
2770 2107 3105 2179 pradicatio
3134 2108 3370 2163 Joannis
3405 2106 3650 2165 refertur

1984 2201 2053 2256 ad
2075 2213 2289 2256 annum
2305 2199 2576 2270 quintum
2591 2197 2876 2254 decimum
2903 2197 3133 2266 imperii
3156 2195 3374 2252 Tiberii
3388 2195 3648 2267 Casaris,

1987 2293 2332 2362 procurante
2379 2288 2582 2344 Pontio
2611 2287 2797 2342 Pilato
2827 2286 3100 2356 Judaam,
3147 2286 3436 2342 tetrarcha
3461 2288 3649 2341 autem

1983 2378 2237 2436 Galilaa
2257 2378 2494 2447 Herode,
2521 2377 2792 2447 Philippo
2809 2381 3000 2433 autem
3022 2374 3197 2432 fratre
3214 2377 3342 2446 ejus
3364 2375 3652 2432 tetrarcha

1983 2471 2203 2525 Ituraa
2228 2473 2285 2525 et
2306 2466 2741 2524 Trachonitidis
2768 2465 3044 2538 regionis,
3071 2469 3126 2521 et
3148 2465 3381 2536 Lysinia
3402 2464 3649 2520 Avilinae

1949 2553 2292 2628 'tetrarcha,
2347 2556 2455 2613 sub
2510 2555 2881 2627 principibus
2943 2555 3306 2612 sacerdotum
3363 2554 3525 2610 Anna
3593 2561 3649 2609 et

1979 2647 2195 2718 Caipha
2218 2647 2369 2719 (Luc.
2407 2646 2528 2718 III);
2555 2647 2727 2717 cujus
2768 2645 2942 2702 etiam
2974 2645 3249 2717 postremi
3277 2657 3471 2700 annuo
3497 2656 3646 2713 pon-

1981 2738 2206 2794 tiﬁcatu
2250 2737 2592 2809 designatur
2641 2750 2674 2792 a
2731 2736 3017 2807 Matthao,
3081 2737 3290 2806 Marco,
3345 2739 3400 2790 et
3433 2734 3648 2789 Joanne

1979 2842 2170 2884 annus
2217 2827 2534 2882 Dominica
2590 2822 2882 2897 passionis
2933 2824 3148 2896 (Matth.
3218 2836 3382 2895 xxvx,
3432 2821 3486 2894 3,
3542 2819 3646 2892 47;

1980 2920 2156 2973 Marci
2195 2931 2314 2989 xvr,
2366 2915 2427 2972 64
2462 2935 2478 2988 ς
2515 2919 2674 2971 Joan.
2711 2931 2795 2987 ιι,
2825 2913 2933 2987 49;
2978 2929 3148 2987 xvm,
3198 2912 3302 2987 44).
3335 2913 3647 2985 Apostolo—

74 2869 80 2875 .
167 2830 454 2881 ruerunt.
500 2824 761 2880 Victoria
793 2838 926 2881 vero
950 2826 1182 2895 Trajani
1211 2826 1416 2882 Dacica
1447 2826 1695 2899 contigit
1716 2842 1867 2885 anno

161 2921 340 2970 sexto
376 2915 620 2984 imperii
644 2915 899 2984 Trajani,
939 2916 1182 2986 ejusque
1207 2915 1537 2972 tribunitia
1564 2919 1868 2988 potestatis

163 3003 451 3069 habente,
510 3009 577 3058 ut
617 3017 685 3058 ex
732 3004 1185 3061 numismatibus
1231 3005 1557 3061 luculenter
1603 3007 1870 3077 probavit
1981 3022 2109 3063 rum
2136 3021 2268 3063 vero
2310 3011 2467 3077 gesta
2496 3020 2594 3077 per
2634 3007 2689 3062 S.
2741 3007 2949 3062 Lucam
2981 3006 3172 3062 Roma
3205 3003 3534 3074 conscripta
3560 3008 3645 3060 tot

155 3093 703 3149 eminentissimus
731 3094 1006 3150 Norisius
1029 3094 1304 3164 Epistola
1331 3095 1691 3167 Consularis,
1737 3110 1861 3169 pag.
1978 3095 2528 3153 abundantindiciis
2550 3095 2940 3168 chronologia
2962 3110 3062 3167 per
3082 3094 3480 3152 successiones
3508 3107 3641 3164 pra-

154 3182 255 3238 66.
299 3182 503 3251 Quare
533 3183 802 3239 monebat
829 3188 980 3240 recte
1021 3184 1370 3240 Ruinartius
1403 3191 1528 3255 post
1571 3203 1780 3242 annum
1812 3202 1865 3243 IV
1895 3197 1944 3264 ρ
1977 3185 2169 3241 sidum
2195 3184 2390 3257 Syria,
2422 3191 2479 3240 et
2513 3185 2906 3257 magistratus,
2938 3189 3061 3241 tum
3085 3185 3144 3242 in
3179 3183 3498 3254 provinciis
3519 3187 3640 3238 tum

161 3275 424 3342 Trajani
470 3274 743 3330 mendum
794 3288 918 3330 esse
966 3275 1338 3331 amanuensis
1381 3277 1659 3332 vertentis
1716 3278 1774 3334 in
1807 3292 1863 3333 ιν
1976 3275 2166 3331 Roma
2195 3281 2395 3346 agente
2432 3274 2604 3331 Paulo
2641 3274 2856 3332 ibidem
2888 3275 3222 3346 recensitos,
3253 3276 3318 3329 ut
3341 3273 3396 3329 S.
3431 3272 3639 3328 Hiero-

157 3378 495 3420 numerum
533 3377 629 3432 Ix;
673 3364 768 3420 cui
823 3364 1038 3434 optime
1092 3365 1361 3421 convenit
1391 3366 1605 3436 epocha
1643 3367 1864 3423 Dacica
1976 3379 2181 3436 nymus
2235 3364 2471 3437 colligat
2501 3364 2806 3422 historiam
2867 3365 3191 3438 pertingere
3235 3364 3310 3418 ad
3360 3363 3640 3418 biennium

155 3453 442 3509 victoria
466 3458 604 3509 ante
627 3453 949 3509 triennium
972 3453 1185 3525 relata,
1205 3460 1261 3511 et
1278 3455 1572 3525 expeditio
1595 3461 1860 3527 suscepta
1972 3455 2151 3508 Roma
2187 3456 2566 3509 commorantis
2595 3455 2778 3526 Pauli,
2820 3455 2882 3510 id
2910 3460 3009 3527 est,
3060 3469 3234 3525 usque
3257 3453 3334 3507 ad
3376 3456 3636 3522 quartum

162 3543 230 3598 in
265 3543 528 3598 Parthos
558 3548 616 3598 et
649 3543 708 3599 in
740 3544 1093 3615 Armeniam,
1145 3558 1272 3615 qua
1317 3544 1376 3600 in
1409 3546 1665 3615 ejusdem
1696 3546 1857 3603 Actis
1971 3545 2202 3599 Neronis
2248 3560 2457 3598 annum
2521 3545 2596 3613 (S.
2643 3545 2972 3615 Hieronym.
3035 3545 3095 3598 in
3157 3544 3251 3598 lib.
3298 3543 3365 3598 de
3429 3542 3632 3613 Script.

159 3633 405 3704 pariter
456 3638 832 3690 memoratur.
867 3634 934 3690 Et
965 3647 1159 3690 revera
1205 3640 1510 3690 contextus
1550 3635 1852 3694 verborum
1968 3631 2112 3685 Eccl.
2150 3635 2207 3686 in
2246 3633 2749 3705 Luc.).Hisigitur
2769 3633 3052 3704 exemplis
3071 3632 3290 3688 eruditi
3323 3631 3636 3701 scriptores

161 3722 255 3777 ita
287 3721 536 3778 videtur
566 3723 882 3795 requirere,
910 3737 1040 3780 cum
1079 3723 1316 3780 Senecio
1341 3729 1398 3779 et
1425 3725 1572 3781 Sura
1601 3726 1854 3782 secundo
1967 3720 2369 3776 ecclesiastica
2400 3722 2682 3790 historia,
2733 3722 3052 3791 prasertim
3083 3722 3273 3777 Roma
3298 3725 3548 3789 agentes,
3576 3721 3640 3775 et

163 3812 585 3884 prasidentes,
642 3812 750 3868 hoc
799 3819 888 3869 est
933 3813 1145 3870 iterum
1177 3813 1412 3885 collega:
1454 3814 1513 3869 in
1545 3814 1854 3870 consulatu
1969 3823 2099 3864 cum
2125 3809 2407 3878 apostolis
2425 3811 2634 3865 versati
2658 3815 2759 3865 aut
2783 3823 2914 3865 cum
2945 3808 3090 3864 viris
3112 3805 3466 3879 apostolicis,
3503 3822 3637 3878 que-

159 3900 568 3975 (negligenter
604 3917 876 3974 expresso
916 3919 1015 3975 per
1045 3918 1210 3961 voces
1239 3904 1406 3973 Syria
1432 3909 1482 3959 et
1511 3904 1731 3959 Senecio
1762 3920 1855 3959 se—
1965 3898 2330 3955 madmodum
2373 3903 2634 3956 versatus
2677 3904 2763 3956 est
2814 3899 3190 3971 Hegesippus,
3244 3897 3396 3954 inter
3434 3903 3637 3954 catera

165 3993 378 4065 eundo)
413 3999 718 4050 recurrant
757 4007 908 4051 anno
958 3995 1189 4065 Trajani
1240 4008 1409 4052 nono.
1441 3997 1503 4052 In
1550 3994 1855 4066 sepulcra—
1964 3989 2230 4045 veritatis
2276 3989 2534 4061 criteria,
2584 3990 2800 4062 quibus
2839 4003 3011 4061 Opera
3052 4003 3156 4046 sua
3189 3989 3629 4046 conﬁrmarunt.

168 4082 335 4138 libus
368 4085 550 4139 etiam
585 4085 782 4142 titulis
806 4085 1090 4156 depositis
1131 4091 1446 4157 martyrum
1480 4086 1706 4157 signata
1739 4099 1851 4142 non
1965 4092 2078 4134 non
2129 4080 2374 4136 omisere
2411 4087 2704 4152 gestorum
2752 4085 3010 4150 tempora
3050 4080 3120 4136 ad
3178 4084 3344 4137 notas
3386 4078 3635 4150 epochas

169 4173 1854 4246 rarolegiturnominibusconsulum,utpassimostendere
1964 4182 2252 4226 revocare.
2307 4170 2608 4242 Hegesippi
2659 4171 2848 4226 locum
2905 4169 3181 4240 produxit
3233 4169 3521 4227 Eusebius
3563 4169 3634 4225 de

172 4277 499 4333 possumus
521 4264 579 4320 in
602 4263 943 4337 fragmentis
963 4264 1222 4335 lapidum
1251 4279 1380 4336 qua
1400 4279 1430 4322 e
1451 4265 1635 4323 sacris
1656 4279 1854 4322 coemev

173 4354 348 4410 teriis
382 4354 656 4425 quotidie
692 4354 1102 4412 extrahuntur.
1155 4357 1217 4411 In
1247 4355 1411 4412 Actis
1441 4361 1757 4428 martyrum
1792 4357 1851 4411 in

175 4443 326 4500 Urbe
360 4458 670 4514 passorum
729 4458 935 4502 nomen
983 4444 1237 4517 prafecti
1281 4445 1454 4502 Urbis
1508 4446 1854 4518 quandoque

1965 4261 2242 4332 martyrio
2261 4260 2455 4316 Jacobi
2484 4259 2688 4316 fratris
2706 4260 2961 4316 Domini.
2990 4260 3279 4329 Epocham
3304 4259 3472 4315 illius
3491 4273 3574 4314 ma
3587 4273 3634 4314 r-

1966 4352 2102 4424 tyrii
2131 4351 2485 4424 signiﬁcavit
2520 4351 2840 4422 proximam
2870 4349 3199 4407 obsidionis
3225 4348 3637 4434 Hierosolymi-

1966 4447 2113 4498 tana
2137 4441 2308 4511 paulo
2341 4446 2468 4512 post
2498 4441 2840 4498 subsecuta.
2890 4442 3001 4497 Nec
3037 4439 3209 4495 multo
3229 4444 3381 4521 post,
3412 4436 3627 4509 inquit,

176 4535 574 4604 exprimitur:
603 4535 706 4606 qui
729 4536 1104 4607 magistratus
1125 4535 1260 4592 licet
1291 4548 1403 4592 non
1424 4541 1573 4592 esset
1600 4549 1851 4606 annuus,
1882 4542 1938 4604 D
1966 4531 2175 4587 obsidio
2227 4533 2571 4601 Vespasiani,
2595 4537 2645 4587 et
2673 4531 2988 4586 Judaorum
3017 4532 3309 4602 captivitas
3335 4528 3622 4585 subsecuta

181 4624 401 4680 relatus
424 4630 618 4680 tamen
641 4625 711 4681 ad
739 4623 890 4681 alias
909 4625 1173 4681 notiones
1201 4625 1659 4695 expeditionum,
1682 4625 1858 4681 victo-

184 4714 424 4784 riarum,
458 4715 672 4771 mortis
694 4713 1050 4786 principum,
1075 4723 1174 4772 aut
1197 4714 1395 4771 simile
1416 4715 1742 4786 quidpiam,
1774 4714 1858 4771 in-

181 4805 379 4862 cidens
399 4807 458 4861 in
478 4819 544 4861 ea
565 4810 846 4875 tempora,
867 4810 923 4860 et
941 4805 1000 4860 in
1017 4805 1178 4862 Actis
1203 4805 1462 4876 martyrii
1495 4818 1852 4876 expressum,

185 4897 448 4954 redditur
481 4895 794 4956 character
817 4895 962 4950 satis
992 4895 1236 4952 idoneus
1255 4896 1325 4951 ad
1360 4895 1702 4966 pariandum
1725 4908 1855 4951 cum

185 4987 504 5044 consulatu.
546 4989 613 5043 In
648 4984 817 5041 Actis
845 4984 1062 5041 Justini
1096 4985 1368 5056 martyris
1397 4985 1675 5042 Rusticus
1705 4999 1858 5056 pra—

186 5075 357 5136 fectus
389 5079 531 5136 Urbi
561 5076 838 5135 eumdem
879 5088 944 5131 ac
978 5074 1170 5131 socios
1218 5075 1537 5146 interrogat
1562 5079 1618 5130 et
1669 5075 1857 5145 capite

189 5169 386 5240 plectit.
450 5167 747 5226 Publicus
808 5163 1110 5236 prafectus
1143 5162 1281 5221 Urbi
1339 5165 1556 5236 legitur
1588 5163 1647 5220 in
1693 5163 1854 5222 Actis

182 5260 224 5318 S.
253 5260 587 5320 Felicitatis
637 5255 758 5313 sub
811 5255 1124 5311 Antonino.
1173 5254 1234 5310 Si
1296 5253 1468 5310 hodie
1518 5253 1856 5313 haberemus

176 5353 433 5431 integram
469 5351 709 5411 seriem
748 5342 1146 5415 praefectorum
1192 5342 1330 5401 Urbi
1365 5357 1464 5431 per
1506 5343 1620 5401 duo
1663 5346 1855 5416 priora

165 5430 344 5508 saecula
398 5457 545 5505 aera:
615 5431 1008 5506 Christiana,
1086 5430 1572 5507 quemadmodum
1633 5432 1856 5508 integra

153 5545 308 5603 series
331 5540 582 5615 legitur
614 5538 1040 5587 successorum
1071 5525 1130 5581 in
1156 5536 1222 5581 eo
1250 5523 1591 5615 magistratu
1617 5538 1686 5615 ex
1707 5539 1857 5582 anno

144 5637 337 5696 Christi
377 5611 499 5692 £55
530 5623 617 5682 ad
654 5613 797 5685 354,
836 5615 895 5670 in
928 5614 1206 5686 Opusculo
1237 5614 1430 5686 quarti
1465 5611 1661 5672 saculi
1701 5615 1858 5671 edito

138 5743 222 5803 per
254 5720 665 5788 Eucherium
705 5721 784 5764 ex
833 5704 1042 5762 iisdem
1094 5703 1464 5774 membranis,
1523 5703 1582 5760 in
1638 5703 1858 5776 quibus

1968 4627 2066 4678 est.
2085 4623 2139 4676 Η
2139 4638 2212 4677 ac
2235 4623 2591 4692 Hegesippus,
2611 4638 2732 4677 cum
2752 4622 3015 4679 Clemente
3030 4624 3368 4678 consentiens
3395 4619 3620 4694 (Euseb.

1968 4714 2109 4767 Hist.
2140 4712 2287 4768 Eccl.
2313 4710 2416 4767 lib.
2448 4725 2513 4783 ιι,
2544 4725 2667 4784 cap.
2696 4709 2802 4785 23).
2847 4713 2993 4769 Sunt
3020 4711 3192 4771 verba
3219 4711 3491 4769 Eusebii:
3520 4704 3624 4780 qui

1968 4817 2097 4857 cum
2128 4801 2378 4858 adducat
2401 4802 2596 4859 eodem
2623 4802 2749 4859 loco
2779 4802 3176 4860 testimonium
3205 4799 3458 4871 Josephi,
3489 4795 3626 4854 refe-

1970 4893 2152 4948 rentis
2202 4891 2409 4948 cadem
2451 4891 2642 4950 Jacobi
2693 4892 2844 4949 Justi
2892 4892 2960 4948 ad
3019 4889 3386 4947 intervallum
3446 4885 3625 4941 trium

1971 4982 2274 5053 mensium,
2310 4988 2671 5040 numeratum
2715 4996 2785 5038 ex
2831 4985 3010 5039 morte
3039 4977 3190 5034 Festi
3236 4977 3305 5031 ad
3350 4973 3625 5031 Albinum

1969 5077 2399 5145 procuratorem
2448 5086 2481 5129 a
2511 5076 2734 5130 Nerone
2764 5071 3163 5141 subrogatum,
3194 5078 3308 5135 quo
3346 5063 3626 5148 trimestri

1967 5165 2156 5235 spatio
2194 5161 2432 5218 Ananus
2453 5163 2656 5232 junior
2681 5161 2862 5232 gessit
2884 5156 3304 5229 pontiﬁcatum,
3326 5153 3629 5211 conﬁrmat

1969 5267 2183 5310 morem
2239 5251 2427 5323 gentis
2456 5257 2628 5322 atque
2658 5248 2846 5304 atatis
2871 5259 3010 5312 sua,
3057 5246 3113 5301 et
3142 5244 3330 5301 Roma
3361 5243 3629 5302 scriben-

1969 5343 2118 5400 tium
2150 5339 2584 5408 historicorum,
2620 5341 2684 5392 ut
2708 5335 2954 5405 epochas
2975 5347 3086 5390 non
3113 5332 3448 5416 omitterent
3476 5333 3632 5416 iden-

1968 5431 2147 5488 tidem
2197 5439 2510 5484 memorare
2549 5429 2840 5497 gestorum
2894 5438 3022 5498 qua
3063 5415 3473 5507 describebant
3488 5415 3533 5505 ξ¹
3574 5421 3634 5486 et

1971 5520 2231 5578 historia
2252 5529 2371 5574 sua
2390 5513 2496 5571 hoc
2523 5513 2852 5596 lumen'non
2875 5503 3349 5596 denegare,un
3375 5503 3632 5596 Romana

1969 5610 2203 5668 archiva
2249 5607 2308 5666 in
2343 5591 3060 5682 gestis"proviitcialib5us,
3111 5606 3170 5676 et
3217 5591 3632 5677 inscriptiones

1973 5699 2220 5773 publica
2249 5693 2680 5755 ministrabant.
2714 5695 2922 5756 Eadem
2942 5709 3080 5754 vero
3105 5691 3360 5761 archiva,
3383 5691 3442 5745 et
3472 5685 3632 5742 inar-
