3996 6396
400 335 464 405 54
1190 332 1285 391 ΑΙ)
1337 333 1774 393 ANASTASIUM
1819 334 2069 403 PROLEC

2193 334 2333 405 ENA
2384 334 2561 392 non.
2594 332 3023 392 ηοω-ητις.
3744 334 3824 399 52

408 481 595 537 mora,
622 468 683 528 et
709 464 979 537 indiculi,
1006 466 1065 526 et
1081 465 1343 522 historiae
1363 466 1552 527 adhuc
1575 467 1811 540 integra:
1835 466 2135 551 iabenth
2166 482 2286 525 sua:
2306 467 2725 527 ordinationis:
2760 485 2903 541 quas
2929 483 3123 541 preces
3142 468 3664 533 ediditcardinalis
3677 469 3823 528 Tho-

408 564 613 633 quarto
635 557 856 616 Christi
886 556 1116 627 saeculo,
1151 569 1265 630 quo
1288 555 1574 613 Eusebius
1602 560 1658 613 et
1676 556 2056 629 Hieronymus
2168 558 2387 616 masius
2419 556 2569 623 libro
2610 574 2674 616 ill
2715 559 2965 617 Sacram.
2990 561 3152 617 Rom.
3192 559 3481 632 Ecclesiae,
3516 575 3641 633 pag.
3687 557 3818 631 2H,

406 648 702 717 ﬂorebant,
756 650 1018 719 apertum
1057 645 1434 703 ostendebant
1476 645 1582 703 hoc
1625 646 1812 716 ipsum
1861 645 2063 709 lumen

405 744 725 810 temporum
772 736 998 801 auctori
1044 735 1300 809 CataIOgi
1352 734 1461 793 sub
1512 735 1762 808 Liberio,
1795 736 1963 806 cujus
1986 737 2058 793 de

406 828 770 897 documentis
799 820 1228 899 chronologicis
1254 825 1551 899 inquirere
1577 820 1718 885 duxi
1752 837 1864 883 non
1894 825 2058 883 omit-

408 919 664 977 tendum.

475 1004 568 1067 20.
637 1003 894 1063 Gradum
950 1003 1090 1060 hinc
1137 1002 1345 1061 iaciam
1391 1003 1469 1071 ad,
1506 1003 1955 1075 c0gnoscendam
2003 1006 2057 1059 et

405 1092 1033 1166 aliiscomprobaudam
1047 1090 1294 1153 certitud
1304 1084 1451 1155 inem
1474 1096 1647 1164 atque
1658 1092 2058 1149 auctoritatem

406 1186 742 1254 cagterarum
778 1195 969 1240 rerum
1006 1194 1132 1254 qua:
1163 1182 1222 1239 in
1254 1189 1500 1255 utroque
1539 1178 1809 1254 Catalogo
1839 1195 2060 1237 memo-

406 1277 629 1333 rantur.
663 1272 1073 1329 Ordinationes
1097 1270 1580 1344 presbyterorum,
1603 1276 1659 1331 et
1683 1270 2057 1331 diaconorum

405 1361 600 1435 Urbis,
621 1374 725 1419 nec
753 1375 865 1420 non
892 1362 1294 1437 episcoporum
1327 1361 1463 1417 hinc
1484 1361 1955 1421 transmissorum
1985 1359 2057 1417 ad

403 1450 553 1508 alias
572 1450 846 1513 ecclesias
863 1450 949 1507 vel
973 1449 1318 1523 fundandae,
1344 1448 1430 1505 vel
1463 1449 1881 1522 gubernandas,
1914 1446 2059 1507 obti-

405 1547 541 1599 nent
570 1539 758 1598 locum
787 1540 1086 1611 potiorem,
1132 1550 1262 1596 cum
1312 1540 1372 1595 in
1403 1538 1657 1611 singulis
1688 1534 2059 1610 pontiﬁcibus

406 1630 788 1702 reperiantur.
812 1628 1132 1691 Videndum
1154 1629 1336 1702 igitur
1351 1634 1439 1685 est
1458 1627 1558 1699 qui
1584 1626 1703 1685 tieri
1720 1625 1973 1697 potuerit
1996 1628 2061 1681 ut

406 1732 508 1791 per
527 1717 642 1777 tria
658 1719 851 1791 priora
862 1718 1122 1779 saeculaa
1136 1717 1358 1777 Christi
1385 1716 1616 1777 Domini
1642 1714 1916 1786 passione
1934 1719 2049 1771 tam

2168 648 2277 706 hoc
2302 647 2511 707 titulo:
2571 648 2759 707 Oratio
2801 652 2860 704 in
2886 651 3065 706 natali
3084 650 3413 722 presbyteri,
3448 652 3689 722 qualiter
3713 651 3825 708 sibi

2163 741 2389 793 missam
2414 739 2606 795 debeat
2635 738 2919 794 celebrare.

2235 827 2374 883 Cum
2395 828 2590 899 itaque
2610 833 2667 885 et
2684 843 2805 886 mos
2820 828 3250 886 vetustissimus
3263 827 3442 887 fuerit
3457 828 3822 888 sacerdotum

2168 917 2385 998 prioris
2400 916 2653 987 fmderis,
2679 920 3159 991 utconsignarent
3177 919 3328 979 diem
3350 919 3825 993 inaugurationis

2169 1012 2224 1063 et
2253 1005 2451 1064 obitus
2496 1007 2749 1078 publicis
2779 1008 3028 1079 tabulis;
3061 1014 3115 1065 et
3144 1009 3201 1066 in
3231 1009 3467 1067 exordio
3500 1010 3821 1069 Sacerdotii

2168 1097 2300 1153 novi
2329 1096 2561 1154 foederis
2584 1098 2719 1155 dies
2739 1099 2951 1156 natalis
2979 1099 3263 1156 cathedrae
3289 1113 3401 1157 non
3431 1100 3629 1157 minus
3645 1113 3821 1169 quam

2168 1183 2473 1244 natalitlus
2525 1187 2787 1258 martyrii
2821 1187 2878 1243 in
2912 1189 3074 1244 Petro
3104 1188 3184 1245 sit
3235 1193 3591 1258 aunotatus;
3640 1202 3827 1260 eaque

2170 1275 2319 1332 ratio
2345 1276 2425 1332 sit
2450 1275 2645 1333 habita
2681 1276 2740 1332 in
2768 1277 3204 1334 successoribus
3228 1278 3404 1348 Petri,
3433 1283 3491 1334 et
3513 1279 3583 1335 ad
3605 1277 3827 1348 episco-

2168 1378 2270 1433 pos
2288 1364 2575 1421 minorum
2609 1356 2843 1422 urbium
2865 1366 3121 1422 derivata
3143 1367 3242 1432 sit,
3266 1368 3404 1437 imo,
3427 1372 3483 1424 et
3510 1368 3569 1423 in
3597 1366 3827 1437 presby-

2168 1453 2277 1510 teri
2354 1455 2789 1512 consecratione
2857 1456 3120 1513 adhibita
3164 1456 3643 1528 deprehendatur,
3687 1458 3828 1528 quis

2167 1543 2393 1604 dubitet
2417 1558 2449 1600 a
2475 1545 2719 1601 notariis
2740 1545 3005 1603 Ecclesiae
3027 1547 3292 1603 Romanae
3315 1547 3430 1603 haec
3453 1546 3822 1617 potissimum

2165 1632 2508 1690 documenta
2527 1634 2587 1690 in
2620 1634 2845 1691 litteras
2861 1635 3037 1693 relata
3053 1640 3109 1692 et
3133 1635 3190 1692 in
3220 1635 3488 1693 Archivis
3506 1634 3825 1705 custodita,

2168 1722 2321 1781 unde
2368 1723 2730 1794 postmodum
2770 1723 3039 1797 catalogi,
3071 1729 3127 1783 et
3154 1724 3451 1799 diptycba,
3481 1729 3539 1781 et
3569 1723 3827 1782 indiculi

403 1808 719 1881 diligenter
748 1812 1077 1869 numeratas
1106 1807 1424 1878 repererint
1451 1805 1846 1862 ordinationes
1872 1806 1933 1868 in
1961 1804 2061 1860 Ec-
2081 1810 2135 1872 Β
2167 1816 2303 1870 sunt
2331 1810 2608 1869 collecti?

401 1896 579 1954 clesia
600 1898 851 1959 Romana
871 1900 1132 1963 auctores
1158 1894 1395 1955 secundi
1413 1892 1692 1969 Catalogi,
1712 1894 2060 1966 pertinentis

400 1982 471 2045 ad
503 1989 725 2044 aetatem
755 1984 965 2044 Felicis
1006 1984 1196 2059 quarti
1229 1989 1285 2039 et
1319 1982 1660 2045 Justiniani.

469 2074 647 2134 Nemo
690 2074 979 2147 negaverit
1007 2072 1078 2129 ab
1125 2073 1365 2131 exordio
1404 2073 1669 2133 Mosaicae
1700 2068 1844 2143 legis
1875 2070 2057 2137 fuisse

401 2162 801 2237 consignatum
829 2172 1042 2225 annum
1065 2161 1304 2225 acdiem
1334 2159 2051 2234 erectionlstabernaculi,

396 2252 636 2325 ejusque
654 2249 1133 2322 consecrationis,
1152 2249 1447 2323 simulque
1465 2249 1712 2314 Aaronis
1739 2251 2051 2322 pontificis,

395 2346 453 2400 et
476 2341 729 2411 ﬁliorum
750 2341 878 2411 ejus
907 2340 1268 2403 sacerdotum
1299 2340 1480 2403 Exodi
1513 2340 1702 2412 capite
1729 2354 1836 2405 xu:
1874 2339 2061 2395 Lacu-

394 2436 590 2503 tusque
611 2434 691 2495 est
713 2432 976 2489 Dominus
1029 2430 1106 2493 ad
1132 2431 1358 2498 Moysen
1389 2428 1575 2491 dicens
1601 2447 1614 2483 :
1646 2428 1831 2491 Mense
1849 2430 2052 2500 primo,

388 2522 575 2591 prima
612 2519 701 2575 die
728 2521 931 2581 mensis
968 2519 1142 2586 eriges
1180 2517 1598 2579 tabernaculum
1643 2518 1960 2580 testimonii,
2005 2520 2059 2571 et

387 2624 560 2681 pones
586 2611 649 2665 in
673 2624 731 2665 eo
758 2624 967 2672 arcam,
1011 2612 1119 2664 etc.
1153 2606 1585 2679 Applicabisque
1618 2606 1812 2662 Aaron
1842 2611 1893 2661 et
1914 2606 2056 2678 ﬁlios

392 2699 513 2771 ejus
559 2699 636 2757 ad
679 2701 825 2768 fbres
876 2696 1221 2761 tabernaculi
1270 2695 1586 2759 testimonii,
1626 2700 1679 2751 et
1725 2695 1858 2750 lotos
1905 2710 2055 2766 aqua

395 2784 603 2853 indues.
628 2791 836 2845 sanctis
858 2788 1120 2851 uestibus,
1153 2790 1219 2849 ut
1263 2787 1577 2841 ministrent
1602 2785 1760 2848 mihi,
1792 2790 1843 2840 et
1872 2788 2053 2840 unctio

395 2892 581 2947 eorum
628 2880 701 2947 in,
751 2876 1115 2937 sacerdotium
1168 2876 1431 2939 atomum
1477 2876 1752 2947 proﬁciat.
1804 2876 2055 2945 Fecitque

398 2965 615 3037 Moyses
645 2968 829 3022 omnia
857 2980 979 3037 quae
994 2954 1336 3040 praceperat
1362 2967 1647 3025 Dominus.
1668 2963 1850 3032 Igitur
1874 2978 2055 3019 mense

395 3057 578 3128 primo
608 3057 748 3119 anni
800 3054 1026 3111 secundi
1042 3054 1228 3127 prima
1259 3055 1348 3109 die
1388 3055 1595 3119 mensis.
1628 3050 1947 3118 collocatum
1980 3054 2061 3107 est

2236 1901 2327 1959 21.
2380 1903 2571 1960 Roma:
2594 1916 2726 1963 vero
2750 1903 3089 1963 accuratius.
3110 1909 3343 1963 curatas
3368 1907 3425 1961 et
3451 1904 3832 1978 consignatas

2167 1989 2349 2048 fuisse
2377 1990 2774 2050 ordinationes
2792 1992 3113 2050 Christiani
3142 2007 3208 2049 ac
3238 2006 3366 2049 vere
3408 1993 3598 2050 divini
3625 2006 3831 2050 sacer—

2163 2081 2310 2137 dotii
2345 2080 2479 2153 quis
2510 2080 2893 2151 inficiabitur,
2922 2082 3023 2152 qui
3067 2080 3325 2138 observet
3348 2082 3520 2138 etiam
3556 2079 3834 2151 profanos

2164 2170 2460 2226 antistites
2480 2169 2842 2227 ethnicarum
2864 2170 3345 2241 superstitionum
3367 2170 3519 2240 apud
3536 2172 3833 2228 Romanos

2165 2262 2325 2316 tanto
2358 2259 2415 2316 in
2445 2259 2631 2329 pretio
2654 2257 2836 2315 fuisse
2858 2259 3108 2327 habitos,
3131 2265 3195 2316 ut
3212 2260 3604 2329 cooptationes
3623 2273 3833 2319 eorum

2167 2345 2634 2418 insculperentur
2646 2348 2918 2419 nummis,
2937 2347 3342 2416 marmoribus,
3357 2348 3621 2419 aris,tam
3637 2349 3697 2405 in
3714 2349 3835 2405 Au-

2166 2435 2355 2508 gustis
2377 2436 2634 2495 universi
2664 2435 2896 2507 imperii
2926 2437 3385 2494 moderatoribus
3405 2451 3535 2494 cum
3570 2451 3834 2510 occupa—-

2165 2523 2537 2581 rentdeorum
2554 2539 2792 2583 suorum
2808 2526 3121 2583 maximum
3140 2527 3560 2597 pontiﬁcatum.
3575 2541 3747 2599 quam
3764 2528 3831 2587 in

2165 2614 2409 2685 privatis
2420 2614 2751 2689 quibusque
2774 2614 2969 2673 minus
2988 2615 3225 2687 aliquod
3255 2617 3639 2673 sacerdotium
3657 2618 3835 2688 adep-

2164 2704 2285 2761 tis?
2307 2703 2784 2765 Omittoannales
2802 2705 3138 2777 pontiﬁcum
3168 2720 3481 2778 eorumque
3501 2705 3684 2765 libros
3700 2706 3834 2764 lin—

2163 2799 2285 2851 teos
2297 2808 2420 2851 esse
2443 2796 2682 2866 primam
2697 2795 2981 2868 originem
3000 2794 3275 2855 Romanae
3292 2795 3571 2866 historiae,
3589 2802 3654 2855 ut
3668 2796 3728 2857 iu
3742 2797 3837 2854 li-

2164 2883 2267 2941 bro
2286 2885 2538 2947 secundo
2551 2884 2869 2961 deOratore
2885 2890 3159 2943 memorat
3170 2885 3556 2943 MarcusTulli
3569 2900 3663 2942 us:
3687 2888 3837 2943 Erat

2165 2970 2397 3027 historia
2426 2975 2509 3028 nil
2552 2972 2713 3030 aliud
2752 2976 2867 3030 nisi
2895 2975 3185 3031 annalium
3211 2976 3511 3042 confectio:
3539 2974 3697 3043 cujus
3721 2976 3834 3040 rei,

2167 3064 2542 3135 memoriaeque
2558 3063 2799 3134 publicae
2825 3063 3127 3121 retinenda
3149 3078 3336 3130 causa,
3360 3062 3430 3117 ab
3456 3064 3614 3117 initio
3644 3078 3839 3119 rerum

402 3141 839 3205 tabernaculum.
867 3138 1165 3211 Erantque
1191 3136 1402 3210 Moyses
1421 3138 1588 3203 illud.
1618 3145 1725 3196 Θῑο-
1754 3139 2060 3205 ιαυεηιηίέ
2090 3141 2140 3215 C
2168 3152 2540 3207 Romanarum
2584 3166 2759 3221 usque
2798 3151 2875 3205 ad
2910 3151 2973 3206 P.
3020 3152 3262 3209 Mucium
3296 3152 3609 3222 pontiﬁcem
3637 3153 3835 3206 maxi-

409 3246 514 3303 que
535 3231 764 3300 Moyses,
791 3233 842 3286 et
869 3231 1063 3286 Aaron
1090 3244 1157 3286 ac
1168 3228 1274 3301 ﬁlii
1302 3228 1423 3299 ejus
1440 3244 1637 3285 manus
1667 3244 1800 3284 suas
1823 3234 1876 3284 et
1892 3228 2062 3299 pedes

406 3336 529 3387 cum
566 3314 986 3390 ingrederentur
1022 3323 1217 3385 tectum
1264 3316 1487 3387 ﬁndet-is
1536 3324 1585 3375 et
1626 3316 1942 3383 accederent
1989 3312 2067 3373 ad

403 3412 601 3476 altare,
633 3412 776 3473 sicut
794 3410 1131 3480 praeceperat
1153 3410 1413 3475 Dominus
1436 3409 1634 3481 Moysi.
1661 3409 1775 3464 Nec
1803 3411 2068 3464 tantum—

409 3500 576 3567 modo
608 3497 675 3556 in
722 3497 906 3565 sacris
934 3494 1150 3565 litteris
1178 3497 1554 3570 consignatus
1581 3505 1668 3554 est
1690 3497 1817 3554 dies
1859 3510 2067 3554 conse-

410 3590 694 3661 crationis
722 3588 970 3657 Aaronis
995 3587 1171 3659 primi
1205 3587 1499 3658 pontificis
1527 3587 1764 3654 summi,
1793 3600 1989 3652 verum
2011 3589 2069 3647 et

409 3681 663 3759 ejusdem
686 3676 883 3737 obitus
902 3678 1047 3750 dies,
1074 3677 1290 3735 mensis
1308 3682 1363 3735 et
1378 3690 1585 3744 annus,
1609 3684 1665 3734 et
1682 3676 1789 3743 [liii
1811 3676 2067 3734 Eleazari

412 3770 705 3837 successio
731 3775 788 3827 et
827 3766 1203 3849 inauguratio
1232 3768 1302 3825 ad
1337 3768 1651 3833 maximum
1683 3766 2069 3831 sacerdotium

413 3862 680 3933 expresse
722 3862 1074 3927 memoratur
1097 3854 1482 3915 Numerorum
1525 3866 1649 3927 cap.
1675 3866 1891 3929 χχχιιι,
1921 3866 2067 3913 vers.

410 3942 533 4005 38:
575 3938 951 4015 Aseendltque
992 3938 1184 3999 Aaron
1239 3938 1490 4011 sacer-das
1535 3947 1595 4009 in
1644 3946 1878 3997 montem
1924 3940 2076 3996 Hor-

407 4036 639 4107 jubente
677 4035 904 4088 Domino
926 4048 955 4099 ξ,
975 4036 1026 4085 et
1069 4030 1153 4085 ibi
1190 4034 1438 4085 mortuus
1477 4030 1558 4085 est
1579 4042 1724 4084 anno
1754 4024 2077 4097 quadrage-

419 4126 555 4181 simo
614 4116 938 4189 egressiOnis
977 4120 1217 4190 ﬁliorum
1261 4116 1439 4174 Israel
1481 4134 1550 4174 es:
1598 4116 1850 4187 Egypto,
1896 4131 2081 4171 mense

424 4214 637 4284 quinto,
663 4210 850 4281 prima
893 4208 983 4265 die
999 4210 1221 4274 mensis,
1247 4224 1367 4265 cum
1414 4212 1552 4264 esset
1573 4217 1845 4262 annorum
1864 4210 2085 4260 centum

423 4302 622 4372 viginti
644 4301 833 4357 trium.
877 4296 1017 4369 Inde
1039 4297 1250 4370 incipit
1276 4297 1647 4369 pontiﬁcatus
1675 4294 1941 4350 Eleazari»
1964 4294 2075 4361 lilii

424 4374 635 4457 Aaron.
684 4388 929 4446 Domino
956 4380 1513 4459 enimpraecipiente
1541 4384 1761 4456 Moyses
1804 4382 2076 4455 spoliavit

421 4483 611 4551 Aaron
652 4474 912 4535 vestibus
956 4477 1104 4547 suis,
1148 4480 1206 4531 et
1253 4468 1450 4541 induit
1494 4474 1581 4530 eis
1625 4473 1981 4547 Eleazarum,
2011 4483 2076 4542 ut

427 4568 677 4637 refertur
701 4569 1079 4623 Numerorum
1111 4574 1190 4620 xx
1220 4604 1233 4617 .
1281 4558 1351 4620 Et
1390 4567 1527 4621 tunc
1556 4562 1743 4621 Aaron
1773 4564 2021 4631 decessit
2048 4578 2080 4621 e

426 4660 548 4718 vita
588 4654 868 4723 collectus
895 4650 965 4711 ad
1010 4657 1200 4725 patres
1247 4652 1402 4710 suOs.
1452 4653 1739 4725 Epocham
1768 4654 2077 4723 sacerdotii

429 4747 643 4816 summi
674 4743 939 4817 Mosaicae
971 4732 1119 4816 iugis
1144 4738 1461 4825 diligenter
1487 4734 1725 4813 relatam
1759 4745 1819 4800 in
1850 4744 2081 4802 divinas

428 4840 656 4906 litteras
679 4847 815 4903 cum
831 4828 1350 4903 animadverterent
1374 4833 1559 4903 nostri
1583 4830 1883 4907 pontiﬁces
1903 4834 2083 4892 Chri-

428 4929 636 5001 stiani,
662 4912 1011 4993 censuerunt
1033 4934 1146 4980 non
1171 4922 1383 4979 minori
1410 4919 1549 4980 cura
1572 4937 1696 4981 esse
1728 4923 2079 4982 referendam

433 5020 495 5075 in
538 5015 808 5074 Ecclesia
858 5008 1086 5071 tabulas
1127 5004 1549 5079 dedicationem
1601 5014 1905 5086 cathedrae,
1956 5028 2083 5087 qua!

434 5106 802 5178 responderet
850 5096 1131 5161 erectior}!
1180 5100 1583 5173 tabernaculi;
1635 5116 1703 5160 ac
1757 5094 2086 5169 statuerunt

433 5188 747 5265 cujuslibet
756 5192 1011 5277 episcopi
1028 5188 1421 5249 ordinationis
1438 5184 1795 5276 diemannua
1812 5193 2087 5250 memoria

431 5280 740 5353 celebrare,
768 5293 897 5363 qua:
921 5273 1166 5339 Aaronis
1184 5273 1607 5363 consecrationi
1635 5289 2084 5362 compararetur.

433 5372 591 5442 Quin
616 5362 891 5438 etiamin
922 5362 1239 5429 ritualibus
1259 5362 1437 5429 libris
1463 5368 1897 5443 vetustissimis,
1930 5378 1986 5429 et
2024 5371 2087 5445 in

434 5448 1169 5545 CanonibusConcilioi-um
1191 5452 1610 5545 conspicimus,
1626 5454 1811 5531 fuisse
1834 5462 2089 5543 assigna-

439 5541 530 5607 tas
766 5540 967 5629 preces
1012 5525 1541 5625 magnanimi
1567 5525 1811 5629 secundi
1836 5525 2084 5624 ordinis,

442 5622 648 5735 nempe
660 5624 1013 5721 presbytero,
1043 5634 1108 5693 ut
1122 5622 1313 5731 annuo
1330 5622 1619 5733 sacriﬁcio
1638 5634 1917 5707 recoleret’
1933 5622 2087 5709 diem

2168 3255 2328 3298 mum.
2340 3255 2427 3295 res
2456 3256 2639 3295 omnes
2654 3242 2995 3313 singulorum
3016 3256 3288 3295 annorum
3304 3240 3607 3295 mandabat
3632 3238 3841 3297 litteris

2165 3330 2424 3400 pontifex
2458 3332 2753 3393 maximus,
2777 3330 3137 3401 eﬁ’erebatque
3167 3331 3226 3384 in
3246 3329 3450 3393 album,
3479 3333 3530 3383 et
3549 3344 3843 3402 prOpone-

2177 3420 2270 3474 bat
2321 3419 2568 3474 tabulam
2599 3419 2766 3485 domi,
2813 3424 3056 3492 potestas
3103 3423 3166 3473 ut
3206 3423 3343 3474 esset
3368 3419 3570 3489 populo
3623 3434 3835 3487 cogno-

2174 3508 2362 3563 scendi
2382 3526 2399 3573 ;
2420 3510 2465 3561 ii
2479 3509 2578 3581 qui
2599 3509 2761 3562 etiam
2788 3523 2936 3561 nunc
2960 3507 3189 3564 annales
3208 3509 3437 3563 maximi
3455 3509 3839 3569 nominantur.

2175 3597 2329 3653 Satis
2354 3596 2532 3655 fuerit
2550 3597 2835 3671 inspicere
2857 3596 3084 3659 tabulas
3107 3597 3534 3668 cooptationum
3563 3597 3633 3654 ad
3656 3610 3849 3654 sacer-

2178 3680 2338 3743 dotia
2369 3700 2495 3761 qua:
2543 3692 2876 3759 supersunt,
2931 3687 3081 3758 apud
3110 3686 3420 3745 Gruterum
3472 3685 3777 3757 descripta:
3809 3700 3855 3741 θ

2184 3775 2569 3833 marmoribus
2607 3778 2880 3837 Romanis
2928 3776 3026 3833 fol.
3075 3788 3182 3847 ccc,
3214 3782 3271 3833 et
3299 3772 3450 3847 aqud
3492 3774 3844 3832 Panvinium

2185 3864 2245 3920 in
2274 3862 2462 3925 Fastis
2488 3865 2559 3923 ad
2598 3877 2813 3921 annum
2841 3863 3013 3919 Urbis
3039 3859 3166 3919 743.
3200 3866 3409 3921 Praeter
3437 3863 3574 3919 anni
3618 3868 3851 3929 notam.

2187 3964 2286 4022 per
2322 3951 2565 4029 collegia
2608 3946 2914 4023 consulum
2965 3951 3298 4019 indicatam,
3330 3950 3515 4007 incisa
3546 3955 3634 4007 est
3663 3951 3849 4009 etiam

2183 4038 2398 4113 epocha
2419 4050 2699 4096 annorum
2726 4037 2797 4092 ab
2817 4037 2967 4093 Urbe
2990 4036 3240 4094 condita.
3266 4037 3667 4108 Fragmentum
3693 4035 3859 4097 dabo

2184 4138 2255 4181 ex
2274 4124 2613 4187 collectione
2641 4122 2839 4181 excoli.
2875 4124 3097 4185 domini
3128 4123 3441 4183 Alexandri
3484 4123 3727 4185 Albani:

2468 4288 2482 4302 .
2525 4286 2540 4304 .
2602 4247 2853 4311 COELIO
2904 4247 3365 4307 APOLLINARE
3408 4248 3555 4309 COS.

2609 4321 2671 4375 P.
2708 4322 2781 4383 Β.
2820 4322 2876 4377 C.
2928 4320 2998 4379 Α.
3029 4320 3408 4377 DCCCCXXII.

2517 4390 2579 4457 Ο.
2647 4391 2949 4455 CLODIVS
3009 4390 3525 4449 MARCELLINVS

2806 4461 3077 4519 COOPTA
3087 4461 3222 4519 TVS

2102 4515 2163 4586 D
2263 4536 2329 4591 Τ.
2354 4533 2577 4592 uno
2612 4515 2876 4591 οιιολίὲ
2901 4515 3276 4591 nmmo
3309 4535 3591 4597 LIBONB.
3637 4572 3653 4588 .
3696 4573 3709 4588 .
3757 4574 3775 4589 .

2719 4607 2779 4662 P.
2822 4608 2888 4663 Β.
2920 4606 2981 4663 C.
3005 4607 3077 4662 Α.
3105 4605 3310 4665 CCCCL

2368 4674 2445 4739 Μ.
2490 4674 2852 4739 VALERIVS.
2898 4677 3185 4737 PAETVS
3234 4675 3480 4743 AQVIL.
3526 4717 3542 4733 .
3587 4717 3599 4730 .
3645 4717 3661 4731 .

2814 4749 3084 4809 COOPTA
3094 4750 3230 4817 TVS

2333 4819 2391 4875 G.
2430 4817 2639 4875 IVNIO
2666 4819 2897 4875 ΛΞΡΗο
2918 4820 2979 4876 Π
3022 4822 3085 4877 0.
3120 4814 3321 4876 IVLIO
3354 4818 3586 4876 ASPRO
3625 4860 3637 4874 .
3686 4860 3698 4872 .

2577 4891 2641 4946 ΡΑ
2667 4891 2735 4955 ll.
2774 4891 2835 4946 ο.
2864 4892 2940 4946 Α.
2973 4891 3282 4948 DCCCCLX
3317 4933 3333 4948 .
3376 4930 3393 4947 .
3438 4931 3454 4946 .

2746 4963 2842 5027 ΕΑ
2851 4964 2939 5020 VS
2945 4963 3203 5029 ΤΙΝΙ-ΛΝ
3210 4963 3306 5027 VS

2816 5030 2988 5093 COOP
2995 5033 3088 5093 TA
3100 5036 3235 5094 TVS

2448 5145 2462 5159 .
2507 5145 2520 5159 .
2567 5145 2580 5158 .
2626 5147 2638 5159 .
2684 5104 3357 5169 .AVG.IIIETCOMA
3402 5146 3414 5160 .
3460 5146 3472 5159 .
3519 5147 3531 5160 .
3580 5145 3595 5158 .

2548 5176 2611 5232 P.
2638 5177 2713 5233 ιι..
2750 5176 2808 5232 0.
2862 5175 2936 5231 Α.
2962 5172 3316 5232 υσθσοιχχ
3353 5217 3366 5231 .
3413 5218 3425 5231 .
3471 5218 3485 5231 .

2263 5283 2539 5363 Nummos
2569 5281 2673 5368 qui
2720 5280 2920 5368 cupiat
2948 5283 3183 5357 ejus‘rei
3217 5288 3409 5354 testes,
3452 5282 3715 5339 observet
3746 5296 3860 5349 ar—

2196 5376 2428 5446 genteos
2456 5373 2512 5428 et
2537 5382 2745 5439 aureos
2762 5368 2977 5429 Neroni
2999 5368 3209 5433 Caesari
3238 5382 3271 5428 a
3302 5376 3505 5445 senatu
3538 5368 3711 5431 cusos
3740 5372 3859 5429 sub

2199 5456 2358 5541 patre
2383 5448 2643 5533 Claudio,
2677 5471 2806 5518 cum
2839 5461 3191 5543 epigraphe:
3225 5456 3501 5523 Sacennos
3549 5469 3860 5543 coartans

2198 5540 2256 5607 tu
2284 5560 2435 5627 omne;
2468 5545 2770 5616 domum
2797 5540 2970 5617 smn
3011 5554 3381 5616 avusavus:
3410 5551 3466 5609 S.
3489 5548 3550 5613 C.
3581 5540 3854 5619 Eamdem

2196 5632 2615 5712 cooptationem
2647 5640 2820 5717 refert
2850 5650 3101 5729 marmor
3128 5644 3419 5713 vetustum
3449 5639 3601 5715 apud
3648 5634 3861 5696 Grute-
