3996 6394
175 360 244 421 53
1713 375 1715 378 ‘
1733 355 2113 417 PREFATIO.
2787 411 2790 415 .
3553 352 3632 418 δι’

177 504 304 548 rum
330 489 436 548 fol.
460 501 572 562 ccc,
602 489 681 548 ad
700 488 1071 548 consulatum
1102 502 1136 546 ν
1159 487 1390 548 Claudii
1421 488 1690 562 Augusti,
1722 486 1853 546 col-
1876 488 1938 549 A
1973 491 2075 561 tia,
2121 491 2378 563 adeoque
2411 489 2562 550 inter
2598 489 3015 563 antiquissima
3057 489 3236 550 Urbis
3259 489 3630 565 censendum)

182 581 303 654 lega
332 581 522 638 Orﬁto
552 585 682 653 post
716 583 951 638 Romam
983 582 1276 638 conditam
1306 595 1457 638 anno
1486 577 1610 637 804.
1647 579 1854 636 Ροηῑί-

181 671 386 727 ﬁcatus
405 677 600 728 autem
628 672 865 727 Maximi
895 686 928 728 a
953 684 1012 728 se
1040 672 1174 728 initi
1205 672 1358 728 diem
1384 671 1465 727 ita
1492 670 1852 727 inciditAu—

177 765 388 833 gustus
409 761 472 818 in
501 763 852 819 Kalendario
876 773 1212 832 marmoreo,
1235 762 1374 818 olim
1397 762 1547 831 apud
1571 760 1847 831 Maﬁ‘eios,

181 853 334 908 hunc
385 860 580 909 autem
635 853 697 908 in
750 853 1117 909 Farnesianis
1164 852 1388 908 aedibus
1440 856 1734 908 asservato
1778 852 1848 907 ad

177 941 457 1012 Campum
509 943 692 999 Flora:
737 961 750 996 :
800 945 910 998 Hoc
958 957 1049 998 DIE
1106 955 1310 998 CAESAR
1366 955 1580 998 PONTIF.
1642 955 1844 997 MAXIM.

179 1044 330 1088 racr.
380 1045 477 1087 ssr
506 1031 596 1098 (ad
628 1032 784 1088 diem
816 1032 1005 1103 pridie
1044 1045 1227 1088 nonas
1267 1031 1520 1102 Martii);
1554 1034 1612 1087 et
1637 1029 1697 1086 in
1733 1029 1850 1085 alio

181 1119 520 1176 Kalendarli
571 1120 888 1193 fragmento
934 1135 1120 1192 nuper
1165 1121 1370 1178 effosso
1413 1120 1564 1190 apud
1611 1119 1849 1174 Antium

177 1223 316 1264 cura
338 1217 398 1266 et
423 1210 705 1281 impensis
732 1210 948 1268 laudati
979 1211 1234 1267 vindicis
1253 1211 1496 1267 erudita:
1521 1208 1852 1279 antiquita—

180 1300 257 1355 tis
299 1301 508 1356 excell.
553 1301 862 1357 Alexandri
906 1300 1114 1356 Albani
1155 1302 1248 1357 SS.
1289 1303 1352 1356 D.
1398 1302 1467 1355 N.
1500 1299 1702 1355 fratris
1739 1298 1847 1354 ﬁlii

179 1389 452 1460 signatur
480 1391 608 1446 dies
638 1404 736 1446 xiv
769 1391 894 1446 Kal.
927 1392 1069 1447 Nov.

390 1566 496 1608 HOC
535 1567 626 1610 DIE
665 1567 868 1610 CAESAR
906 1568 1084 1611 TOGAM
1123 1567 1359 1610 VIRILEM
1402 1567 1632 1610 SUMPSI‘I‘

1073 1717 1484 1788 supplentibus
1536 1715 1852 1775 fracturam

178 1805 512 1876 marmoris,
545 1820 672 1876 quae
703 1806 1004 1878 sequentia
1037 1807 1347 1877 surripuit,
1378 1807 1615 1864 Nicolao
1640 1810 1852 1863 Dama-
1878 1819 1932 1880 Β

174 1909 368 1964 sceno,
405 1902 464 1951 et
495 1897 794 1966 Suetonio,
839 1912 1082 1968 quorum
1117 1912 1185 1953 ex
1225 1897 1580 1953 testimoniis
1618 1897 1854 1971 collegit

172 1986 328 2041 card.
381 1986 662 2042 Norisius
710 1986 772 2041 in
813 1986 1186 2056 Cenotaphiis
1231 1987 1460 2043 Pisanis
1503 1987 1732 2044 dissert.
1784 2001 1848 2058 ιι,

174 2090 299 2147 pag.
345 2072 477 2145 445,
528 2075 862 2145 Augustum
909 2076 1101 2130 eadem
1141 2075 1237 2130 die
1281 2081 1472 2146 togam
1513 2081 1715 2144 puram
1757 2077 1858 2133 in-

169 2164 390 2233 duisse,
417 2165 695 2234 deposita
721 2163 931 2232 puerili
959 2168 1249 2232 praetexta,
1275 2169 1332 2219 et
1361 2164 1685 2234 pontiﬁcem
1707 2177 1859 2223 crea-

171 2259 289 2308 tum
319 2253 380 2308 in
415 2253 618 2308 locum
643 2253 702 2306 L.
731 2252 993 2307 Domitii.
1025 2253 1083 2307 In
1105 2253 1222 2308 alio
1252 2252 1440 2322 lapide
1466 2248 1614 2322 apud
1642 2251 1860 2310 Grute-

170 2356 295 2397 rum
325 2356 464 2413 pag.
506 2353 780 2408 ccxxvru,
814 2338 868 2409 8,
903 2355 1015 2395 non
1045 2341 1230 2396 solum
1267 2341 1563 2397 indicatur
1591 2342 1716 2398 dies
1742 2358 1857 2415 quo

168 2431 449 2487 Tiberius
481 2430 674 2484 Caasar
705 2427 961 2499 pontifex
1004 2430 1293 2486 maximus
1322 2435 1550 2486 creatus
1589 2427 1722 2501 fuit,
1755 2433 1852 2490 sed

167 2521 235 2575 de
271 2519 579 2576 industria
627 2519 912 2574 asseritur
953 2518 1100 2574 idem
1143 2519 1269 2575 dies
1298 2519 1542 2576 allectus
1579 2521 1647 2576 ad
1680 2522 1858 2579 dedi-

169 2610 388 2665 candas
415 2615 646 2664 statuas
674 2608 960 2663 Caesarum
987 2613 1044 2663 et
1076 2607 1492 2680 Augustarum.
1528 2610 1855 2666 Psnpzrvo-

172 2714 276 2761 QUE
314 2713 454 2756 EIVS
497 2713 590 2754 DIE
634 2711 1012 2754 DEDICATIONIS
1049 2712 1296 2754 DATVROS
1338 2713 1440 2756 NOS
1483 2714 1703 2757 TESTATI
1750 2716 1854 2757 SU-

171 2803 285 2846 MUS
311 2802 470 2851 QVEM
518 2802 654 2844 DIEM
697 2801 802 2849 QVO
846 2802 1228 2850 FREQVENTIOR
1268 2803 1574 2851 QVOTANNIS
1601 2804 1686 2847 SIT
1717 2805 1861 2848 SER-

173 2891 417 2934 VABITVR
463 2891 518 2933 VI
569 2891 700 2932 IDVS
735 2891 974 2934 MARTIAS
1013 2892 1143 2940 QVIA
1183 2891 1287 2934 ΙΙΑο
1323 2893 1397 2934 TI.
1446 2891 1648 2936 CAESAR
1693 2894 1846 2937 PONT.

170 2981 305 3023 MAI.
353 2979 707 3022 FELICISSIME
746 2980 993 3023 CREATVS
1029 2981 1145 3023 EST.

235 3056 511 3113 Solemne
540 3055 727 3126 igitur
753 3063 875 3111 erat
904 3056 1054 3125 apud
1091 3056 1377 3112 Romanos
1408 3071 1534 3112 teras
1555 3057 1853 3115 Christia—

173 3160 250 3200 na:
282 3145 530 3201 smculis
563 3145 774 3215 primo,
819 3145 1070 3202 secundo
1110 3158 1175 3200 ac
1218 3145 1411 3216 tertio,
1446 3151 1510 3201 ut
1551 3149 1847 3205 memorati

171 3235 397 3306 lapides
424 3232 660 3304 docent,
691 3235 926 3305 signare
947 3235 1006 3289 in
1030 3233 1221 3290 Fastis
1252 3235 1630 3307 collegiorum
1654 3251 1851 3294 sacer-

169 3323 457 3380 dotalium
491 3325 728 3394 (nedum
755 3323 814 3380 in
839 3323 1010 3380 libris
1040 3323 1494 3398 pontiﬁcalibus)
1520 3327 1850 3396 cooptatio-

174 3427 266 3470 nes
305 3428 596 3470 novorum
638 3413 1024 3480 sacerdotum,
1068 3419 1124 3469 et
1159 3413 1471 3470 electiones
1511 3416 1841 3486 pontiﬁcum

172 3504 467 3559 minorum
500 3509 561 3559 et
593 3504 999 3559 maximorum.
1049 3502 1201 3572 Quin
1243 3504 1416 3559 etiam
1448 3503 1600 3560 diem
1633 3512 1845 3562 certam

170 3592 570 3662 coaptationis
598 3593 658 3647 in
690 3591 1002 3663 collegium
1035 3590 1280 3648 fratrum
1310 3592 1605 3649 Arvalium
1636 3590 1718 3665 (in
1746 3607 1847 3649 sa-

169 3682 495 3738 cerdotium
521 3680 754 3738 scilicet
779 3677 1051 3738 collatum
1080 3679 1324 3738 Romulo
1345 3679 1416 3738 ab
1435 3679 1584 3737 Acca
1604 3683 1850 3739 Lauren-

1967 583 2050 639 ita
2087 582 2440 652 insculptum
2480 580 2795 637 ostendunt
2835 587 3202 640 monumenta
3235 582 3360 653 ejus
3392 581 3624 653 collegii

1967 687 2094 742 quae
2107 675 2382 729 Musaeum
2399 671 2682 728 Albanum
2704 671 3024 742 illustrant,
3039 686 3069 728 a
3086 673 3415 742 nobissaape
3425 686 3626 732 consu-

1965 764 2217 821 lendum.
2253 763 2408 820 Dabo
2435 768 2650 832 partem
2687 762 3092 832 inscriptionis
3118 778 3248 834 quae
3270 766 3340 822 ad
3370 768 3622 822 nostram

1963 869 2080 912 rem
2115 854 2382 925 pertinet,
2415 865 2544 909 cum
2585 852 2812 924 reliqua
2851 853 3036 909 videri
3081 854 3308 924 possint
3335 854 3623 922 descripta

1963 960 2031 1002 ex
2068 945 2263 1002 eodem
2308 956 2589 1000 marmore
2617 944 2768 1014 apud
2802 943 3104 1013 Sponium,
3137 943 3455 1000 Miscellan.
3493 957 3620 1015 pag.

1960 1034 2014 1104 5,
2047 1040 2104 1092 et
2131 1035 2282 1106 apud
2316 1033 2644 1090 Fabrettum
2675 1033 3129 1103 Inscriptionum
3163 1046 3292 1103 pag.
3325 1028 3451 1088 442.

2113 1185 2126 1199 .
2231 1185 2244 1198 .
2349 1183 2361 1196 .
2465 1183 2478 1197 .
2573 1155 2738 1198 15mm
2808 1155 2904 1198 cos
2957 1139 3202 1285 Snempe
3254 1141 3311 1196 L.
3385 1138 3623 1197 Ceionio

2113 1215 2337 1272 mmodo
2394 1217 2460 1270 D.
2521 1216 2703 1272 Novio
2764 1215 2961 1270 Prisco
3031 1227 3083 1269 Κ.
3145 1226 3310 1269 MART.
3368 1225 3426 1268 1N
3480 1226 3623 1270 AEDE

2028 1215 2337 1273 Commodo
2394 1217 2460 1270 D.
2521 1216 2703 1272 Novio
2764 1215 2980 1273 Prisco)
3031 1227 3083 1269 Κ.
3145 1226 3310 1269 MART.
3368 1225 3426 1268 1N
3480 1226 3624 1270 AEDE

2031 1302 2364 1346 CONCORDIAE
2420 1301 2794 1343 ADSTANTIBVS
2841 1298 3148 1342 FRATRIBVS
3198 1299 3506 1342 ARVALIBVS
3550 1299 3622 1340 EX

2030 1374 2270 1416 TABELLA
2320 1376 2437 1417 IMP.
2495 1372 2756 1414 CAESARIS
2812 1371 3134 1413 VESPASIANI
3183 1372 3305 1413 AVG.
3364 1371 3525 1412 MISSA
3573 1370 3618 1410 C.

2034 1446 2271 1488 SALVIVM
2316 1445 2626 1489 LIBERALEM
2672 1445 2724 1486 N.
2775 1444 2984 1485 BASSVM
3031 1444 3087 1484 IN
3130 1443 3306 1485 LOCVM
3344 1441 3390 1483 C.
3432 1443 3621 1483 MATIDI

2033 1517 2293 1559 PATRVINI
2348 1517 2624 1560 DEMORTVI
2681 1516 2993 1557 COOPTAMVS
3043 1515 3100 1556 IN
3153 1514 3408 1557 COLLEGIO
3450 1514 3626 1555 ADFE-

2036 1589 2180 1631 RVNT
2224 1589 2275 1631 L.
2317 1589 2607 1632 VERATIVS.
2662 1587 2980 1636 QVADRATVS
3020 1586 3063 1627 C.
3108 1586 3414 1629 VIPSTANVS
3448 1585 3629 1627 APRO—

2037 1660 2244 1702 NIANVS
2285 1662 2335 1704 L.
2385 1660 2621 1702 MAECIVS
2663 1659 2941 1702 POSTVMVS
2976 1658 3020 1699 C.
3072 1659 3302 1701 SALVIVS
3339 1657 3629 1699 LIBERALIS

2037 1733 2089 1774 N.
2144 1731 2362 1775 BASSVS.
2415 1732 2575 1774 ISDEM
2624 1731 2734 1772 COS.
2784 1732 2910 1773 MAG.
2957 1730 3000 1771 C.
3053 1731 3242 1773 SALONI
3285 1730 3473 1772 MATIDI
3525 1729 3628 1770 PA-

2036 1804 2229 1847 TRVINI
2279 1804 2336 1846 IN
2387 1803 2542 1844 CVIVS
2594 1803 2769 1844 LOCVM
2822 1802 3102 1844 SVCCESSIT
3150 1803 3299 1844 OBIIT
3356 1801 3625 1842 MAGISTE-

2037 1876 2179 1919 RIVM
2224 1876 2404 1918 EODEM
2448 1875 2592 1916 ANNO
2642 1875 2804 1915 ISDEM
2848 1873 2957 1915 COS.
3009 1875 3060 1916 Κ.
3109 1875 3276 1916 MART.
3320 1873 3370 1914 P.
3418 1872 3628 1914 SALLV—

2036 1947 2208 1989 STIVS.
2265 1947 2522 1989 BLAESVS.
2575 1945 2737 1986 ISDEM
2782 1945 2893 1986 COS.
2944 1946 2998 1985 V.
3047 1946 3121 1987 ID.
3176 1946 3336 1987 NART.
3391 1943 3626 1996 IN,AEDB

2039 2019 2346 2082 CONCORDIA
2416 2018 2544 2059 MAG.
2595 2017 2644 2058 L.
2716 2016 3043 2057 SALLVSTIVS
3101 2017 3339 2058 BLAESUS
3391 2015 3626 2056 COOPTA-

2038 2091 2138 2132 TVS
2199 2091 2254 2132 IN
2310 2089 2487 2133 LOCVM
2542 2089 2591 2130 G.
2647 2088 2832 2128 MATIDI
2895 2087 3149 2129 PATRVINI
3218 2086 3434 2129 COLLEGI
3485 2086 3626 2128 FRA-

2038 2162 2191 2204 TRVM
2237 2160 2525 2204 ARVALIVM
2578 2158 2909 2201 CONVOCAVIT
2958 2159 3022 2200 ET
3105 2183 3119 2197 .
3214 2183 3226 2196 .
3322 2183 3336 2198 .
3427 2183 3438 2197 .

2037 2251 2127 2311 22.
2153 2253 2385 2310 Tabulae
2406 2253 2732 2323 complures
2759 2265 3106 2321 marmoreae,
3136 2250 3296 2306 Actis
3321 2249 3498 2319 hujus
3517 2248 3626 2304 col-

1970 2343 2105 2416 legii
2135 2344 2459 2414 insculptas,
2491 2348 2546 2398 et
2577 2343 2638 2398 in
2664 2341 3011 2398 Gruteriana
3037 2339 3376 2396 collectione
3409 2352 3629 2395 memo-

1968 2439 2102 2491 ratae
2126 2439 2254 2506 post
2279 2433 2378 2488 fol.
2413 2447 2613 2500 cxvm,
2647 2446 2774 2502 qua:
2805 2431 2946 2487 olim
2979 2430 3130 2500 apud
3162 2429 3429 2486 Fulvium
3462 2429 3631 2484 Ursi—

1965 2539 2122 2592 num,
2154 2537 2308 2580 nunc
2339 2537 2470 2579 vero
2506 2524 2561 2577 in
2597 2521 2811 2591 palatio
2843 2519 3188 2575 Farnesiano
3217 2518 3492 2574 visuntur
3520 2533 3629 2574 su—

1965 2613 2254 2684 perstites,
2294 2612 2693 2668 demonstrant
2731 2610 2904 2665 etiam
2937 2613 3240 2679 sequentes
3270 2612 3483 2676 aetates,
3520 2623 3626 2663 us-

1963 2717 2074 2775 que
2091 2703 2158 2758 ad
2179 2707 2447 2772 quartum
2465 2700 2802 2772 etquintum
2821 2698 3095 2756 sazculum
3111 2696 3354 2767 Christi,
3371 2696 3625 2752 eamdem

1963 2792 2439 2849 consuetudinem
2485 2790 2830 2860 custodisse,
2875 2787 3196 2844 incidendae
3241 2785 3466 2842 scilicet
3505 2782 3624 2842 diei

1965 2896 2078 2953 qua
2098 2886 2229 2938 vota
2246 2880 2476 2952 publica
2495 2878 2974 2949 concipiebantur
2997 2891 3098 2948 pro
3115 2876 3302 2932 salute
3316 2876 3624 2944 Caesarum,

1964 2975 2021 3027 et
2065 2984 2176 3042 qua
2220 2974 2495 3040 concepta
2543 2967 2916 3026 solvebantur
2955 2985 2970 3038 ;
3018 2966 3139 3022 ritu
3189 2964 3627 3036 superstitionis

1963 3061 2208 3116 ethnicae
2232 3059 2548 3130 diligenter
2566 3058 2852 3128 explicato
2886 3055 2945 3111 in
2975 3055 3114 3111 aliis
3140 3067 3368 3126 quoque
3393 3051 3631 3109 marmo-

1911 3196 1926 3218 ,
1966 3149 2130 3206 ribus
2160 3148 2415 3219 ejusdem
2448 3147 2703 3220 collegii,
2740 3160 2866 3218 quae
2895 3150 3028 3201 ante
3058 3157 3240 3202 annos
3269 3142 3505 3200 circiter
3533 3141 3631 3197 vi-

1962 3239 2112 3311 ginti
2158 3239 2360 3296 eﬁ‘ossa
2405 3240 2474 3296 ad
2522 3243 2738 3296 sextam
2787 3236 3036 3306 lapidem
3081 3239 3244 3291 extra
3291 3232 3521 3301 Urbem,
3572 3236 3629 3287 et

1963 3328 2096 3384 inde
2121 3343 2151 3384 a
2185 3343 2272 3384 me
2295 3333 2582 3398 reportata
2611 3326 2800 3383 edidit
2831 3325 3147 3382 recolendas
3173 3323 3461 3380 memoriae
3484 3334 3627 3392 prae-

1966 3416 2057 3473 sul
2078 3417 2380 3487 Philippus
2400 3429 2432 3473 a
2448 3418 2627 3473 Turre
2648 3415 2955 3486 episcopus
2970 3412 3052 3470 Ad
3063 3412 3293 3480 riensis,
3320 3409 3464 3467 mihi
3487 3410 3626 3466 dum

1967 3507 2181 3564 viveret
2229 3507 2645 3564 amicissimus.
2704 3504 2910 3562 Eadem
2966 3499 3134 3560 modo
3179 3503 3509 3558 asservatur
3565 3498 3626 3554 in

1968 3596 2139 3667 paulo
2177 3603 2308 3652 ante
2338 3594 2569 3652 laudato
2612 3607 2808 3651 museo
2839 3592 3040 3650 excell.
3076 3591 3140 3646 D.
3174 3585 3486 3647 Alexandri
3527 3585 3625 3644 Al-

1958 3682 2113 3739 bani.

534 3826 652 3869 IMP.
704 3825 855 3868 CAES.
890 3825 948 3867 M.
983 3826 1116 3868 AVR.
1151 3824 1427 3867 ANTONINO
1456 3825 1582 3867 AVG.
1631 3827 1740 3868 IIII.
1788 3824 1834 3866 ϐ.
1868 3825 2092 3867 Ανιηυῐο
2135 3823 2428 3867 VICTORINO
2471 3824 2536 3865 II.
2569 3822 2682 3864 COS.
2731 3821 2792 3862 IN
2819 3819 3120 3874 CAPITOLIO,
3155 3809 3262 3860 etc.

537 3898 706 3940 ISDEM
756 3897 905 3940 COSS.
956 3924 969 3938 .
1021 3925 1034 3938 .
1085 3925 1098 3937 .
1149 3925 1161 3939 .
1217 3897 1298 3938 VII
1348 3897 1405 3939 ID
1457 3897 1662 3939 IANVAR
1717 3898 1774 3940 IN
1835 3897 2073 3938 PRONAO.
2126 3923 2139 3937 .
2189 3922 2203 3936 .
2251 3922 2263 3935 .
2331 3895 2576 3938 FRATRES
2623 3892 2872 3936 ARVALES
2919 3889 3266 3934 SACRIFICIUI

541 3970 682 4012 DEAE
730 3970 858 4012 DIAE
903 3969 1262 4013 INDIXERVNT.
1312 3971 1360 4018 Ο.
1416 3967 1660 4012 LICINIVS
1703 3970 1870 4012 NEPOS
1921 3968 2189 4011 MAGISTER
2238 3967 2445 4009 νεωτο
2492 3966 2680 4008 CAPITE
2735 3964 2943 4008 CONTRA
2986 3963 3265 4006 ORIENTEM

546 4067 560 4080 .
607 4068 620 4081 .
665 4069 678 4081 .
733 4041 874 4089 QUOD
917 4039 1104 4084 BONVM
1147 4040 1397 4082 FAVSTVM
1437 4041 1598 4082 FELIX
1645 4040 2007 4083 FORTVNATVM
2055 4039 2439 4087 SALVTAREQVE
2469 4039 2554 4080 SIT
2601 4035 2714 4080 IMP.
2750 4036 2896 4078 CAES.
2934 4035 2992 4078 M.
3026 4031 3264 4078 AVRELIO

534 4096 768 4168 (nomen
793 4099 1086 4155 Commodi
1116 4098 1406 4168 abrasum)
1431 4113 1704 4154 ANTONINO
1734 4112 1838 4154 AVG
1859 4113 1946 4155 pro
1966 4112 2182 4154 SARMAT
2202 4112 2348 4154 GERM
2370 4110 2587 4152 MAXIMO
2604 4111 2634 4150 ρ
2658 4111 2698 4151 Μ
2725 4110 2795 4150 pr
2819 4108 2913 4150 cos
2944 4108 3030 4150 1m
3062 4105 3261 4148 orrmo

535 4184 869 4233 MAXIMOQVE
909 4183 1150 4226 PRINCIPI
1185 4185 1300 4226 DIVI
1347 4185 1387 4226 Μ
1434 4185 1696 4227 ANTONINI
1742 4185 1828 4226 FIL
1878 4185 1992 4226 DIVI
2037 4184 2298 4226 ANTONINI
2345 4183 2532 4224 DEPOTI
2585 4182 2699 4224 DIVI
2742 4180 3006 4222 HADRIANI
3046 4179 3264 4231 PRONE—

535 4256 657 4299 POTI
709 4257 823 4298 DIVI
874 4257 1098 4298 TRAIANI
1140 4255 1403 4298 ABNEPOTI
1447 4257 1675 4300 SENATVI
1707 4258 1738 4298 P
1776 4258 1810 4304 ρ
1840 4257 1874 4298 R
1918 4256 2330 4304 FRATRIBVSQVE
2377 4253 2688 4297 ARVALIBVS
2729 4251 3076 4294 SACRIFICIVM
3122 4250 3263 4292 DEAE

538 4328 669 4370 DIAE
715 4328 816 4370 IIOC
853 4327 998 4370 ANNO
1029 4328 1158 4371 ERIT
1195 4329 1334 4370 ANTE
1383 4328 1516 4369 DIEM
1557 4329 1651 4370 XVI
1694 4329 1796 4371 ΚΑΙ..
1834 4328 2023 4370 IVNIAS
2071 4329 2253 4370 ROMAE
2283 4328 2422 4370 ANTE
2471 4326 2602 4369 DIEM
2643 4325 2791 4368 XIIII.
2836 4323 2870 4365 Κ
2900 4321 2994 4365 IVN
3037 4322 3094 4363 IN
3124 4321 3258 4363 LVCO

534 4400 601 4440 ET
647 4400 777 4441 DOMI
824 4399 976 4442 XIIII.
1032 4400 1064 4441 K
1105 4399 1200 4441 IVN
1241 4397 1701 4442 CONSVMMABITVR
1753 4399 1882 4441 DOMI
1927 4399 2252 4441 ADFVERVNT
2303 4399 2358 4440 IN
2407 4398 2534 4440 COLL
2579 4399 2610 4445 Ο
2660 4395 2900 4438 LICINIVS
2939 4391 3110 4436 NEPOS
3147 4389 3258 4433 MAG

532 4462 646 4513 etc.
661 4464 716 4513 et
735 4457 1004 4528 pluribus
1017 4457 1381 4528 interpositis
1395 4458 1546 4514 ritus
1559 4458 1798 4527 hujusce
1809 4457 2204 4528 superstitiosi
2217 4456 2499 4513 Sacriﬁcii
2515 4455 2794 4528 persoluti
2810 4450 3257 4510 itadescribitur

1561 4543 1726 4585 ISDEM
1764 4544 1856 4584 COS
1895 4543 1992 4585 XVI
2031 4545 2066 4585 Κ
2107 4543 2226 4585 IVN.

533 4615 595 4656 IN
645 4615 837 4656 DOMVM
891 4614 1058 4657 LICINI
1111 4614 1340 4656 NEPOTIS
1391 4615 1500 4657 MAG
1557 4615 1804 4657 FRATRES
1847 4615 2066 4658 ARVALE
2117 4613 2489 4657 PRAETEXTATI
2543 4613 2888 4658 SACRIFICIVM
2936 4611 3076 4656 DEAE
3121 4609 3249 4652 DIAE

530 4687 680 4728 TVRE
719 4686 784 4730 ET
833 4687 964 4728 νιΝο
1002 4687 1281 4728 FECERVNT
1332 4685 1516 4734 IBIQVE
1568 4686 1977 4742 DISCVMQENTES
2019 4685 2323 4730 TORAIJBVS
2370 4685 2740 4729 SEGMENTATIS
2785 4681 3252 4728 MINISTRANTIBVS

535 4757 741 4799 PVERIS
797 4758 1057 4800 PATRIMIS
1097 4758 1162 4798 ET
1202 4755 1474 4799 MATRIMIS
1533 4757 1854 4800 SENATORVM
1910 4759 2054 4800 FILIS
2093 4757 2251 4799 AELIO
2307 4756 2504 4798 AVIOLA
2557 4757 2621 4798 ET
2662 4755 2840 4798 ACILIO
2891 4755 3100 4798 SEVERO
3149 4745 3256 4795 etc.

537 4829 703 4870 ISDEM
733 4828 827 4870 cos
860 4829 986 4872 XIIII
1021 4830 1054 4871 Κ
1086 4829 1181 4870 IVN
1214 4829 1271 4870 IN
1301 4829 1434 4871 LVCO
1463 4830 1600 4871 DEAE
1630 4829 1759 4871 DIAE
1789 4831 1840 4878 Q.
1876 4829 2116 4872 LICINIVS
2146 4827 2249 4872 NEP
2280 4829 2389 4870 MAG
2418 4829 2488 4870 AD
2517 4829 2668 4870 ARAM
2697 4825 3023 4870 IMMOLAVIT.
3058 4855 3069 4867 .
3103 4823 3248 4868 βοει-

531 4900 726 4943 CILLAS
773 4901 1111 4944 PIACVLARES
1153 4901 1187 4943 N
1229 4901 1348 4945 LVCI
1401 4901 1766 4945 OOINCIIVENDI
1809 4901 1876 4943 ET
1923 4903 2120 4945 OPERIS
2168 4902 2417 4945 FACIENDI
2470 4900 2652 4949 IBIQVE
2699 4899 2946 4954 BACCIIAM
2992 4897 3252 4942 BONOM"

530 4973 672 5018 RIAM
724 4973 906 5015 ALBAM
960 4974 1030 5014 AD
1074 4972 1322 5015 FOCVLVM
1380 4973 1688 5016 IMMOLAVIT
1747 4973 2083 5016 SACERDOTES
2125 4975 2184 5018 IN
2231 4973 2576 5018 TETRASTVLO
2628 4971 3014 5015 CONSEDERVNT
3065 4970 3129 5010 ET
3174 4966 3248 5006 EX

532 5043 836 5086 SACRIFICIO
883 5045 1111 5086 EPVLATI
1165 5045 1300 5085 SVNT
1354 5043 1691 5092 SVMPTISQVE
1749 5046 2088 5088 PRAETEXTIS
2135 5047 2198 5088 ET
2251 5047 2477 5090 CORONIS
2533 5045 2739 5087 SPICEIS
2787 5042 3033 5085 BITTATIS
3079 5034 3256 5078 LVCVM

526 5116 671 5157 DEAE
723 5117 852 5158 DIAE
899 5113 1155 5157 SVMMOTO
1203 5115 1592 5157 ASCENDERVNT
1635 5115 1700 5157 ET
1740 5117 1845 5159 PER
1893 5120 1942 5166 Ο.
1988 5117 2216 5160 LICINVM
2263 5113 2514 5160 NEPOTI-3M
2561 5114 2626 5156 ΕΤ
2678 5111 2938 5154 CATILIVM
2987 5103 3248 5150 SEVERVM

527 5187 924 5229 PROPLAMINEM
991 5188 1176 5229 AGNAM
1242 5185 1454 5229 OPIMAM
1521 5186 1949 5232 IMMOLAVERVN’I‘
2024 5187 2294 5231 ρετινεπο
2357 5179 2661 5229 SACRIFICIO
2723 5181 2909 5224 OMNES
2970 5178 3115 5221 TVRE
3180 5173 3246 5217 ET

527 5260 662 5304 νιΝο
710 5259 995 5304 FECERVNT
1034 5258 1237 5304 DEINDE
1292 5259 1520 5303 CORONIS
1574 5261 1769 5306 INLATS
1829 5261 2113 5309 SIGNISQVE
2156 5259 2348 5303 VNC'I'IS
2393 5255 2708 5301 PETRONIVM
2747 5252 2982 5296 PRIMM
3024 5249 3098 5294 EX
3145 5245 3248 5291 δικ-

521 5318 884 5375 TVBNALIbuS
926 5331 1115 5376 PRIMIS
1156 5332 1213 5374 IN
1239 5331 1582 5375 SATVRNALIA
1626 5333 1866 5378 SECVNDA
1901 5334 2009 5375 me
2048 5330 2326 5376 racunvnr
2365 5331 2430 5372 ετ
2470 5328 2534 5368 ιρι.
2558 5323 2926 5366 SVLPICIANVH
2965 5320 3246 5366 FLAHINEM

215 5425 409 5488 Retuli
453 5431 544 5486 tot
589 5437 797 5482 versus
840 5424 1078 5493 hujusce
1121 5423 1529 5494 inscriptiouls
1575 5439 1609 5481 e
1649 5425 1832 5486 multo
1870 5424 1919 5484 D
1947 5423 2205 5492 rumdem
2231 5417 2516 5487 concepti,
2544 5427 2610 5472 ac
2642 5415 2944 5488 persoluti,
2972 5423 3029 5475 et
3053 5417 3464 5490 magistrorum
3493 5414 3607 5472 col-

154 5515 419 5583 pluribus
439 5514 674 5588 quibus
687 5527 755 5571 ea
771 5520 1016 5586 constat,
1039 5519 1101 5576 ut
1117 5514 1494 5585 ostenderem,
1516 5515 1834 5585 imperante

151 5603 462 5674 Commodo
491 5605 660 5670 circa
699 5603 871 5662 ﬁnem
903 5603 1101 5662 seaculi
1145 5604 1386 5667 secundi
1417 5605 1674 5676 viguisse
1706 5617 1834 5660 mo~

158 5708 258 5754 rem
285 5695 603 5764 incidendi
636 5694 702 5759 in
725 5691 987 5766 publicis
1005 5692 1222 5758 tabulis
1244 5693 1620 5766 collegiorum
1645 5706 1832 5752 sacer-

152 5783 431 5850 dotalium
461 5785 624 5858 apud
660 5784 952 5848 Romanos
986 5796 1225 5852 annum.
1256 5797 1326 5846 ac
1351 5783 1508 5844 diem
1545 5782 1695 5842 sacri
1726 5795 1833 5840 eo-

1946 5512 2107 5584 legii,
2135 5516 2192 5568 et
2219 5507 2547 5570 Fluminum
2571 5509 2915 5564 enatorum.
2948 5507 3034 5565 Ad
3061 5503 3604 5565 saeculum-tertium

1943 5601 2196 5673 pertinet
2234 5598 2354 5656 alia
2391 5589 2707 5659 inscriptio
2743 5594 2996 5665 ejusdem
3038 5595 3270 5668 collegii
3301 5593 3412 5654 sub
3444 5591 3608 5647 Cara-

1940 5691 2109 5762 calla,
2134 5704 2260 5763 qua:
2280 5699 2413 5750 cum
2441 5680 3034 5759 pmcedentirmperta
3049 5685 3188 5754 luit,
3209 5691 3268 5744 et
3289 5682 3402 5754 legi
3427 5678 3616 5763 potest

1946 5779 2006 5843 in
2030 5762 2264 5844 laudato
2283 5776 2439 5834 libro
2464 5770 2738 5843 praesulis
2753 5776 2826 5834 de
2848 5778 3032 5840 Turre
3055 5772 3214 5832 edita
3247 5774 3377 5842 post
3402 5762 3622 5821 dis”?-
