3996 6404
385 381 459 452 5'5
1169 391 1268 449 AD
1324 389 1759 449 ANASTASIUM
1812 383 2329 448 PROLEGOMENA
2364 383 2542 441 EDIT.
2587 379 3019 440 nou-vum.
3727 380 3802 439 56

389 519 636 578 tationes
648 519 719 576 de
738 517 1039 577 Veteribus
1061 516 1449 575 Monumentis
1468 515 1626 572 Antii
1645 515 1786 572 etde
1801 515 2031 570 Mithra.
2060 514 2119 576 Α
2148 509 2528 576 Persicorum,
2570 511 2628 564 et
2657 506 3003 576 Eliacorum,
3036 507 3092 562 et
3127 502 3507 576 Cryphiorum
3547 501 3803 560 ostensio

390 608 736 666 Referuntur
765 622 896 664 vero
919 609 989 664 ad
1013 611 1284 678 quartum
1311 605 1585 662 saeculum
1611 619 1736 660 aer-ae
1763 603 2040 660 Christia-

393 711 478 754 nae
508 711 788 754 marmora
816 710 928 753 non
957 695 1272 753 dissimilis
1299 695 1645 766 argumenti,
1683 693 1814 749 licet
1845 694 1914 749 ad
1943 691 2042 747 Mi-

390 787 574 843 thram
599 787 942 858 pertineant,
965 800 1096 842 cum
1114 786 1368 856 ejusdem
1391 784 1833 854 superstitiones
1853 783 2042 838 adhuc

391 876 463 933 ab
501 876 755 933 ethnicis
795 875 854 931 in
899 875 1046 931 Urbe
1081 874 1488 931 retinerentur.
1531 873 1819 944 Apparent
1866 873 1927 927 in
1967 871 2043 926 iis

395 965 881 1038 inscriptionibus
898 965 1111 1037 signati
1127 963 1675 1021 consulatusacdies
1690 961 2044 1018 initiationis

393 1069 590 1112 eorum
629 1055 729 1126 qui
777 1054 1175 1110 sacerdotibus
1221 1053 1548 1109 Mithriacis
1585 1051 2039 1122 ascribebantur,

397 1144 518 1202 ritu
547 1157 580 1200 a
608 1143 921 1200 Prudentio
949 1157 1237 1214 expresso.
1273 1141 1513 1212 Lapides
1541 1142 1668 1210 ejus
1700 1141 1780 1196 rei
1811 1144 1986 1195 testes
2013 1153 2045 1194 a

396 1233 643 1290 Grutero
682 1233 976 1289 memorati
1006 1232 1145 1290 folio
1171 1246 1446 1288 MLXXXVII
1474 1231 1746 1288 visuntur
1770 1229 1960 1286 adhuc
1986 1229 2046 1283 in

401 1322 615 1393 palatio
635 1321 944 1379 Barberino
964 1323 1032 1378 ad
1057 1321 1434 1393 Quirinalem.
1460 1320 1616 1376 Licet
1634 1319 1786 1375 enim
1810 1317 2048 1374 traditio

2149 605 2456 657 memorata
2477 598 2584 655 sub
2609 598 2844 654 initium
2868 595 3270 666 inscriptionis
3285 595 3405 650 sint
3422 594 3616 665 potius
3631 593 3802 650 verba

2149 703 2465 756 sacrorum,
2496 701 2664 758 quam
2695 685 3049 742 initiationis
3075 685 3326 755 propria,
3361 689 3426 740 ut
3452 683 3635 754 placet
3667 683 3807 739 lau—

2149 780 2282 835 dato
2321 777 2544 834 auctori
2575 775 3004 832 dissertationis
3031 773 3102 830 de
3144 773 3375 843 Mithra,
3420 787 3543 842 cap.
3571 770 3627 842 5,
3672 785 3802 843 pag.

2150 866 2276 934 203,
2318 873 2567 923 attamen
2611 866 2736 921 dies
2773 870 2829 920 et
2868 878 3055 920 annus
3097 861 3550 919 consecrationis
3587 862 3806 918 diserte

2153 955 2502 1027 exprimitur
2531 955 2592 1010 in
2621 955 2815 1010 eodem
2849 952 3039 1023 lapide
3071 957 3308 1022 peracta:
3341 951 3400 1006 in
3432 949 3740 1007 consulatu
3770 963 3804 1002 v

2151 1046 2408 1102 Valentis
2429 1051 2485 1102 et
2505 1044 2829 1103 Valentiani
2857 1043 3114 1113 junioris
3145 1041 3352 1112 primo,
3378 1041 3606 1111 quando
3632 1040 3809 1097 Aure-

2155 1137 2274 1193 lius
2294 1137 2489 1193 Victor
2516 1134 2838 1207 Augentius
2861 1133 3170 1188 Emiliano
3197 1129 3429 1186 Corfoni
3464 1130 3584 1186 ﬁlio
3615 1143 3810 1187 conse-

2156 1231 2313 1282 crato
2349 1225 2628 1282 sacerdoti
2669 1224 2820 1281 Solis
2857 1222 3101 1280 tradidit
3137 1219 3424 1278 Coracica.

1574 1468 1908 1526 DATIANO
1950 1469 2048 1522 ET
2087 1464 2413 1525 CEREALE
2458 1463 2635 1520 CONS

1506 1542 1779 1599 NONIVS
1831 1539 2082 1596 VICTOR
2127 1537 2487 1594 OLYMPIVS
2535 1538 2600 1592 V.
2643 1535 2701 1591 C.

1392 1615 1496 1670 PP.
1543 1617 1715 1669 AVR.
1773 1611 2026 1666 VICTOR
2075 1607 2503 1666 AVGENTIVS
2550 1609 2616 1663 V.
2660 1608 2714 1662 C.
2754 1606 2814 1662 P.

1261 1685 1775 1744 TRADIDERVNT
1814 1681 2113 1738 PERSICA
2153 1682 2288 1735 PRI.
2332 1679 2497 1736 NON.
2543 1678 2776 1734 APRIL.
2829 1678 2955 1734 FEL

1508 1756 1684 1813 CONS
1730 1754 1826 1808 SS.
1884 1753 2398 1809 TRADIDERVNT
2444 1750 2711 1806 ELIACA

1707 1827 1839 1881 XVI
1878 1823 2046 1879 KAL.
2091 1825 2253 1879 MAI.
2299 1821 2503 1877 FELIC

1558 1897 2089 1955 OSTENDERVNT
2132 1893 2476 1950 CRYPHIOS
2529 1894 2664 1950 VIII

1791 1967 1960 2023 KAL.
2009 1965 2168 2021 MAI.
2222 1965 2424 2020 FELIC

1638 2043 1752 2096 DD.
1794 2039 1917 2094 NN.
1964 2038 2323 2093 VALENTE.
2373 2037 2437 2092 V.
2480 2038 2578 2090 ET

1492 2109 2048 2169 VALENTINIANO
2089 2109 2389 2165 IVNIORE
2434 2109 2724 2164 PRIMVM

1559 2183 1782 2240 AVGG.
1823 2181 2018 2236 CONS.
2067 2181 2162 2235 VI.
2211 2179 2397 2235 IDVS.
2441 2179 2659 2235 APRIL

1512 2255 1688 2310 AVB.
1741 2252 1994 2309 VICTOR
2035 2250 2478 2307 AVGENTIVS.
2528 2253 2593 2306 V.
2635 2251 2692 2305 C.

1390 2327 1454 2382 Ρ.
1493 2328 1554 2380 Ρ.
1607 2324 1814 2380 FILIO.
1861 2322 2019 2378 SVO.
2069 2321 2486 2376 AEMILIANO
2531 2321 2831 2377 CORFONI

1491 2394 1824 2450 OLYMPIO.
1872 2392 1927 2447 C.
1969 2394 2030 2446 P.
2083 2392 2301 2448 ANNO.
2356 2391 2733 2446 TRICESIMO

1257 2465 1887 2524 CONSECRATIONIS.
1938 2463 2150 2519 SVAE.
2207 2462 2569 2517 TRADIDIT.
2619 2460 2962 2518 CORACICA

1544 2537 1765 2592 FELIC.
1809 2535 1961 2591 CON.
2007 2534 2103 2588 SS.
2151 2534 2680 2589 OSTENDERVNT

1447 2645 1450 2648 ~
1541 2606 1904 2666 CRYPHIOS.
1955 2607 2103 2661 VIII.
2151 2607 2220 2660 Κ.
2272 2605 2429 2659 MAI.
2479 2603 2684 2659 FELIC

471 2733 562 2793 23.
584 2734 748 2792 Alias
767 2734 1228 2792 consecrationes
1243 2734 1338 2791 die
1358 2737 1512 2791 certo
1529 2734 1786 2805 signatas
1807 2730 2059 2788 ostendit
2085 2729 2138 2792 B
2167 2728 2494 2785 cathedram
2565 2727 2944 2799 pontiﬁcalem
2997 2729 3052 2784 S.
3107 2728 3400 2800 Hippolyti
3461 2730 3714 2801 episcopi
3769 2737 3834 2788 et

402 2824 687 2882 Gruterus
715 2821 816 2879 fol.
847 2836 1026 2879 xxvm
1053 2828 1110 2879 et
1139 2822 1552 2895 sequentibus:
1585 2834 1727 2893 quas
1753 2819 1903 2875 inter
1927 2819 2062 2874 sin-

407 2914 628 2985 gularis
657 2918 744 2969 est
773 2913 895 2985 illa,
930 2913 1030 2969 ubi
1065 2913 1343 2969 Sextilius
1371 2911 1675 2984 Agesilaus
1705 2909 1968 2966 Edesius
1999 2922 2058 2964 se

406 3004 468 3060 in
499 3010 775 3060 aeternum
808 3009 1069 3059 renatum
1100 3003 1249 3058 dicit
1274 3001 1622 3058 Taurobolio
1651 2998 2058 3069 Criobolioque

408 3098 672 3165 percepto
717 3093 831 3148 DD.
885 3094 1002 3148 NN.
1049 3092 1281 3148 Valente
1333 3094 1378 3147 V
1421 3098 1476 3148 et
1531 3090 1869 3147 Valentiano
1924 3089 2052 3143 Jun.

405 3182 589 3254 Augg.
607 3181 764 3238 Coss.
786 3180 983 3238 Idibus
999 3181 1309 3252 Augustis;
1326 3181 1478 3237 unde
1493 3179 1857 3253 dignoscitur
1875 3177 2059 3248 posita

407 3271 563 3328 circa
585 3270 752 3327 ﬁnem
779 3269 974 3326 saeculi
999 3269 1192 3341 quarti
1219 3284 1348 3326 cum
1372 3268 1641 3340 pluribus
1659 3267 1914 3338 ejusdem
1935 3269 2060 3321 asta-

410 3361 490 3417 tis
521 3359 1006 3430 inscriptionibus
1047 3359 1129 3415 ibi
1163 3359 1380 3416 relatis.

478 3449 620 3505 Cum
644 3449 828 3521 igitur
847 3448 1089 3520 collegia
1109 3447 1487 3504 sacerdotalia
1508 3447 1751 3504 ethnicae
1773 3443 2064 3517 supersti—

413 3538 615 3610 tionis,
650 3551 777 3609 qua:
807 3538 995 3593 Romae
1035 3537 1304 3609 vigebant
1330 3550 1362 3593 a
1394 3537 1580 3607 primo
1608 3535 1826 3592 Christi
1852 3532 2064 3590 saeculo

413 3627 483 3683 ad
524 3626 691 3682 ﬁnem
728 3627 944 3698 quarti,
987 3626 1271 3683 sodalium
1312 3641 1547 3683 suorum
1588 3625 1785 3681 Fastos
1817 3629 1873 3680 et
1904 3623 2062 3690 Acta,

417 3715 798 3786 initiationes,
835 3716 1007 3785 ritus,
1037 3716 1284 3786 decreta,
1323 3716 1716 3772 dedicationes
1748 3729 1858 3771 non
1900 3712 2066 3769 modo

418 3807 752 3862 mandarent
767 3806 984 3862 litteris
996 3806 1056 3862 in
1070 3805 1242 3862 libris
1256 3805 1474 3875 linteis,
1494 3813 1594 3862 aut
1610 3806 1882 3862 eburneis
1898 3803 2070 3861 tabel-

417 3895 493 3952 lis
514 3895 915 3966 inscriberent,
938 3896 1034 3950 sed
1057 3897 1230 3951 etiam
1251 3896 1634 3953 marmoribus
1655 3896 2064 3966 insculperent,

372 4055 380 4067 η
419 3991 475 4041 et
497 3990 875 4055 proponerent
896 3984 957 4039 in
979 3984 1170 4054 atriis,
1189 3990 1245 4040 et
1266 3985 1324 4039 in
1349 3999 1561 4054 pronao
1583 3998 1817 4040 suarum
1835 3985 2066 4052 aedium,

2163 2820 2439 2890 martyris
2475 2819 2582 2876 sub
2617 2820 2818 2874 Severo
2847 2819 3168 2876 Alexandro
3194 2834 3320 2877 cum
3349 2820 3601 2890 ejusdem
3630 2825 3832 2877 statua

2169 2909 2476 2976 insidente,
2521 2915 2688 2980 quam
2721 2922 2789 2964 ex
2819 2910 3145 2965 caemeterio
3180 2908 3409 2965 Lucinae
3444 2909 3501 2964 in
3540 2923 3677 2982 agro
3709 2912 3834 2966 Ve—

2167 3013 2307 3056 rano
2335 2999 2668 3056 translatam
2690 2999 2758 3054 ad
2788 2998 3196 3056 bibliothecam
3223 3000 3551 3055 Vaticanam
3577 3004 3659 3054 tot
3681 3013 3834 3056 eru—

2167 3089 2420 3146 ditorum
2449 3089 2586 3146 libri
2613 3088 3003 3160 illustrarunt,
3027 3090 3265 3145 chorum
3288 3088 3638 3144 ducentibus
3662 3089 3837 3146 Baro-

2170 3178 2268 3234 nio
2296 3183 2352 3234 et
2391 3178 2692 3234 Bucherio.
2732 3179 2964 3235 Titulus
3011 3178 3091 3233 ita
3130 3179 3434 3248 inscriptis
3470 3183 3556 3232 est
3595 3178 3728 3238 ἓτους
3770 3193 3832 3248 Α,

2168 3274 2274 3325 etc.
2320 3269 2378 3325 id
2419 3275 2505 3325 est
2543 3269 2733 3325 ANNO
2771 3269 2987 3325 PRIMO
3026 3268 3381 3325 REGIMINIS
3419 3268 3835 3325 ALEXANDRI

2169 3357 2632 3414 IMPERATORIS
2689 3358 2909 3414 FACTA
2967 3358 3091 3413 EST
3140 3357 3267 3414 XIV
3332 3356 3638 3413 PASCHAE
3695 3359 3838 3413 [DI—

2171 3447 2296 3502 BVS
2347 3446 2704 3503 APRILIBVS
2760 3447 3066 3503 SABBATO
3121 3447 3263 3503 CVM
3308 3448 3554 3502 MENSIS
3601 3447 3841 3503 EMBO—

2174 3535 2483 3592 LISMALIS
2576 3538 2866 3593 FVISSET.
2967 3537 3264 3606 ERITQVE
3365 3537 3839 3607 SEQVENTIBVS

2174 3626 2382 3682 ANNIS
2459 3626 2650 3682 SICVT
2727 3629 2798 3682 IN
2874 3625 3144 3682 TABVLA
3220 3627 3599 3682 SVBIECTVM
3681 3626 3834 3681 EST.

2175 3717 2428 3772 EVENIT
2471 3715 2654 3772 VERO
2702 3718 2773 3770 IN
2828 3717 3275 3772 PRAETERITIS
3322 3717 3514 3771 SICVT
3559 3716 3839 3771 INDICA—

2176 3806 2321 3862 TVM
2384 3806 2526 3862 EST.
2593 3805 2903 3862 SOLVERE
2976 3807 3212 3861 AVTEM
3280 3805 3594 3861 OPORTET
3654 3805 3845 3860 IEIV—

2177 3898 2352 3952 NIVM
2407 3895 2521 3951 VBI
2576 3894 2914 3949 DOMINICA
2965 3893 3330 3948 INCIDERIT.
3385 3896 3445 3948 In
3494 3894 3602 3948 hoc
3650 3893 3846 3964 igitur

2181 3985 2392 4054 lapide,
2423 3983 2608 4037 inciso
2638 3994 2787 4036 anno
2815 3981 3032 4036 Christi
3065 3979 3192 4050 222,
3228 3981 3317 4036 lex
3347 3981 3670 4050 Sacrorum,
3706 3998 3848 4051 quae

421 4079 545 4128 tum
569 4072 742 4127 etiam
773 4067 1136 4128 Kalendariis
1163 4072 1478 4130 insererent
1504 4075 1563 4129 in
1593 4071 1716 4129 foro
1744 4072 1971 4142 positis,
2001 4071 2068 4126 ad
2104 4089 2152 4150 ρ
2185 4071 2526 4143 proponitur
2546 4069 2894 4125 observanda
2919 4069 2978 4123 in
3001 4070 3161 4124 Festo
3185 4069 3476 4138 praecipuo
3494 4068 3849 4130 celebrando

423 4160 826 4216 auctoritatem
851 4165 908 4216 et
932 4161 1342 4231 perennitatem
1371 4161 1794 4218 conciliandam
1825 4159 1951 4214 suis
1976 4159 2075 4213 in-
2184 4159 2481 4216 Pascbatis
2498 4156 2840 4227 Christiani,
2863 4157 3122 4213 continet
3144 4157 3477 4213 institutum
3496 4159 3705 4228 jejunii
3729 4163 3850 4219 sol-

426 4249 654 4306 stitutis
676 4250 1053 4323 ;Christiana2
1075 4251 1454 4322 professionis
1474 4251 1726 4306 cultores
1748 4262 1859 4304 non
1884 4248 2077 4303 minus

431 4340 675 4411 providi,
709 4345 767 4396 et
793 4340 976 4398 multo
1005 4341 1398 4398 sanctioribus
1427 4337 1707 4408 exemplis
1737 4337 1946 4394 imbuti
1982 4351 2081 4408 per

426 4429 654 4487 divinas
670 4430 895 4487 litteras
912 4431 1220 4501 utriusque
1238 4428 1605 4497 Testamenti,
1631 4427 1834 4484 merito
1850 4441 2084 4484 censue-

431 4523 567 4576 runt
591 4519 662 4574 ad
691 4519 1033 4590 dignitatem
1065 4531 1208 4572 verae
1233 4517 1538 4588 religionis
1566 4517 1868 4588 pertinere,
1899 4523 1962 4574 ut
1988 4518 2081 4575 la-

430 4607 683 4665 terculos
701 4607 934 4662 ederent
956 4605 1330 4675 pontiﬁcales,
1349 4612 1406 4661 et
1427 4611 1737 4678 martyrum
1763 4608 2076 4679 passiones,

433 4696 613 4754 veluti
652 4696 849 4752 Fastos
882 4694 1150 4751 Ecclesiae
1184 4695 1587 4769 triumphales,
1621 4702 1891 4754 ornarent
1927 4699 2081 4755 notis

433 4785 1032 4857 chronologicisanni,
1052 4799 1154 4842 seu
1168 4787 1490 4858 consulum,
1512 4789 1725 4845 mensis
1736 4803 1800 4844 ac
1813 4789 1952 4858 diei,
1967 4802 2083 4861 quo

435 4875 666 4934 veritati
693 4875 1090 4932 testimonium
1113 4876 1473 4947 praebuerant
1497 4879 1778 4950 sanguine
1796 4884 1852 4935 et
1871 4879 2087 4936 confes-

437 4967 616 5025 sione.
642 4964 1046 5038 Intelligebant
1065 4966 1218 5022 enim
1243 4973 1569 5039 pergratum
1589 4969 1702 5024 Deo
1727 4967 2005 5041 futurum,
2031 4974 2087 5025 et

416 5043 425 5050 ’
441 5055 685 5126 posteris
697 5055 942 5112 maxime
957 5055 1120 5126 utile,
1135 5062 1198 5114 ut
1211 5055 1350 5112 ﬁdes
1363 5056 1592 5127 publica
1607 5057 1768 5114 Actis
1778 5064 2084 5131 constaret,

439 5149 496 5201 et
519 5158 708 5201 annua
733 5145 1010 5214 memoria
1039 5145 1214 5202 recoli
1249 5151 1439 5217 posset
1467 5161 1663 5204 eorum
1693 5147 1986 5219 ingressus
2013 5150 2083 5206 ad

443 5233 706 5305 gloriam,
750 5233 811 5290 in
865 5235 942 5290 iis
987 5236 1304 5306 praesertim
1361 5237 1681 5294 coemeteris
1735 5237 2087 5295 suburbanis

443 5322 504 5378 in
536 5321 750 5394 quibus
779 5328 1055 5396 martyres
1083 5331 1254 5398 atque
1293 5326 1590 5398 pontiﬁces
1631 5327 2084 5399 deponebantur.

2185 4248 2353 4305 vendi
2390 4247 2690 4303 Dominica
2724 4246 2840 4317 die,
2875 4245 2946 4303 ab
2989 4247 3302 4317 apostolica
3348 4247 3659 4304 traditione
3702 4263 3852 4319 per-

2187 4339 2426 4394 ductum
2459 4336 2526 4392 ad
2564 4335 2872 4392 Ecclesiam
2913 4336 3261 4393 Orientalem
3297 4344 3353 4392 et
3393 4337 3849 4410 Occidentalem,

2188 4433 2245 4484 et
2277 4427 2674 4483 conﬁrmatum
2717 4426 2964 4483 decretis
3009 4427 3121 4499 Pii,
3161 4427 3454 4484 Eleutheri
3494 4433 3549 4483 et
3589 4427 3852 4486 Victoris

2189 4517 2525 4588 pontiﬁcum
2553 4519 2958 4589 Romanorum,
2989 4524 3115 4588 post
3143 4525 3336 4574 coacta
3365 4518 3541 4588 hujus
3561 4522 3847 4588 postremi

2191 4607 2505 4677 praesertim
2532 4608 2702 4678 jussu
2732 4608 2980 4664 concilia
3009 4622 3041 4663 a
3071 4608 3389 4678 TheOphilo
3421 4610 3480 4663 in
3513 4607 3848 4677 Palaestina,

2188 4701 2246 4752 et
2277 4695 2442 4767 alibi,
2473 4698 2559 4753 uti
2595 4711 2699 4753 suo
2742 4697 2867 4754 loco
2892 4697 3200 4754 dicendum
3242 4698 3374 4752 erit.
3422 4697 3606 4767 Quare
3645 4711 3848 4766 super.

2191 4791 2330 4842 sunt
2370 4787 2613 4858 vestigia
2654 4800 2767 4843 non
2811 4786 3054 4843 obscura
3096 4786 3523 4857 pontiﬁciarum
3563 4786 3855 4843 constitu-

2194 4877 2438 4947 tionum,
2480 4883 2536 4933 et
2565 4890 2857 4933 sacrarum
2899 4877 3085 4950 legum
3127 4876 3464 4933 observandi
3498 4876 3648 4932 ritus
3678 4875 3859 4934 festo-

2196 4983 2345 5040 rum,
2373 4973 2430 5024 et
2463 4967 2674 5038 jejunii
2706 4966 2984 5038 solvendi,
3029 4967 3214 5022 incisa
3243 4965 3486 5022 vetustis
3518 4967 3577 5020 in
3609 4978 3858 5023 marmo-

2195 5059 2361 5116 ribus
2403 5059 2695 5126 Romanis,
2748 5057 2921 5113 etiam
2974 5060 3269 5112 constante
3320 5055 3732 5126 persecutione,
3788 5063 3860 5113 ut

2190 5149 2307 5219 jam
2349 5153 2470 5204 tum
2507 5147 2871 5203 addiscerent
2919 5145 3259 5202 hierarchiaa
3291 5146 3502 5202 summi
3539 5145 3714 5214 hujus
3747 5146 3866 5204 Ec-

2194 5237 2386 5294 clesia:
2426 5237 2685 5292 omnium
2731 5235 3034 5306 principis,
3084 5234 3309 5291 Urbana
3363 5247 3646 5290 marmora
3684 5233 3863 5293 Chri-

2197 5327 2407 5384 stianis
2432 5325 2613 5382 sacris
2639 5325 2928 5396 insculpta
2951 5325 3222 5397 erigenda
3242 5337 3365 5381 esse
3384 5324 3453 5380 ad
3482 5324 3667 5380 instar
3686 5323 3857 5398 cippi

441 5414 678 5469 Decreta
700 5424 832 5468 vero
857 5414 1189 5483 pontiﬁcum
1213 5421 1316 5473 aut
1339 5418 1742 5485 conciliorum,
1771 5433 1898 5492 quae
1924 5420 2090 5490 prlo-
2117 5426 2172 5489 D
2199 5415 2574 5487 triumphalis
2593 5429 2768 5487 supra
2792 5413 3112 5471 confractas
3138 5413 3366 5470 tabulas
3384 5413 3630 5470 ethnicae
3654 5429 3864 5485 super-

445 5501 612 5559 ribus
656 5500 830 5557 etiam
877 5503 1105 5560 saeculis
1145 5511 1276 5562 ante
1334 5509 1773 5566 Constantinum
1822 5511 2088 5580 Magnum
2200 5505 2464 5563 stitionis
2490 5523 2504 5560 :
2535 5519 2660 5578 qua:
2694 5511 2832 5561 tunc
2857 5518 2889 5560 a
2922 5502 3204 5561 fratribus
3240 5503 3566 5574 Arvalibus,
3596 5504 3859 5577 aliisque

443 5591 598 5648 edita
623 5588 869 5660 fuerant,
891 5591 1204 5662 aliquando
1227 5609 1493 5667 expressa
1518 5597 1701 5655 fuisse
1725 5596 1961 5664 tabulis,
1990 5601 2091 5654 aut
2199 5597 2528 5652 Daemonum
2569 5594 2881 5667 mysteriis,
2917 5600 2972 5651 et
3011 5593 3410 5652 sacerdotibus
3445 5594 3639 5661 Isidis,
3674 5594 3859 5652 Sera—

440 5679 635 5752 cippis
677 5680 1014 5739 marmoreis
1051 5688 1242 5753 aperte
1275 5685 1444 5744 nobis
1484 5686 1738 5744 ostendit
1783 5685 2090 5758 inscriptio
2199 5684 2377 5759 pidis,
2404 5684 2647 5755 Mithrae,
2677 5685 2853 5756 Solis,
2868 5690 2928 5740 et
2951 5684 3158 5740 Matris
3176 5683 3390 5754 Magnae
3405 5683 3852 5758 dedicabantur,

441 5770 693 5828 Canonis
731 5771 1022 5834 Paschalis
1061 5773 1121 5829 in
1161 5781 1383 5832 vetusto
1421 5789 1702 5834 marmore
1739 5775 2092 5847 exprimente
2198 5775 2307 5833 sub
2333 5773 2526 5833 fallaci
2564 5787 2665 5846 spe
2689 5773 2988 5846 promissa:
3019 5771 3135 5830 sibi
3177 5773 3540 5843 aeternitatis,
3575 5779 3855 5846 tanquam
