3996 6422
160 389 236 452 57
1117 458 1122 462 ,
1469 413 1490 462 ,’
1695 392 1866 455 PBL]

2006 395 2075 456 0.
2792 461 2794 463 ,
3541 395 3616 457 88

169 517 448 590 prasidia
482 515 712 590 profani
748 517 946 577 cultus
976 516 1242 577 inanium
1268 519 1505 578 deorum
1545 531 1840 591 nunquam
1865 516 1925 578 Α
1957 520 2171 578 loculis
2221 533 2577 579 summorum
2611 521 2974 594 pontiﬁcum,
3006 525 3130 580 tum
3175 522 3234 580 in
3270 521 3615 596 colligendis

171 609 480 668 interituri
507 628 523 679 ;
552 623 684 666 cum
716 610 916 666 eodem
947 610 1159 667 saculo
1183 611 1450 667 cederent
1476 611 1536 666 in
1565 611 1836 680 pradam,

166 704 221 755 et
239 704 607 756 verterentur
636 699 695 754 in
720 699 1068 756 monimenta
1090 699 1347 756 victoria
1366 701 1436 756 de
1458 698 1840 769 triumphatis

168 789 478 846 erroribus
528 794 705 860 parta
752 802 784 845 a
837 789 1076 845 veritate
1124 789 1428 861 religionis
1468 788 1834 845 Christiana.

173 883 382 936 Verum
419 880 540 936 hac
580 879 747 935 alias.
792 881 955 935 Nunc
995 879 1054 934 in
1095 892 1160 936 ea
1195 879 1446 949 digitum
1483 879 1841 934 intendimus

175 970 278 1026 hac
309 975 539 1026 tantum
563 969 634 1025 de
660 982 853 1038 causa,
885 973 950 1024 ut
978 963 1258 1040 appareat“
1277 969 1599 1025 auctoritas
1627 981 1840 1038 rerum,

174 1074 300 1131 qua
321 1060 721 1115 enuntiantur
743 1059 801 1115 in
828 1059 1072 1115 vetustis
1092 1059 1476 1114 Romanorum
1502 1057 1841 1128 pontiﬁcum

169 1150 488 1221 Catalogis,
525 1151 721 1220 quarti
771 1149 1109 1220 prasertim,
1144 1154 1200 1205 et
1239 1149 1384 1205 sexti
1433 1148 1629 1205 saculi
1669 1146 1842 1219 (unde

177 1240 271 1295 hic
298 1239 476 1295 Liber
495 1239 858 1296 Pontiﬁcalis
877 1239 1216 1311 agnoscitur
1236 1243 1541 1296 contextus
1562 1237 1672 1294 sub
1693 1239 1844 1294 Gre-

176 1330 344 1400 gorio
396 1331 443 1385 Il
493 1334 549 1385 et
595 1329 689 1399 III)
740 1343 871 1385 cum
929 1342 1026 1400 per
1078 1343 1174 1384 eas
1231 1333 1432 1384 atates
1485 1326 1842 1384 consuetudo

174 1427 341 1475 vetus
391 1420 583 1475 Roma
622 1419 858 1491 vigeret,
909 1423 1023 1474 tam
1069 1417 1218 1489 apud
1264 1418 1631 1474 Christianos
1671 1430 1843 1488 quam

174 1509 325 1578 apud
363 1508 651 1580 ethnicos,
685 1508 1067 1580 consignandi
1098 1507 1436 1564 marmoreis
1467 1506 1686 1563 tabulis
1709 1520 1848 1576 per-

179 1598 314 1653 inde
346 1612 415 1654 ac
445 1597 618 1653 libris
658 1584 1093 1668 pontiﬁcalibus
1120 1602 1249 1653 acta
1291 1601 1348 1652 et
1390 1597 1618 1653 decreta
1662 1595 1847 1652 colle-

176 1688 432 1756 giurum,
458 1687 824 1744 initiationes
843 1693 901 1744 et
917 1687 1237 1762 sacerdotia
1254 1700 1452 1744 eorum
1471 1685 1842 1758 potissimum

181 1779 280 1849 qui
310 1777 494 1834 catui
533 1784 859 1849 praessent.

1954 611 2270 682 diptychis,
2303 615 2360 666 et
2389 610 2672 682 catalogis
2701 625 2771 668 ex
2801 613 3132 668 earumdem
3166 612 3612 684 inscriptionum

1952 704 2010 756 et
2039 701 2312 756 Actorum
2345 699 2728 773 autographis
2762 715 2924 758 nemo
2945 702 3078 772 jure
3108 702 3482 769 dubitaverit,
3516 702 3612 758 cui

1954 797 2248 861 perspecta
2273 791 2353 846 sit
2382 790 2714 861 diligentia,
2739 805 2910 862 quam
2938 792 3063 862 pari
3096 791 3274 848 ferme
3298 793 3494 849 studio
3519 793 3618 848 im-

1955 881 2279 950 penderunt
2311 880 2705 950 proximarum
2732 881 2910 936 Italia
2935 881 3239 936 civitatum
3271 882 3526 952 episcOpi
3558 883 3614 938 in

1951 971 2308 1026 decessorem
2355 984 2593 1027 suorum
2629 971 2928 1026 memoriis
2960 971 3377 1040 praservandis
3419 976 3617 1041 poste-

1955 1060 2138 1116 ritati.
2166 1061 2357 1116 Liceat
2378 1060 2524 1116 mibi
2550 1051 2806 1130 proferre
2824 1074 2894 1116 ex
2915 1061 3133 1116 Nolana
3155 1061 3415 1116 ecclesia
3440 1061 3619 1116 illus-

1954 1154 2040 1206 tre
2064 1150 2497 1220 documentum,
2533 1150 2684 1222 quod
2722 1155 2855 1206 ante
2893 1163 3075 1206 annos
3115 1150 3446 1220 quindecim
3484 1150 3616 1206 inde

1953 1239 2181 1311 collegi,
2211 1253 2343 1296 cum
2369 1254 2402 1296 a
2432 1243 2486 1296 S.
2517 1243 2581 1296 D.
2615 1243 2681 1296 N.
2710 1240 2998 1297 Clemente
3022 1241 3100 1296 ΧΙ
3125 1241 3417 1310 ascriptus
3440 1240 3618 1296 comi-

1955 1330 2101 1386 tatui
2142 1343 2363 1401 eorum,
2407 1344 2554 1403 quos
2593 1329 3057 1386 eminentissimo
3096 1329 3380 1386 cardinali
3412 1329 3616 1386 Carolo

1955 1419 2268 1477 Barberino
2293 1421 2479 1493 legato
2502 1421 2574 1476 de
2596 1421 2774 1476 latere
2795 1420 2865 1476 ad
2889 1419 3251 1476 Catholicam
3279 1434 3468 1492 regem
3494 1421 3618 1476 His-

1959 1510 2262 1580 paniarum
2285 1510 2621 1580 Philippum
2645 1512 2690 1567 V
2713 1509 2952 1581 Neapoli
2978 1515 3116 1566 tunc
3137 1513 3396 1582 agentem
3423 1509 3620 1566 admi—

1958 1598 2176 1654 nistros
2203 1599 2492 1672 delegerat
2521 1600 2850 1672 legationis,
2882 1599 3169 1670 permissu
3195 1600 3452 1669 ejusdem
3483 1612 3620 1654 car-

1956 1688 2178 1745 dinalis
2197 1689 2397 1745 Nolam
2421 1704 2508 1746 me
2527 1691 2901 1747 contulissem
2925 1691 2994 1746 ad
3019 1703 3213 1746 sacras
3236 1689 3619 1760 antiquitates

1960 1779 2394 1850 perlustrandas
2423 1781 2548 1850 ejus
2576 1781 2832 1838 ecclesia
2862 1785 2919 1838 et
2959 1781 3271 1838 camelerii
3304 1781 3360 1836 S.
3401 1779 3613 1837 Felicis

243 1865 336 1923 24.
375 1868 518 1924 Acta
547 1873 605 1924 et
629 1867 1032 1926 ordinationes
1054 1867 1327 1924 Ecclesia
1351 1867 1620 1924 Romana
1646 1864 1849 1936 splen—
1877 1852 1932 1915 Β
1961 1869 2023 1925 in
2054 1868 2251 1925 Pincis
2281 1868 2463 1924 dicti:
2513 1869 2613 1926 ubi
2645 1876 2960 1940 supersunt
2996 1869 3325 1940 complures
3362 1868 3620 1926 basilica

176 1957 387 2014 didius
403 1956 746 2029 consignata
771 1957 1045 2030 leguntur
1065 1961 1194 2027 post
1218 1961 1494 2012 assertam
1523 1955 1846 2011 libertatem

175 2046 366 2104 divini
412 2046 614 2102 cultus
643 2061 675 2102 a
706 2046 957 2102 Maximo
998 2045 1399 2102 Constantino.
1443 2046 1652 2100 Beatus
1694 2043 1847 2099 enim

176 2139 468 2192 Damasus
517 2149 688 2207 papa,
737 2135 840 2205 qui
887 2133 1106 2191 tabulis
1152 2133 1491 2190 marmoreis
1537 2131 1850 2189 convestiri

179 2226 408 2282 curavit
461 2225 619 2280 atria
667 2223 1065 2294 ecclesiarum,
1121 2223 1322 2280 aditus
1371 2223 1849 2292 cameteriorum,

181 2315 454 2386 sepulcra
490 2318 830 2384 martyrum,
865 2326 994 2384 qua
1036 2311 1246 2368 tabula
1288 2312 1649 2382 postmodum
1683 2311 1853 2367 dicta

181 2411 312 2460 sunt
333 2403 634 2464 Plutonia,
655 2401 1021 2473 elegantibus
1038 2402 1210 2458 etiam
1235 2401 1501 2457 versibus
1517 2400 1852 2470 complexus

176 2498 257 2548 est
301 2493 366 2548 in
399 2491 734 2548 earumdem
783 2490 1276 2560 inscriptionibus
1305 2490 1604 2560 complura
1663 2489 1853 2545 docu—

182 2588 371 2638 menta
415 2580 682 2636 historia
711 2579 1078 2637 decessorum
1110 2593 1371 2650 suorum,
1406 2585 1462 2635 et
1495 2582 1846 2649 martyrum:

182 2685 436 2745 quorum
488 2670 688 2740 aliqua
735 2670 958 2742 integra
1005 2676 1319 2740 supersunt
1347 2673 1513 2726 atate
1559 2672 1754 2724 nostra
1789 2667 1848 2724 in

185 2762 463 2832 bypogao
507 2758 769 2814 basilica
815 2759 1122 2828 Vaticana,
1162 2759 1221 2815 in
1251 2760 1370 2816 ade
1417 2759 1472 2813 S.
1524 2756 1847 2813 Sebastiani

181 2858 343 2908 extra
370 2864 590 2920 muros,
615 2849 754 2906 etin
782 2849 955 2906 titulo
978 2849 1236 2920 Equitii:
1266 2849 1384 2905 alia
1407 2849 1681 2920 leguntur
1695 2846 1846 2918 apud

176 2942 522 3010 Gruterum,
556 2943 615 2994 et
657 2944 812 2995 tomo
843 2940 911 2993 1V
956 2940 1220 2994 Veterum
1273 2938 1679 2994 Analectorum
1723 2939 1852 2993 Ma-

180 3030 443 3099 billonii,
477 3029 769 3099 descripta
796 3031 960 3084 atate
985 3027 1176 3085 Caroli
1204 3028 1393 3099 Magni
1419 3047 1434 3096 ;
1460 3027 1577 3084 alia
1600 3027 1852 3098 denique

177 3121 424 3178 collecta
474 3132 507 3175 a
556 3118 764 3175 Martio
814 3117 1040 3175 Milesio
1090 3117 1151 3175 in
1197 3117 1452 3174 editione
1499 3130 1737 3190 operum
1788 3117 1846 3172 B.

180 3209 437 3265 Damasi.

251 3297 342 3356 25.
377 3299 523 3355 Cum
555 3310 690 3354 vero
740 3300 798 3353 et
827 3295 886 3351 in
919 3295 1268 3353 cameteriis
1320 3299 1634 3368 martyrum
1665 3307 1851 3366 appa-

186 3396 307 3445 reat
356 3402 509 3458 sape
539 3401 730 3444 annus
778 3399 844 3442 ac
889 3386 1016 3442 dies
1053 3385 1463 3456 depositionis,
1514 3385 1852 3456 plerumque

185 3479 414 3549 scalpro
438 3476 680 3532 calatus
703 3476 762 3531 in
789 3474 1007 3532 tabulis
1029 3474 1386 3546 marmoreis,
1411 3471 1853 3531 occludentibus

187 3569 468 3638 loculum,
499 3581 612 3623 non
649 3580 778 3623 raro
812 3565 870 3621 in
899 3565 1052 3623 calce
1075 3571 1371 3636 exaratus,
1403 3570 1506 3622 aut
1537 3564 1720 3620 minio
1750 3577 1857 3620 co-

192 3659 414 3715 loratus
437 3658 496 3714 in
521 3663 798 3713 camento
817 3663 1043 3713 crustas
1065 3668 1415 3712 marmorum
1427 3655 1705 3727 jungente
1724 3665 1855 3708 cum

192 3749 456 3820 margine
482 3746 858 3804 loculamenti
880 3765 905 3816 ;_
925 3746 1060 3818 quis
1093 3758 1204 3801 non
1227 3744 1437 3815 videat,
1463 3757 1531 3798 ex
1559 3743 1652 3798 his
1679 3745 1858 3798 auto-

192 3838 434 3911 graphis
463 3837 740 3894 collectas
785 3834 968 3892 fuisse
996 3834 1247 3904 tabulas,
1281 3833 1403 3890 sive
1444 3831 1756 3900 indiculos,
1804 3834 1860 3886 et

191 3927 509 3984 laterculos
532 3926 989 3998 depositionum,
1017 3932 1073 3982 et
1099 3925 1426 3981 rudimenta
1452 3921 1552 3978 illa
1574 3923 1862 3992 Martyro-

194 4016 335 4089 logii
389 4017 658 4088 Romani,
707 4031 739 4073 a
785 4015 1072 4072 Bucherio
1121 4021 1345 4086 reperta
1400 4013 1459 4069 in
1514 4009 1863 4068 membranis

193 4107 391 4177 quarti
423 4107 623 4162 saculi
647 4112 751 4163 aut
778 4106 996 4178 quinti,
1023 4109 1079 4161 et
1098 4105 1170 4160 ab
1190 4104 1386 4161 eodem
1413 4102 1567 4158 edita
1595 4105 1725 4173 post
1750 4099 1864 4155 Ca-

195 4209 401 4253 nonem
421 4196 754 4252 Paschalem
779 4195 1025 4252 Victorii
1052 4193 1346 4266 Opusculo
1369 4193 1541 4249 tertio
1565 4205 1690 4265 pag.
1713 4186 1864 4246 276?

493 4374 872 4432 .DEPOSITIO
931 4369 1411 4431 EPISCOPORUM
1442 4369 1543 4442 (α).

209 4553 214 4556 -
256 4521 423 4570 Sexto
452 4519 712 4568 Kalendas
739 4518 1028 4577 Ianuarias,
1057 4515 1292 4579 Dionysii
1316 4515 1371 4579 in
1394 4512 1607 4579 Callisti.

252 4583 442 4632 Tertio
471 4583 729 4631 Kalendas
755 4575 1225 4640 Januarii,'Felici's
1254 4579 1306 4627 in
1332 4575 1547 4626 Callisti.

257 4646 443 4695 Pridie
471 4645 733 4694 Kalendas
761 4637 1016 4701 Januarii,
1044 4641 1377 4704 Syivcstriini
1391 4637 1675 4704 Priscilla.

259 4710 463 4767 Quarto
486 4707 609 4756 ldus
628 4707 882 4764 Januarii,
915 4703 1163 4756 Miltiadis
1197 4705 1248 4752 in
1275 4703 1489 4767 Callisti.

256 4760 486 4822 ﬁecimo
508 4774 692 4820 octavo
715 4760 974 4821 Kalendas
989 4767 1258 4819 Februarii
1279 4764 1568 4816 Marcellini
1589 4760 1867 4826 (Marcelli)

1431 4828 1486 4878 in
1510 4825 1806 4887 Priscilla.)

254 4897 446 4948 Tertio
479 4896 658 4946 Nonas
691 4895 884 4954 Martii,
914 4894 1058 4944 Lucii
1088 4894 1142 4943 in
1175 4891 1394 4943 Callisti.

256 4961 486 5011 Decimo
519 4959 780 5009 Kalendas
812 4957 956 5017 Maii,
989 4957 1098 5008 Caii
1129 4957 1180 5004 in
1209 4955 1428 5017 Callisti.

263 5025 473 5082 Quarto
505 5021 682 5071 Nonas
717 5014 960 5081 Augusti,
999 5018 1328 5082 Stephanirin
1360 5014 1579 5082 Callisti.

264 5077 432 5135 S‘exto
467 5084 726 5134 Kalendas
762 5077 1017 5141 Octobris,
1057 5077 1267 5130 Eusebii
1300 5080 1354 5129 in
1389 5077 1607 5130 Callisti.

261 5148 443 5199 Nonis
478 5147 739 5207 Octobris,
777 5146 944 5196 Marci
973 5146 1026 5194 in
1059 5144 1308 5207 Balbina.

260 5213 434 5262 Sexto
466 5209 587 5259 ldus
614 5202 942 5269 Decembris,
963 5206 1284 5270 Eutychiani
1317 5202 1623 5270 in__Calli_s_ti.

261 5274 449 5326 Pridie
482 5273 603 5326 Idus
629 5271 858 5336 Apriles,
889 5264 1016 5322 Julii
1044 5264 1099 5346 iri
1124 5270 1206 5319 via
1227 5267 1440 5319 Aurelia
1469 5264 1873 5346 miliaric‘izilxgrxin

1575 5327 1811 5392 Callisti.)

269 5434 364 5495 ΞΘ.
387 5437 594 5496 Verum
613 5436 687 5495 de
705 5433 976 5508 diligenti
997 5445 1140 5492 cura
1158 5430 1518 5489 notariorum
1541 5428 1875 5502 apostolica

200 5528 362 5585 sedis
408 5533 527 5587 tum
567 5529 628 5586 in
677 5524 1013 5584 incidendis
1051 5521 1291 5596 epochis
1334 5520 1765 5594 depositionum
1815 5519 1875 5573 in

274 5675 358 5741 (α)
389 5677 601 5746 Nempe
633 5674 1030 5746 Romanorum
1067 5682 1100 5726 a
1130 5666 1306 5727 Lucio
1336 5665 1406 5723 ad
1452 5665 1693 5724 iulium.

277 5739 355 5818 (ὁ)
385 5739 550 5805 Anno
575 5743 807 5803 Christi
841 5739 963 5797 438.

1961 1962 2174 2030 partes,
2203 1957 2430 2014 musivo
2456 1961 2512 2014 et
2538 1958 3024 2028 inscriptionibus
3047 1960 3330 2016 decorata
3354 1972 3385 2015 a
3407 1959 3462 2015 S.
3482 1960 3621 2015 Pau-

1962 2047 2084 2104 lino
2105 2048 2380 2119 episcopo
2393 2047 2634 2104 Nolano.
2648 2047 2816 2102 Tanti
2833 2048 3072 2103 sacrarii
3099 2052 3466 2104 monumenta
3476 2047 3619 2104 bene

1963 2136 2147 2192 multa
2169 2138 2338 2193 edere
2359 2151 2488 2194 cum
2514 2136 2730 2207 possim
2751 2135 2984 2207 publica
3006 2135 3132 2192 luce
3151 2136 3521 2208 dignissima,
3547 2135 3625 2192 iis

1965 2232 2188 2284 tantum
2218 2231 2528 2284 contentus
2547 2240 2644 2284 ero
2667 2240 2795 2299 qua
2821 2225 3112 2298 pertinent
3131 2225 3199 2282 ad
3222 2230 3623 2298 argumentum

1963 2331 1996 2374 a
2042 2331 2130 2374 me
2179 2323 2510 2389 susceptum
2562 2318 2630 2372 ad
2679 2316 3145 2388 pertractandum
3189 2315 3251 2372 in
3296 2315 3401 2371 hac
3433 2313 3628 2386 prafa—

1963 2408 2141 2479 tione,
2177 2421 2379 2478 nempe
2408 2408 2477 2464 ad
2510 2406 2900 2478 sarcophagos
2933 2411 2990 2462 et
3018 2404 3372 2476 sepulcrales
3401 2405 3628 2462 tabulas

1961 2497 2187 2572 aliquot
2208 2499 2611 2570 episc0porum
2635 2496 2991 2568 insculptas,
3019 2495 3114 2552 die
3133 2500 3191 2552 et
3209 2508 3361 2552 anno
3385 2493 3625 2566 deposi—

1961 2587 2144 2644 tionis
2173 2601 2274 2658 per
2303 2587 2570 2644 consules
2602 2585 2881 2643 indicato.

2031 2680 2094 2734 In
2142 2677 2402 2748 ZOphoro
2451 2677 2667 2734 litteris
2717 2675 2932 2733 musivi
2981 2674 3175 2747 operis
3227 2673 3444 2747 legitur
3491 2674 3624 2746 epi—

1961 2780 2212 2840 gramma
2235 2768 2292 2823 S.
2321 2767 2574 2838 Paulini,
2599 2766 2821 2839 aquale
2847 2765 3247 2836 testimonium
3272 2764 3418 2822 adis
3443 2777 3624 2822 sacra

1961 2868 1994 2912 a
2019 2870 2080 2914 se
2107 2856 2494 2927 ampliﬁcata.

2025 2981 2225 3032 Parvvs
2261 2984 2368 3030 erat
2385 2981 2530 3030 locvs
2559 2983 2674 3030 ante
2710 2979 2872 3030 sacris
2902 2982 3144 3041 augvstvs
3179 2978 3410 3040 agendis,

2089 3044 2517 3107 Svpplicibvsque
2549 3057 2745 3103 negaus
2767 3044 2992 3107 pandere
3017 3055 3172 3107 posse
3202 3054 3400 3090 manvs.

2024 3105 2184 3182 ernc;
2202 3105 2394 3182 popvlo
2410 3105 2646 3182 spatiosa
2664 3105 2774 3182 .pii's
2809 3105 2993 3182 altaria
3017 3105 3209 3168 prabet

1877 3200 1927 3264 α
2087 3169 2285 3218 Officiis
2308 3169 2464 3219 medii
2487 3171 2706 3218 martiris
2736 3171 2788 3218 in
2817 3169 3036 3230 gremio.

2023 3231 2218 3282 Cvncta
2250 3233 2360 3281 Deo
2411 3236 2654 3281 renovata
2687 3233 2914 3282 placent.
2953 3231 3034 3281 No

2068 3236 2218 3281 vncta
2250 3233 2360 3281 Deo
2411 3236 2654 3281 renovata
2687 3233 2914 3295 placent.
2953 3231 3120 3295 Nova!
3146 3231 3320 3295 omnia
3356 3244 3564 3295 semper

2085 3295 2315 3345 Cbristvs
2347 3296 2397 3344 et
2423 3296 2475 3344 in
2507 3293 2764 3344 cvmvlvm
2796 3294 3001 3357 lvminis
3034 3293 3311 3357 amplificat

2027 3356 2117 3408 Sic
2147 3361 2196 3407 et
2225 3358 2396 3407 dilecti
2425 3357 2609 3408 solivm
2639 3358 2825 3408 Felicis
2852 3356 3116 3406 honorans

2088 3421 2151 3470 Et
2174 3421 2450 3484 splendore
2479 3421 2630 3471 simvl
2658 3421 2867 3485 protvlit
2891 3422 2939 3470 et
2962 3420 3153 3482 spatio.

2036 3540 2100 3595 In
2125 3550 2259 3595 arca
2292 3552 2609 3597 marmorea
2639 3539 2790 3610 apud
2820 3538 3018 3594 altare.

2110 3647 2266 3701 DEP.
2311 3646 2516 3702 SANC.
2569 3645 2841 3701 FELICIS
2888 3643 3039 3699 EPS.
3077 3645 3142 3698 V.
3175 3646 3253 3700 ID
3279 3644 3479 3698 FEBR.

2273 3717 2420 3772 POS.
2455 3717 2653 3786 CONS,
2692 3717 2808 3770 ΒΑ.
2846 3716 2954 3780 vs.
2993 3717 3080 3769 TI.
3121 3715 3209 3769 VC
3238 3715 3337 3784 (δ).

2040 3825 2183 3880 Cum
2212 3824 2269 3878 S.
2305 3821 2534 3878 Paulini
2585 3821 2784 3877 obitus
2822 3819 3106 3876 referatur
3146 3819 3218 3874 ad
3254 3830 3466 3874 annum
3501 3814 3625 3888 430,

1973 3917 2211 3971 sanctus
2240 3910 2400 3967 Felix
2439 3908 2710 3968 octennio
2754 3915 2880 3980 post
2909 3906 3211 3976 depositus
3251 3907 3380 3978 ejus
3406 3909 3627 3963 atatem

1971 4005 2180 4074 aquat.

2043 4093 2106 4151 In
2133 4092 2249 4149 alia
2281 4091 2542 4164 proxima
2573 4103 2703 4147 arca
2738 4102 3054 4146 marmorea

1971 4203 2085 4258 ΒΡ.
2134 4202 2244 4256 EP.
2277 4199 2587 4254 PAVLINI
2625 4197 2948 4253 IVNIORIS
2997 4200 3062 4251 D.
3110 4199 3214 4253 III.
3258 4198 3354 4252 ID.
3403 4194 3632 4251 SEPTE

2295 4271 2401 4326 FL.
2436 4269 2660 4327 DIOSM
2702 4268 2836 4324 0R0
2863 4268 2937 4340 (ο)
2973 4269 3060 4326 VC
3102 4268 3297 4325 CONS.

2048 4383 2109 4438 In
2135 4380 2254 4438 alio
2275 4379 2630 4451 sarcophago
2649 4377 2878 4434 detrita
2897 4381 3036 4434 sunt
3057 4376 3264 4434 littera
3289 4375 3633 4446 inscriptio-

1978 4471 2106 4528 nis:
2139 4471 2219 4527 ita
2242 4475 2307 4526 ut
2327 4469 2613 4525 incertum
2635 4465 2801 4524 sitan
2823 4467 3131 4539 episcopus
3154 4465 3235 4522 ibi
3265 4465 3628 4522 recondatur.

1889 4545 1946 4608 D
1976 4560 2084 4617 Sed
2107 4560 2342 4617 nomina
2362 4557 2667 4615 consulum
2693 4560 3009 4630 supersunt
3030 4557 3252 4629 integra
3275 4572 3289 4611 :
3316 4567 3445 4628 qua
3471 4553 3634 4611 indi-

1975 4655 2110 4708 cant
2138 4662 2355 4707 annum
2381 4645 2509 4705 359.

2123 4771 2336 4815 SEIPER
2361 4770 2428 4812 OB
2458 4769 2710 4813 MERITVM
2734 4769 2922 4814 ViVBIS
2947 4769 3257 4815 PRAECONlA
3286 4767 3482 4814 ωνυιε

2265 4843 2330 4886 ΕΤ
2363 4842 2503 4885 BONA
2534 4842 2836 4886 PROGENIES
2861 4869 2874 4884 .
2908 4871 2921 4885 .
2954 4869 2970 4884 .
3079 4888 3084 4892 ι

2265 4915 2425 4960 PEVlA
2456 4915 2520 4957 εν
2539 4941 2553 4956 .
2584 4943 2596 4956 .
2624 4941 2639 4958 ο

2266 4987 2560 5038 RELIQUIAE
2587 5011 2604 5028 ο
2633 5015 2647 5030 .
2671 5013 2686 5030 ο

2266 5060 2327 5173 3‘.
2347 5088 2366 5173 :
2388 5087 2532 5174 at.
2564 5157 2578 5171 .
2606 5156 2620 5172 .
2652 5127 2866 5172 εεκρειι
2896 5125 3023 5169 ειυς
3048 5150 3062 5165 .
3090 5149 3102 5162 .
3132 5156 3140 5164 .
3171 5120 3344 5164 om
3373 5119 3494 5164 »νει

2268 5203 2666 5248 A...OR...
2805 5239 2810 5244 .

2525 5299 2538 5312 .
2567 5299 2579 5312 .
2609 5299 2621 5311 .
2645 5266 2857 5313 FELICIS

2054 5343 2285 5388 EVSEBIO
2315 5343 2380 5386 ετ
2419 5341 2613 5385 γρλτιο
2643 5338 2770 5381 coss
2797 5337 2883 5381 nr.
2920 5336 2976 5382 tu
3006 5326 3141 5382 PAC3

2416 5413 2470 5455 νι
2495 5412 2598 5455 ΚΑΙ.
2627 5409 2718 5454 ΠΝ

2056 5516 2118 5570 In‘
2145 5509 2264 5568 alio
2291 5511 2574 5565 marmore

2056 5657 2130 5729 (c)
2162 5658 2243 5712 lta
2288 5647 2555 5729 mendose
2603 5645 2836 5729 incisus
2869 5651 2973 5729 l_v‘|_.A
2999 5643 3269 5705 Diescori
3309 5637 3650 5696 consulatus

1992 5718 2256 5786 incidens
2288 5727 2347 5783 in
2374 5733 2592 5778 annum
2622 5718 2841 5778 Christi
2872 5720 2999 5780 ιη.
3103 5753 3106 5756 ~
