3996 6400
153 338 218 400 64
1706 342 2089 404 ΡΜΕΔῙῚΟ.
3527 343 3600 418 62

229 467 407 525 Iusta
446 468 702 543 virginis
729 485 936 536 nomen
965 486 1099 533 cum
1130 471 1376 548 legerem
1403 469 1794 546 compositum
1818 485 1952 530 cum
1982 472 2291 532 consulatu
2323 473 2503 532 Flavii
2529 475 2810 543 Severini,
2844 475 2938 535 bis
2966 479 3299 536 occurrente
3323 473 3392 533 in.
3412 473 3600 532 Fastis

154 557 226 618 ad
258 572 450 616 annos
479 556 576 618 464
613 567 671 617 et
699 557 826 630 483,

1605 662 1826 718 SACRE
1865 663 2169 720 VIRGINIS

1393 735 1547 790 DEP.
1592 735 1786 790 IVSTI.
1829 735 1889 789 V.
1936 735 2061 790 IDS.
2101 734 2375 802 NOBEBR

1399 807 1567 863 FILS.
1609 804 1954 862 SEVERINO
1992 807 2054 862 ν.
2093 808 2152 863 C.
2195 808 2373 864 CONS

156 921 396 978 monuit
457 922 594 994 pius
656 923 922 981 sacerdos
988 923 1168 993 hujus
1204 923 1404 995 templi
1459 923 1828 994 Prapositus,
1857 922 1912 981 A
1941 924 2260 996 Arvalium,
2303 923 2646 984 Pontiﬁcum
2681 926 2982 997 Majorum,
3025 924 3350 998 Augurum,
3383 925 3604 997 Epulo—

152 1025 324 1067 sacra
380 1010 502 1068 hac
556 1017 921 1069 monumenta
980 1014 1127 1068 mihi
1191 1013 1475 1082 indicans,
1548 1018 1827 1084 repertam

154 1101 347 1159 fuisse
414 1103 561 1159 hanc
611 1109 953 1174 postremam
1007 1104 1263 1162 tabulam
1327 1118 1700 1161 marmoream
1750 1105 1831 1160 ita

153 1192 506 1266 inscriptam
536 1194 646 1250 sub
672 1193 938 1251 columna
963 1195 1220 1250 ecclesia
1243 1193 1378 1252 dum
1414 1195 1603 1265 paries
1628 1194 1830 1250 retice-

152 1290 344 1352 retur,
391 1283 704 1340 occludens
741 1283 994 1340 loculum
1028 1284 1090 1340 in
1122 1284 1299 1354 topho
1339 1290 1692 1356 excavatum,
1729 1284 1829 1341 ubi

151 1373 548 1429 cernebantur
589 1374 764 1428 Justa
811 1373 1062 1445 virginis
1104 1387 1233 1430 ossa
1285 1375 1526 1446 integra,
1567 1374 1830 1445 deposita

153 1463 438 1518 manibus
471 1461 808 1518 cancellatis
847 1476 976 1518 cum
1019 1463 1232 1520 lamina
1277 1462 1542 1534 plumbea
1588 1463 1832 1535 pedibus

150 1553 450 1622 apposita,
486 1552 546 1608 in
569 1566 682 1623 qua
711 1553 984 1609 visuntur
1013 1551 1241 1624 littera,
1270 1567 1497 1626 nomen,
1525 1567 1592 1609 ac
1616 1558 1826 1610 statum

150 1642 413 1713 virginis
481 1642 808 1700 indicantes
873 1642 981 1700 sub
1051 1648 1536 1716 monogrammate
1609 1641 1828 1700 Christi

152 1731 395 1787 Domini
429 1748 443 1785 :

645 1834 678 1876 Α
714 1820 769 1890 ᾖ
807 1823 858 1877 Ω
894 1823 1099 1878 JUS'I'A
1142 1819 1356 1880 VIRGO

228 1908 312 1964 lbi
348 1909 525 1965 etiam
570 1911 860 1968 numisma
890 1911 1106 1968 Licinii
1149 1916 1434 1982 repertum
1477 1909 1660 1966 fuisse
1690 1923 1830 1966 nar-

157 2001 331 2056 ravit.

225 2087 316 2144 26.
355 2089 486 2144 Hac
517 2088 718 2144 omnia
759 2101 893 2143 cum
922 2093 1148 2158 reputo,
1182 2093 1312 2158 post
1341 2088 1538 2144 Nolam
1569 2102 1602 2144 a
1627 2088 1835 2145 Gothis

156 2183 380 2248 captam
404 2183 466 2234 et
487 2182 790 2248 vastatam,
817 2176 1008 2233 adhuc
1029 2177 1276 2247 reperiri
1298 2177 1476 2234 unius
1499 2179 1558 2234 in
1579 2178 1836 2235 ecclesia

1943 1027 2101 1084 num,
2129 1014 2425 1073 Sodalium
2455 1016 2762 1085 Titiorum,
2797 1013 3231 1086 Augustalium,
3265 1013 3601 1082 lsiacorum,

1940 1102 2230 1159 cultorum
2277 1104 2562 1175 Herculis,
2607 1105 2778 1175 Solis,
2823 1104 3066 1170 Mithra,
3110 1103 3354 1174 aliaque
3390 1102 3605 1172 hujus-

1941 1193 2093 1248 modi
2125 1207 2284 1250 sacra
2319 1193 2606 1264 professa,
2637 1201 2692 1251 et
2720 1195 2777 1250 in
2805 1193 3072 1250 decurias
3104 1192 3444 1264 plerumque
3473 1191 3604 1247 dis—

1941 1281 2195 1346 tributa,
2248 1289 2314 1340 ut
2365 1284 2632 1343 observat
2695 1283 2997 1340 Fabrettus
3057 1282 3320 1351 lnscript.
3375 1294 3498 1350 cap.
3546 1279 3602 1352 6,

1943 1385 2067 1443 pag.
2099 1369 2203 1427 429
2228 1379 2283 1430 et
2315 1370 2438 1444 449,
2471 1373 2731 1430 solebant
2759 1373 3097 1429 marmoreis
3125 1370 3345 1426 tabulis
3377 1367 3606 1426 inscul-

1944 1469 2037 1532 pta
2066 1463 2290 1536 aﬁigere
2312 1465 2655 1536 templorum
2683 1463 2873 1536 adytis
2902 1469 2960 1520 et
2986 1461 3312 1518 vestibulis.
3342 1461 3443 1516 His
3471 1473 3604 1516 vero

1942 1551 2102 1608 Actis
2133 1553 2362 1623 publica
2394 1555 2741 1612 auctoritate
2786 1552 3108 1624 propositis
3136 1551 3208 1606 ab
3239 1551 3602 1606 ethnicorum

1942 1643 2358 1713 superstitione
2395 1645 2516 1700 visa
2556 1648 2644 1703 est
2687 1643 2946 1700 indicere
2983 1641 3283 1714 singulare
3321 1647 3607 1696 certamen

1942 1739 2154 1788 nostra
2185 1732 2487 1804 religionis
2516 1747 2548 1789 a
2576 1735 2692 1790 Deo
2733 1737 2986 1804 protecta
3025 1731 3214 1788 virtus
3243 1735 3298 1786 et
3327 1733 3606 1786 constan-

1940 1821 2024 1876 tia
2073 1833 2170 1892 per
2210 1835 2465 1878 summos
2504 1821 2838 1878 hlerarchas
2875 1821 3142 1878 Ecclesia
3178 1819 3396 1875 Christi
3439 1817 3606 1874 mili-

1946 1912 2162 1969 tantis:
2199 1914 2264 1968 ut
2291 1910 2431 1968 Acta
2462 1912 2581 1966 veri
2614 1911 2920 1967 sacerdotii
2951 1910 3296 1966 Christiana
3322 1907 3468 1982 legis
3496 1920 3608 1964 are

1946 2002 2258 2073 perennius
2282 1999 2466 2056 incisa
2495 1999 2712 2056 nostris
2736 1999 2797 2054 in
2821 1997 3108 2070 basilicis,
3132 1997 3324 2056 titulis
3343 2004 3400 2054 et
3425 1997 3607 2054 colle-

1945 2091 2063 2164 giis
2103 2090 2488 2160 triumphales
2530 2088 2709 2144 veluti
2755 2087 2935 2146 fastos
2973 2091 3322 2159 opponerent
3355 2088 3416 2141 in
3454 2085 3611 2141 Petri

1943 2180 2232 2251 Capitolio
2259 2178 2518 2252 profanis
2542 2177 2908 2238 ethnicorum
2939 2175 3378 2236 initiationibus
3401 2179 3460 2229 et
3481 2187 3611 2244 my—

157 2268 408 2336 ambitu,
442 2279 572 2336 qua
599 2264 786 2321 fuerat
814 2278 846 2321 a
878 2266 937 2320 Β.
968 2266 1213 2323 Paulino
1242 2267 1508 2324 restituta
1540 2273 1595 2324 et
1619 2268 1837 2338 ampli-
1867 2257 1918 2318 Β
1946 2271 2146 2328 steriis
2178 2270 2512 2341 impietatis.
2547 2268 2688 2324 Nam
2721 2269 2987 2327 Romana
3013 2265 3280 2322 Ecclesia
3313 2263 3613 2336 pontiﬁces

158 2357 345 2426 ﬁcata,
382 2360 564 2426 atque
599 2355 657 2411 in
707 2355 1096 2411 marmoribus
1137 2356 1328 2426 quinti
1362 2363 1418 2412 et
1455 2357 1602 2413 sexti
1635 2358 1831 2414 saeculi

157 2447 321 2502 video
373 2445 635 2513 nomina,
691 2450 904 2514 atates,
970 2444 1364 2515 depositiones
1430 2447 1832 2516 episcoporum

155 2535 495 2606 consignari
517 2548 616 2604 per
635 2533 993 2599 consulatus,
1021 2546 1239 2589 necnon
1264 2535 1565 2590 memorari
1593 2535 1837 2607 presby-

160 2629 421 2682 terorum
486 2623 907 2690 ordinationes,
969 2622 1250 2679 diaconos
1306 2623 1479 2678 etiam
1537 2621 1720 2694 (aque
1768 2639 1834 2682 ac

160 2715 580 2782 subdiaconos,
629 2719 688 2768 et
731 2727 924 2769 sacras
972 2713 1250 2785 virgines)
1304 2712 1516 2770 ibidem
1567 2714 1834 2771 conditos

159 2803 367 2870 fuisse,
404 2817 518 2858 non
553 2803 832 2875 neglectis
863 2808 1183 2873 temporum
1217 2802 1391 2864 notis,
1428 2804 1696 2861 universa
1726 2806 1836 2862 de—

157 2907 319 2948 mum
383 2897 581 2962 aptata
648 2891 816 2949 video
879 2891 950 2948 ad
1014 2891 1310 2963 exemplar
1374 2895 1832 2951 cmmeteriorum

155 2983 352 3044 Urbis,
390 2995 622 3037 necesse
651 2987 736 3037 est
770 2995 833 3037 lli.
865 2980 998 3039 inde
1027 2980 1298 3053 colligam
1327 2982 1445 3038 duo
1474 2982 1782 3040 corollaria
1812 3003 1825 3039 :

159 3073 414 3142 primum
449 3076 556 3138 est,
590 3071 650 3126 B.
684 3070 990 3127 Paulinum
1023 3072 1150 3140 ejus
1183 3070 1440 3128 basilica
1474 3073 1834 3130 instaurato-

161 3175 301 3226 rem,
357 3161 463 3232 qui
507 3161 737 3233 origine
776 3160 1088 3232 Romanus,
1135 3161 1271 3218 licet
1310 3160 1368 3218 in
1410 3161 1599 3218 Gallia
1641 3169 1832 3232 natus,

165 3251 478 3307 maximam
529 3251 722 3307 atatis
779 3256 996 3321 partem
1046 3251 1106 3306 in
1151 3250 1299 3308 Urbe
1349 3259 1722 3324 transegerat,
1777 3253 1836 3308 in

164 3355 274 3411 qua
309 3341 489 3397 etiam
532 3340 686 3396 inter
713 3346 1006 3396 senatores
1037 3340 1251 3398 relatus
1290 3341 1653 3399 consulatum
1688 3355 1841 3413 quo-

165 3445 274 3502 que
319 3435 579 3501 gesserat
632 3444 784 3486 anno
838 3431 1056 3486 Christi
1109 3428 1238 3501 375,
1292 3446 1422 3486 cum
1485 3437 1836 3503 perspectam

170 3519 404 3576 haberet
476 3520 959 3578 consuetudinem
1021 3521 1289 3578 Ecclesia
1360 3522 1643 3594 Romana,
1720 3523 1839 3579 hac

1945 2361 2013 2418 ad
2063 2360 2476 2431 perennitatem
2533 2357 2847 2428 memoria,
2902 2362 2958 2412 et
3009 2355 3270 2412 historia
3324 2353 3512 2424 ﬁdem,
3557 2356 3612 2410 et

1943 2451 2352 2506 documentum
2399 2447 2646 2519 posteris
2696 2445 3208 2503 transmittendum
3258 2445 3457 2500 aterni
3513 2454 3612 2500 sa-

1945 2540 2191 2596 cerdotii
2221 2538 2454 2596 Christo
2497 2535 2694 2592 collati
2735 2550 2767 2591 a
2800 2537 2982 2597 Patre.
3015 2535 3087 2591 ab
3116 2548 3297 2605 eoque
3342 2547 3611 2590 commu-

1945 2630 2123 2687 nicati
2172 2629 2337 2684 Petro
2380 2633 2434 2684 et
2474 2625 2910 2684 successoribus
2955 2625 3109 2680 vices
3152 2637 3289 2682 suas
3335 2623 3394 2679 in
3436 2623 3610 2679 terris

1945 2717 2316 2789 obeuntibus,
2368 2717 2579 2774 ibidem
2625 2721 2839 2786 tropaa
2882 2713 3298 2785 apostolorum,
3332 2717 3390 2769 et
3421 2727 3618 2769 sacras

1945 2809 2117 2881 leges,
2164 2821 2227 2864 ac
2267 2806 2655 2865 successionis
2689 2807 2844 2876 jura,
2890 2810 2948 2860 et
2989 2804 3196 2860 seriem
3243 2804 3609 2874 spectandam

1947 2904 2371 2968 pr0posuerunt
2402 2909 2684 2952 marmore
2714 2902 2770 2950 et
2799 2907 2909 2949 are
2936 2894 3200 2962 incisam,
3237 2891 3336 2949 ubi
3372 2892 3443 2947 ab
3475 2891 3611 2948 ido-

1947 2984 2133 3043 lorum
2170 2985 2375 3058 mystis
2404 2987 2832 3055 diligentissima
2878 2984 3261 3055 superstitione
3305 2981 3609 3035 habebatur

1945 3076 2225 3131 collectum
2278 3073 2558 3146 quidquid
2603 3088 2838 3144 usquam
2887 3075 3076 3140 fuerat
3121 3071 3282 3125 vanis
3332 3069 3614 3124 erroribus

1945 3168 2263 3224 institutum
2290 3185 2307 3232 ;
2340 3164 2817 3239 quemadmodum
2850 3162 3115 3220 observat
3141 3162 3197 3217 S.
3233 3163 3341 3218 Leo
3374 3161 3616 3234 Magnus

1948 3271 2115 3315 serm.
2157 3254 2206 3327 t,
2240 3257 2310 3314 de
2337 3257 2429 3312 SS.
2463 3253 2745 3327 apostolis
2781 3254 2946 3309 Petro
2987 3256 3045 3308 et
3073 3251 3271 3308 Paulo.
3302 3251 3382 3308 Ita
3415 3261 3616 3320 nempe

1949 3361 2052 3419 par
2097 3350 2239 3417 erat,
2289 3351 2351 3403 ut
2395 3345 2551 3402 omni
2592 3358 2795 3417 genere
2846 3343 3323 3399 documentorum
3371 3339 3606 3395 evidens

1949 3437 2302 3506 redderetur,
2342 3435 2638 3492 Christum
2677 3435 2878 3503 Deum,
2917 3433 3145 3504 Regem,
3183 3435 3234 3485 et
3273 3428 3615 3487 Sacerdotem

1947 3526 2248 3582 secundum
2275 3526 2522 3580 ordinem
2564 3521 2956 3579 Melchisedech
3000 3521 3282 3575 dominari
3309 3519 3483 3575 etiam
3517 3531 3617 3588 per

165 3609 483 3680 diligenter
513 3609 776 3666 curantis
809 3622 908 3680 per
946 3610 1206 3667 notarios
1254 3613 1634 3682 regionarios,
1672 3613 1840 3668 intu—
1869 3622 1918 3685 (ς
1949 3629 2142 3671 servos
2186 3628 2324 3671 suos
2361 3617 2420 3668 in
2439 3615 2616 3668 medio
2653 3615 2999 3667 inimicorum
3038 3623 3261 3664 suorum
3297 3608 3466 3676 (Psal.
3501 3603 3614 3675 cx).

171 3696 307 3753 lisse
333 3699 591 3754 eamdem
614 3700 1093 3756 consuetudinem
1120 3700 1178 3756 in
1207 3701 1515 3756 Ecclesium
1539 3701 1837 3773 Nolanam,

171 3787 253 3841 vel
299 3793 470 3842 antea
514 3788 810 3843 inductam
855 3789 1243 3844 conﬁrmasse.
1290 3788 1550 3845 Alterum
1589 3790 1844 3845 corolla-

174 3877 325 3932 rium
359 3882 467 3946 est,
502 3883 667 3932 atate
709 3877 938 3933 Paulini
978 3882 1038 3934 et
1067 3878 1350 3949 proxima,
1394 3892 1594 3948 nempe
1632 3877 1844 3934 saculo

172 3972 405 4036 quarto,
460 3972 692 4036 quando
748 3967 1057 4040 Catalogus
1115 3967 1217 4025 ille
1276 3967 1437 4038 prior
1505 3967 1840 4038 pontiﬁcum

175 4056 560 4111 Romanorum
601 4057 709 4112 sub
740 4056 970 4112 Liberio
1000 4057 1494 4128 conscribebatur,
1517 4057 1843 4114 abundasse

174 4151 253 4201 tot
275 4145 648 4202 documentis
674 4145 953 4218 genuinis
976 4151 1033 4204 et
1060 4147 1314 4218 publicis
1337 4147 1641 4204 historiam
1667 4147 1842 4217 hujus

180 4235 451 4291 Ecclesia
495 4235 783 4307 Romana,
824 4241 890 4295 ut
918 4237 1042 4294 sola
1080 4251 1150 4296 ex
1181 4237 1538 4308 inspectione
1580 4237 1840 4294 brevium

177 4326 652 4396 inscriptionum,
685 4341 813 4398 qua
844 4327 1182 4400 legebantur
1210 4328 1268 4386 in
1294 4328 1643 4386 cameteriis
1665 4328 1843 4383 Chri-

170 4415 386 4471 stianis
415 4415 792 4488 chronologia
815 4417 964 4473 satis
985 4416 1254 4474 absoluta
1279 4418 1664 4474 Romanorum
1694 4431 1844 4487 pon-

173 4506 400 4562 tiﬁcum
469 4505 902 4578 colligeretur;
948 4511 1048 4565 aut
1101 4511 1255 4568 certe
1312 4506 1393 4564 ita
1445 4507 1642 4563 luxata
1695 4506 1845 4562 ratio

173 4603 501 4666 temporum
527 4595 960 4665 pontiﬁciorum
983 4595 1230 4667 proferri
1250 4608 1608 4668 nequaquam
1634 4601 1842 4666 posset,

173 4686 348 4754 cujus
400 4685 729 4740 emendatio
787 4699 900 4742 non
952 4690 1106 4743 esset
1156 4684 1352 4743 facilis
1396 4685 1548 4756 apud
1597 4699 1694 4742 eos
1742 4685 1843 4757 qui

175 4781 398 4830 attente
469 4773 838 4831 consulerent
900 4775 1108 4831 titulos
1172 4775 1525 4846 sepulcrales
1581 4776 1847 4832 Romana

178 4863 469 4933 Ecclesia,
539 4865 860 4933 prasertim
906 4865 956 4922 si
1006 4864 1423 4923 adhiberentur
1483 4865 1655 4921 etiam
1708 4863 1847 4920 Acta

180 4959 523 5024 martyrum,
546 4952 811 5009 versibus
844 4953 1066 5013 inclusa
1095 4967 1194 5026 per
1217 4956 1544 5024 Damasum,
1575 4960 1631 5010 et
1664 4955 1846 5012 incisa

177 5043 512 5099 eorumdem
567 5042 886 5108 memoriis,
931 5057 1113 5117 eaque
1157 5042 1560 5099 conferrentur
1588 5057 1716 5100 cum
1751 5044 1848 5100 in-

178 5132 608 5203 scriptionibus
647 5132 935 5192 Casarum
982 5140 1037 5190 et
1089 5134 1531 5205 magistratuum
1566 5147 1598 5190 a
1629 5134 1846 5205 quibus

181 5223 418 5294 publico
465 5219 696 5293 judicio
754 5221 986 5286 fuerant
1036 5223 1296 5286 damnati
1349 5228 1406 5286 et
1459 5237 1561 5294 pro
1615 5223 1846 5281 Christo

177 5328 377 5369 OCCISI.

248 5399 337 5458 27.
383 5401 576 5460 Redeo
617 5413 777 5460 nunc
807 5401 880 5458 ad
927 5401 1316 5459 intermissam
1361 5403 1845 5474 comparationem

182 5495 454 5554 Actorum
508 5507 642 5568 qua
699 5506 944 5562 corpora
996 5492 1118 5552 sive
1175 5492 1512 5558 sodalitates
1565 5491 1655 5564 (ut
1711 5493 1848 5550 Cato

1950 3705 2008 3762 Id
2042 3704 2262 3760 clarius
2294 3709 2358 3759 ut
2389 3702 2768 3772 percipiatur,
2804 3700 2956 3770 quod
2990 3699 3310 3767 plurimum
3343 3694 3516 3750 refert
3544 3689 3612 3749 ad

1948 3794 2315 3851 asserendam
2356 3791 2686 3846 ﬁrmitatem
2733 3787 3072 3844 historicam
3115 3795 3307 3840 rerum
3344 3783 3414 3840 in
3446 3782 3618 3844 Libro

1950 3878 2276 3940 Pontiﬁcali
2324 3881 2789 3950 memoratarum,
2842 3879 3074 3947 prastat
3116 3872 3436 3942 observare,
3477 3871 3617 3929 ubi-

1953 3981 2082 4030 nam
2122 3974 2343 4039 reperta
2377 3966 2596 4024 fuerint
2632 3965 2770 4022 Acta
2806 3964 2904 4022 illa
2938 3964 3110 4036 paulo
3141 3969 3273 4020 ante
3303 3966 3618 4020 memorata

1950 4059 2380 4131 c00ptatlonum
2403 4056 2649 4113 ethnica
2673 4053 3050 4127 professionis
3066 4054 3448 4112 sacerdotum.
3471 4051 3619 4108 Fra-

1953 4156 2104 4207 trum
2137 4147 2454 4218 Arvalium,
2488 4149 2546 4202 et
2571 4146 2863 4202 cultorum
2907 4143 3100 4214 Isidis,
3141 4143 3380 4215 Attidis,
3415 4142 3618 4198 Matris

1951 4243 2187 4312 Magna,
2221 4237 2466 4308 Mithrae,
2499 4241 2557 4292 et
2588 4235 2760 4307 Solis,
2801 4235 3018 4308 quibus
3059 4239 3270 4290 nostra
3311 4231 3617 4305 religionis

1951 4329 2248 4386 antistites
2271 4327 2390 4384 veri
2422 4323 2732 4383 sacerdotii
2761 4320 3086 4380 Christiani
3118 4323 3258 4380 Acta
3281 4335 3407 4378 esse
3431 4335 3618 4394 oppo—

1955 4419 2140 4476 nenda
2178 4421 2546 4474 censuerunt.

2023 4505 2114 4562 28.
2162 4506 2567 4576 Cooptationes
2613 4503 2984 4564 decuriarum
3033 4501 3200 4558 illius
3242 4499 3618 4557 sacerdotalis

1955 4596 2189 4668 collegii
2217 4595 2602 4664 ethnicorum,
2633 4595 2725 4651 cui
2760 4595 2908 4650 Nero
2931 4593 3120 4650 Casar
3148 4591 3438 4663 ascriptus
3465 4589 3617 4661 legi-

1956 4692 2054 4743 tur
2083 4685 2190 4742 sub
2219 4685 2462 4744 Claudio
2493 4685 2860 4754 imperatore,
2892 4681 3139 4741 aﬁirmat
3167 4683 3456 4739 Gruterus
3486 4695 3613 4752 pag.

1956 4788 2064 4847 ccc,
2107 4781 2362 4846 repertas
2400 4773 2584 4834 fuisse
2628 4776 2808 4832 Rom
2843 4775 2903 4830 in
2942 4773 3056 4832 inde
3093 4787 3236 4832 nova
3275 4773 3331 4827 S.
3371 4771 3520 4824 Petri
3558 4771 3617 4822 in

1963 4868 2230 4922 Vaticano
2291 4875 2437 4920 anno
2501 4861 2659 4935 4596,
2716 4879 2900 4919 mense
2947 4863 3132 4918 Iunio.
3184 4861 3326 4915 Acta
3372 4857 3613 4930 Collegii

1878 4991 1930 5052 υ
1958 4958 2218 5013 Fratrum
2257 4955 2553 5013 Arvalium
2598 4954 2706 5011 sub
2744 4951 3096 5052 pomitiano,
3141 4963 3268 5018 qua
3286 4946 3382 5052 [\lf‘.‘
3407 4946 3486 5052 (ἲ.ζ
3507 4948 3619 5052 [θεῖ

1957 5046 2180 5103 brettus
2244 5046 2524 5117 produxit
2581 5041 3044 5116 Inscriptionum.
3096 5049 3220 5110 pag.
3279 5031 3403 5101 443,
3453 5034 3618 5091 docet

1955 5135 2239 5192 asservari
2278 5135 2339 5190 in
2375 5132 2616 5192 archiva
2657 5130 2916 5188 basilicis
2953 5124 3260 5193 Vaticana,
3305 5121 3405 5180 ubi
3439 5120 3612 5178 etiam

1957 5223 2394 5282 custodiebatur
2439 5220 2820 5289 fragmentum
2868 5213 3012 5270 illud
3059 5215 3224 5267 atate
3267 5226 3370 5268 sua
3417 5225 3608 5282 reper-

1959 5319 2103 5380 tum,
2137 5311 2288 5380 quod
2328 5306 2599 5364 exhibuit
2637 5304 2736 5360 fol.
2773 5299 2896 5358 L94.
2942 5299 3306 5358 Initiationes
3344 5299 3618 5357 sacerdo—

1959 5407 2080 5457 tum
2113 5398 2338 5454 Mithra
2357 5391 2640 5450 criobolio
2667 5390 3110 5460 taurobolioque
3141 5389 3388 5461 perfecto
3411 5389 3471 5444 in
3497 5389 3618 5444 aris

1960 5487 2231 5562 pluribus
2256 5479 2580 5550 insculpta,
2603 5479 2822 5536 additis
2840 5477 3257 5540 consulibuset
3278 5476 3621 5540 die-dedica—

180 5582 430 5653 appellat
470 5563 627 5654 apud
681 5581 942 5640 Tullium
990 5582 1060 5638 de
1110 5582 1428 5656 Senectute)
1485 5582 1851 5639 ethnicorum
1960 5578 2144 5636 tionis
2163 5573 2388 5634 effossa
2406 5575 2545 5626 sunt
2570 5581 2742 5638 prope
2764 5570 2978 5626 flexum
2995 5569 3142 5656 oirci
3166 5565 3452 5656 Vaticani,
3478 5563 3613 5621 dum

186 5675 482 5729 numinum
513 5653 703 5731 cultui
744 5673 806 5728 in
839 5671 986 5728 Urbe
1015 5673 1304 5744 ascripta,
1336 5653 1596 5732 Fratrum
1624 5671 1852 5730 scilicet
1963 5667 2333 5725 fundamenta
2343 5660 2674 5730 jacerentur
2689 5653 3304 5716 meridionalislateris
3319 5657 3620 5712 ηαυπτ*-
