3996 6394
379 405 452 466 63
1160 401 1254 459 AD
1303 396 1740 458 ANASTASIUM
1792 395 2308 457 PROLEGOMENA
2368 395 2544 455 EDIT.
2591 394 3023 455 ROM.—VATIC.

379 547 456 591 sm
480 533 644 590 navis
668 531 943 602 basilicae,
965 530 1067 588 ubi
1089 531 1180 588 SS.
1206 531 1459 588 Simonis
1479 534 1534 587 et
1551 529 1708 586 Iudae
1733 527 2029 600 apostolo—
2058 521 2114 582 A
2145 523 2222 602 Υ..
2247 521 2609 602 ρλρλῑῃξ.
2642 524 2747 602 E1:
2762 524 3148 602 9133;399:111.
3181 521 3290 602 S_A_.
3325 521 3372 578 Β

382 637 506 681 rum
538 636 634 678 ara
658 623 1017 693 postmodum
1050 621 1166 677 fuit
1193 622 1438 677 excitata
1467 639 1479 676 :
1511 624 1798 676 asserente
1825 617 2030 674 Jacobo

377 712 684 782 Grimaldi,
710 712 934 768 notario
958 712 1027 768 ad
1053 711 1160 768 hoc
1183 711 1441 768 muneris
1466 711 1690 778 allecto,
1717 714 1781 766 ut
1800 709 2031 780 singula

377 801 687 874 diligenter
717 801 953 857 referret
985 800 1042 856 in
1076 801 1302 857 litteras
1332 815 1457 872 quae
1491 800 1547 856 in
1579 799 1896 869 dejectione
1924 812 2032 853 ve-

377 891 517 947 teris
541 891 798 946 basilicm
827 895 1000 961 atque
1028 891 1086 946 in
1119 891 1419 946 molitione
1446 903 1601 946 nova
1629 903 1727 959 per
1746 889 1870 944 dies
1897 887 2030 943 sin-

377 979 543 1052 gulos
573 981 981 1050 reperirentur.
1008 979 1064 1036 Id
1092 980 1362 1050 praastitit
1387 979 1699 1052 diligenter
1727 978 1785 1034 in
1814 977 2030 1034 tabulis

376 1069 721 1126 auctoritate
749 1069 978 1139 publica
1002 1070 1270 1138 exaratis,
1299 1075 1354 1125 et
1380 1069 1625 1125 munitis
1653 1067 2031 1137 impressione

378 1158 687 1230 signaculi,
713 1172 954 1228 quarum
977 1159 1395 1231 autographum
1419 1159 1591 1215 hodie
1619 1161 1946 1213 asservatur
1969 1156 2029 1212 in

352 1248 614 1318 ,archivo
644 1249 964 1305 canonicali
997 1249 1251 1320 ejusdem
1283 1247 1539 1304 basilicae
1571 1246 1856 1317 principis
1886 1259 2031 1316 apo-

379 1337 678 1394 stolorum.
717 1339 1025 1395 Enumerat
1063 1338 1246 1409 igitur
1285 1337 1618 1394 Grimaldus
1654 1335 1753 1392 fol.
1798 1333 1868 1392 43
1902 1349 2033 1391 aras

378 1427 701 1498 complures
732 1441 1077 1485 marmoreas
1121 1429 1274 1484 circa
1314 1427 1614 1485 basilicam
1642 1427 1837 1483 eodem
1866 1427 2030 1482 modo

380 1521 650 1588 repertas,
682 1521 790 1573 eta
822 1518 1086 1588 Pompeio
1115 1518 1336 1589 Ugonio
1367 1517 1739 1588 antiquitatis
1770 1515 2028 1572 studium

379 1606 634 1677 professo
665 1608 1007 1679 recognitas,
1041 1622 1165 1680 quae
1196 1606 1622 1664 indicabantab
1643 1605 1892 1661 ethnicis
1913 1604 2030 1659 Isi—

375 1695 502 1751 dem
534 1695 772 1752 deorum
804 1711 1042 1754 suorum
1072 1702 1306 1753 matrem
1335 1696 1547 1752 ibidem
1579 1694 1791 1751 cultam
1822 1692 2022 1749 fuisse.

373 1785 531 1842 Dabo
561 1786 844 1843 Grimaldi
877 1787 1044 1844 verba
1071 1807 1088 1842 :
1121 1808 1146 1839 ‹‹
1175 1789 1235 1844 In
1263 1787 1386 1843 loco
1418 1785 1516 1842 ubi
1547 1798 1698 1841 nunc
1723 1788 1809 1840 est
1841 1782 2029 1839 sacel-

378 1873 498 1932 lum
538 1842 930 1946 apostolorum
954 1842 1232 1934 Simonis
1265 1842 1322 1932 et
1361 1875 1521 1932 Judie
1570 1874 1632 1930 in
1663 1873 1865 1929 absida
1894 1872 2025 1929 novi
2057 1842 2107 1902 Β

375 1963 574 2034 templi
611 1979 736 2035 quae
765 1966 834 2022 ad
869 1965 1164 2022 meridiem
1195 1965 1398 2037 vergit,
1443 1963 1800 2020 mausoleum
1830 1963 1886 2018 S.
1919 1964 2030 2018 Pe-

375 2052 624 2108 tronillae
653 2067 685 2109 a
715 2053 1100 2124 scriptoribus
1142 2053 1517 2124 appellatum,
1559 2056 1664 2108 etc.
1702 2053 1758 2109 Id
1793 2052 2025 2123 quidem

373 2141 539 2197 Marti
589 2154 812 2198 sacrum
859 2139 1040 2198 fuisse
1082 2141 1383 2200 scribitur.
1423 2141 1528 2198 Sed
1573 2141 1665 2197 vir
1705 2142 1931 2211 doctus,
1971 2145 2028 2196 et

371 2229 543 2286 Urbis
570 2230 944 2288 ecclesiarum
973 2233 1349 2304 antiquitatis
1373 2233 1676 2304 indagator
1703 2230 2027 2288 studiosis-

371 2318 579 2386 simus,
619 2319 893 2376 dominus
921 2321 1229 2390 Pompeius
1256 2321 1536 2393 Ugonius,
1567 2321 1738 2375 dictae
1767 2319 2025 2374 basilicae

371 2408 620 2465 clericus
663 2408 1061 2477 beneﬁciatus,
1107 2413 1301 2465 orator
1351 2409 1622 2480 insignis,
1672 2422 1785 2464 non
1831 2409 2023 2470 Marti,

368 2499 464 2554 sed
500 2498 695 2568 potius
716 2499 908 2560 Matri,
935 2503 1206 2568 corrupto
1235 2497 1513 2554 vocabulo
1545 2499 1605 2554 in
1637 2499 1865 2552 Matrem
1894 2497 2028 2568 pri-

371 2587 553 2643 mitus
593 2586 848 2642 dicatum
899 2585 1082 2643 fuisse
1127 2587 1442 2643 existimat.
1495 2587 1670 2659 quue
1716 2588 1868 2643 inter
1908 2585 2024 2642 alia

370 2675 738 2746 potissimum
782 2675 966 2747 elicit,
999 2678 1149 2748 quod
1185 2677 1289 2733 hoc
1327 2682 1581 2746 tempore
1614 2691 1744 2733 cum
1783 2675 1944 2732 Pauli
1977 2675 2023 2729 V

371 2765 666 2835 pontiﬁcis
716 2766 952 2822 maximi
997 2767 1167 2835 jussu
1205 2767 1516 2823 anterioris
1562 2765 1728 2822 faciei
1778 2764 2020 2836 angelus

369 2867 568 2910 versus
604 2854 875 2924 Campum
915 2857 1183 2912 Sanctum
1230 2855 1590 2928 fundaretur,
1637 2855 1853 2912 etfossze
1884 2861 2022 2910 sunt

372 2941 454 2998 ibi
489 2957 654 3013 quam
665 2943 857 3014 plures
880 2957 994 3000 arae
1020 2947 1192 3000 Matri
1215 2950 1384 3001 Deum
1401 2948 1616 3014 Magna
1638 2947 1800 3001 Idaea:
1823 2957 2017 3013 sacrae,

371 3031 609 3102 sculpta:
652 3033 986 3090 Taurobolii
1019 3040 1076 3090 et
1103 3034 1383 3091 Criobolii
1427 3035 1752 3105 sacriﬁciis,
1797 3039 2023 3103 tempo-

373 3119 538 3178 ribus
563 3121 884 3178 Constantii
915 3128 972 3179 et
1000 3122 1334 3179 Maximiani
1370 3123 1866 3180 nobilissimorum
1895 3122 2022 3177 Cae-

372 3223 586 3278 sarum,
609 3211 870 3267 Gratiani
897 3210 1164 3284 Augusti,
1197 3217 1252 3268 et
1274 3213 1678 3269 Meraubaudis
1702 3213 1882 3282 Coss.,
1907 3211 2024 3266 Va—
2047 3184 2094 3245 Ο

373 3298 680 3356 lentiniani
705 3299 852 3373 Aug.
874 3306 932 3357 et
953 3303 1203 3359 Neoterii
1231 3303 1408 3372 Coss.,
1431 3308 1486 3358 et
1509 3303 1641 3358 alia:
1664 3300 2016 3371 hujusmodi,

373 3403 500 3458 qua:
546 3389 604 3445 in
649 3395 904 3461 spretum
946 3392 1252 3448 acervatim
1295 3393 1556 3463 projectae
1597 3393 1710 3448 huc
1752 3390 1913 3461 illuc,
1955 3403 2021 3444 ac

373 3475 568 3533 fractae
601 3492 634 3534 a
669 3479 1022 3537 Christianis
1063 3481 1203 3538 olim
1252 3481 1502 3539 fuerant.
1548 3483 1710 3537 Nunc
1753 3481 2022 3536 visuntur

373 3565 434 3621 in
483 3566 646 3624 vinea
688 3568 1010 3626 cardinalis
1052 3570 1354 3643 Burghesii
1399 3576 1558 3627 extra
1593 3576 1812 3642 portam
1855 3567 2022 3625 Sala-

371 3669 538 3713 riam.
572 3676 599 3708 »

441 3747 856 3819 Inscriptiones
894 3764 962 3808 ex
1005 3752 1384 3824 autographis
1419 3752 1742 3824 descriptas
1785 3749 2020 3808 exhibet

371 3831 470 3891 fol.
514 3833 634 3916 464,
679 3853 921 3910 quarum
962 3841 1250 3913 nonnulae,
1301 3841 1436 3898 licet
1477 3842 1645 3899 editae
1695 3842 1960 3914 legantur
1986 3852 2020 3894 a

370 3925 694 3982 Martinello
718 3928 777 3982 in
798 3930 1077 3998 Opusculo
1101 3931 1172 3985 de
1192 3932 1443 4001 Imagine
1465 3934 1522 3986 Β.
1548 3933 1741 3987 Mariae
1761 3927 2022 4000 Virginis

371 4013 522 4082 apud
554 4015 831 4072 moniales
859 4017 951 4073 SS.
985 4019 1152 4089 Xysti
1189 4024 1246 4074 et
1277 4019 1587 4089 Dominici,
1624 4033 1815 4089 pauca:
1845 4018 2019 4074 etiam

371 4109 678 4158 occurrant
697 4105 847 4174 apud
874 4104 1193 4163 Fabrettum
1220 4109 1668 4179 Inscriptionum
1691 4120 1812 4176 cap.
1839 4104 1892 4171 9,
1917 4103 2016 4158 fol.

371 4186 496 4259 665,
528 4203 562 4246 a
606 4197 808 4250 neutro
846 4198 1032 4252 tamen
1076 4197 1356 4254 universae
1401 4197 1794 4269 proferuntur.
1835 4193 2022 4263 Quare

372 4289 440 4333 ex
465 4278 747 4336 Grimaldi
780 4283 976 4340 codice
1007 4291 1237 4356 praestat
1269 4291 1387 4343 tum
1418 4286 1749 4354 impressas,
1775 4286 1896 4336 tum
1923 4279 2023 4335 in-

372 4367 557 4424 editas
589 4367 684 4426 hic
711 4371 998 4430 exhibere.

1171 4496 1223 4552 i.

823 4694 935 4747 DD.
969 4693 1089 4749 NN.
1123 4694 1457 4751 CONSTAN
1459 4694 1575 4750 T10

799 4765 898 4818 ET
923 4764 1348 4822 MAXIMIANO
1383 4769 1438 4824 Ν
1439 4767 1586 4822 ΟΒΒ.

781 4835 1017 4891 CAESS.
1058 4837 1122 4891 V.
1157 4837 1387 4893 CONSS.
1422 4839 1612 4895 XVIII

735 4907 884 4962 KAL
914 4907 1085 4962 MAII
1111 4908 1190 4978 (α)
1218 4911 1485 4966 IVLIVS.
1518 4910 1646 4965 ITA

840 4978 1064 5035 LICVS.
1106 4981 1171 5034 V.
1205 4980 1260 5034 C.
1294 4982 1394 5036 XV
1428 4983 1549 5037 VIR

831 5049 892 5105 S.
933 5052 991 5105 F.
1043 5051 1135 5105 TA
1149 5052 1564 5109 VROBOLIUM

901 5122 1219 5179 PERCEPI.
1258 5126 1482 5199 FELIC.

1107 5245 1162 5303 2.
1201 5249 1283 5320 (b)

373 5346 729 5404 ANTONIN.
823 5389 836 5402 .
930 5391 944 5404 .
1035 5393 1048 5406 .
1143 5394 1156 5408 .

445 5471 526 5540 (α)
556 5469 718 5526 Anno
745 5472 961 5528 Christi
992 5473 1118 5532 305.

373 5625 587 5670 annum
624 5611 840 5668 Christi
871 5612 997 5670 350.

447 5685 518 5755 (c)
553 5681 717 5740 Anno
758 5685 990 5742 Domini
1029 5684 1152 5743 3’77.

2145 596 2238 650 TA
2248 594 2607 651 VROBOLIO.
2709 595 3084 653 CONFECTO.

2139 667 2242 721 FL.
2314 666 2569 722 ANICIO.
2643 669 2757 723 ET.
2828 667 3268 724 NIGRINIANO.
3335 665 3489 719 CON.
3557 664 3792 720 ARAM.

2897 739 3261 794 FELICITER
3302 736 3340 792 C
3344 735 3666 792 ONSECRA
3676 739 3754 792 VI
3757 738 3803 791 T

2939 843 2973 901 3

2780 937 2854 992 M.
2887 938 2953 990 D.
2994 937 3070 990 M.
3103 937 3148 989 Ι.

2654 1010 2766 1062 ΕΤ.
2805 1010 3058 1064 ATTIDI
3081 1007 3282 1061 MENO

2649 1081 2984 1134 TYRANNO
3015 1079 3279 1134 CONSER

2643 1151 3045 1206 VATORIBUS
3075 1149 3234 1204 SVIS
3265 1148 3405 1207 CAE

2635 1223 2795 1278 LIVS
2834 1220 3283 1277 HILARIANVS
3328 1222 3391 1275 V.
3436 1218 3491 1274 C.

2637 1296 2684 1347 D
2695 1294 2787 1350 VO
2815 1293 3100 1349 DECEMB
3111 1295 3203 1348 VR

2715 1367 2915 1420 URBIS
2955 1364 3206 1419 ROMAE

2638 1439 2699 1492 Ρ.
2733 1439 2789 1492 S.
2822 1439 2936 1490 ET.
2970 1435 3426 1492 IIIEROGERVX

2639 1512 2680 1564 Ι.
2714 1508 3075 1564 M.S.D.L.
3109 1508 3244 1563 S.D

2636 1580 2929 1634 HECATE

2634 1655 2699 1706 D.
2733 1654 2802 1706 N.
2837 1649 3204 1706 GRATIANO
3229 1648 3384 1706 AVG

2628 1725 2726 1777 ET
2753 1723 3043 1777 MEROBA
3062 1725 3198 1777 VDE

2635 1794 2864 1850 CONSS.
2900 1796 3026 1849 IIII.
3058 1793 3226 1850 IDVS

2638 1865 2884 1921 MAIAS.
2918 1866 2990 1936 (ο)

2878 1969 2928 2027 4.
2973 1972 3054 2043 (ἀ)

2638 2079 2989 2138 ΑΝΤΟΝΙΝ.
3085 2119 3098 2134 .
3192 2119 3206 2134 .
3299 2117 3314 2133 .

2642 2155 2709 2208 V.
2745 2152 2798 2207 C.
2835 2153 3108 2208 PONTIF.
3141 2152 3190 2205 E
3227 2191 3241 2204 .
3284 2189 3300 2206 .

2636 2223 2878 2278 DECEM
2887 2227 3003 2280 VIR
3036 2223 3148 2278 SA.
3181 2225 3226 2279 F

2637 2299 2728 2351 TA
2738 2295 3082 2350 VROBOLIO

2633 2366 3008 2422 CONFECTO.
3044 2368 3128 2422 III
3153 2364 3300 2420 KAL

2634 2438 2764 2491 MA.
2798 2439 2902 2490 FL.
2935 2437 3195 2492 ANICIO.
3229 2438 3341 2491 ET.

2632 2508 3057 2564 NIGRINIANO
3086 2508 3221 2563 CON

2633 2580 2862 2634 ARAM.
2899 2581 3266 2636 FELICITER

2632 2649 2994 2708 CONSECRA
3007 2654 3130 2708 VIT

2930 2758 2965 2816 5

2340 2846 2480 2903 DIIS
2507 2800 3033 2906 OMNIPOTEN
3043 2849 3129 2904 VS

2627 2922 2794 2976 LVCI
2803 2922 2889 2976 VS
2921 2921 3191 2977 RAGONI
3200 2921 3283 2976 US

2638 2993 3043 3049 VENVSTVS.
3093 2995 3160 3048 V.
3194 2993 3251 3047 C.

2629 3064 2784 3120 AVG
2796 3067 2908 3121 VR.
2955 3065 3206 3119 PVBLIC
3218 3064 3304 3119 VS

2631 3137 2690 3190 P.
2722 3138 2782 3190 R.
2819 3136 2879 3201 Ο.
2919 3136 3266 3192 PONTIFEX

2634 3207 3009 3262 VESTALIS
3046 3207 3271 3262 MAIOR

2626 3279 3000 3334 PERCEPTO.
3043 3281 3135 3333 TA
3148 3275 3493 3335 VROBOLIO

2635 3350 3147 3414 CRIOBOLIOQVE

2627 3422 2694 3474 Χ.
2725 3421 2892 3476 KAL.
2925 3423 3072 3477 IVN.

2617 3494 2682 3546 D.
2715 3493 2785 3547 N.
2831 3491 3378 3548 VALENTINIANO

2606 3562 2780 3620 AVG.
2813 3565 2932 3619 IIII.
2965 3565 3076 3617 ET.
3110 3563 3254 3620 NEO

2611 3634 2819 3690 TERIO
2863 3634 3079 3691 CONSS
3105 3635 3176 3704 (ρ)

2603 3708 2836 3764 ARAM.
2871 3706 3234 3765 CONSECRA

2597 3779 2698 3837 VI

2928 3869 2964 3921 6

2607 4045 2718 4098 ET.
2759 4045 3024 4098 ATTIDI.
3067 4038 3345 4098 SANCTO

2609 4113 2812 4169 ΜΕΝο
2853 4112 3192 4174 TYRANNO

2613 4183 2674 4247 ρ.
2709 4183 3023 4240 CLODIVS.
3053 4179 3480 4239 FLAVIANVS

2619 4257 2688 4310 V.
2721 4254 2775 4306 (Ἰ.
2809 4254 3013 4311 ΡΟΝΤ.
3046 4254 3276 4311 MAIOR

2612 4327 2732 4380 XV.
2772 4328 2912 4382 VIR.
2945 4328 3063 4382 S.F.
3097 4325 3382 4382 SEPTEM

2614 4399 2737 4454 VIR
2774 4398 3171 4454 EPVLONUM

2611 4468 2961 4524 PONTIFEX
2994 4472 3118 4526 DEI
3147 4469 3337 4525 SOLIS

2615 4541 2710 4594 TA
2723 4539 3065 4597 VROBOLIO
3099 4541 3346 4598 CRIOBO

2609 4611 2770 4676 LIOQ
2779 4613 2872 4665 VE
2891 4612 3254 4669 PERCEPTO

2606 4683 2838 4737 ARAM.
2881 4684 3180 4740 DICAVIT

2606 4754 2816 4809 NONIS
2852 4755 3134 4811 APRILLB
3146 4757 3231 4811 VS

2605 4826 2800 4881 FELL.
2842 4827 2947 4880 ME
2952 4827 3134 4882 ROBA
3148 4829 3288 4882 UDE

2605 4897 2718 4951 ET.
2761 4896 2849 4951 SA
2861 4898 2960 4952 TV
2963 4898 3180 4955 RNINO

2660 4967 2896 5025 corvss.
2937 4970 3010 5039 (ν)

2925 5053 2982 5112 7.

2607 5214 2978 5274 εΑσΕιωγε
3015 5147 3374 5274 ΜΑνὲιξὶΑἨ

2607 5289 2686 5343 Μ.
2717 5291 2782 5342 D.
2813 5291 2890 5343 Μ.
2923 5293 2965 5346 I.
2999 5290 3452 5347 LAVROBOLIO

2607 5357 3014 5427 CRIOBOLIOQ
3025 5363 3118 5418 VE
3152 5363 3420 5419 REPETI

644 5483 718 5562 go
745 5482 1118 5562 Caristigtls:
1250 5549 1262 5562 ο
1316 5556 1326 5562 _
1543 5551 1641 5562 Mn
1698 5554 1727 5562 _
1847 5559 1854 5562 _
1907 5558 1914 5562 _
1998 5554 2012 5562 _
2199 5482 2282 5562 (gi)
2324 5483 2521 5539 Datam
2564 5497 2633 5541 ex
2679 5485 2945 5546 Fabretto
2989 5501 3046 5544 n.
3083 5485 3139 5560 2,
3189 5487 3271 5546 ita
3313 5487 3595 5546 describit
3640 5488 3786 5546 Gri-

445 5541 525 5610 (b)
555 5541 722 5625 Edita
744 5556 777 5623 ξι
799 5543 1064 5625 Ifabggtto
1091 5549 1354 5623 Inscript.
1384 5565 1510 5624 pag.
1538 5551 1667 5610 665.
1694 5554 1922 5625 Spectat
1945 5554 2014 5610 ad
2130 5541 2376 5625 maldus.

2199 5624 2273 5708 (8.).
2302 5624 2518 5708 ἓζιτέδὲἰ
2549 5623 2673 5708 $29-

2197 5693 2273 5766 (ῃ
2307 5696 2521 5753 Christi
2557 5695 2681 5754 383.

3722 393 3799 454 64

3195 597 3290 650 III.
3392 593 3557 648 KAL.
3657 591 3800 648 MAI
