3996 6450
744 572 851 629 T0.
892 576 1054 633 DIIS.
1091 574 1514 636 OMNIPOTEN
1513 578 1586 634 TI

735 647 894 702 BVS.
929 651 1002 702 Μ.
1030 653 1096 705 D.
1131 651 1243 705 ET.
1271 649 1452 706 ATTI

737 718 971 774 A'RAM.
1008 722 1179 776 DICA
1191 723 1319 776 VIT

736 789 955 846 NONIS
977 792 1366 850 APRILIBVS

749 863 847 916 FL.
877 863 1170 917 MEROBA
1185 865 1328 918 VDE

744 934 813 988 V.
841 936 898 989 Ο.
928 936 1213 990 ITERVM

736 1005 848 1059 ET.
878 1007 987 1059 EL.
1017 1004 1436 1063 SATVRNINO

747 1078 812 1133 V.
846 1078 901 1134 c.
951 1077 1184 1136 coivss.
1214 1076 1289 1150 (a)

1075 1165 1112 1221 8

443 1254 685 1311 MATR]
706 1257 919 1312 DEVM
948 1209 1263 1314 ΜΑᾶένΑΕ
1288 1256 1516 1313 IDEAE
1534 1256 1614 1328 (b)

445 1328 767 1385 SVMMAE
811 1329 1133 1386 PARENTI
1161 1331 1472 1385 HERMAE

1783 449 2165 512 PREFATIO.

1967 581 2026 642 A

1969 1413 2006 1471 9

2237 578 2334 633 ET
2355 575 2606 635 ATI'IDI
2644 577 2844 635 MENO
2876 578 3213 637 TYRANNO

2233 649 2525 708 INVICTO
2549 649 2850 706 CLODIVS
2894 651 3370 708 HERMOGENIA

2229 722 2372 778 NVS
2400 720 2578 776 CESA
2591 722 2754 778 RIVS
2784 723 2850 784 V,
2901 723 2963 778 ϐ.
2997 721 3308 780 PROCONS

2225 792 2558 848 AFRICAE.
2587 793 2926 850 PRAEFEC.
2969 794 3176 848 VRBIS

2225 865 2493 920 ROMAE.
2519 867 2638 920 XV.
2674 866 2819 924 VIR.
2840 865 2902 918 S.
2933 865 2994 918 F.
3022 865 3475 922 TAVROBOLIO

2224 935 2768 1004 CRIOBOLAOQAE
2805 936 3168 991 PERCEPTO

2221 1007 2398 1060 XIIII.
2427 1008 2599 1061 ΚΑΒ.
2651 1007 2825 1063 AVG.
2860 1009 3015 1063 DIIS.
3063 1008 3358 1064 ΛΝΙΜΑΕ

2222 1078 2438 1134 SVAE.
2463 1079 2876 1144 MENTISQVE
2897 1078 3342 1136 CVSTODIBVS

2225 1151 2457 1206 ARAM.
2493 1152 2801 1207 DICAVIT

2225 1223 2291 1275 D.
2325 1223 2391 1280 N.
2430 1221 2795 1279 GRATIANO
2851 1221 3026 1278 AVG.
3065 1224 3201 1279 TER

2233 1293 2324 1346 ar
2395 1335 2413 1357 ,
2493 1334 2506 1347 .
2585 1335 2599 1349 .
2678 1293 3032 1360 AEQVITIO
3061 1293 3294 1353 CONSS.
3321 1293 3396 1366 (c)

875 1589 986 1645 EIC
1031 1589 1463 1647 ΔΕΚΑΠΕΝἸῈ
1523 1515 1977 1658 ΑΕΔΡΙωξΙΗῖίὲΙ
1989 1513 2255 1642 d’eOIliggT
2297 1587 2853 1651 ΟΤΕΦΑΝΕΦΟΡΟΟ
2886 1595 3094 1654 ΙΡΕΥΟ

876 1661 1198 1718 KPHCHNC
1238 1659 1660 1718 ΗΓΑΘΕΟΟΤΕ
1706 1658 2062 1714 AEONTIOC
2117 1657 2303 1714 ENCO‘

2117 1657 2421 1717 ΕΝΟΟΦΟΙ
2471 1663 2743 1720 ΑΝΔΡΕΟ

985 1732 1072 1789 0C
1138 1735 1286 1790 ΜΕΝ

1353 1731 1487 1788 ΑΠ’
1537 1730 1898 1788 ANTOAIHC
1964 1729 2051 1786 0C
2111 1728 2420 1786 A’AP’AH’
2471 1735 2802 1794 ECHEPHIC

875 1803 1086 1860 ΟΡΓΙΑ
1141 1805 1615 1861 ΟΥΝΡΕΞΑΝΤΕ
1661 1803 1833 1859 ΘΕΑΙ
1892 1799 2316 1857 ΠΑΜΜΗΤΟΡΙ
2380 1804 2560 1860 PEIHI
2657 1849 2660 1854 .

874 1876 1277 1934 ΚΡΙΟΒΟΔΟΥ
1348 1876 1673 1931 TEAETHC
1736 1874 1857 1929 ΚΑΙ
1911 1871 2392 1928 ΤΑΥΡΟΒΟλΟΙΟ
2449 1874 2782 1936 ΦΕΡΙΟΤΗΟ

984 1948 1231 2005 AIMACI
1281 1946 1769 2004 ΜΥΟΤΙΗΟΛΟΙΟ
1817 1942 2056 2000 ΒωΜΟΝ
2110 1943 2618 2004 ΥΠΕΡΤΙΘΕΟΑΝ

1202 2063 1608 2134 lnterpretatio
1628 2066 1820 2118 autem
1851 2061 2061 2118 Grecae
2088 2062 2498 2134 inscriptionis
2531 2064 2670 2122 talis
2689 2069 2775 2123 est

1811 2173 1983 2216 MATR!
2015 2173 2164 2217 DEUM

785 2251 905 2309 XV.
947 2254 1036 2307 vir
1063 2252 1283 2308 Phoebi.
1327 2255 1611 2307 coronatus
1641 2250 1915 2306 sacerdos.

774 2323 1048 2379 Crescens.
1069 2326 1416 2394 divinosque.
1445 2325 1703 2378 Leontius
1729 2324 2005 2392 sapientes
2033 2324 2146 2394 viri

767 2395 944 2450 Alter.

976 2397 1209 2466 quidem.
1239 2393 1326 2451 ab.
1360 2396 1593 2451 Oriente.
1626 2396 1768 2450 alter
1792 2409 1938 2448 vero.
1982 2394 2051 2448 ab
2079 2393 2365 2450 Occidente

763 2468 935 2522 Ritus.
953 2469 1134 2522 simul.
1157 2473 1500 2537 peragentes.
1525 2469 1684 2522 Deae.
1707 2467 2070 2535 omnipotenti
2092 2466 2269 2521 Rheae

767 2538 1027 2594 Criobolii
1079 2542 1352 2594 victimae.
1378 2545 1429 2594 et
1456 2539 1786 2593 Taurobolii.
1815 2539 2053 2608 optimae

763 2612 1152 2680 Sango-inibvs.
1188 2613 1382 2666 sacris.
1413 2627 1587 2666 aram.
1627 2625 1845 2665 erexere

325 2748 353 2780 α
397 2727 484 2783 Ex
517 2726 633 2797 his,
677 2727 878 2784 subdit
908 2728 1186 2801 Ugonius,
1227 2730 1343 2786 duo
1370 2742 1572 2785 versus
1597 2730 1736 2784 sunt
1767 2725 1933 2782 hexa-
1960 2725 2010 2785 Β
2048 2737 2330 2797 reversus,
2359 2739 2488 2783 cum
2540 2727 2689 2784 liber
2716 2728 3002 2786 Grimaldi
3037 2728 3182 2786 mihi
3225 2729 3454 2787 oblatus
3479 2728 3710 2802 fuisset,

250 2818 423 2874 metri
479 2822 537 2873 et
577 2818 694 2875 duo
726 2820 1091 2889 pentametri.
1137 2818 1389 2875 Habebat
1427 2833 1458 2874 a
1489 2816 1771 2873 lateribus
1816 2817 1932 2886 Cy-
2043 2827 2363 2872 memorans
2408 2817 2813 2888 inscriptionis
2838 2819 2954 2890 jam
2987 2819 3196 2876 relatas
3243 2820 3446 2876 Matris
3470 2821 3704 2893 Magna),

250 2906 438 2963 belem
470 2921 602 2964 cum
661 2907 866 2965 arbore
917 2909 1061 2980 pini,
1105 2914 1161 2965 et
1189 2908 1442 2964 Attidem
1474 2922 1604 2965 cum
1637 2905 1931 2977 capitibus

254 2996 498 3053 bonum.
527 2997 855 3054 Mirandum
891 2999 1056 3054 valde
1086 3003 1174 3054 est
1223 2999 1508 3070 quomodo
1559 2997 1797 3054 humani
1825 3009 1931 3068 ge-

253 3086 414 3143 neris
447 3085 817 3158 hostisjuxta
846 3087 1192 3144 sanctiorem
1227 3089 1408 3144 totius
1439 3086 1601 3144 orbis
1626 3085 1927 3143 basilicam

253 3191 314 3234 se
358 3177 684 3249 ingesserat
710 3177 780 3234 ad
815 3182 1030 3234 tantam
1080 3177 1570 3235 abominationem
1601 3176 1931 3234 sacriﬁcio-

255 3281 386 3324 rum
421 3266 770 3324 idololatria
821 3267 1218 3324 celebrandam
1252 3268 1608 3339 temporibus
1633 3266 1930 3323 Christia-

255 3370 465 3413 norum
489 3357 778 3414 Caesarum
801 3377 818 3428 ;
838 3371 942 3414 nec
961 3357 1282 3414 mirandam
1315 3357 1365 3414 si
1391 3356 1462 3414 ab
1482 3357 1682 3429 aliquo
1709 3356 1928 3428 optimo

253 3447 382 3502 viro
429 3446 638 3503 malleo
676 3460 791 3503 ara:
845 3447 984 3519 ipsa}
1024 3445 1218 3504 fracta:
1248 3450 1306 3503 et
1352 3447 1660 3504 acervatim
1689 3445 1928 3517 sepultae

255 3543 497 3607 reperta:
534 3537 672 3593 sint.
715 3557 742 3587 ››

327 3627 429 3682 29.
460 3628 586 3684 Haec
607 3633 893 3698 postrema
919 3627 1128 3699 Ugonii
1150 3627 1501 3699 conjectura,
1525 3631 1611 3684 tot
1629 3625 1927 3698 lapidibus

254 3717 618 3788 confirmata,
696 3731 822 3789 qua:
885 3717 1163 3774 suadebat
1210 3717 1464 3788 opinari,
1521 3730 1681 3773 sacra
1727 3715 1928 3772 Matris

257 3809 478 3875 Magnae
528 3811 584 3863 et
629 3807 790 3864 Idaeae
845 3807 1039 3879 peragi
1095 3807 1462 3862 consuevisse
1517 3806 1577 3862 in
1631 3806 1926 3876 Vaticano,

2040 2909 2097 2959 et
2139 2905 2498 2980 Taurobolii,
2550 2914 2724 2979 atque
2769 2909 3050 2966 Criobolii
3098 2911 3370 2981 percepti,
3405 2910 3710 2981 locumque

2039 2993 2368 3052 etiossionis
2401 2998 2714 3069 designans
2768 2998 2827 3054 in
2858 2999 3154 3071 Vaticano,
3200 2999 3304 3056 hac
3331 3013 3443 3056 una
3473 3001 3711 3072 Lugdu-

2039 3085 2205 3140 nensi
2242 3099 2342 3142 ara
2377 3092 2714 3145 caaterarum
2770 3103 2938 3146 usum
2979 3089 3370 3146 demonstrari
3426 3088 3707 3160 intellexi,

2039 3175 2190 3245 apud
2228 3177 2562 3233 Vaticanam
2617 3176 2918 3235 basilicam
2949 3186 3322 3250 repertarum.
3357 3177 3509 3248 Quin
3535 3178 3708 3233 etiam

2041 3265 2162 3321 haec
2210 3267 2616 3338 Lugdunensis
2649 3269 2928 3340 ostendit,
2983 3282 3104 3324 eam
3132 3268 3609 3326 consuetudinem
3640 3266 3710 3324 de

2040 3370 2152 3427 qua
2199 3356 2482 3429 loquitur,
2526 3357 2914 3415 transferendi
2967 3359 3438 3430 superstitiosum
3486 3357 3708 3414 cultum

2039 3445 2196 3503 Idaeae
2227 3447 2446 3518 Matris,
2497 3448 2856 3520 Taurobolii,
2887 3453 2942 3505 et
2992 3449 3272 3506 Criobolii
3326 3463 3395 3505 ex
3437 3448 3710 3505 Vaticano

2036 3536 2183 3593 colle
2235 3538 2620 3594 Romanorum
2643 3537 2714 3595 ab
2741 3537 3010 3595 Colonias
3039 3539 3296 3611 viguisse
3321 3537 3430 3595 sub
3458 3537 3711 3594 Antoni-

2039 3625 2150 3682 nis.
2194 3628 2394 3683 VIRES
2445 3628 2674 3698 TAVRI,
2710 3628 2818 3684 hoc
2844 3635 2932 3684 est
2958 3626 3044 3699 (ut
3073 3642 3202 3684 cum
3254 3627 3535 3684 Salmasio
3565 3626 3709 3682 scite

2038 3717 2276 3788 exponit
2299 3718 2358 3771 P.
2407 3716 2665 3789 Colonia)
2695 3729 2914 3773 cornua
2963 3717 3089 3785 ejus
3117 3716 3453 3785 animantis,
3483 3728 3584 3771 seu
3615 3714 3711 3770 vi—

2042 3805 2231 3860 ctima:
2277 3809 2535 3860 mactatae
2565 3805 2626 3859 in
2655 3803 3004 3860 Taurobolio
3045 3805 3196 3874 apud
3234 3803 3437 3859 collem
3475 3804 3711 3860 Vatica—

255 3902 427 3952 aatate
460 3903 655 3953 nostra
698 3897 814 3951 vim
855 3896 1374 3953 demonstrationis
1417 3894 1676 3952 obtinuit
1715 3907 1784 3950 ex
1814 3893 1931 3949 alia
2045 3907 2183 3950 num
2232 3894 2444 3961 Romae,
2489 3891 2987 3948 transferebantur
3015 3905 3147 3948 cum
3177 3892 3320 3948 ΑΒΔ
3365 3897 3422 3948 et
3451 3893 3709 3950 BUCRA-

254 3985 635 4042 celeberrima
691 3985 1096 4056 inscriptione,
1137 3993 1361 4055 reperta
1413 3985 1473 4040 in
1509 3997 1732 4040 summo
1786 3982 1932 4039 colle
2043 3983 2164 4039 NIO
2192 3983 2248 4038 in
2289 3982 2604 4051 Coloniam,
2643 3981 2742 4038 ubi
2773 3983 3064 4039 decretum
3111 3979 3299 4039 fuerat
3329 3995 3490 4039 sacra
3512 3984 3713 4041 Matris

255 4075 667 4146 Lugdunensis
707 4075 960 4132 Colonia:
991 4076 1052 4131 in
1089 4075 1297 4131 Gallia.
1352 4074 1619 4131 Eamdem
1653 4072 1929 4146 vulgavit,
1964 4089 2010 4150 ρ
2042 4074 2220 4129 Deum
2280 4071 2496 4144 Magna;
2540 4072 2699 4128 Idaeae
2725 4085 2994 4145 peragere
3035 4071 3154 4129 ritu
3182 4073 3435 4130 Romano
3467 4087 3567 4144 per
3611 4088 3712 4131 sa-

252 4171 311 4220 et
339 4165 683 4233 lectissima,
713 4180 829 4236 qua
863 4165 1056 4236 pollet,
1096 4165 1429 4222 eruditione
1459 4164 1729 4235 exposuit
1776 4164 1929 4220 adm.

256 4268 373 4310 rev.
402 4255 570 4310 Pater
590 4254 934 4312 Dominicus
956 4253 1027 4310 de
1048 4254 1285 4310 Colonia
1308 4268 1423 4312 soc.
1453 4253 1585 4310 Jesu
1606 4253 1929 4325 theologus,

255 4343 469 4400 multis
496 4343 642 4400 mihi
669 4344 1007 4400 nominibus
1028 4344 1511 4415 spectatissimus,
1537 4347 1593 4400 et
1613 4343 1933 4416 singularis

252 4433 675 4490 benevolentia:
723 4448 885 4505 atque
915 4447 981 4490 ac
1038 4434 1320 4490 doctrina:
1368 4447 1541 4491 causa
1573 4446 1934 4504 summopere

251 4523 563 4580 colendus.
617 4525 763 4581 Ante
805 4524 1271 4596 quinquennium
1303 4539 1432 4581 cum
1465 4525 1747 4582 Romanas
1771 4523 1934 4580 anti-

251 4615 518 4686 quitates
540 4627 734 4669 secum
759 4613 1061 4670 lustrarem
1084 4612 1349 4686 Lugduni
1378 4625 1491 4669 non
1516 4611 1932 4687 infrequentes,

251 4703 517 4762 ostendit
548 4717 709 4760 aram
751 4703 1087 4760 Taurobolii
1140 4703 1328 4775 signis
1377 4703 1641 4776 incisam,
1669 4702 1930 4761 effossam

255 4796 318 4850 in
346 4808 417 4851 eo
443 4793 613 4865 colle,
645 4799 704 4850 et
730 4793 1212 4850 commentarium
1243 4793 1347 4850 abs
1372 4808 1432 4850 se
1455 4793 1525 4850 de
1558 4793 1660 4850 illa
1684 4794 1928 4866 editum,

255 4883 689 4954 hospitalitatis
715 4890 925 4940 nostrai
938 4889 1209 4940 tesseram
1234 4883 1932 4957 pretiosissimamlargiri

253 4973 484 5029 voluit:
522 4979 643 5029 tum
677 4987 792 5044 pra:
810 4973 1035 5029 caneris
1056 4973 1472 5030 observandum
1499 4973 1841 5045 insinuavit,
1874 4973 1932 5031 in

257 5062 433 5118 illius
461 5076 576 5118 arae
625 5063 1008 5134 inscriptione
1061 5064 1180 5119 haec
1217 5063 1387 5119 verba
1429 5063 1730 5134 perspicue
1779 5063 1927 5136 legi:

256 5155 440 5209 Vrsas
476 5166 726 5224 EXCBPIT,
783 5167 849 5209 ετ
890 5168 924 5209 Α
961 5153 1236 5210 νΑτιρΑΝο
1272 5167 1653 5226 τηλΝδτυιιτ,
1690 5153 1745 5210 id
1779 5155 1932 5212 enim

250 5243 326 5298 de
372 5243 651 5299 Vaticano
699 5243 850 5300 colle
896 5243 1071 5300 Urbis
1120 5245 1310 5300 Romae
1366 5243 1616 5316 intelligi
1672 5251 1934 5316 oportere

252 5335 478 5391 diserte
517 5335 721 5403 tradit,
782 5349 912 5390 cum
950 5335 1009 5391 in
1043 5335 1282 5391 Colonia
1332 5335 1698 5407 Lugdunensi
1734 5337 1933 5393 nullus

2045 4161 2302 4220 cerdotes
2334 4167 2640 4218 exornatos
2681 4161 2890 4218 occabo
2944 4167 3000 4218 et
3031 4176 3243 4220 corona
3267 4177 3300 4219 a
3331 4162 3712 4235 quindecem-

2042 4254 2189 4310 viris
2232 4252 2418 4309 sacris
2448 4250 2759 4308 faciundis.
2808 4252 3044 4309 Praestat
3073 4252 3510 4323 inscriptionem
3544 4253 3711 4310 illius

2043 4357 2155 4400 arae
2207 4341 2615 4415 Lugdunensis
2662 4353 2794 4398 cum
2850 4343 3151 4411 prototypo
3214 4354 3246 4396 a
3292 4355 3381 4397 me
3452 4343 3709 4414 inspecto

2043 4438 2238 4491 exacte
2267 4436 2676 4505 congruentem
2706 4443 2775 4487 ex
2819 4427 2971 4486 libro
2997 4428 3230 4486 laudato
3271 4429 3330 4485 P.
3363 4428 3434 4486 de
3471 4430 3709 4490 Colonia

2045 4523 2323 4581 mutuari.

2457 4642 2796 4687 TAVROBOLIO
2833 4641 3036 4684 MATIUS
3069 4641 3102 4684 D
3133 4640 3172 4682 Μ
3211 4641 3228 4684 I
3257 4639 3290 4683 D

2294 4717 2429 4766 QVOD
2458 4715 2669 4759 FACTVM
2700 4715 2795 4758 EST
2826 4715 2897 4757 EX
2931 4714 3159 4777 ιΜΡβΒιο
3186 4712 3454 4778 HATRISBD

2808 4787 2957 4829 DEVM
3063 4801 3066 4804 ’

2294 4861 2399 4905 ι)ηο
2441 4859 2644 4903 SALVTE
2683 4857 3052 4902 IMPERATORIS
3095 4857 3228 4901 CAES
3248 4858 3302 4914 Τ,
3331 4857 3453 4900 Αηι

2403 4932 2666 4977 HADRIANI
2706 4932 2967 4974 ANTONINI
2997 4931 3120 4972 AVG.
3155 4930 3231 4972 Ριι
3284 4928 3349 4972 PP

2579 5003 3001 5052 LIBERORVMQVE
3045 5001 3174 5044 EIVS

2436 5079 2502 5121 ET
2529 5077 2723 5121 STATVS
2775 5072 3039 5118 COLONIAE
3065 5068 3315 5113 LVGVDVN

2222 5153 2271 5195 L.
2301 5150 2566 5194 AEMILIVS
2601 5149 2808 5190 CARPVS
2839 5144 2973 5187 llllll
3016 5142 3132 5186 VIR.
3160 5140 3284 5183 AVG.
3317 5139 3449 5184 ITEM

2666 5213 3102 5260 DENDROPHORVS

2114 5337 2220 5391 llic
2257 5332 2471 5390 visitur
2519 5328 2875 5398 insculptum
2904 5326 3088 5396 Caput
3115 5327 3310 5401 Tauri,
3344 5339 3446 5385 seu
3471 5329 3692 5387 Bucra—

254 5431 528 5482 occurrat
559 5425 729 5482 locus
755 5425 1041 5495 ejusmodi
1072 5424 1306 5482 nomine
1329 5425 1599 5483 donatus.
1637 5427 1698 5482 In
1725 5427 1932 5484 Urbem
1967 5428 2019 5489 D
2047 5426 2209 5482 nium
2253 5426 2612 5478 coronatum.
2646 5415 2863 5473 Subtus
2907 5415 3162 5488 legitur:

426 5552 651 5610 Christi
685 5550 813 5607 383.

420 5627 732 5682 Fabrettus
763 5622 862 5679 fol.
894 5621 1019 5693 666,
1056 5638 1109 5680 n.
1142 5621 1269 5695 522,
1311 5625 1397 5697 ita
1447 5626 1726 5697 exprimit
1757 5627 1831 5682 Μ.
1861 5628 1929 5681 D.

2113 5550 2177 5622 (c)
2201 5545 2537 5622 Grimaldus
2572 5545 2636 5622 in
2666 5542 3328 5622 margine‘hazcaddit:
3363 5563 3399 5622 «γ
3421 5545 3575 5622 Hanc
3607 5544 3625 5598 i
3667 5571 3706 5584 -

2042 5614 2418 5692 scri'ptionem
2470 5617 2649 5692 multo
2681 5614 2875 5692 labore
2923 5615 3206 5687 exscripsi
3241 5621 3474 5687 propter
3495 5615 3708 5671 chara—

347 5569 381 5606 ιι

347 5569 381 5606 a
426 5553 651 5610 Christi
685 5553 813 5607 383.
2113 5553 2177 5622 (c)
2201 5553 2537 5603 Grimaldus
2575 5553 2636 5600 in
2666 5553 3023 5615 margine‘na

325 5553 402 5755 Eb}
420 5627 732 5682 Fabrettus
763 5622 862 5679 fol.
894 5621 1019 5693 666,
1056 5638 1109 5680 n.
1142 5621 1269 5695 522,
1318 5625 1397 5682 ita
1447 5626 1726 5697 exprimit
1757 5627 1831 5682 Μ.
1861 5628 1929 5681 D.
2042 5621 2418 5692 scriptionem
2470 5617 2649 5672 multo
2681 5614 2875 5702 labore
2923 5628 3023 5672 exs

259 5697 332 5752 Μ.
391 5740 433 5772 7.,
467 5698 570 5756 ubi
604 5697 788 5772 etiam
837 5709 1036 5772 versus
1060 5696 1597 5772 ali_ter_distinguit,
1631 5704 1687 5757 et
1713 5698 1930 5772 aptius,
2042 5693 2366 5772 cteresjam
2411 5701 2586 5772 prepe
2611 5687 3023 5772 deperditam!

260 5776 324 5828 ut
346 5765 601 5832 videtur.
636 5798 711 5811 —
745 5767 914 5825 Anno
939 5767 1156 5826 Christi
1198 5765 1325 5827 374.

2115 5765 2192 5841 (d)
2221 5755 2322 5835 ita,
2355 5755 2453 5820 sed
2495 5755 2782 5834 mendose,
2811 5774 2914 5835 pro
2942 5755 3276 5818 ΑΝΔΡωΝ.
