3996 6396
361 447 433 508 67
1107 445 1202 503 AD
1257 445 1704 506 mnsrasmu
1759 412 2274 508 mutationem
2328 451 2506 508 sorr.
2554 451 2986 512 ROM.-VATIC.

2039 571 2098 632 A
2134 572 2410 632 inimicus
2439 573 2702 636 veritatis
2728 581 2784 636 et
2807 575 3132 650 religionis,
3158 541 3230 640 es
3249 581 3466 640 vicinia
3496 583 3649 643 Petri
3679 600 3789 644 ca-

643 584 806 630 vatas
857 569 1086 628 tamen
1132 583 1206 628 sx
1244 584 1510 630 unum
1552 583 1732 628 rusus

781 656 942 700 τυωτ
993 656 1132 718 ΔΒᾼ.
1152 657 1216 698 ΕΤ
1269 656 1587 699 BVCRANIVI

785 727 884 768 SVO
915 727 1175 770 {NPENDIO
1220 727 1589 772 CONSECRAVIT

1029 799 1130 841 SAR
1138 798 1344 842 EBDOTE

707 870 757 918 0.
790 870 999 914 SANNIO
1045 869 1284 912 SECVNDO
1308 871 1378 911 AB
1404 871 1478 914 XV
1508 871 1665 914 VIRIS

742 940 941 984 omo
994 942 1056 983 ET
1090 941 1299 984 CORONA
1340 943 1626 985 EXORNATO

635 1011 720 1056 CVI
769 1013 1159 1056 SANCTISSIIVS
1185 1013 1325 1054 ORDO
1374 1014 1734 1056 LVGVDVNENS

638 1084 1088 1126 PERPETVITATEM
1133 1083 1422 1128 SACERDOTI
1451 1086 1722 1128 DEGREVIT

562 1154 683 1198 APP.
712 1155 881 1198 ANNIO
916 1155 1102 1198 ATILiO
1131 1155 1350 1198 BRADVA’
1373 1158 1427 1198 Τ.
1453 1157 1606 1200 CLOD.
1638 1153 1791 1202 VIBIO

1057 1227 1198 1268 VARO
1221 1227 1318 1270 COS

423 1303 484 1358 In
516 1301 759 1358 sinistro
791 1301 966 1358 latere
986 1302 1239 1372 ejusdem
1265 1315 1379 1358 ara
1403 1301 1757 1374 insculptum
1779 1305 1867 1358 est
1886 1301 2020 1358 Cra-

352 1389 516 1448 nium
541 1391 758 1448 Arietis
789 1391 1073 1448 indicium
1103 1391 1407 1448 Criobolii.

411 1481 621 1538 Dextro
663 1484 854 1546 autem
887 1479 950 1536 in
979 1480 1158 1537 latere
1204 1480 1380 1538 cultri
1415 1480 1599 1554 ﬁgura
1645 1480 1858 1540 vtsitur
1877 1491 2009 1536 cum

352 1566 568 1625 litteris
593 1587 607 1623 :

879 1669 1041 1712 CViVS
1098 1669 1480 1714 IESONYCTIVI

846 1758 1055 1802 FACTVI
1089 1760 1186 1802 EST
1217 1759 1268 1802 ν.
1301 1761 1379 1802 ID.
1410 1758 1510 1802 DEC

417 1833 563 1905 Apte
587 1833 849 1892 observat
867 1835 1073 1892 doctus
1104 1835 1387 1906 interpres
1424 1833 1602 1906 hujus
1632 1833 2010 1907 monumenti,

353 1935 423 1978 ex
449 1923 824 1995 Tertulliano,
851 1924 1178 1994 Ambrosio,
1211 1925 1462 1982 Firmico
1479 1928 1732 1981 Materno
1759 1924 2014 1996 aliisque

349 2011 735 2082 scriptoribus
762 2013 1047 2084 antiquis,
1096 2030 1131 2068 a
1179 2014 1416 2080 diabolo,
1466 2014 1627 2082 cujus
1649 2016 1781 2070 sunt
1823 2018 2014 2084 partes

347 2101 655 2156 invertendi
679 2103 978 2165 ueritatem,
1013 2101 1346 2158 institutum
1380 2099 1578 2166 fuisse,
1602 2106 1664 2156 ut
1691 2103 1842 2172 ipsas
1866 2116 2014 2171 quo-

346 2205 449 2258 que
477 2205 562 2245 res
581 2195 1044 2246 sacramentorum
1080 2191 1394 2244 divinorum
1421 2188 1632 2260 (verbis
1661 2191 1854 2247 utitur
1885 2190 2014 2245 Ter-

347 2279 602 2351 tulliani)
651 2283 712 2336 in
757 2281 1030 2336 idolorum
1067 2281 1340 2347 mysteriis
1386 2281 1695 2334 aemuletur.
1746 2281 1932 2347 Tingit
1959 2280 2011 2333 et

344 2368 458 2437 ipse
486 2370 678 2438 utique
727 2369 1003 2423 credentes
1055 2373 1104 2422 et
1131 2369 1316 2437 ﬁdeles
1345 2368 1492 2431 suos,
1542 2369 1906 2438 expiationem
1943 2367 2034 2434 de,

344 2455 560 2510 lavacro
587 2457 942 2526 repromlitit.
978 2455 1213 2512 Firmici
1247 2469 1474 2526 quoque
1503 2456 1696 2512 verbis
1734 2455 2006 2527 ostendit,

345 2544 498 2600 inter
522 2557 748 2600 errores
786 2542 1157 2614 profanarum
1180 2544 1527 2616 religionum
1557 2558 1589 2600 a
1619 2544 1835 2614 spiritu
1863 2557 2012 2599 men-

343 2631 497 2690 dacii
517 2631 756 2689 subdole
778 2633 1072 2690 inductam
1085 2632 1484 2692 credulitatem
1509 2634 2008 2706 expurgaudorum

345 2720 658 2780 criminum
688 2735 790 2792 per
829 2721 1168 2793 sanguinem
1200 2722 1470 2793 victima,
1497 2729 1630 2780 ante
1657 2737 1788 2780 aras
1816 2722 2012 2780 idolo-

345 2823 471 2868 rum
517 2807 842 2882 profusum,
874 2815 932 2866 et
977 2810 1098 2867 ritu
1123 2810 1414 2882 descripto
1455 2825 1558 2882 pcr
1597 2810 1916 2868 Ausonium
1945 2811 2005 2868 in

339 2897 686 2958 Taurobolio
704 2897 1068 2958 etCriobolio
1093 2899 1172 2957 ita
1193 2915 1588 2972 conspersum,
1610 2906 1674 2959 ut
1693 2915 1758 2958 eo
1778 2914 2002 2973 cruore,

342 2988 509 3061 quasi
553 3002 682 3047 rore
729 2988 1055 3064 depluente,
1117 2989 1600 3062 perfundereutur
1651 2991 1902 3048 membra
1941 3005 2007 3047 ac

337 3083 522 3137 vestes
567 3079 887 3137 sacerdotis
937 3077 1213 3136 initiandi
1243 3080 1354 3138 sub
1379 3080 1579 3138 scrobe
1618 3079 1870 3137 latentis.
1903 3080 2006 3136 His

340 3181 541 3240 nempe
579 3167 980 3240 sycophantiis
1009 3168 1326 3228 conabatur
1365 3169 1684 3240 impietatis
1735 3168 2007 3241 magister

3712 464 3792 523 68

2131 661 2345 720 thedra
2374 679 2510 721 suos
2563 665 2896 724 hierarchas
2933 667 3198 740 ablegare
3253 671 3314 727 in
3355 673 3685 744 provincias
3728 681 3792 733 et

2129 751 2389 811 colonias
2429 755 2667 812 Romani
2710 757 2984 815 nominis.
3019 759 3078 814 in
3135 760 3426 832 Vaticano,
3480 777 3684 835 nempe
3723 766 3786 822 in

2127 842 2425 912 crepidine
2453 845 2588 901 solii
2619 845 2790 916 Petri,
2826 860 2956 904 aras
3001 848 3249 920 Mithrae,
3269 851 3466 920 isidis,
3491 857 3550 908 et
3577 854 3789 911 Matris

2128 933 2360 1003 Magna,
2389 934 2750 992 Tauroboiia.
2774 936 3086 1008 Criobolia,
3114 944 3170 994 et
3197 940 3481 1009 ejusmodi
3520 947 3785 1012 portenta

2130 1021 2433 1078 numinum
2458 1035 2525 1078 ac
2554 1025 2956 1094 mysteriorum
2980 1026 3061 1082 ita
3080 1026 3320 1086 fundare
3340 1042 3647 1101 aggressus
3669 1037 3783 1104 est,

2128 1113 2194 1164 ut
2211 1109 2344 1166 inde
2370 1110 2622 1181 proferre
2647 1115 2889 1184 impium
2910 1115 3130 1172 cultum
3155 1117 3463 1190 utrobique
3486 1127 3694 1192 posset,
3721 1122 3786 1178 in

2125 1197 2414 1256 Orientem
2434 1207 2489 1256 et
2509 1203 2911 1270 Occidentem;
2935 1205 3086 1275 quod
3114 1206 3376 1264 insinuat
3401 1221 3512 1264 non
3537 1209 3790 1266 obscure

2128 1286 2434 1358 inscriptio
2463 1291 2658 1347 Graca
2705 1307 2837 1364 sup.
2885 1307 2949 1350 it.
2979 1291 3067 1349 28.
3119 1297 3313 1366 Name
3349 1296 3522 1353 aliter
3560 1299 3785 1354 sentire

2125 1375 2328 1432 suadet
2353 1379 2568 1448 epocha
2595 1381 2996 1439 translationis
3016 1397 3307 1440 sacrorum
3333 1385 3779 1458 iuLugduuensi

2126 1477 2407 1523 marmore
2423 1468 2780 1542 consignata.
2802 1470 3076 1528 Observat
3099 1473 3253 1529 enim
3274 1481 3594 1544 opportune
3613 1477 3676 1534 P.
3708 1477 3785 1534 de

2119 1552 2378 1628 Colonia,
2415 1571 2544 1614 cum
2572 1557 2849 1630 pluribus
2873 1561 3148 1633 eruditis,
3179 1569 3311 1618 ante
3337 1563 3640 1635 imperium
3671 1566 3787 1622 An-

2121 1645 2311 1702 toniui
2338 1645 2425 1702 Pii
2464 1660 2576 1704 non
2604 1649 2846 1720 reperiri
2895 1649 3080 1708 ullum
3110 1649 3542 1722 Taurobolium,
3583 1654 3784 1724 ejusve

2121 1731 2302 1792 ritum
2357 1733 2533 1794 Roma
2579 1736 2963 1813 translatum;
3017 1740 3113 1796 sed
3149 1754 3332 1812 neque
3362 1741 3547 1798 ullum
3586 1742 3784 1800 Roma

2122 1829 2223 1880 aut
2253 1823 2310 1880 in
2345 1825 2664 1894 provinciis
2696 1832 3008 1899 peractum,
3039 1834 3142 1886 aut
3163 1835 3490 1901 perceptum
3514 1831 3786 1903 antiquis

2043 1895 2097 1956 Β
2127 1912 2185 1968 in
2221 1916 2627 1986 monumentis,
2650 1895 2752 1973 aut
2779 1895 3078 1974 historicis
3110 1895 3434 1976 memorari.
3461 1895 3782 1990 Quarecol-

2119 2000 2302 2073 ligere
2323 2018 2629 2074 possumus
2656 2007 2811 2063 circa
2835 2021 2957 2062 eam
2993 2013 3236 2080 atatem,
3283 2022 3396 2079 qua
3433 2010 3720 2066 ordinand
3733 2011 3786 2068 is

2123 2091 2354 2166 imperii
2379 2095 2698 2164 provinciis
2712 2096 3004 2154 Adrianus
3017 2102 3073 2153 et
3088 2097 3415 2155 Antoninus
3427 2098 3788 2169 occupaban-

2121 2186 2237 2251 tur,
2268 2189 2326 2238 et
2356 2197 2467 2255 qua
2495 2185 2913 2255 episcopalium
2940 2187 3164 2243 sedium
3191 2187 3642 2245 ordinandarum
3673 2201 3788 2258 par

2117 2285 2260 2328 cura
2277 2271 2573 2330 detinebat
2596 2274 2747 2330 Petri
2769 2289 3148 2346 successores,
3175 2277 3312 2333 dum
3344 2276 3440 2332 isti
3465 2277 3534 2332 ad
3555 2283 3787 2347 aposto-

2119 2360 2307 2417 lorum
2333 2367 2546 2432 tropaa
2577 2363 2751 2433 paulo
2779 2372 2912 2420 ante
2939 2372 3272 2422 constructa
3301 2381 3400 2437 per
3424 2368 3783 2439 Evaristum,

2121 2449 2182 2506 in
2219 2449 2589 2508 Confessioue
2622 2452 2682 2507 B.
2715 2453 2865 2509 Petri
2897 2454 3114 2510 clerum
3143 2455 3501 2528 colligentes,
3528 2462 3584 2512 et
3611 2457 3790 2526 epis-

2119 2551 2314 2612 copos,
2339 2539 2720 2611 presbyteros.
2744 2543 3020 2600 diaconos
3048 2543 3313 2601 initiatos
3334 2547 3517 2603 sacris
3536 2547 3788 2602 ordini-

2119 2628 2228 2686 bus
2246 2629 2381 2686 hinc
2397 2629 2723 2702 ablegautes
2741 2633 2810 2688 ad
2845 2632 3174 2690 Christiana
3205 2648 3518 2708 sacra,qua
3553 2637 3612 2692 iu
3645 2637 3790 2693 sub-

2119 2717 2434 2775 urbicariis
2462 2719 2718 2792 sedibus,
2761 2735 2872 2794 qua
2913 2721 2974 2778 in
3017 2722 3213 2778 titulis
3243 2723 3502 2795 urbanis,
3549 2738 3661 2796 qua
3715 2727 3783 2782 in

2117 2806 2436 2879 provinciis
2463 2810 2796 2878 exercenda,
2825 2811 3000 2867 etiam
3029 2812 3088 2866 in
3111 2816 3232 2867 toto
3259 2811 3470 2868 divisis
3491 2813 3626 2869 orbe
3656 2813 3789 2871 Bri-

2117 2898 2330 2966 tannis,
2368 2911 2455 2970 ea,
2503 2898 2759 2972 inquam,
2805 2905 2991 2974 atate,
3045 2916 3156 2974 qua
3211 2905 3420 2958 nostra
3469 2901 3788 2976 religionis

2115 2987 2410 3044 antistites
2457 2989 2667 3046 summi
2719 2989 2797 3046 ita
2847 2991 3232 3061 procurabant
3279 3005 3506 3048 sacrum
3549 2992 3780 3050 Christi

2117 3077 2528 3149 principatum,
2560 3083 2617 3133 et
2647 3079 3059 3146 sacerdotium,
3089 3079 3562 3150 quindecemviri‘
3590 3084 3789 3139 sacris

2117 3162 2428 3238 faciundis,
2474 3165 2696 3238 aliique
2723 3167 3046 3225 damonum
3078 3174 3272 3240 mysta
3327 3168 3546 3226 idolum
3576 3171 3783 3242 Dagon

336 3261 393 3314 et
422 3238 535 3316 Deo
562 3238 794 3318 rebellis
817 3257 1068 3328 spiritus
1100 3257 1346 3316 illudere
1376 3238 1768 3316 sanctioribus
1790 3238 2010 3331 m'yste-
2035 3238 2083 3300 Ο
2115 3260 2313 3310 contra
2337 3268 2528 3312 arcam
2549 3256 2779 3312 Domini
2808 3257 3118 3329 erigentes,
3138 3238 3218 3314 ad
3261 3258 3486 3314 radices
3507 3238 3780 3317 Vaticani

338 3345 448 3404 riis
499 3345 810 3418 utriusque
862 3345 1231 3419 Testamenti,
1283 3347 1588 3406 traducens
1643 3348 1713 3413 ad
1757 3347 2003 3406 abusum

337 3437 774 3506 superstitionis
801 3437 1266 3508 couspersiouem
1289 3438 1595 3508 sanguinis
1614 3437 1815 3494 divino
1837 3438 2008 3510 jussu

334 3537 368 3582 a
397 3525 584 3598 Moyse
606 3521 929 3583 adhibitam
962 3523 1023 3584 in
1045 3527 1474 3584 consecratione
1505 3527 1800 3598 pontiﬁcis
1837 3527 2009 3584 Auro.

337 3613 429 3672 uis
453 3615 693 3690 ejusque
715 3611 969 3674 ﬁliorum
995 3633 1010 3686 ;
1041 3621 1098 3672 et
1123 3615 1404 3688 sacrilego
1429 3629 1576 3674 ausu
1599 3622 1826 3674 tentans
1855 3615 2004 3674 fada

337 3701 437 3762 illa
451 3702 768 3764 simulacra
791 3703 1032 3762 lotionis
1079 3719 1365 3777 opponere
1392 3705 1762 3778 dogmatibus
1792 3708 1913 3778 spei
1935 3720 2002 3764 ac

335 3791 464 3850 ﬁdei
493 3799 720 3864 nostra,
743 3794 1024 3866 docentis,
1050 3809 1151 3866 per
1177 3794 1398 3851 Christi
1425 3797 1764 3868 sanguinem
1794 3797 2004 3868 pretio.

333 3893 458 3937 sum
486 3881 720 3954 purgari
754 3895 878 3952 nos,
909 3887 966 3938 et
992 3883 1318 3940 consecrari
1351 3882 1504 3940 ﬁlios
1536 3885 1597 3941 in
1622 3885 1864 3943 salutari
1905 3886 2000 3944 la-

330 3982 500 4026 vacro
530 3968 839 4042 baptismi;
885 3969 1210 4027 sacerdotes
1246 3985 1380 4027 vero
1422 3972 1678 4029 dedicari
1707 3974 1768 4030 in
1797 3973 1995 4029 eodem

331 4057 613 4129 sanguine
639 4071 739 4129 per
763 4057 1093 4114 unctionem
1125 4059 1354 4116 ordinis
1381 4065 1435 4117 et
1475 4061 1630 4135 signi
1679 4060 1752 4116 ab
1781 4065 1994 4118 aterno

332 4145 600 4216 pontiﬁce
624 4144 902 4204 instituti.
933 4147 1037 4205 Sed
1081 4147 1364 4220 inspectio
1390 4159 1739 4206 marmorum
1773 4159 1994 4204 memo-

332 4238 586 4292 ratorum
613 4235 867 4294 declarat
897 4235 1130 4310 longius
1156 4243 1452 4310 provectas
1481 4243 1656 4305 artes,
1685 4237 1822 4291 licet
1845 4235 1994 4291 irri-

331 4331 437 4392 tas,
468 4323 822 4382 etinvidiam
847 4326 1084 4399 maligni
1110 4327 1380 4398 spiritus.
1403 4327 1480 4380 Eo
1509 4324 1662 4380 enim
1690 4324 1992 4380 dementia

337 4415 630 4486 processit,
673 4421 739 4471 ut
761 4413 1101 4487 cogitaverit
1127 4417 1199 4470 de
1236 4413 1616 4470 subvertenda
1662 4413 1993 4473 hierarchia

335 4503 617 4574 Ecclesia,
651 4503 826 4576 idque
855 4502 1173 4572 speraverit
1197 4514 1258 4557 se
1281 4505 1706 4573 assecuturum,
1738 4503 1788 4558 si
1815 4507 1992 4560 secta-

2115 3341 2286 3399 collis
2330 3343 2714 3401 instituerunt
2749 3345 3095 3402 Taurobolia
3135 3353 3190 3403 et
3237 3347 3530 3404 Criobolia
3568 3347 3782 3405 Matris

2115 3435 2349 3504 Magna,
2391 3438 2447 3489 et
2475 3433 2683 3490 occabo
2729 3441 2963 3491 ornatos
3011 3441 3068 3491 et
3096 3442 3400 3492 coronatos
3443 3436 3782 3493 sacerdotes

2115 3537 2238 3576 cum
2265 3538 2388 3588 ara,
2420 3527 2470 3577 et
2493 3523 2704 3578 viribus
2734 3528 2784 3579 et
2806 3525 3068 3579 bucranio
3101 3524 3235 3581 inde
3268 3526 3552 3596 perceptis
3583 3525 3782 3582 mise—

2115 3615 2252 3668 runt
2285 3611 2344 3667 in
2369 3612 2628 3670 colonias
2679 3614 2749 3670 ad
2788 3615 3120 3686 contagium
3169 3615 3607 3686 superstitionis
3648 3629 3778 3674 sua-

2112 3701 2432 3771 provinciis
2457 3701 2838 3760 inferendum.

2180 3784 2268 3847 30.
2303 3793 2509 3848 Verum
2544 3793 2667 3864 pari
2700 3800 2854 3850 sorte
2893 3805 2962 3849 ac
2999 3791 3140 3848 olim
3198 3794 3391 3864 Dagon
3423 3797 3669 3849 truncus
3699 3793 3772 3851 in

2107 3877 2323 3937 frustra
2349 3881 2618 3937 concisus
2636 3893 2703 3936 ac
2717 3882 2976 3950 dejectus
2995 3887 3128 3936 ante
3147 3893 3335 3935 arcam
3361 3879 3590 3936 Domini
3615 3886 3748 3938 stan

2106 3975 2217 4025 tem
2271 3971 2532 4038 repertus
2579 3966 2784 4036 fuerat,
2829 3967 3004 4022 etiam
3047 3979 3112 4021 ea
3154 3971 3519 4021 monumenta
3562 3968 3778 4025 Matris

2101 4057 2303 4126 Deum,
2326 4056 2552 4110 Mithra
2571 4052 2815 4110 fratrum
2836 4053 3130 4109 Arvalium
3154 4059 3210 4108 et
3227 4053 3767 4122 quindecemvirum

2101 4142 2389 4200 confracta
2448 4147 2671 4212 reperta
2721 4147 2858 4197 sunt
2901 4155 2968 4198 ac
3011 4139 3394 4198 tumultuarie
3444 4142 3686 4214 disjecta
3731 4163 3770 4206 a

2098 4231 2470 4302 Christianis,
2502 4235 2559 4286 et
2580 4230 2833 4302 proiecta
2857 4229 2916 4286 in
2938 4228 3250 4287 scabelium
3271 4231 3473 4301 pedum
3497 4233 3772 4290 Piscato-

2102 4323 2220 4378 ris:
2241 4326 2373 4377 ante
2395 4321 2570 4392 hujus
2597 4319 2897 4377 basilicam
2917 4321 3055 4378 dum
3077 4322 3352 4393 jacerent,
3378 4321 3574 4379 futura
3592 4309 3766 4380 iudi-

2101 4411 2192 4468 cia
2212 4412 2466 4468 victoria
2493 4425 2593 4482 per
2607 4409 2774 4467 ﬁdem
2798 4416 3048 4468 nostram
3069 4411 3140 4468 de
3160 4409 3428 4482 gentibus
3443 4425 3764 4485 earumque

2101 4499 2619 4572 superstitionibus
2643 4504 2961 4570 reportata.
2995 4501 3244 4572 Apparet
3265 4500 3332 4557 in
3359 4501 3452 4558 bis
3477 4499 3761 4576 fragmen-

330 4591 557 4648 toribus
609 4591 736 4648 suis
782 4589 1115 4660 inspiraret,
1155 4594 1222 4646 ut
1267 4603 1299 4645 e
1343 4588 1638 4663 Vaticano,
1681 4591 1780 4648 ubi
1813 4593 2068 4658 Chri-D
2101 4590 3760 4656 tisvauaamulatiodecideutisidololatria,a'l‘ertulliano

328 4681 531 4737 stiana
558 4677 988 4736 communionis
1003 4681 1262 4737 centrum
1281 4677 1481 4735 ﬁxerat
1508 4681 1726 4752 Petrus,
1755 4686 1989 4740 auctore

325 4770 576 4841 Christo,
604 4766 957 4826 diﬁundmt
981 4766 1084 4828 ille
1116 4769 1384 4839 mysteria
1411 4770 1614 4830 Hatris
1631 4773 1808 4830 Deum
1833 4772 1988 4828 ldaa

326 4857 664 4916 auctoribus
708 4856 1198 4928 quindecemviris
1255 4858 1321 4914 in
1385 4857 1580 4915 orbem
1652 4862 1983 4918 Romanum.

331 4948 566 5006 Videbat
586 4947 772 5007 hostis
794 4947 1031 5004 humani
1051 4947 1299 5019 generis,
1321 4961 1354 5004 a
1373 4951 1810 5008 successoribus
1835 4952 1986 5010 Petri

331 5043 454 5110 post
501 5039 630 5115 ejus
681 5037 906 5116 obitum
963 5037 1265 5108 episcopos
1307 5037 1586 5110 ablegari,
1633 5041 1870 5110 perinde
1920 5055 1986 5097 ac

329 5129 528 5183 Petrus
551 5131 942 5197 consueverat,
967 5140 1064 5196 per
1087 5125 1280 5184 orbem
1306 5127 1642 5184 universum
1672 5147 1684 5183 :
1719 5137 1773 5186 et
1795 5131 1988 5187 unita-

327 5223 436 5272 tem
465 5215 728 5272 Ecciesia
760 5217 973 5274 servari
1007 5231 1106 5288 per
1162 5231 1366 5296 nexum
1402 5219 1710 5276 sacerdotii
1747 5221 1981 5276 maximi

325 5305 611 5360 divinitus
634 5307 996 5376 institutum;
1017 5321 1145 5363 cum
1173 5314 1314 5363 nutu
1335 5309 1619 5378 principis
1636 5311 1985 5380 episcomlis

326 5392 552 5448 ordinis
580 5397 773 5448 omnia
805 5397 1053 5450 membra
1077 5397 1274 5468 colligi
1311 5398 1368 5452 in
1401 5400 1689 5467 corwiliis,
1719 5408 1773 5455 et
1798 5401 1977 5471 dirigi

2101 4681 2352 4738 indicata
2383 4683 2444 4739 in
2477 4680 2763 4738 idolorum
2809 4681 3118 4753 mysteriis,
3149 4685 3214 4737 ut
3243 4683 3396 4752 ipsas
3419 4697 3633 4752 quoque
3662 4697 3755 4736 res

2097 4773 2558 4827 sacramentorum
2585 4771 2895 4826 traduceret
2923 4771 2999 4826 ad
3035 4773 3270 4826 abusum
3299 4771 3708 4842 superstitionis
3733 4791 3752 4834 ;

2097 4861 2231 4919 dum
2249 4861 2580 4932 aspersione
2611 4861 2937 4933 sanguinis,
2966 4860 3366 4918 observatione
3404 4860 3747 4930 mesonyctii

2097 4949 2436 5022 deiectuque
2463 4963 2608 5007 area
2653 4949 2936 5007 Vaticana
2961 4956 3018 5005 et
3049 4949 3263 5006 mensis
3289 4948 3616 5004 Decembris
3644 4961 3755 5005 co-

2099 5046 2268 5097 natur
2285 5047 2600 5110 pervertere
2614 5045 2821 5096 nostra
2834 5039 3081 5111 religion
3091 5039 3141 5094 is
3155 5039 3422 5094 instituta
3435 5039 3745 5094 sanctiora.

2095 5129 2240 5184 etin
2287 5130 2426 5200 aris,
2467 5127 2798 5198 laterculis,
2833 5127 3169 5183 marmoreis
3213 5127 3505 5197 ausisque
3530 5125 3750 5182 tabulis

2095 5217 2331 5288 profana
2362 5231 2465 5274 sua
2487 5217 2758 5288 mysteria
2777 5217 2847 5272 ad
2872 5222 3130 5286 posteros
3145 5215 3426 5273 derivare.
3460 5216 3534 5270 At
3558 5217 3742 5271 nostri

2093 5307 2366 5379 prasuies
2399 5306 2549 5361 inter
2591 5306 2794 5361 ruinas
2831 5311 3129 5374 prostrata
3159 5305 3548 5376 superstiouis
3574 5309 3748 5360 stan-

2093 5403 2200 5452 tem
2228 5410 2415 5452 arcam
2448 5397 2568 5465 Dei,
2597 5402 2653 5450 et
2675 5409 2966 5465 nunquam
3000 5396 3435 5452 subvertendam
3479 5394 3745 5452 inferna-

326 5480 553 5553 legibus
579 5489 870 5549 cerneret;
915 5485 1238 5541 moderante
1264 5501 1381 5542 rem
1407 5489 1794 5545 Christianam
1835 5491 1979 5544 uni-
2089 5500 2214 5542 rum
2250 5491 2589 5554 poteshtum
2617 5486 2842 5540 viribus
2874 5495 3087 5554 peiram
3137 5486 3519 5554 ostendentes,
3563 5500 3739 5556 supra

324 5583 540 5628 versam
567 5583 632 5625 eo
657 5571 764 5640 qui
799 5573 856 5625 in
880 5573 1028 5626 Petri
1061 5576 1327 5632 catheira
1355 5593 1651 5633 successor
1679 5586 1734 5632 et
1765 5593 1976 5632 utxvar—
2079 5590 2198 5646 qua
2227 5601 2234 5624 ι
2274 5575 2522 5630 Ecclesia
2543 5581 2870 5628 constructa
2891 5581 2998 5643 est,
3021 5581 3350 5629 constanter
3375 5584 3738 5642 perseverant

320 5661 468 5719 chus
486 5661 702 5718 sederet
730 5661 897 5734 quasi
924 5660 995 5718 ad
1021 5665 1240 5722 clavum
1263 5669 1598 5737 reipublica
1627 5668 1845 5726 Christi
1878 5668 1973 5724 vi-
2083 5679 2184 5738 per
2224 5679 2404 5720 annos
2449 5666 2606 5720 mille
2657 5673 2954 5722 sexcentos
2997 5671 3052 5721 et
3098 5665 3246 5735 quod
3295 5665 3555 5722 excurrit
3600 5677 3732 5721 cum

319 5751 516 5810 carius
561 5751 868 5824 episcopus
912 5751 1218 5812 Romanus.
1249 5755 1615 5814 Commentus
1663 5759 1860 5830 itaque
1883 5765 1968 5817 est
2070 5763 2253 5824 Leone
2279 5759 2500 5829 Magno,
2523 5758 2761 5830 ejusque
2785 5757 3188 5814 decessoribus
3207 5760 3265 5814 et
3289 5754 3729 5814 successoribus
