3996 6416
181 404 257 462 69
1713 403 1849 461 Pili!

1966 404 2104 462 πα
3553 411 3634 472 ’τυ

179 532 413 598 quarta,
441 533 494 585 et
511 533 673 586 sexta
695 531 846 598 feria
863 544 1013 587 mm
1033 529 1574 601 WmJejmia
1592 527 1858 584 indicere.
1873 524 1941 588 Α
1969 524 2263 601 διαίθρου,
2289 534 2351 587 et
2367 534 2528 603 gesta
2545 537 2862 605 maran
2883 535 3633 600 cetebmrouturcmtmini-

181 622 234 672 et
263 618 510 674 Sabbato
537 619 694 690 apud
723 621 942 675 beatum
965 623 1184 677 Petrum
1210 621 1431 689 uigilias
1461 618 1730 674 celebrare
1750 635 1771 682 ς
1790 616 1856 671 in

181 707 425 778 quibus,
489 709 832 779 praesertim,
887 726 1066 765 mense
1105 710 1404 771 Decembri,
1454 707 1854 764 ordinationes

185 797 596 854 ministrorum
639 800 1118 870 sacerdotumque
1150 800 1438 855 minorum
1474 811 1540 854 ac
1571 797 1852 865 majorum

184 886 511 954 perﬁciant.
537 889 649 943 Nec
670 888 921 959 segniori
944 901 1082 945 cura
1109 887 1393 957 platonias
1414 885 1670 942 basilicae
1697 885 1858 940 inci-

181 975 399 1030 derunt
448 978 841 1033 monumentis
885 990 1178 1047 nunquam
1222 976 1506 1032 desituris
1542 973 1852 1030 sacerdotii

179 1064 508 1121 Christiani
538 1083 551 1119 :
591 1067 744 1121 unde
771 1065 1122 1135 pontiﬁcalis
1149 1064 1400 1122 historia
1429 1063 1629 1134 colligi
1663 1062 1855 1133 potuit

1969 613 2078 671 bus
2109 617 2317 676 incisis
2343 619 2399 676 in
2436 620 2649 691 platoni
2662 623 2732 695 is,
2760 624 2910 681 Urbe
2935 627 3189 686 nondum
3212 634 3450 699 capta-et
3469 629 3634 687 dire-

1970 710 2065 775 pta
2085 719 2123 762 a
2152 707 2379 770 Gothis,
2414 711 2687 769 Vandalis
2714 718 2772 769 et
2799 714 3027 772 Hunnis
3048 715 3076 768 ‘?
3101 716 3161 772 Si
3191 718 3429 789 gentilis
3452 717 3633 776 Deiﬁ-

1965 795 2104 851 nius
2130 796 2414 854 Romanos
2435 797 2613 857 fastos
2641 814 2673 856 a
2701 803 2875 858 Bruto
2907 807 2962 859 et
2999 804 3289 863 Collatino
3316 807 3387 864 ad
3411 807 3628 864 Julium

1964 885 2238 942 Caesarem
2258 887 2568 953 ordinavit.
2591 890 2854 947 collectis
2875 895 3266 955 marmoribus
3282 896 3633 966 Capitolinis

1963 987 2030 1028 ex
2063 973 2174 1030 fori
2203 976 2438 1032 Romani
2475 979 2765 1049 reliquiis,
2790 989 2964 1054 atque
2988 996 3301 1051 paucarum
3337 985 3509 1044 Urbis
3532 999 3633 1041 ec—

1963 1063 2309 1132 clesiarum,
2331 1080 2446 1135 quo
2476 1073 2685 1124 temere
2716 1069 2995 1128 translata
3024 1070 3254 1132 fuerant
3287 1072 3630 1145 fragmenta,

180 1159 238 1208 et
256 1154 595 1211 conﬁrmari
623 1155 681 1210 in
706 1155 966 1212 texendis
983 1154 1276 1226 Catalogis
1293 1153 1402 1212 sub
1425 1152 1650 1209 Liberio
1671 1157 1727 1207 et
1743 1151 1853 1208 sub
1955 1154 2443 1223 quemadmodum
2467 1157 2782 1216 Panvinius
2807 1165 3100 1228 memorat,
3127 1167 3454 1231 postannos
3472 1163 3631 1218 mille

183 1241 370 1297 Felice
401 1248 631 1313 quarto,
663 1249 721 1299 et
749 1244 806 1300 in
835 1243 984 1300 Vitis
1012 1243 1350 1313 pontiﬁcum
1375 1241 1722 1314 colligendis
1742 1239 1852 1296 sub

179 1329 484 1403 Gregoriis
523 1333 778 1390 secundo
808 1340 862 1388 et
893 1333 1065 1390 tertio

249 1471 341 1531 3|.
363 1475 696 1532 iucundum
725 1475 838 1531 erit
866 1475 1152 1546 inspicere
1173 1480 1386 1549 quanta
1407 1479 1733 1547 superesset
1755 1489 1855 1546 per

179 1577 299 1620 eam
331 1570 563 1621 aetatem
595 1566 760 1636 cepia
787 1566 1285 1638 documentorum,
1320 1580 1432 1623 non
1461 1565 1629 1622 modo
1658 1566 1717 1621 in
1749 1580 1852 1622 co-

178 1653 416 1710 dicibus
441 1655 666 1711 archivi
689 1655 1019 1728 apostolici,
1044 1657 1139 1713 sed
1169 1656 1340 1712 etiam
1372 1656 1431 1712 in
1455 1655 1777 1726 parietibus
1797 1662 1852 1711 et

182 1743 576 1800 marmoribus
621 1758 914 1800 sacrarum
962 1745 1196 1816 aedium,
1244 1759 1370 1817 quae
1415 1758 1506 1800 res
1550 1743 1852 1815 plerasque

1965 1243 2313 1313 quingentos
2335 1259 2504 1314 quam
2533 1245 2764 1303 fuerant
2789 1249 2849 1305 in
2871 1246 2996 1305 foro
3019 1250 3194 1319 positi
3221 1269 3236 1320 ;
3261 1255 3400 1321 quot
3421 1251 3632 1321 praesi—

1961 1331 2080 1388 diis
2108 1332 2500 1405 chronologim
2530 1335 2799 1394 suifultos
2831 1336 3013 1394 fuisse
3042 1338 3336 1401 credimus
3364 1345 3629 1397 auctores

1960 1419 2359 1492 Catalegorum
2393 1423 2817 1493 poutiﬁcalium
2849 1427 2959 1484 sub
2991 1427 3222 1489 Liberis
3252 1434 3308 1484 et
3335 1430 3582 1486 Damaso
3602 1427 3630 1484 ?

1963 1511 2280 1580 praesertim
2301 1527 2430 1570 cum
2461 1513 2563 1570 illa
2589 1521 2758 1572 aetate
2784 1521 2912 1586 post
2930 1517 3258 1576 Chron-icon
3284 1518 3358 1576 ab
3375 1518 3629 1576 Eusebio

1961 1597 2249 1669 digestum
2274 1614 2371 1670 per
2390 1603 2658 1660 consules
2673 1617 2741 1660 ex
2765 1604 2926 1663 Actis
2949 1606 3226 1677 publicis,
3241 1607 3412 1676 jussu
3436 1607 3626 1678 Magni

1959 1686 2324 1746 Constantini
2348 1689 2417 1745 ab
2440 1692 2709 1750 omnibus
2732 1693 2964 1764 imperii
2989 1695 3308 1765 provinciis
3326 1695 3629 1753 submini-

1962 1775 2186 1842 stratis,
2227 1789 2342 1832 non
2385 1782 2498 1834 tam
2528 1781 2841 1841 recudendi
2879 1787 3072 1842 essent
3104 1783 3259 1844 Fasti
3289 1784 3629 1842 consulares

179 1832 626 1937 errrem";
666 1835 725 1890 ίη
760 1834 872 1937 hoc
915 1831 1242 1937 Romam"
1285 1833 1455 1937 ιτίιπο
1495 1834 1934 1937 enarrasse;
1960 1831 2028 1920 π
2055 1831 3627 1937 posse“,quaereremus;musaea;

176 1922 305 1977 Tria
340 1921 524 1978 ferme
547 1923 616 1979 ad
649 1924 839 1996 capita
867 1924 1064 1980 reduci
1100 1929 1343 1996 possunt
1367 1938 1432 1980 ea
1463 1939 1590 1994 quae
1618 1923 1678 1978 in
1700 1924 1852 1979 Vitis

175 2011 522 2081 pontiﬁcum
541 2019 849 2068 occurrent
864 2013 1169 2068 Anastasio
1191 2013 1450 2068 tributis.
1477 2013 1730 2067 Primum
1750 2027 1854 2068 ea-

177 2106 273 2170 put
299 2106 391 2156 est
417 2100 925 2172 chronologicum,
955 2100 1226 2156 indicans
1247 2110 1471 2170 tempus
1493 2101 1771 2156 sessionis
1795 2101 1853 2157 in

177 2189 321 2244 Petri
357 2191 668 2258 cathedra,
701 2195 758 2244 et
787 2189 1054 2245 consules
1094 2189 1312 2260 quibus
1346 2190 1647 2258 respondet
1681 2189 1856 2244 unius

177 2279 469 2349 cujusque
493 2277 868 2348 pontiﬁcatus
892 2278 1130 2334 initium
1152 2291 1219 2332 ac
1241 2278 1542 2333 terminus.
1566 2277 1746 2348 Caput
1763 2277 1854 2333 al-

176 2373 358 2422 terum
387 2372 624 2422 constat
644 2366 892 2422 decretis
917 2371 972 2422 et
994 2367 1469 2422 ordinationibus
1494 2367 1853 2422 sacerdotum

176 2469 235 2510 ac
263 2457 701 2511 ministrorum.
735 2456 990 2511 Tertium
1018 2455 1273 2525 denique
1301 2454 1552 2511 includit
1580 2456 1855 2512 donatio-

179 2559 273 2601 nes
299 2544 648 2615 fundorum,
675 2551 1002 2601 structuras
1028 2545 1405 2600 basilicorum
1434 2559 1499 2600 ac
1523 2546 1851 2617 titulorum,

178 2641 515 2690 ornamenta
538 2638 594 2689 et
615 2634 1032 2704 supellectilem
1061 2635 1369 2704 pretiosam
1395 2634 1664 2689 Ecclesiae
1686 2634 1854 2690 obla—

180 2730 290 2778 tam
327 2738 361 2779 a
398 2723 781 2794 pontiﬁcibus
821 2724 1114 2795 Romanis,
1167 2723 1616 2793 imperatoribus
1647 2723 1852 2780 aliisve

181 2813 572 2884 principibus.
608 2815 956 2870 Documenta
983 2826 1174 2869 rerum
1209 2813 1429 2883 triplici
1465 2814 1634 2869 hocce
1665 2814 1852 2885 capite

177 2904 618 2959 enuntiaturum
661 2903 740 2958 ita
783 2907 946 2958 erant
979 2903 1036 2958 in
1082 2902 1389 2974 propatulo
1427 2903 1535 2959 sub
1573 2903 1851 2976 Gregorio

179 2993 372 3063 tertio,
424 2994 659 3064 quando
707 2993 874 3049 Liber
919 2993 1028 3048 iste
1059 2992 1416 3049 Pontiﬁcalis
1454 2993 1513 3048 in
1550 2993 1847 3064 publicum

181 3083 459 3154 prodivit,
501 3087 569 3138 ut
598 3081 896 3153 complura
940 3081 1054 3154 legi
1097 3086 1330 3152 possent
1362 3081 1421 3139 in
1464 3083 1850 3139 marmoribus

179 3172 472 3244 genuinis.
509 3173 668 3228 Licet
699 3171 985 3228 indicium
1017 3172 1316 3228 desumere
1346 3170 1629 3228 ubertatis
1659 3173 1849 3228 docu—

179 3268 502 3317 mentorum
531 3274 600 3316 ex
629 3261 706 3316 lis
728 3275 854 3332 quae
887 3265 1016 3331 post
1046 3273 1228 3316 annos
1254 3259 1414 3316 mille
1439 3262 1556 3332 jam
1588 3261 1847 3320 evolutos

177 3362 208 3404 a
236 3350 507 3422 Gregorii
544 3349 702 3405 tertii
736 3354 901 3406 aetate
931 3349 998 3405 ad
1047 3353 1300 3405 nostram
1342 3349 1531 3405 adhuc
1574 3350 1848 3408 visuntur

178 3453 479 3510 superesse
507 3439 567 3494 in
593 3439 791 3496 titulis
819 3439 1086 3511 Urbanis,
1115 3439 1482 3512 cuemeteriis,
1506 3437 1770 3496 basilicis
1789 3443 1847 3495 et

177 3529 452 3585 archivis.

242 3652 336 3710 32.
369 3653 533 3722 Quod
567 3654 820 3725 pertinet
847 3653 916 3712 ad
952 3653 1205 3724 primum
1251 3658 1426 3724 caput
1455 3653 1844 3727 chronologim

180 3743 537 3815 pontiﬁcalis
567 3757 670 3814 per
697 3743 966 3801 consules
999 3743 1110 3800 rite
1139 3743 1543 3813 comprobatae,
1577 3743 1845 3800 ostendi-

178 3848 326 3902 mus,
359 3833 420 3890 in
465 3833 626 3890 Actis
658 3837 994 3904 martyrum,
1045 3833 1104 3890 in
1135 3831 1416 3904 platoniis
1438 3846 1470 3888 a
1515 3833 1572 3887 Β.
1603 3834 1844 3892 Damaso

177 3923 409 3994 incisis,
444 3923 501 3978 in
523 3923 872 3980 cmmeteriis
898 3923 1224 3993 loculisque
1248 3921 1603 3978 Christianis
1628 3926 1713 3979 tot
1736 3937 1848 3980 su—

175 4027 402 4085 peresse
443 4014 790 4072 documenta
838 4012 1284 4072 consuetudinis
1329 4012 1496 4070 illius
1535 4012 1745 4083 relatis,
1780 4017 1845 4070 ut

173 4111 382 4175 quarto
426 4109 703 4176 sextoque
749 4103 962 4162 saeculo
1006 4103 1229 4162 Christi
1275 4102 1505 4160 abunde
1550 4102 1845 4174 potuerint

174 4194 307 4250 lude
373 4193 575 4266 colligi
642 4193 915 4265 indiculi,
980 4193 1249 4266 cataIOgi,
1313 4193 1608 4264 diptycha,
1685 4207 1845 4252 mar-

170 4284 477 4355 terIOgia.
508 4284 740 4344 Teritur
767 4285 1027 4342 omnium
1062 4285 1328 4341 manibus
1353 4284 1500 4341 liber
1528 4284 1843 4354 impressus

173 4375 361 4432 Rome
389 4387 546 4430 anno
571 4372 732 4444 4654,
765 4374 1101 4445 complexus
1131 4374 1546 4444 lnscriptiones
1569 4374 1842 4446 antiquas

165 4463 520 4535 superstites
546 4463 606 4519 in
633 4463 878 4520 basilica
896 4464 955 4521 S.
984 4463 1172 4534 Pauli,
1195 4464 1291 4519 via
1314 4462 1588 4520 Ostiensi.
1615 4462 1841 4522 Placuit

1964 1955 2838 2030 notariorum,coemeteriorum,
2855 1959 3596 2034 indicumetdiptychorum
3609 2005 3623 2032 ,

1965 2043 2182 2113 quibus
2198 2044 2458 2116 Cat-alogi
2484 2045 2932 2104 admovebantur
2963 2049 3237 2110 vclutiad
3265 2053 3506 2124 Lydium
3536 2052 3629 2110 la—

1967 2133 2177 2202 pidem.
2198 2134 2456 2204 Anonym
2465 2149 2532 2191 us
2547 2134 2634 2192 col
2645 2134 2823 2192 lector
2832 2137 3134 2194 Fastorum
3147 2138 3256 2196 sub
3270 2139 3627 2212 Constantio,

1967 2235 2135 2292 quem
2165 2223 2560 2292 Cuspinianus
2595 2224 2845 2294 primum
2882 2231 3106 2296 nactus,
3152 2241 3282 2286 mox
3308 2227 3482 2287 etiam
3511 2227 3630 2286 Bu—

1965 2310 2221 2383 cherius,
2263 2313 2489 2384 aequior
2534 2314 2854 2370 aestimator
2895 2316 3153 2384 praeclari
3207 2317 3374 2374 illius
3417 2331 3630 2378 monu-

1969 2403 2166 2470 menti,
2193 2400 2603 2458 felicioricurte
2625 2404 2948 2460 eardinalis
2968 2406 3186 2463 Norisii
3215 2406 3625 2464 illustrandum

1966 2491 2349 2561 reliquerunt,
2380 2504 2723 2562 anonymus,
2759 2493 3015 2572 inquam,
3052 2494 3152 2550 ille
3177 2497 3326 2552 satis
3352 2497 3624 2566 ostendit,

1963 2579 2136 2634 etiam
2162 2581 2309 2635 citra
2331 2593 2494 2651 opem
2515 2581 2788 2639 Chronici
2811 2583 3148 2654 Eusebiani,
3171 2590 3316 2656 quot
3333 2587 3619 2656 adjumen-

1964 2669 2042 2726 tis
2091 2669 2531 2726 suﬁulcirentur
2568 2672 2798 2741 epochze
2835 2673 3169 2730 consulares
3201 2673 3262 2730 in
3293 2674 3622 2750 Occidente,

1963 2758 2180 2830 quibus
2211 2759 2520 2830 pontiﬁciae
2564 2758 2734 2817 facile
2763 2761 3174 2833 alligabanwr.
3206 2763 3401 2822 Minus
3431 2765 3627 2838 itaque

1963 2851 2349 2907 necessarium
2384 2851 2533 2908 duco
2560 2852 2780 2908 versari
2821 2853 3052 2909 diutius
3086 2853 3146 2909 in
3175 2854 3416 2924 hujusce
3447 2856 3622 2926 primi

1959 2941 2173 3010 capitis
2213 2940 2587 3012 ﬁrmamento,
2634 2955 2764 2997 cum
2801 2942 3191 3016 chronologize
3231 2945 3540 3016 pontiﬁciaa
3570 2931 3626 3002 et

1958 3031 2288 3088 consularis
2324 3045 2460 3102 opes
2494 3037 2685 3088 essent
2719 3032 2779 3087 in
2809 3039 3110 3090 numerato
3150 3034 3226 3090 iis
3257 3036 3358 3106 qui
3398 3035 3624 3092 medio-

1958 3134 2111 3176 crem
2156 3134 2352 3176 curam
2395 3120 2738 3178 adhiberent
2782 3126 2989 3194 quarto
3037 3122 3257 3180 Christi
3301 3125 3514 3184 saeculo
3561 3125 3620 3182 in

1853 3194 1926 3264 [Β
1959 3209 2332 3268 observandis
2394 3211 2782 3270 monumentis
2841 3213 3134 3283 Romanis,
3200 3215 3454 3272 nondum
3523 3227 3623 3285 per

1956 3299 2174 3356 Gothos
2203 3304 2260 3356 et
2285 3300 2568 3356 Vandalos
2606 3300 2951 3358 deturbatis.
2995 3301 3214 3371 Quinto
3245 3317 3376 3360 vero
3408 3302 3621 3360 saeculo

1955 3389 2171 3446 Christi
2201 3389 2453 3461 ineunte,
2487 3389 2625 3447 licet
2643 3391 2924 3448 colluvies
2943 3391 3321 3449 barbarorum
3345 3393 3486 3450 Urbi
3513 3408 3624 3452 su-

1957 3477 2186 3550 perfusa
2215 3479 2386 3536 bonis
2410 3479 2640 3538 artibus
2668 3479 2882 3538 bellum
2913 3481 3215 3554 indiceret,
3237 3488 3296 3540 et
3320 3482 3620 3554 complura

1955 3573 2288 3625 ornamenta
2327 3569 2562 3642 deleret,
2614 3570 2921 3628 maximam
2955 3576 3142 3628 tamen
3187 3578 3401 3642 partem
3433 3573 3623 3629 decu—-

1956 3663 2276 3716 mentorum
2309 3657 2538 3718 abolere
2571 3672 2930 3732 nequaquam
2973 3661 3182 3730 potuit,
3216 3674 3400 3732 neque
3430 3661 3622 3718 desti-

1956 3751 2114 3804 tutos
2145 3746 2472 3817 relinquere
2503 3747 2859 3802 testimoniis
2890 3752 3210 3817 temporum
3241 3755 3298 3804 et
3327 3754 3618 3824 gestorum

1953 3833 2339 3904 chronologos
2373 3840 2432 3889 et
2472 3833 2800 3892 historicos.
2842 3834 2914 3890 Ut
2943 3835 3102 3892 enim
3129 3839 3265 3890 ante
3300 3834 3618 3896 Gothorum

1957 3923 2343 3994 irruptionem
2384 3921 2620 3978 Eusebii
2653 3923 2852 3979 Fastos
2879 3927 2937 3979 et
2965 3924 3290 3982 Chronicon
3332 3926 3622 3999 Hierony-

1957 4027 2106 4083 mus,
2148 4012 2480 4084 Hieronymi
2531 4014 2773 4086 Prosper
2809 4013 3089 4090 perduxit
3130 4014 3201 4071 ad
3252 4015 3617 4078 consulatum

1955 4103 2212 4162 Valentis
2240 4108 2462 4160 sextum
2503 4107 2561 4160 et
2589 4101 2982 4160 Valentiniani
3017 4104 3355 4175 secundum,
3397 4105 3616 4164 Christi

1952 4206 2084 4250 vero
2101 4206 2320 4250 annum
2340 4189 2465 4265 378,
2494 4191 2575 4248 ita
2592 4204 2705 4247 non
2721 4192 2951 4251 destitit
2971 4193 3176 4264 quinto
3197 4195 3410 4254 saeculo
3433 4195 3622 4258 Victo-

1953 4283 2079 4340 rius
2120 4281 2450 4355 Aquitanus
2489 4282 2772 4340 Canonem
2823 4282 3172 4355 Paschalem,
3214 4290 3270 4340 et
3312 4285 3615 4344 Periodum

1950 4386 2234 4442 annorum
2264 4386 2465 4432 uxxxu
2489 4370 2761 4430 ordinare
2787 4385 2887 4444 per
2907 4372 3172 4431 consules
3193 4386 3224 4430 a
3246 4374 3476 4434 duobus
3500 4375 3620 4436 Ge—

1952 4463 2148 4535 minis,
2177 4462 2394 4520 Cbristi
2421 4460 2514 4534 28,
2541 4463 2612 4520 ad
2637 4461 3082 4523 Constantinum
3105 4467 3161 4520 et
3181 4461 3418 4536 Rufum,
3440 4461 3619 4523 Chri-

165 4552 552 4625 aperimenti
567 4566 743 4610 causa
761 4566 1065 4612 numerare
1079 4552 1696 4624 quotconsulatusillm
1712 4566 1840 4612 con-
1867 4555 1921 4625 1)
1947 4555 2026 4610 sti
2054 4551 2157 4611 457
2185 4573 2200 4624 ;
2235 4567 2402 4626 quem
2435 4553 2686 4612 laborem
2715 4566 3037 4632 anonymus
3067 4552 3216 4610 sexti
3243 4552 3443 4612 saeculi
3476 4568 3619 4626 pro-

166 4645 413 4700 tineant.
433 4644 562 4715 Legi
576 4644 727 4702 duos
743 4658 921 4714 supra
941 4646 1238 4716 octoginta
1257 4644 1315 4701 in
1335 4645 1412 4700 iis
1424 4659 1550 4716 quae
1565 4644 1843 4703 Christia-

166 4746 374 4790 norum
393 4738 555 4804 sunt,
577 4739 635 4790 et
651 4733 991 4806 pertingunt
1005 4733 1078 4790 ad
1099 4747 1400 4791 numerum
1419 4730 1540 4791 436.
1563 4733 1843 4804 Complu—

166 4837 255 4880 res
286 4830 567 4894 praeterea
598 4831 736 4880 sunt
768 4823 1202 4896 inscriptiones,
1244 4837 1490 4895 quarum
1521 4821 1838 4895 fragmenta

160 4926 296 4970 cum
320 4927 436 4969 non
465 4913 756 4970 retineant
777 4919 860 4969 tot
884 4913 1164 4970 elementa
1193 4913 1519 4970 dictionum
1549 4912 1614 4968 in
1643 4913 1838 4968 nomi—

163 5003 342 5057 nibus
367 5003 675 5059 consulum
704 5001 1002 5074 indicatis,
1031 5009 1096 5059 ut
1119 5002 1369 5074 intelligi
1392 5001 1578 5072 possit
1597 5001 1667 5058 ad
1696 5016 1838 5074 quos

159 5092 435 5148 consules
483 5092 828 5164 referantur,
875 5093 1261 5149 excludendas
1305 5092 1501 5162 putavi
1543 5105 1576 5147 a
1616 5106 1838 5149 summa

161 5184 463 5254 praedicta.
507 5184 650 5240 Cum
697 5183 882 5255 igitur
916 5183 1086 5240 unica
1120 5183 1178 5238 in
1223 5183 1344 5238 aede
1383 5195 1546 5238 sacra
1586 5183 1835 5238 Romana

157 5273 459 5345 supersint
485 5280 616 5344 post
639 5286 825 5328 annos
853 5272 1009 5328 mille
1030 5287 1062 5328 a
1087 5271 1426 5329 collectione
1451 5271 1609 5328 Libri
1633 5273 1837 5328 Ponti-

159 5364 347 5418 ficalis
370 5370 452 5418 tot
475 5364 640 5434 paria
663 5362 990 5432 consulum,
1017 5362 1394 5432 utseptimum
1422 5361 1595 5418 ferme
1620 5371 1835 5432 partem

159 5455 458 5509 fast-erum
487 5453 890 5508 consularium
927 5453 1162 5522 implere
1197 5452 1419 5520 καθέξω.
1449 5467 1479 5508 a
1508 5453 1737 5508 Tiberio
1763 5453 1831 5509 ad

157 5543 578 5615 Instiniduum,
615 5543 739 5599 sive
779 5542 850 5595 ei)
880 5558 1029 5596 anui
1077 5543 1364 5613 passionis
1410 5543 1723 5598 Danuuium
1763 5542 1831 5597 ad

159 5634 403 5690 Felicem
434 5641 715 5705 quartum
751 5650 766 5703 ;
803 5642 940 5702 -λυπ
971 5639 1244 5703 putamus
1285 5633 1542 5704 patuisse
1572 5632 1832 5688 omnium

157 5723 348 5781 oculis
367 5724 478 5782 sub
501 5723 742 5783 Liberio
769 5729 824 5778 et
847 5723 1105 5779 budlde.
1128 5722 1267 5780 dum
1293 5721 1538 5798 catalegi
1567 5719 1837 5779 conscri-

1947 4643 2120 4702 duxit
2149 4643 2220 4701 ad
2253 4642 2419 4698 ﬁnem
2451 4641 2680 4699 Periodi
2714 4642 3059 4702 Victoriante
3092 4647 3219 4715 post
3248 4643 3614 4704 consulatum

1948 4732 2150 4792 Basilii
2175 4745 2340 4804 xvm,
2373 4731 2587 4790 Christi
2619 4729 2746 4804 559,
2767 4738 2828 4790 et
2850 4732 3043 4790 adhuc
3071 4732 3290 4808 legitur
3318 4735 3472 4805 apud
3495 4733 3617 4790 Bu-

1948 4823 2231 4880 cherium.
2288 4820 2439 4892 Quin
2479 4822 2654 4880 etiam
2704 4821 2858 4877 Fasti
2903 4823 3209 4880 marmorei
3253 4821 3314 4878 in
3354 4821 3616 4880 Coloniis

1948 4913 2182 4986 reperti,
2209 4926 2454 4985 quorum
2486 4909 2803 4984 fragmenta
2833 4910 3020 4968 edidit
3044 4911 3328 4968 Gruterus
3356 4909 3454 4966 fol.
3481 4923 3610 4984 σοις,

1947 5011 2002 5060 et
2030 5003 2332 5062 Fabrettus
2364 5003 2815 5073 inscriptionum
2848 4999 2946 5056 fol.
2978 4997 3102 5070 485,
3141 5003 3346 5070 praeter
3373 4999 3490 5056 alia
3515 5002 3616 5058 in-

1946 5095 2103 5152 edita
2134 5108 2262 5167 quae
2291 5107 2398 5152 suo
2435 5099 2689 5163 tempore
2717 5090 2915 5147 daturi
2958 5103 3184 5159 sumus,
3213 5089 3352 5145 dum
3385 5091 3615 5161 pariant

1947 5183 2214 5239 consules
2251 5183 2602 5246 ordinarios,
2645 5181 2834 5236 Romae
2865 5177 3231 5248 procedentes
3261 5192 3392 5235 cum
3423 5180 3615 5252 magi—

1948 5272 2231 5328 stratihus
2254 5273 2381 5344 ejus
2405 5271 2648 5326 colonis
2677 5273 2779 5324 aut
2810 5266 3143 5336 municipii,
3178 5269 3494 5325 ostendunt
3520 5281 3612 5324 ne-

1944 5363 2084 5418 dum
2110 5361 2315 5430 Romaz,
2341 5360 2436 5415 sed
2459 5362 2632 5413 etiam
2657 5357 2716 5412 in
2743 5357 3058 5424 provinciis
3084 5359 3328 5425 spectari
3357 5357 3614 5426 potuisse

1947 5453 2286 5508 documenta
2313 5458 2550 5517 eperum
2584 5445 2946 5516 publicorum
2973 5445 3031 5502 in
3067 5447 3284 5515 quibus
3304 5445 3609 5502 consulum

1925 5542 2332 5596 -liomauorum
2364 5533 2543 5590 series
2573 5540 3031 5599 cognosceretur.
3077 5535 3236 5602 Quod
3274 5535 3456 5604 igitur
3485 5533 3618 5589 atti-

1947 5636 2042 5687 net
2062 5629 2130 5683 ad
2158 5631 2410 5701 primum
2435 5625 2608 5689 caput
2629 5619 3017 5689 clirunologim
3038 5623 3365 5679 consularis
3387 5633 3617 5690 aequan-

1949 5720 2034 5776 da:
2059 5731 2190 5776 cum
2231 5709 2552 5789 pontiﬁcis,
2584 5708 2728 5763 satis
2752 5713 3017 5772 constare
3043 5707 3299 5770 arbitror
3326 5710 3398 5766 de
3427 5707 3616 5764 docu-
