3996 6400
420 407 486 465 Ἠ
1173 401 1269 458 AD
1323 401 1762 459 ANASTASIUM
1815 398 2330 460 PROLEGOMENA
2385 402 2562 460 EDIT.
2623 405 3054 470 ROMi-VATIC.
3776 407 3851 466 72

427 531 634 588 mentis
651 531 854 600 quarto
872 531 930 584 et
945 531 1105 585 sexto
1125 526 1336 585 sacqu
1360 527 1717 598 praserVatis
1737 523 2076 582 auctoribus
2101 523 2162 583 A
2263 526 2325 581 In
2358 524 2609 584 laudatis
2638 527 2855 586 litteris
2883 529 3135 588 Cornelii
3169 543 3323 601 papa
3348 528 3418 587 ad
3451 529 3691 588 Fabium
3723 530 3848 587 An-

422 621 816 692 Catalogorum
850 617 958 675 sub
991 617 1218 674 Liberio
1249 622 1304 673 et
1333 617 1443 674 sub
1473 615 1658 673 Felice
1681 621 1905 687 quarto.

492 706 580 764 33.
625 709 712 764 Me
743 709 937 778 itaque
970 706 1257 763 conferam
1288 708 1357 762 ad
1389 706 1632 763 alterum
1677 711 1850 776 caput
1887 719 2074 761 rerum

425 797 855 855 enuntiatarum
877 798 934 852 in
955 797 1112 853 hisce
1130 798 1277 852 Vitis
1295 797 1651 866 pontificum,
1671 795 1819 866 quod
1839 794 2080 864 comple-

421 890 604 945 ctitur
633 889 964 945 earumdem
994 889 1219 943 decreta
1251 886 1546 956 nonnulla,
1581 893 1636 942 et
1666 897 1968 940 numerum
1995 898 2078 939 sa-

423 993 652 1035 orarum
671 978 1101 1034 ordinationum
1119 989 1260 1047 quas
1271 977 1489 1047 singuli
1511 980 1866 1046 peregerunt.
1885 976 2078 1028 Decre-

423 1073 482 1123 ta
500 1073 565 1124 ut
586 1067 898 1138 plurimum
921 1064 1310 1122 referebantur
1325 1067 1393 1120 ad
1411 1064 1806 1133 disciplinam,
1821 1064 1889 1118 ad
1912 1062 2078 1117 litur-

424 1159 532 1229 gia
549 1157 889 1226 ministeria,
904 1155 974 1211 ad
990 1156 1164 1211 ritum
1180 1160 1685 1210 sacramentorum.
1700 1155 1838 1208 Nam
1851 1153 2077 1224 dogma-

424 1252 479 1302 ta
508 1246 639 1302 fidei
664 1250 891 1314 nostra,
917 1245 967 1300 si
992 1258 1102 1316 qua
1129 1242 1274 1300 forte
1294 1243 1610 1299 convellere
1632 1241 1885 1297 haretici
1914 1254 2077 1297 cona-

427 1340 643 1404 rentur,
679 1334 750 1391 ab
797 1334 1039 1391 istorum
1079 1333 1318 1389 audacia
1361 1331 1740 1388 defendebant
1779 1330 2076 1401 pontifices

424 1423 749 1480 redditione
777 1421 1028 1494 Symboli
1060 1420 1388 1492 apostolici,
1431 1421 1708 1490 Majorum
1752 1418 2076 1475 traditioni-

424 1513 533 1572 bus
543 1520 598 1570 et
616 1513 1022 1570 interdictione
1037 1526 1350 1570 sacrorum.
1372 1512 1497 1566 Hac
1513 1515 1701 1566 autem
1722 1510 2074 1565 munimenta

424 1603 577 1674 fidei,
621 1602 756 1659 licet
775 1604 968 1659 arcani
996 1601 1309 1672 disciplina
1352 1600 1688 1671 plerumque
1727 1601 2070 1669 contegeret,

421 1705 607 1763 neque
633 1701 930 1762 pr0pterea
959 1689 1147 1747 forent
1172 1691 1230 1746 in
1255 1688 1556 1760 pr0patulo
1583 1686 1966 1742 marmoribus
1993 1685 2076 1740 in-

420 1781 664 1838 cidenda
691 1796 790 1853 per
817 1795 940 1838 eam
965 1783 1373 1852 tempestatem,
1403 1779 1497 1833 sed
1525 1777 1581 1832 in
1609 1776 1863 1832 archivis
1892 1774 2076 1830 Eccle-

421 1871 524 1927 sia
543 1845 885 1928 asservanda
909 1885 1038 1927 cum
1064 1845 1283 1926 divinis
1309 1845 1541 1938 litteris,
1565 1870 1775 1922 etcum
1804 1864 2075 1936 genuinis
2099 1845 2156 1911 Β

423 1961 652 2018 Patrum
685 1960 976 2032 operibus,
1009 1960 1280 2016 visuntur
1309 1962 1498 2013 tamen
1527 1955 1781 2010 indicata
1807 1953 2076 2010 fidelibus

422 2049 484 2104 in
511 2063 790 2106 marmore
815 2048 1102 2120 Hippolyti
1129 2046 1385 2118 episcopi
1408 2050 1464 2101 et
1493 2044 1782 2115 martyris,
1809 2042 1908 2099 ubi
1930 2048 2080 2098 cata-

420 2137 586 2210 logus
611 2139 737 2209 ejus
764 2137 1231 2196 lucubrationum
1267 2136 1486 2192 indicat
1511 2135 1627 2204 jam
1656 2140 1776 2190 tum
1807 2133 2077 2188 collectas

419 2225 600 2285 fuisse
614 2228 960 2300 apostolicas
977 2227 1340 2296 traditiones,
1367 2239 1466 2295 per
1480 2237 1544 2280 ea
1559 2223 1753 2279 verba:
1773 2221 2077 2278 AHOCTO—

417 2318 586 2374 AlCH
607 2317 1021 2384 IIAPAAOCIC,
1045 2321 1102 2370 et
1121 2315 1413 2384 Opuscula
1432 2313 1756 2384 dogmatica
1779 2311 1945 2366 ΠΕΡΙ
1969 2310 2075 2364 ΘΥ

419 2407 824 2464 KAICAPXOC
839 2403 1315 2472 ANACTACEQC,
1331 2402 1396 2456 de
1410 2405 1537 2463 Deo,
1553 2407 1602 2455 et
1615 2402 1797 2454 carnis
1810 2414 2076 2453 resurrec-

419 2501 583 2561 tione,
613 2496 782 2551 ΠΕΡΙ
805 2492 1172 2549 ΤἈΓΑΘΟΥ
1199 2491 1318 2545 ΚΑΙ
1340 2490 1589 2545 ΠΟΘΕΝ
1613 2490 1702 2544 ΤΟ
1722 2488 1980 2559 ΚᾹΚΟΝ,
2011 2489 2076 2542 de

421 2588 576 2649 bono,
592 2591 641 2640 et
653 2585 798 2639 unde
809 2583 1033 2637 malum.
1049 2580 1397 2636 Necessitate
1411 2585 1595 2635 autem
1622 2582 1886 2649 poscente
1902 2584 1965 2633 ut
1980 2590 2078 2646 per

419 2675 668 2732 concilia
690 2671 841 2743 apud
863 2670 1050 2726 sedem
1067 2669 1441 2739 apostolicam
1461 2668 1753 2739 graviores
1773 2680 1958 2723 causa
1971 2667 2078 2735 ju-

419 2766 776 2832 dicarentur,
803 2766 860 2816 et
881 2759 1177 2816 sententia
1202 2759 1432 2813 Patrum
1463 2757 1942 2813 confirmarentur
1964 2769 2078 2811 au-

421 2854 687 2911 ctoritate
719 2848 1010 2921 pontificis
1054 2848 1315 2919 Romani,
1360 2847 1535 2916 hujus
1563 2845 1821 2916 epistola
1851 2851 1907 2900 et
1935 2845 2075 2900 Acta

420 2942 655 3000 concilii
681 2937 1219 2996 transmittebantur
1243 2937 1312 2992 ad
1336 2937 1618 2992 Ecclesias
1650 2936 1986 3006 pracipuas,
2011 2938 2076 2989 ut

423 3034 483 3089 in
509 3045 679 3088 causa
710 3029 911 3086 Novati
934 3027 1154 3084 celebre
1180 3026 1501 3096 exemplum
1530 3026 1744 3097 legitur
1771 3025 1920 3094 apud
1954 3026 2076 3080 Eu-

420 3121 644 3178 sebium
692 3119 960 3175 Historia
1005 3117 1105 3172 lib.
1150 3131 1228 3186 v1,
1269 3129 1393 3186 cap.
1445 3112 1556 3172 43:
1594 3117 1832 3168 Exstant
1870 3114 2070 3176 adhuc,

2193 613 2545 688 tiochenum,
2574 619 2728 675 circa
2757 634 2972 676 annum
3002 621 3220 676 Christi
3248 619 3373 687 255,
3401 621 3540 677 dum
3573 627 3849 677 narratur

2187 717 2220 759 a
2246 707 2457 761 Novato
2481 708 2807 780 presbytero
2829 710 3171 766 subornatos
3198 709 3378 766 fuisse
3397 716 3454 766 et
3477 711 3694 767 accitos
3714 711 3849 780 epi-

2187 807 2389 863 scopos
2422 801 2553 866 tres,
2590 804 2654 853 ut
2687 813 2955 855 manuum
3003 800 3375 869 impositione
3406 800 3520 855 sibi
3553 801 3848 855 traderent

2185 883 2599 956 episcopatum,
2636 887 2876 944 mirifice
2915 889 3320 958 comprobatur
3349 889 3420 944 ab
3451 889 3844 960 apostolorum

2186 978 2348 1028 atate
2383 975 2534 1030 hunc
2561 977 2737 1033 ritum
2770 992 2892 1034 esse
2924 980 3313 1050 repetendum,
3348 993 3514 1050 quem
3549 980 3607 1034 in
3648 981 3845 1034 Graca

2185 1061 2359 1117 etiam
2400 1064 2654 1121 Ecclesia
2680 1067 3038 1123 observatum
3081 1067 3262 1124 fuisse
3291 1073 3424 1123 ante
3460 1081 3644 1124 annos
3685 1067 3845 1123 mille

2186 1151 2530 1222 quingentos
2546 1154 2773 1226 colligit
2789 1157 3046 1212 Morinus
3065 1156 3376 1228 (sacrarum
3395 1157 3842 1214 Ordinationum

2187 1252 2306 1308 par.
2342 1253 2405 1306 ιι,
2447 1257 2568 1313 pag.
2609 1242 2696 1315 21)
2721 1258 2788 1299 ex
2823 1246 3026 1300 ordine
3054 1259 3086 1300 a
3109 1246 3394 1301 Clemente
3434 1246 3687 1301 Romano
3716 1247 3848 1316 pri-

2187 1341 2341 1384 mum
2369 1331 2620 1403 vulgato,
2662 1333 2964 1390 mandante
2996 1334 3158 1391 beato
3203 1337 3390 1406 Petro,
3421 1349 3548 1391 mox
3578 1348 3611 1390 a
3644 1340 3846 1405 poste-

2189 1417 2444 1475 rioribus
2481 1421 2749 1478 atatibus
2793 1429 2980 1480 aucto.
3017 1423 3173 1479 Unde
3204 1423 3266 1479 fit
3299 1425 3556 1481 Vitarum
3600 1425 3841 1482 istarum

2183 1512 2476 1563 auctorem
2513 1523 2694 1581 neque
2727 1512 3019 1567 inutiliter
3049 1526 3231 1583 neque
3263 1513 3409 1568 citra
3437 1515 3841 1570 auctoritatem

2184 1598 2503 1654 asseruisse
2546 1599 2604 1654 in
2651 1601 2776 1656 Vita
2819 1601 3167 1657 Clementis:
3201 1602 3328 1656 Ideo
3366 1603 3536 1656 Linus
3575 1611 3624 1657 et
3661 1603 3843 1658 Cletus

2185 1690 2311 1739 ante
2337 1702 2455 1741 eum
2477 1689 2913 1753 conscribuntur,
2941 1706 2998 1744 eo
3025 1691 3172 1760 quod
3195 1690 3264 1744 ab
3290 1692 3406 1760 ipso
3425 1694 3676 1761 principe
3703 1708 3846 1762 apo-—

2185 1774 2444 1830 stolarum
2471 1777 2548 1830 ad
2572 1780 2935 1833 ministerium
2960 1780 3295 1834 sacerdotale
3325 1781 3690 1835 exhibendum
3715 1788 3844 1836 sunt

2187 1865 2425 1934 episcopi
2457 1867 2725 1920 ordinati.
2771 1868 3040 1938 Princeps
3074 1869 3227 1924 enim
3262 1870 3674 1941 apostolorum,
3711 1884 3840 1927 cum

2188 1965 2442 2010 normam
2471 1955 2801 2012 institueret
2825 1956 2928 2011 hac
2955 1957 3014 2012 in
3037 1957 3288 2014 Ecclesia
3313 1959 3667 2030 reliquarum
3690 1960 3846 2016 ordi-

2188 2044 2505 2100 nandarum
2551 2059 2616 2100 ac
2661 2047 3055 2118 regendarum,
3119 2061 3230 2104 non
3291 2049 3490 2104 omisit
3537 2049 3842 2120 designare

2183 2133 2331 2188 duos
2365 2134 2665 2204 episcopos
2710 2135 2874 2191 lateri
2917 2150 3022 2192 suo
3061 2137 3413 2210 adhasuros,
3447 2153 3576 2194 cum
3625 2139 3841 2210 quibus

2188 2234 2390 2278 manus
2415 2223 2729 2293 imponeret
2754 2225 3043 2295 episcopis
3079 2240 3176 2295 per
3205 2227 3430 2282 diversa
3458 2227 3579 2283 loca
3607 2228 3666 2282 in
3695 2227 3842 2284 Urbe

2186 2313 2548 2382 ordinandis,
2585 2328 2783 2383 nempe
2820 2315 2888 2370 ad
2929 2315 3311 2371 exhibendum
3351 2317 3406 2372 id
3451 2318 3840 2374 ministerium

2187 2403 2494 2457 sacerdotii
2530 2403 2783 2473 majoris,
2818 2405 2967 2474 quod
3001 2410 3116 2460 tres
3146 2406 3444 2476 episcopos
3487 2407 3840 2478 requirebat.

2187 2490 2330 2544 Hinc
2372 2491 2521 2546 inter
2559 2505 2804 2547 canones
2845 2507 2987 2562 quos
3025 2500 3228 2550 vocant
3268 2497 3670 2565 Apostolorum,
3713 2511 3845 2553 om—

2188 2579 2348 2635 nium
2380 2579 2623 2635 habetur
2649 2581 2890 2651 primus,
2923 2581 3022 2652 qui
3051 2583 3276 2654 statuit,
3309 2585 3634 2641 ministerio
3662 2586 3842 2642 trium

2186 2667 2585 2738 episcoporum
2619 2669 2951 2739 episcopum
2983 2671 3264 2726 ordinari.

2257 2759 2317 2812 In
2349 2758 2539 2813 eadem
2567 2759 2809 2828 epistola
2840 2760 3092 2816 Cornelii
3125 2762 3326 2817 merito
3356 2762 3626 2832 culpatur
3651 2764 3849 2819 Nova—

2186 2849 2298 2916 tus,
2322 2847 2468 2917 quod
2498 2853 2862 2919 posteaquam
2888 2849 3080 2906 morbo
3098 2850 3410 2921 convaluit,
3436 2852 3493 2906 in
3514 2865 3624 2922 quo
3643 2851 3849 2922 bapti-
3947 2881 3953 2886 -

2187 2949 2368 2990 smum
2409 2943 2756 3008 susceperat,
2796 2939 3010 3008 reliqua
3032 2956 3138 2993 non
3171 2943 3490 3009 pepercerit,
3517 2957 3637 3010 qua
3667 2941 3846 3009 juxta

2185 3026 2599 3080 ecclesiasticam
2637 3028 2882 3094 regulam
2907 3030 3120 3099 percipi
3155 3030 3367 3092 debent,
3402 3047 3574 3100 neque
3611 3031 3680 3084 ab
3717 3033 3848 3100 epi-

2184 3130 2338 3184 scopo
2359 3118 2432 3169 sit
2451 3117 2820 3183 consignatus.
2844 3117 2988 3185 Quis
3009 3132 3120 3174 non
3144 3119 3333 3174 videat
3355 3119 3490 3174 hinc
3519 3119 3848 3177 luculenter

424 3211 636 3283 inquit,
665 3211 906 3279 epiotola
931 3208 1166 3262 Cornelii
1195 3184 1559 3263 Romanorum
1594 3205 1831 3274 episcopi
1857 3204 1933 3257 ad
1959 3205 2075 3257 Fa-
2106 3184 2157 3252 C
2186 3203 2415 3273 probari
2447 3184 2884 3261 ecclesiasticas,
2904 3207 3132 3278 regulas
3161 3209 3509 3265 constitutas
3539 3215 3668 3265 ante
3695 3210 3851 3266 Cor—

422 3301 568 3355 bium
587 3298 968 3354 Antiochensis
991 3297 1243 3350 Ecclesia
1256 3294 1545 3365 prasulem
1567 3295 1765 3356 missa,
1788 3295 1847 3346 in
1878 3293 2074 3362 quibus

419 3395 467 3445 et
495 3394 752 3447 Romana
789 3386 987 3456 synodi
1026 3390 1197 3453 gesta,
1239 3390 1287 3439 et
1325 3386 1566 3439 omnium
1606 3398 1707 3453 per
1749 3383 1992 3449 Italiam,
2025 3385 2076 3436 et

421 3479 694 3548 Africam,
726 3478 1066 3546 aliorumque
1097 3476 1333 3530 locorum
1369 3475 1592 3528 illo-rum
1615 3474 1930 3542 provincias
1960 3485 2076 3526 sen-

419 3571 598 3624 tentia
629 3568 1001 3622 declarantur.
1035 3564 1305 3635 Epistola
1332 3577 1464 3619 vero
1497 3577 1641 3634 quas
1670 3562 1819 3618 Petri
1854 3575 2078 3617 succes-

417 3672 574 3715 sores
616 3658 912 3715 dedissent
950 3656 1019 3712 ad
1065 3654 1365 3724 Ecclesias,
1397 3658 1554 3709 tanta
1588 3652 1866 3724 religione
1895 3652 2077 3707 susci-

417 3747 740 3818 piebantur,
776 3753 1048 3816 tantoque
1078 3745 1137 3800 in
1166 3743 1351 3814 pretio
1379 3742 1754 3813 habebantur,
1785 3746 1846 3798 ut
1876 3741 2070 3797 eadem

413 3837 666 3894 Historia
704 3835 938 3892 Eusebii
972 3848 1074 3891 nos
1111 3833 1329 3902 doceat,
1374 3831 1554 3901 illam,
1604 3845 1772 3903 quam
1814 3831 2073 3887 Clemens

416 3927 648 3982 nomine
689 3927 952 3980 Romana
978 3922 1245 3978 Ecclesia
1275 3923 1586 3990 scripserat
1613 3921 1684 3976 ad
1713 3921 2068 3990 Corinthios,

412 4017 473 4068 in
490 4016 769 4084 plerisque
799 4013 1054 4066 Ecclesiis
1079 4025 1200 4072 sua,
1235 4013 1285 4064 et
1310 4011 1580 4078 superiori
1607 4011 1862 4063 memoria
1880 4010 2072 4077 palam

415 4105 640 4158 recitari
672 4102 1008 4156 consuevisse
1046 4097 1301 4169 (Euseb.,
1341 4100 1484 4154 Hist.
1522 4098 1625 4154 lib.
1659 4111 1748 4165 lli,
1781 4110 1902 4166 cap.
1943 4093 2070 4166 46);

417 4197 475 4248 et
501 4193 582 4247 ita
614 4191 930 4262 proximam
971 4188 1153 4246 fuisse
1186 4188 1438 4245 habitam
1473 4186 1777 4244 sententiis
1801 4183 2072 4253 Epistola

418 4280 579 4338 Pauli
621 4281 690 4336 ad
731 4281 1012 4351 Hebraos,
1054 4284 1114 4334 ut
1152 4295 1273 4334 cum
1306 4279 1534 4346 reliquis
1569 4274 1818 4343 Apostoli
1855 4275 2073 4342 scriptis

416 4387 524 4428 non
551 4373 670 4427 sine
694 4387 860 4427 causa
891 4370 1078 4425 eadem
1107 4368 1374 4424 recenseri
1397 4365 1652 4418 videatur
1679 4362 1860 4432 (ibid,
1888 4376 1938 4418 c.
1963 4361 2068 4434 38).

415 4463 642 4529 Verum,
681 4461 767 4517 uti
808 4457 1196 4525 Observabam,
1242 4455 1300 4509 in
1337 4453 1498 4508 hisce
1543 4452 1692 4508 Vitis
1737 4452 2070 4523 pontificum

2187 3291 2403 3348 nelium
2424 3293 2578 3348 circa
2602 3293 2751 3349 ritus
2775 3293 3048 3364 baptismi
3071 3297 3453 3354 observandas
3475 3299 3646 3353 etiam
3670 3298 3742 3354 ab
3766 3299 3850 3356 iis

2187 3381 2286 3452 qui
2321 3382 2656 3437 necessitate
2691 3390 2927 3455 urgente
2957 3387 3450 3455 compendiarium
3496 3387 3844 3445 beneficium

2185 3471 2525 3526 sacramenti
2569 3470 2958 3528 obtinuissent
2993 3473 3155 3543 juxta
3194 3476 3586 3533 definitionem
3625 3477 3847 3534 decreti

2185 3561 2433 3617 Victoris
2474 3575 2655 3632 papa,
2694 3568 2827 3618 ante
2870 3576 3050 3618 annos
3093 3567 3388 3636 sexaginta
3431 3567 3648 3623 conditi
3696 3573 3752 3622 et
3784 3568 3848 3624 in

2182 3651 2436 3720 ejusdem
2477 3653 2604 3707 Vita
2645 3652 2723 3707 ita
2759 3653 3014 3722 expressi
3043 3653 3071 3708 ‘?
3093 3655 3386 3710 Constituit
3415 3660 3495 3719 ut,
3524 3658 3848 3712 necessitate

2179 3743 2436 3809 faciente,
2465 3742 2561 3806 ibi,
2590 3742 2685 3796 ubi
2714 3743 2967 3798 inventus
2993 3745 3212 3811 fuisset,
3241 3748 3351 3799 sive
3382 3749 3440 3799 in
3463 3748 3706 3813 ﬂumine,
3731 3748 3848 3801 sive

2181 3831 2240 3883 in
2269 3833 2431 3893 mari,
2473 3833 2583 3885 sive
2613 3833 2672 3886 in
2700 3833 2967 3899 fontibus,
3011 3838 3224 3886 tantum
3267 3833 3583 3887 Christiana
3621 3836 3849 3901 confes-

2181 3921 2329 3973 sione
2358 3921 2699 3974 credulitatis
2744 3922 3068 3988 clariﬁcata,
3116 3923 3424 3989 quicunque
3467 3922 3746 3977 hominum
3778 3940 3849 3978 ea:

2180 4010 2485 4074 gentilitate
2505 4011 2725 4062 veniens
2748 4014 2808 4061 ut
2831 4009 3220 4075 baptizaretur.
3249 4008 3392 4075 Quis
3415 4021 3524 4062 non
3551 4009 3849 4084 intelligat

2184 4095 2318 4149 hinc
2349 4096 2565 4164 percipi
2592 4095 2964 4163 disciplinam
2988 4095 3359 4163 apostolicam
3390 4095 3746 4171 chrismatis,
3772 4103 3847 4159 ab

2182 4184 2470 4252 episcopo,
2529 4195 2640 4237 non
2691 4195 2822 4236 vero
2875 4195 2908 4236 a
2961 4181 3221 4251 simplici
3279 4184 3604 4254 presbytero
3656 4189 3848 4246 mini-

2183 4271 2424 4341 strandi,
2456 4285 2624 4341 quam
2645 4285 2677 4327 a
2703 4273 2914 4326 Novato
2939 4272 3320 4342 posthabitam
3349 4275 3443 4329 hic
3474 4277 3678 4333 merito
3703 4281 3847 4336 cul-

2185 4366 2280 4429 pat
2306 4360 2608 4416 Cornelius
2632 4361 2660 4414 ‘l
2685 4362 2907 4416 Rursus
2941 4362 3000 4417 in
3031 4363 3320 4433 episcopis
3361 4364 3601 4421 subdole
3629 4369 3843 4427 accitis

2185 4463 2284 4518 per
2301 4450 2500 4505 Novati
2529 4449 2781 4506 fautores
2801 4451 2870 4506 ad
2900 4452 3154 4522 ejusdem
3182 4455 3668 4511 consecrationem
3694 4471 3844 4516 cen-

412 4552 638 4608 decreta
658 4548 995 4618 plerumque
1012 4541 1384 4614 pertinentad
1399 4541 1790 4613 disciplinam,
1811 4549 1866 4597 et
1883 4541 2072 4612 potior
2095 4534 2152 4600 D
2182 4553 2373 4595 suram
2400 4546 2621 4596 exercet
2644 4541 2964 4614 Cornelius,
2995 4542 3306 4614 objurgans
3334 4557 3428 4600 eos
3461 4543 3640 4601 fuisse
3666 4546 3840 4604 clan—

417 4653 548 4712 pars
570 4636 818 4694 refertur
837 4634 905 4690 ad
932 4633 1251 4704 liturgiam.
1284 4633 1409 4687 Hac
1441 4630 1634 4701 itaque
1657 4644 1789 4700 pars
1812 4630 2070 4687 historia

417 4725 768 4801 pontificalis
807 4723 1100 4780 nitebatur
1137 4720 1468 4777 testimonio
1515 4721 1839 4791 quotidiani
1888 4721 2071 4777 mini-

414 4818 602 4885 sterii,
633 4813 964 4886 apostolica
989 4811 1145 4868 sedis
1175 4811 1295 4867 ritu
1337 4808 1704 4881 frequentati,
1739 4816 1794 4866 et
1823 4810 2070 4867 subinde

413 4909 622 4980 digesti
649 4907 709 4961 in
729 4904 992 4960 Codicem
1017 4900 1406 4971 Gelasianum,
1431 4900 1550 4955 sive
1573 4899 1842 4955 Ordinem
1874 4900 2072 4956 Roma-

417 5011 551 5052 num
580 5009 745 5066 quem
772 4995 1006 5050 vocant:
1055 4991 1133 5046 ita
1181 4996 1244 5046 ut
1269 5001 1378 5044 are
1405 4989 1713 5059 perennius
1744 5003 2069 5049 monumen-

417 5092 537 5141 tum
571 5084 852 5154 ejusmodi
891 5083 1110 5138 rituum
1145 5093 1210 5136 ac
1234 5080 1593 5135 decretorum
1633 5079 1962 5138 dedicatum
1989 5085 2068 5140 sit

420 5175 477 5228 in
510 5174 672 5242 praxi
705 5173 1043 5244 quotidiana
1074 5170 1341 5226 Ecclesia
1371 5171 1652 5225 Romana.

488 5259 577 5316 44.
604 5262 753 5331 Quin
774 5263 943 5317 etiam
973 5261 1033 5317 in
1059 5260 1323 5331 epistolis
1354 5259 1619 5316 Romana
1644 5259 1912 5315 Ecclesia
1936 5274 2068 5330 pon-

418 5349 658 5418 tificum,
708 5363 848 5420 quas
888 5351 1058 5420 paulo
1087 5356 1218 5407 ante
1257 5349 1560 5406 memoravi
1611 5350 1983 5406 transmissas
2012 5354 2069 5405 et

416 5439 726 5511 diligenter
766 5438 1085 5494 custoditas
1116 5439 1172 5494 in
1217 5439 1472 5495 archivis
1502 5439 1722 5495 sedium
1759 5440 2069 5511 pracipua—

419 5542 568 5599 rum,
599 5527 785 5583 elucet
827 5529 1023 5596 praxis
1054 5527 1381 5600 disciplina
1414 5535 1896 5586 sacramentorum
1929 5529 2074 5584 alio-

420 5630 661 5689 rumque
691 5617 932 5686 rituum,
968 5632 1092 5687 qua
1121 5617 1453 5689 comprobat
1481 5625 1654 5690 atque
1699 5619 1957 5676 illustrat
1982 5619 2074 5676 de-

415 5714 573 5769 creta
599 5721 634 5766 a
660 5705 1067 5764 decessoribus
1093 5708 1266 5766 edita.

2181 4629 2375 4687 culum
2397 4637 2785 4701 congregatos.
2808 4631 2921 4688 Hoc
2941 4645 3138 4703 nempe
3158 4633 3566 4690 adversabatur
3583 4634 3840 4694 decretis

2179 4721 2324 4776 Sixti
2352 4734 2418 4776 ac
2445 4720 2772 4792 Zephyrini,
2805 4723 3107 4779 recensitis
3147 4723 3252 4778 hoc
3295 4724 3353 4778 in
3386 4723 3556 4780 Libro
3585 4726 3837 4782 Pontifi-

2179 4810 2288 4867 cali
2313 4811 2378 4864 de
2391 4813 2641 4878 formatis
2662 4827 2694 4864 a
2713 4813 3034 4880 patriarcha
3053 4814 3432 4882 impetrandis,
3451 4818 3512 4868 ut
3528 4815 3832 4884 episcopus,

2178 4903 2367 4957 relicta
2397 4903 2518 4957 sede
2547 4917 2669 4965 sua,
2700 4903 2920 4957 Romam
2948 4904 3168 4956 veniens
3207 4903 3477 4957 redeundi
3508 4909 3834 4973 potestatem

2179 4993 2413 5048 haberet.
2456 4995 2569 5047 Imo
2609 4996 2660 5046 et
2693 4993 3107 5063 συγιλεισοέντας,
3146 4993 3443 5055 conclusos,
3476 4994 3585 5062 ὡρᾷ
3627 4993 3828 5062 δεκάτη,

2178 5084 2312 5138 hora
2355 5084 2583 5146 decima,
2635 5083 2896 5152 μεθύοντας
2933 5101 3012 5134 και
3061 5081 3442 5152 κραιπαλόντας,
3490 5084 3830 5149 temulentos,

2177 5177 2226 5226 et
2245 5173 2472 5241 crapula
2495 5185 2795 5240 Oppressos,
2822 5170 3046 5225 irritam
3065 5176 3121 5226 et
3141 5171 3502 5227 umbratilem
3524 5187 3835 5230 consecra-

2177 5261 2389 5316 tionem
2414 5259 2665 5316 declarat
2694 5260 2746 5314 ei
2773 5259 3123 5315 contulisse:
3157 5260 3372 5331 quibus
3400 5262 3561 5316 vitiis
3584 5262 3832 5320 ordina-

2179 5349 2358 5405 tionis
2391 5362 2500 5404 non
2533 5349 2774 5404 obscure
2807 5349 3139 5405 indicantur
3167 5350 3417 5420 oppositi
3444 5363 3692 5407 canones
3723 5353 3832 5408 de-

2179 5451 2466 5494 cessorum
2509 5439 2770 5494 Romana
2813 5438 2967 5494 sedis
3004 5439 3338 5496 antistitum
3373 5457 3387 5511 ;
3423 5453 3622 5510 nempe
3663 5442 3832 5497 Tele—

2179 5528 2399 5600 sphori,
2431 5528 2617 5584 missa
2641 5527 3078 5585 celebrationem
3105 5529 3359 5598 aptantis
3383 5543 3451 5585 ex
3475 5531 3613 5587 hora
3637 5532 3825 5604 tertia,

2181 5633 2293 5691 qua
2321 5619 2602 5675 Dominus
2632 5622 2825 5675 noster
2861 5619 3120 5675 ascendit
3161 5618 3220 5674 in
3245 5632 3496 5689 crucem,
3528 5619 3597 5677 ad
3630 5622 3826 5678 horam

2181 5721 2409 5781 nonam,
2464 5719 2577 5781 qua
2631 5707 2692 5765 in
2728 5720 2899 5765 cruce
2927 5706 3244 5779 exspiravit
3283 5705 3367 5779 (ut
3415 5707 3566 5767 infra
3599 5710 3659 5766 in
3699 5710 3826 5781 ejus
