3996 6428
123 416 187 475 73
1657 418 2037 478 PREFATIO.
3507 439 3581 500 τι

127 550 254 642 vita
277 549 503 607 diserte
536 548 1257 642 legitur,)exceptanocte
1298 546 1636 642 Nativitatis
1680 547 1786 602 Do-
1816 544 1877 608 A
1905 563 2035 642 esse
2079 555 2320 642 oportere
2364 554 2424 608 in
2459 554 2705 614 Ecclesia
2750 563 3035 623 catholica.
3090 571 3160 625 In
3206 587 3317 642 qua
3388 579 3570 632 tamen

126 640 389 712 minica;
419 646 479 697 et
499 641 833 713 Zephyrini,
859 641 1120 711 jubentis
1146 646 1207 696 ut
1247 642 1307 695 in
1335 639 1629 710 prasentia
1671 651 1796 692 om-

126 733 271 785 nium
321 732 652 786 clericorum
717 736 767 786 et
820 733 1084 787 laicorum
1133 731 1398 801 ﬁdelium,
1448 731 1560 784 sive
1608 729 1790 791 levita,

124 823 229 874 sive
283 822 549 876 sacerdos
597 819 1237 893 ordinaretur}(Euseb.,
1290 833 1416 892 pag.
1465 815 1594 890 245,
1647 820 1792 874 Hist.

127 907 219 962 lib.
259 909 382 979 vr);
428 911 584 980 quod
636 911 811 969 etiam
855 910 1043 967 elucet
1085 910 1203 967 alio
1235 910 1294 965 in
1338 908 1597 980 epistola
1646 907 1789 978 loco,

127 997 218 1052 ubi
259 999 494 1054 dicitur
522 1001 778 1056 Novatus
827 999 1170 1070 presbyterii
1225 999 1439 1056 honore
1473 997 1793 1069 insignitus

124 1084 189 1138 ab
231 1087 536 1158 episcOpo,
573 1088 974 1160 indulgentius
1004 1101 1136 1144 cum
1184 1087 1287 1143 illo
1330 1091 1550 1158 agente,
1579 1085 1795 1141 etiamsi

122 1175 293 1231 clerus
329 1179 649 1241 universus,
690 1180 955 1248 multique
999 1193 1067 1232 ea:
1097 1178 1304 1247 populo
1349 1179 1790 1245 refragarentur,

122 1282 174 1319 eo
218 1267 374 1336 quod
415 1283 528 1321 non
557 1269 737 1323 liceret
771 1269 1078 1338 quempiam
1121 1283 1190 1322 ea:
1226 1269 1297 1322 iis
1327 1268 1444 1337 qui,
1481 1271 1708 1335 urgente
1735 1265 1792 1319 vi

120 1357 313 1426 morbi,
345 1358 408 1410 in
457 1358 650 1412 lectulo
691 1358 923 1427 perinde
960 1373 1025 1412 ac
1052 1357 1147 1412 ille
1167 1357 1392 1427 perfusi
1441 1357 1702 1423 fuissent,
1728 1356 1789 1409 in

120 1447 325 1501 clerum
352 1449 583 1502 assumi.
613 1447 922 1504 Conﬁrmat
962 1447 1080 1504 hac
1126 1447 1520 1504 Tertullianus
1547 1445 1604 1501 in
1639 1444 1789 1502 libro

119 1536 184 1591 de
214 1536 460 1605 Jejunio
508 1537 785 1594 adversus
818 1536 1144 1608 Psychicos,
1187 1536 1310 1608 ubi,
1346 1535 1482 1592 licet
1515 1533 1791 1607 suggillet

119 1625 346 1695 praxim
405 1625 678 1683 Ecclesia
748 1627 1032 1689 Romana.
1063 1630 1330 1696 attamen
1395 1624 1650 1683 eamdem
1711 1623 1793 1678 il—

120 1713 358 1785 lustrat,
407 1717 737 1788 ostendens,
784 1716 1072 1786 jejunium
1118 1717 1460 1787 perductum
1498 1714 1574 1769 ad
1603 1714 1792 1768 horam

119 1821 320 1860 nonam
353 1819 472 1876 qua
509 1807 794 1863 Dominus
821 1807 1157 1877 exspiravit,
1191 1806 1526 1862 refectionis
1561 1803 1790 1861 medum

1904 639 2111 736 sciebat
2135 641 2427 736 (quomodo
2470 647 2616 701 enim
2652 648 2799 705 illud
2839 657 3046 711 nescire
3083 639 3357 729 potuisset
3373 665 3424 736 7)
3443 680 3571 736 pre-
3615 685 3630 698 ε

1905 728 2396 826 sbgterosquidem
2426 750 2540 790 esse
2559 743 2800 807 quatuor
2828 747 2880 797 et
2900 728 3318 820 quadraginta;

1904 822 2086 914 autem
2125 821 2383 914 diaconos
2449 827 2781 898 totidemque
2848 833 3244 895 subdiaconos:
3293 821 3567 914 aeoli/thas

1904 907 2040 964 duos
2068 913 2120 964 et
2148 912 2546 982 quadraginta,
2574 920 2873 975 exorcistas
2902 927 2952 976 et
2992 924 3214 982 lectores
3246 945 3369 985 cum
3404 907 3568 989 ostia-

1901 998 2001 1054 riis
2019 1000 2427 1089 quinquaginta
2449 1004 2584 1060 duos
2607 1024 2620 1060 :
2645 1007 2704 1062 In
2729 1007 2860 1065 Vita
2876 1011 3083 1084 Hygini
3110 1015 3189 1071 ita
3214 1021 3568 1089 reperiemus

1904 1088 2325 1167 perscriptum:
2383 1093 2489 1148 Hic
2533 1095 2735 1150 clerum
2769 1105 3068 1170 composuit
3109 1109 3162 1159 et
3189 1088 3478 1165 distribuit
3505 1113 3566 1167 in

1901 1177 2126 1269 gradus.
2178 1179 2401 1250 Septem
2454 1182 2830 1243 diaconorum
2882 1202 3183 1250 numerum
3236 1198 3565 1269 assignasse

1903 1265 2154 1360 traditur
2176 1269 2492 1360 ltvaristus.
2519 1273 2914 1334 Subdiaconos
2933 1282 3171 1339 totidem
3201 1284 3296 1342 hic
3315 1265 3563 1360 legimus

1903 1353 2257 1428 institutosja
2288 1361 2549 1429 proximo
2574 1363 2828 1421 Cornelii
2851 1367 3148 1427 decessore
3168 1353 3435 1434 Fabiano.
3466 1379 3572 1442 Or.

1899 1442 2255 1540 dinationem
2312 1449 2656 1540 clericorum
2715 1463 2992 1525 prasente
3038 1460 3192 1518 clero
3243 1468 3301 1520 et
3348 1468 3562 1540 populo

1899 1532 2294 1592 celebrandam
2325 1538 2644 1599 didicimus
2676 1543 2735 1599 in
2766 1546 3102 1618 Zephyrino.
3134 1549 3320 1619 Quare
3349 1532 3559 1616 merito

1899 1623 2204 1680 Cornelius
2259 1627 2524 1700 miratur,
2569 1645 2602 1688 a
2649 1633 2864 1692 Novato
2911 1639 3241 1712 presbytero
3290 1645 3560 1705 Ecclesia

1902 1714 2190 1783 Romana,
2218 1715 2456 1802 ejusque
2483 1720 2876 1793 episcopatum
2899 1729 3208 1803 ambienle,
3233 1745 3346 1791 non
3375 1737 3559 1794 teneri

1905 1816 2206 1897 num-erum
2240 1805 2658 1897 ordinatorum.
2685 1813 2802 1870 Imo
2834 1815 3149 1891 interrogat
3175 1822 3275 1893 qui
3301 1823 3426 1881 ﬁeri
3456 1840 3558 1897 po-

121 1904 251 1951 tnnc
305 1897 670 1966 permisisse.
709 1897 896 1967 Quare
922 1898 1052 1967 jure
1079 1897 1277 1968 culpat
1312 1895 1617 1952 Cornelius
1650 1907 1792 1965 papa
1822 1887 1877 1950 B
1904 1893 2084 1949 tuerit
2105 1897 2170 1950 ut
2201 1907 2316 1950 rem
2344 1895 2483 1952 adeo
2511 1903 2698 1956 notam
2728 1903 2888 1960 solus
2914 1887 3220 1977 ignoraret.
3244 1912 3406 1970 Certe
3427 1887 3560 1973 eum

118 1999 208 2041 eos
236 1985 557 2056 episc0pos
587 2001 701 2043 non
722 1988 974 2057 jejunos,
1016 1987 1112 2041 sed
1147 1987 1378 2056 crapula
1405 1987 1639 2055 vinoque
1669 1984 1794 2038 dis—

120 2081 287 2130 tentos
319 2076 468 2130 hora
498 2077 712 2131 decima
754 2088 958 2131 manus
985 2076 1413 2145 impositionem
1444 2074 1794 2130 exercuisse.

121 2167 358 2221 Demum
406 2167 472 2222 in
503 2165 760 2221 Elencho
799 2165 1144 2221 delictorum
1193 2164 1419 2235 Novati,
1459 2163 1599 2218 dum
1651 2163 1795 2220 illud

124 2255 543 2327 gravissimum
581 2254 861 2309 recitatur
902 2255 972 2310 de
1022 2253 1302 2325 sacrilego
1341 2253 1690 2323 juramento,
1729 2251 1799 2307 ab

124 2345 195 2399 iis
221 2349 435 2400 exacto
470 2343 690 2414 quibus
727 2343 1096 2400 Dominicum
1137 2357 1348 2414 corpus
1381 2343 1795 2414 impertiretur,

122 2435 368 2490 resultat
418 2433 717 2489 contraria
778 2432 1114 2504 disciplina,
1183 2433 1487 2504 Zephyrini
1552 2433 1800 2488 decretis

124 2525 455 2594 proscripta
519 2523 627 2579 hoc
673 2523 730 2578 in
763 2522 934 2579 Libro
975 2522 1318 2579 Pontiﬁcali.
1379 2525 1527 2577 Fecit
1583 2522 1798 2593 (inquit

121 2621 327 2671 auctor
351 2615 414 2670 in
448 2613 582 2669 Vita
603 2612 933 2685 Zephyrini)
962 2615 1318 2668 constitutum
1355 2613 1421 2667 de
1440 2613 1704 2675 Ecclesia,
1738 2617 1799 2667 ut

120 2711 356 2775 patenas
390 2705 599 2759 vitreas
635 2709 763 2758 ante
793 2703 1097 2758 sacerdotes
1134 2705 1196 2757 in
1235 2703 1512 2757 ecclesiam
1554 2703 1800 2756 ministri

121 2801 436 2866 portarent,
481 2795 651 2849 donec
671 2796 953 2864 episcopus
992 2795 1190 2848 missas
1230 2793 1544 2856 celebraret,
1588 2796 1715 2848 ante
1740 2807 1796 2847 se

126 2885 510 2940 sacerdotibus
549 2885 885 2947 astantibus,
925 2888 976 2938 et
1009 2885 1088 2938 sic
1137 2885 1316 2938 missa
1350 2883 1756 2937 celebrarentur
1780 2899 1798 2936 :

128 2982 348 3046 περι)το
377 2973 532 3045 quod
559 2974 660 3042 jus
689 2974 928 3044 episcOpi
950 2974 1251 3036 interesset,
1283 2975 1345 3027 ut
1378 2975 1595 3026 tantum
1625 2972 1802 3026 clerus

130 3069 428 3120 sustineret
449 3064 704 3119 omnibus
725 3063 1090 3133 prasentibus
1122 3078 1191 3117 ea:
1223 3078 1286 3117 ea
1315 3063 1716 3117 consecratione
1737 3061 1802 3115 de

1903 1983 2175 2075 ordinum
2209 1986 2657 2075 exercendorum
2690 1995 2942 2062 tempora
2971 2004 3161 2054 essent
3204 2015 3304 2070 per
3332 2005 3563 2075 regulas

1905 2071 2163 2146 deﬁnita,
2190 2089 2322 2131 cum
2345 2074 2602 2133 formata
2621 2078 2971 2139 abeuntibus
2990 2085 3062 2140 ab
3081 2089 3349 2160 episcopo
3363 2071 3566 2150 danda

1909 2161 2115 2235 forent,
2148 2165 2410 2234 oportuit
2436 2166 2730 2226 indiculos
2761 2176 2816 2226 et
2836 2172 3107 2245 diptycba
3123 2180 3381 2236 omnium
3403 2181 3568 2239 cleri-

1910 2266 2107 2309 corum
2138 2267 2452 2327 eorumque
2485 2258 2875 2318 ordinationis
2905 2265 3176 2334 epocbam
3207 2268 3278 2324 ab
3306 2269 3570 2329 admini-

1911 2343 2053 2398 stris
2077 2344 2414 2414 pontiﬁcum
2445 2350 2501 2401 et
2531 2349 2781 2404 notariis
2825 2351 3094 2409 Romana
3119 2356 3390 2415 Ecclesia
3413 2360 3567 2416 dili-

1910 2437 2108 2503 genter
2125 2434 2411 2490 conscribi
2435 2439 2492 2490 et
2519 2439 2822 2496 asservari.
2854 2441 3042 2511 Quare
3071 2446 3385 2516 scripturis
3407 2450 3568 2507 Vitas

1910 2521 2246 2590 pontiﬁcum
2295 2523 2491 2580 deesse
2559 2526 2797 2584 minime
2850 2535 3112 2600 poterant
3159 2535 3277 2592 hac
3333 2538 3564 2608 publica

1906 2609 2248 2699 documenta
2272 2625 2340 2667 ex
2373 2614 2631 2672 archivis
2653 2617 2921 2676 Ecclesia
2963 2621 3033 2677 ad
3068 2637 3211 2680 usus
3239 2623 3568 2699 frequentes

1911 2698 2223 2757 identidem
2247 2703 2629 2771 producenda.

1980 2789 2466 2849 Ordinationibus
2516 2795 2861 2855 clericorum
2916 2799 3106 2859 affinis
3162 2810 3250 2861 est
3293 2808 3570 2866 memoria

1911 2881 2406 2938 consecrationum
2435 2883 2618 2956 tituli,
2651 2884 2848 2952 fontis,
2871 2889 3098 2957 altaris,
3137 2900 3195 2950 et
3218 2895 3437 2953 oblatio
3457 2899 3571 2955 do-

1914 2981 2141 3059 norum,
2201 2986 2326 3042 qua
2384 2973 2488 3030 hac
2543 2977 2845 3034 occasione
2903 2982 3211 3054 episcopus
3275 2987 3564 3059 erogabat.

1912 3057 2292 3117 Delibandum
2321 3061 2524 3121 leviter
2547 3069 2636 3121 est
2676 3070 2732 3123 et
2755 3067 3128 3128 indicandum
3163 3057 3573 3145 quanta'docuo

132 3172 297 3210 manu
331 3155 580 3224 episcopi
598 3154 722 3222 jam
747 3168 1001 3208 coronam
1035 3156 1424 3222 consecratam,
1457 3155 1507 3206 et
1537 3153 1805 3221 acciperet
1840 3229 1882 3240 Α
1915 3153 2235 3240 mentorum
2280 3153 2446 3222 c0pia
2498 3160 2695 3224 parata
2742 3165 2891 3215 esset
2950 3162 3110 3232 operi
3169 3163 3572 3240 Anastasiano,

127 3245 419 3314 presbyter
452 3244 784 3298 tradendam
797 3245 1018 3314 populo.
1053 3244 1180 3299 Hac
1214 3242 1530 3312 disciplina
1561 3240 1740 3298 fuerit
1772 3253 1806 3296 a
1836 3229 1884 3292 C
1919 3236 2043 3293 illis
2100 3242 2416 3309 prasertim
2463 3245 2734 3302 atatibus
2781 3229 3005 3319 quibus
3042 3252 3297 3326 Catalogi
3347 3261 3404 3312 et
3430 3229 3577 3313 Vita

131 3335 458 3405 uphyrino
492 3335 830 3390 constituta.
865 3333 1014 3404 Quid
1047 3336 1246 3390 contra
1294 3345 1416 3388 eam
1460 3331 1700 3388 molitus
1729 3331 1808 3388 sit

132 3424 387 3482 Novatus
412 3425 508 3494 (ex
555 3424 810 3480 Cornelii
859 3438 1015 3494 papa
1072 3422 1319 3494 epistola
1374 3421 1803 3494 cognoscimus.

134 3512 448 3583 Oblatione,
479 3513 698 3585 inquit,
729 3517 904 3585 facta,
926 3515 1235 3584 portionem
1264 3513 1502 3580 singulis
1523 3511 1803 3582 dividens,

132 3601 259 3657 dum
280 3618 407 3657 eam
454 3603 652 3665 tradit,
697 3605 921 3658 miseros
961 3603 1202 3657 homines
1258 3601 1646 3656 benedictionis
1693 3601 1803 3655 loco

125 3696 324 3762 jurare
355 3695 519 3762 cogit,
569 3709 768 3748 manus
794 3694 934 3762 ejus,
967 3695 1066 3763 qui
1094 3694 1404 3762 portionem
1431 3692 1632 3760 accipit
1678 3706 1807 3745 am—

137 3784 308 3838 babus
335 3786 458 3838 suis
483 3783 742 3838 manibus
767 3783 1182 3853 comprehensas
1223 3783 1485 3848 retinens,
1527 3796 1623 3834 nec
1647 3781 1805 3849 prius

135 3873 423 3928 dimittens
449 3890 616 3943 quam
646 3874 835 3943 jurati
860 3875 969 3928 ista
1013 3873 1262 3927 dixerint
1287 3889 1304 3924 :
1332 3871 1468 3940 ipsis
1507 3871 1651 3924 enim
1678 3873 1807 3923 utar

132 3964 284 4017 illius
340 3964 563 4018 verbis:
617 3966 758 4018 Iura
808 3963 943 4016 mihi
983 3979 1086 4033 per
1119 3977 1336 4032 corpus,
1387 3965 1439 4015 et
1484 3961 1810 4028 sanguinem

132 4055 356 4106 Domini
374 4054 554 4108 nostri
581 4055 714 4108 Iesu
751 4051 975 4114 Christi,
1017 4055 1067 4106 te
1112 4066 1402 4120 nunquam
1445 4064 1593 4104 meas
1621 4051 1810 4118 partes

133 4143 506 4205 deserturum,
550 4159 648 4197 nec
687 4141 765 4196 ad
794 4141 1106 4197 Cornelium
1154 4157 1267 4196 esse
1307 4140 1683 4195 redditurum.
1723 4138 1812 4192 Ita

131 4237 295 4286 miser
327 4234 425 4287 ille
448 4248 559 4287 non
591 4234 758 4303 prius
803 4236 1025 4300 gustare
1053 4233 1279 4295 sinitur,
1327 4246 1493 4302 quam
1545 4230 1654 4284 sibi
1696 4231 1812 4299 ipse

132 4326 340 4377 malum
364 4326 701 4393 imprecatus
730 4324 823 4376 sit.
857 4323 928 4377 Et
967 4337 1089 4376 cum
1109 4337 1312 4392 panem
1341 4321 1500 4374 illum
1534 4321 1809 4389 accipiens

134 4413 310 4467 dicere
339 4413 623 4467 debuisset
660 4411 859 4482 Amen,
901 4411 1020 4480 ejus
1063 4411 1174 4467 loco
1209 4410 1370 4465 dicit:
1404 4410 1528 4467 Non
1565 4414 1811 4463 revertar

133 4504 389 4573 deinceps
420 4503 500 4556 ad
543 4501 870 4557 Cornelium.

1917 3328 2448 3388 conscribebantur.
2484 3333 2751 3392 Fidenter
2769 3337 2956 3394 dicam
2977 3353 3090 3396 non
3119 3343 3285 3400 modo
3317 3344 3377 3400 in
3410 3359 3579 3402 mem-

1917 3414 2117 3473 branis
2162 3424 2220 3475 et
2250 3421 2500 3492 phyliris
2529 3425 2774 3496 archivi,
2807 3429 2903 3486 sed
2953 3431 3128 3488 etiam
3172 3432 3230 3488 in
3263 3435 3580 3492 marmori-

1919 3502 2046 3575 bus,
2092 3509 2341 3595 metallis
2391 3515 2448 3568 et
2498 3515 2854 3572 ornamentis
2905 3518 3175 3576 Ecclesia
3233 3524 3576 3595 quamplura

1917 3594 2295 3666 superfuisse.

1986 3682 2484 3744 Consecrationem
2500 3689 2658 3746 tituli
2675 3697 2882 3762 quarto
2891 3695 3104 3751 saculo
3117 3696 3360 3755 incisam
3375 3699 3585 3757 tabula

1920 3785 2251 3830 marmorea
2272 3789 2370 3845 per
2386 3782 2649 3834 sanctum
2670 3781 2977 3838 Damasum
2997 3783 3262 3842 videmus
3279 3788 3470 3846 adhuc
3491 3805 3584 3847 su-

1923 3861 2217 3932 perstitem
2243 3864 2394 3922 inter
2421 3866 2722 3935 praclaras
2743 3867 2874 3927 illas
2893 3871 3304 3944 inscriptiones
3328 3891 3361 3935 a
3382 3879 3584 3939 Fulvio

1924 3951 2134 4008 Ursino
2190 3953 2330 4009 olim
2381 3955 2668 4025 collectas,
2718 3964 2847 4029 post
2884 3961 3011 4033 ejus
3067 3977 3198 4022 vero
3249 3967 3473 4026 obitum
3512 3971 3585 4027 ab

1926 4041 2170 4098 interitu
2195 4042 2517 4101 vindicatas
2547 4046 2895 4107 liberalitate
2923 4051 3232 4112 Alexandri
3266 4058 3586 4118 cardinalis

1926 4132 2220 4188 Farnesii:
2276 4149 2420 4205 quas
2453 4134 2563 4192 iste
2591 4138 2649 4194 in
2693 4139 2906 4210 palatio
2949 4145 3336 4204 serenissima
3377 4149 3586 4208 domus

1926 4235 2044 4278 sua
2074 4222 2142 4278 ad
2168 4223 2440 4294 Campum
2482 4225 2663 4282 Flora
2695 4228 2990 4287 tutissimo
3030 4231 3156 4290 loco
3184 4238 3486 4308 repositas,
3529 4245 3588 4297 et

1923 4310 2126 4368 ferreis
2148 4313 2397 4370 verubus
2426 4319 2614 4386 septas
2645 4324 3004 4387 posterorum
3026 4335 3178 4377 cura
3197 4324 3586 4395 disponendas

1924 4401 2180 4472 reliquit.
2216 4401 2368 4473 Illas,
2395 4404 2533 4460 dum
2558 4405 2677 4463 hac
2698 4407 2910 4478 scribo,
2936 4411 3346 4470 serenissimus
3372 4416 3584 4472 Parma

1920 4494 1977 4545 et
2003 4491 2304 4549 Placentia
2333 4493 2452 4550 dux
2489 4495 2852 4569 Franciscus,
2909 4499 3120 4557 vindex
3169 4504 3336 4560 avita
3382 4503 3582 4578 gloria

198 4591 292 4650 35,
347 4592 564 4648 Mirum
615 4591 780 4648 diem
819 4595 904 4648 est
947 4594 1086 4662 quot
1133 4589 1490 4646 ﬁrmamenta
1544 4589 1806 4645 historia:
1834 4608 1888 4670 D
1920 4579 2185 4681 bonoque
2206 4583 2630 4687 Reipublicae-et
2666 4587 2990 4647 litterarum
3013 4591 3365 4653 incremento
3388 4599 3588 4687 natus,

136 4682 495 4753 pontiﬁcalis
523 4682 765 4752 hujusce
783 4681 939 4737 Libri
963 4680 1374 4737 contineantur
1400 4680 1458 4736 in
1482 4679 1638 4737 brevi
1661 4678 1814 4752 frag-

136 4779 325 4829 mento
365 4772 552 4828 unius
581 4785 651 4828 ex
694 4771 962 4842 epistolis
989 4771 1042 4826 S.
1099 4770 1352 4828 Cornelii
1407 4784 1583 4842 papa,
1639 4770 1810 4826 nobis

135 4869 487 4932 praservato
531 4876 630 4932 per
675 4862 1017 4919 Eusebium.
1051 4860 1204 4930 Quot
1251 4861 1434 4933 igitur
1476 4861 1810 4930 adjumenta

134 4958 481 5024 supererant
539 4952 786 5009 notariis
848 4951 1116 5008 Ecclesia
1145 4951 1430 5032 .Romana
1486 4948 1812 5022 aqualibus

134 5042 408 5112 Eusebio,
447 5041 587 5097 dum
618 5041 960 5115 colligerent
989 5041 1127 5098 Acta
1167 5041 1441 5111 ‘Vitasque
1471 5038 1806 5110 pontiﬁcum

134 5146 194 5186 ex
222 5130 549 5187 tabulariis
581 5131 846 5187 Ecclesia
878 5129 1244 5203 singulorum
1279 5129 1558 5198 rescripta
1588 5140 1814 5185 servan-

136 5222 290 5277 tibus
311 5221 341 5275 ?
375 5221 573 5278 Liceat
605 5235 785 5278 unum
817 5221 1008 5277 adhuc
1046 5221 1410 5278 observatum
1444 5222 1695 5289 repetere
1742 5232 1810 5276 ex

135 5313 326 5368 eodem
363 5310 691 5383 fragmento
725 5311 988 5383 epistola
1016 5309 1391 5380 Corneliana,
1441 5308 1591 5380 quod
1644 5309 1810 5365 miri-

137 5403 232 5458 ﬁce
266 5401 602 5460 illustrabit
620 5403 967 5459 documenta
983 5402 1342 5459 decretorum
1370 5398 1545 5456 simul
1571 5406 1627 5457 et
1656 5400 1810 5456 ordi-

138 5494 441 5550 nationum
489 5492 552 5549 in
593 5492 816 5549 eisdem
863 5491 1010 5549 Vitis
1042 5492 1122 5550 ita
1169 5489 1481 5562 diligenter
1521 5503 1809 5547 memora-

137 5589 353 5640 tarum:

200 5675 280 5730 De
307 5673 517 5730 Novati
555 5671 906 5744 stnpiditate
938 5671 1017 5727 ita
1048 5669 1253 5728 scribit
1281 5669 1585 5727 Cornelius
1628 5681 1803 5739 papa:

1923 4685 2023 4742 pro
2079 4671 2363 4744 singulari
2420 4676 2618 4733 studio
2677 4693 2792 4752 quo
2841 4680 3128 4740 eruditam
3171 4671 3581 4758 antiquitatem

1922 4763 2314 4833 prosequitur,
2349 4763 2497 4821 fovet
2549 4779 2617 4822 ac
2646 4769 2915 4842 protegit,
2968 4770 3028 4828 in
3076 4774 3332 4842 ejusdem
3364 4773 3582 4843 palatio

1921 4851 2046 4908 loco
2070 4852 2384 4912 illustriori
2403 4854 2554 4928 afﬁgi
2573 4858 2948 4932 omniumque
2962 4861 3153 4918 oculis
3168 4863 3408 4932 proponi
3430 4873 3586 4918 man-

1919 4941 2098 4998 davit.
2155 4943 2384 5002 Tabella
2438 4961 2608 5018 quam
2665 4962 2917 5007 memoro
2972 4949 3312 5006 brevissima
3355 4954 3462 5017 est,
3515 4957 3582 5007 ut

1921 5031 2094 5088 titulo
2122 5031 2288 5103 plane
2324 5037 2680 5109 respondeat,
2717 5052 2786 5095 ex
2818 5051 3136 5095 marmorea
3168 5043 3364 5095 crusta
3397 5041 3580 5097 semi-

1923 5121 2162 5193 palmari
2189 5127 2246 5180 et
2275 5123 2434 5182 hisce
2464 5125 2681 5183 litteris
2710 5127 3001 5198 insculpta

2215 5271 2274 5325 T.
2316 5272 2363 5325 Ι.
2406 5271 2470 5324 Χ.
2511 5271 2579 5324 Ν.
2623 5269 2764 5326 EGO
2803 5269 3091 5327 DAMASI

2212 5358 2323 5415 VS.
2367 5359 2508 5413 VRB
2544 5356 2744 5412 ROME
2791 5357 2924 5413 EPS
2971 5357 3083 5415 AN

2204 5445 2244 5502 C
2283 5447 2507 5503 DOMV.
2550 5445 2861 5503 COSECRA
2874 5449 2953 5505 VI

2212 5577 2226 5591 .
2305 5577 2319 5590 .
2359 5536 2428 5592 N.
2471 5538 2536 5592 Β.
2582 5534 2646 5601 Q.
2686 5535 2745 5591 S.
2783 5539 2860 5594 Μ.
2905 5538 2962 5595 S.
3005 5537 3124 5594 PA.
3167 5539 3322 5599 S.PE
3403 5573 3406 5576 ~

1920 5676 2165 5737 quarum
2214 5661 2499 5720 sententia
2547 5659 2686 5716 talis
2715 5661 2980 5724 videtur:
3037 5663 3238 5720 Titulis
3275 5669 3336 5722 in
3383 5663 3588 5719 Christi

141 5764 275 5834 Ergo
301 5765 399 5820 ille
431 5764 730 5834 Evangelii
758 5761 970 5817 vindex
988 5760 1281 5830 ignorabat
1300 5775 1472 5816 unum
1503 5761 1818 5830 episcopum
1909 5755 2144 5814 nomine.
2173 5754 2286 5823 Ego
2322 5753 2614 5810 Damasius
2640 5747 2744 5822 (ita
2771 5755 2925 5815 enim
2944 5751 3279 5829 promiscue
3301 5751 3587 5819 scriptum

499 5877 741 5934 Punon.
785 5873 1058 5931 CXXVII.

3273 5857 3308 5913 3
