3996 6416
442 423 518 485 75
1255 431 1350 488 AD
1386 431 1826 489 ANASTASIUM
1863 430 2094 487 PROLEl

2208 428 2379 486 IENA
2414 430 2592 485 EDIT.
2632 428 3044 486 ROM.—VATIC
3790 427 3864 487 76

444 553 777 611 Damasium
814 556 872 610 et
896 555 1203 611 Damasum
1235 554 1461 625 reperio
1504 553 1565 611 in
1611 554 1876 625 antiquis
1905 551 2104 609 moni-
2127 547 2188 610 A
2212 548 2544 607 collectores
2560 551 2799 608 Rituum
2823 564 3139 621 sacrorum,
3157 552 3216 607 et
3240 551 3528 623 pracipue
3545 552 3692 609 adm.
3719 551 3785 607 R.
3804 554 3860 609 P.

452 642 679 715 mentis)
723 644 877 698 urbis
901 646 1081 701 Roma
1127 645 1411 715 episcopus
1457 644 1599 699 hanc
1645 644 1863 698 domum
1909 657 2104 697 conse—
2212 638 2551 696 Edmundus
2593 643 2843 697 Martene
2872 645 3026 696 tomo
3066 639 3239 696 tertio
3267 640 3629 697 celeberrimi
3664 642 3866 712 Operis

447 734 617 787 oraui.
657 732 946 805 Siglarum
990 733 1357 805 sequentium
1387 747 1617 791 sensum
1659 746 1772 789 non
1803 745 2097 802 assequar,

448 820 565 877 nisi
591 819 737 877 forte
762 826 1177 891 postremarum
1203 822 1258 877 S.
1296 823 1385 877 PA
1408 823 1462 877 S.
1496 823 1601 878 PE.
1633 835 1777 893 quas
1802 822 1859 876 S.
1895 821 2102 875 Paulus

445 908 503 964 S.
528 912 741 972 Petrus,
766 909 943 966 veluti
967 910 1330 981 signaculum
1352 911 1526 981 hujus
1546 910 1813 967 Ecclesia
1838 910 2103 966 Romana

448 996 770 1068 proprium,
793 1003 849 1053 et
869 1011 901 1053 a
918 997 1352 1055 successoribus
1372 999 1729 1055 custoditum
1764 998 1823 1055 in
1849 997 2101 1068 publicis

442 1084 810 1142 documentis
855 1086 1212 1144 decretorum
1245 1091 1301 1143 et
1344 1088 1693 1159 litterarum,
1739 1087 2101 1157 exponendas

444 1186 571 1230 esse
604 1173 849 1232 libenter
884 1175 1129 1232 credam.
1173 1178 1236 1232 In
1276 1178 1472 1233 aversa
1524 1181 1683 1248 parte
1719 1177 1973 1246 ejusdem
2006 1182 2101 1231 ta-

446 1261 612 1319 bella
640 1262 912 1336 leguntur
940 1265 1171 1322 nomina
1201 1273 1530 1323 sanctorum
1558 1280 1803 1337 quorum
1836 1265 2098 1335 reliquia

434 1351 557 1425 sub
585 1365 651 1409 eo
675 1353 975 1424 signaculo
1000 1353 1159 1410 tituli
1185 1367 1252 1410 ac
1279 1354 1668 1411 dedicationis
1687 1354 2095 1411 concludeban-

446 1444 565 1513 tur,
601 1441 720 1498 ritu
748 1442 818 1498 ad
856 1448 1051 1499 nostra
1078 1444 1252 1500 etiam
1292 1449 1547 1514 tempora
1576 1443 1862 1501 derivato:

731 1532 818 1587 hic
844 1548 902 1587 re
930 1532 1267 1597 QVIESCIT
1290 1532 1535 1591 CAPVT

730 1620 842 1677 SOI
887 1621 1357 1681 CRESCENTINI.
1400 1624 1464 1678 Μ

730 1711 829 1766 ΕΤ
854 1711 1211 1778 RELIQVIE.
1251 1713 1310 1769 S.
1351 1711 1490 1768 SVP
1524 1712 1678 1770 ANT
1706 1766 1713 1771 .

1514 1824 1532 1866 ῐ

2210 728 2281 783 de
2308 727 2583 800 Antiquis
2600 730 2866 786 Ecclesia
2888 729 3141 800 Ritibus,
3173 729 3274 785 lib.
3302 744 3364 800 ιι,
3394 744 3518 800 cap.
3550 728 3636 801 42,
3661 737 3781 787 tum
3807 733 3861 788 in

2208 816 2466 890 Oriente,
2514 823 2635 874 tum
2684 821 2743 875 in
2791 818 3115 887 Occidente,
3170 833 3238 875 ex
3288 825 3453 875 atate
3497 821 3862 877 Constantini

2210 908 2400 978 Magni
2431 907 2501 963 ad
2528 916 2938 979 consequentes
2969 908 3028 963 in
3063 921 3217 964 more
3238 909 3515 978 positum,
3551 915 3614 965 ut
3644 910 3866 966 dedica-

2209 994 2398 1051 tiones
2434 997 2806 1054 ecclesiarum
2853 1002 2911 1052 et
2956 996 3227 1054 altarium
3276 998 3614 1069 plerumque
3668 998 3866 1055 ﬁerent

2212 1084 2273 1140 in
2304 1092 2584 1143 conventu
2614 1087 3037 1157 episcoporum,
3071 1086 3171 1157 qui
3214 1100 3278 1142 ea
3307 1086 3378 1142 de
3417 1101 3589 1143 causa
3625 1088 3861 1144 invitari

2209 1181 2644 1231 consueverant.
2672 1176 2992 1246 Supersunt
3012 1176 3326 1231 etiamnum
3355 1175 3413 1230 in
3440 1176 3601 1232 Actis
3625 1178 3863 1234 concilii

2208 1263 2501 1334 Tyriensis
2517 1266 2667 1334 apud
2698 1264 3009 1320 Eusebium
3039 1263 3140 1319 lib.
3165 1278 3219 1319 1v
3235 1264 3305 1319 de
3327 1264 3455 1320 Vita
3476 1265 3861 1337 Constantini,

2207 1364 2332 1421 cap.
2365 1349 2453 1421 43,
2502 1352 3145 1423 ConstantinOpolitani,
3186 1352 3288 1409 lib.
3326 1367 3389 1424 ιι,
3438 1367 3560 1424 cap.
3588 1352 3679 1423 39,
3712 1354 3859 1425 apud

2206 1441 2525 1513 Socratem;
2585 1442 2925 1498 Arausicani
2978 1455 3129 1497 anno
3168 1439 3291 1511 444,
3343 1456 3465 1511 cap.
3524 1440 3628 1513 40;
3660 1442 3867 1499 Arela—

2207 1529 2389 1585 tensis
2414 1544 2476 1599 ιι,
2501 1544 2552 1585 c.
2579 1527 2667 1601 3'7,
2701 1535 2757 1587 et
2778 1531 2837 1586 in
2864 1531 3131 1600 epistolis
3156 1532 3213 1586 B.
3238 1530 3551 1602 Ambrosii,
3575 1532 3745 1602 epist.
3768 1530 3862 1590 22»

2205 1619 2276 1674 ad
2299 1618 2717 1690 Marcellinum,
2770 1619 3023 1689 aliisque
3069 1619 3488 1689 compluribus,
3521 1620 3864 1677 documenta

2204 1707 2323 1763 diei
2364 1708 2433 1763 ad
2482 1707 2864 1765 dedicandum
2895 1708 3163 1764 delecta:
3222 1709 3301 1765 ita
3332 1714 3397 1765 ut
3423 1709 3585 1765 Actis
3623 1723 3735 1765 non
3763 1722 3868 1765 so-

2208 1795 2327 1852 lum
2346 1796 2623 1867 publicis,
2656 1797 2751 1852 sed
2784 1798 2956 1853 etiam
2983 1797 3359 1867 synodalibus
3382 1798 3611 1853 inserta
3639 1797 3870 1853 dedica-

478 1926 487 1929 -
513 1886 634 1945 Una
652 1902 781 1945 cum
805 1888 978 1946 titulo
1003 1889 1082 1946 ita
1105 1889 1394 1961 insculpto
1412 1890 1626 1947 visitur
1650 1888 1828 1946 facies
1841 1888 2098 1945 anterior
2126 1879 2179 1942 B
2208 1884 2430 1941 tionum
2461 1887 2689 1957 epocha
2732 1890 3052 1942 teneantur.
3075 1886 3227 1956 Quin
3275 1886 3447 1942 etiam
3472 1887 3759 1958 colligunt
3794 1899 3869 1942 ex

439 1977 775 2049 sarcOphagi
801 1977 1137 2047 Christiani,
1167 1978 1226 2034 in
1260 1993 1372 2049 quo
1400 1979 1755 2050 insculptum
1788 1983 1876 2034 est
1904 1989 2102 2034 mono-

442 2078 695 2138 gramina
721 2066 975 2122 nominis
996 2067 1215 2124 Christi
1241 2068 1473 2124 Domini
1498 2068 1653 2124 intra
1675 2080 1943 2124 coronam
1964 2081 2095 2124 cum

437 2153 752 2225 lemniscis,
774 2168 928 2212 more
940 2154 1218 2212 familiari
1236 2158 1426 2213 atatis
1437 2157 1585 2213 beati
1614 2156 1859 2213 Damasi.
1877 2158 1998 2212 Non
2011 2161 2098 2213 est

436 2243 751 2301 dissimilis
763 2244 946 2317 ﬁgura
963 2250 1065 2302 aut
1078 2246 1479 2317 magnitudine
1489 2246 1657 2301 alteri
1678 2246 1907 2316 tabula,
1924 2257 2095 2317 quam

438 2332 594 2389 card.
624 2333 967 2390 Franciscus
997 2333 1347 2390 Barberinus
1369 2334 1422 2389 S.
1456 2334 1521 2388 Β.
1554 2336 1617 2389 Ε.
1646 2334 2101 2390 vice—cancella—

441 2421 569 2479 rius
598 2422 659 2477 in
675 2434 775 2476 ara
796 2422 1043 2477 maxima
1068 2421 1228 2477 tituli
1258 2422 1349 2478 sui
1368 2422 1423 2477 S.
1452 2423 1747 2478 Laurentii
1777 2424 1835 2477 in
1857 2424 2097 2480 Damaso

436 2523 508 2566 ex
533 2521 816 2565 marmore
846 2508 1137 2565 nobiliore
1161 2509 1490 2580 substituit,
1536 2514 1801 2581 veterem,
1836 2515 1902 2565 ut
1929 2510 2094 2565 arbi-

436 2600 578 2666 tror,
605 2596 812 2652 altaris
841 2595 1085 2653 frontem
1117 2598 1382 2655 imitatus
1412 2616 1426 2653 :
1459 2598 1668 2669 quain
1693 2598 1843 2655 ades
1877 2598 2098 2654 Fame—

434 2684 630 2741 sianas
688 2684 965 2740 translata
1023 2684 1265 2742 fortasse
1314 2685 1448 2757 fuit,
1505 2687 1733 2758 quando
1781 2685 2094 2743 cardinalis

430 2771 741 2829 Farnesius
761 2771 999 2828 titulum
1030 2773 1292 2831 eumdem
1313 2779 1370 2830 et
1394 2788 1552 2830 aram
1579 2774 1886 2830 maximam
1912 2775 2093 2831 variis

2205 1972 2448 2042 epistola
2476 1972 2511 2029 9
2534 1974 2749 2031 Gelasii
2783 1974 2977 2045 primi,
3007 1990 3129 2046 cap.
3155 1972 3188 2030 4
3216 1981 3271 2031 et
3295 1973 3386 2046 25,
3428 1980 3484 2031 et
3512 1976 3565 2030 S.
3594 1973 3866 2046 Gregorii

2204 2063 2394 2134 Magni
2444 2063 2545 2119 lib.
2576 2079 2627 2132 v,
2683 2077 2774 2134 ep.
2810 2061 2898 2133 45,
2959 2063 3099 2120 adeo
3132 2064 3353 2121 celebre
3388 2063 3648 2121 habitum
3681 2062 3868 2120 fuisse

2206 2150 2597 2211 ministerium
2630 2153 2884 2210 ecclesia
2913 2154 3262 2220 dedicanda,
3289 2159 3353 2209 ut
3382 2154 3439 2209 in
3465 2153 3632 2209 Italia
3664 2152 3720 2209 id
3746 2165 3863 2209 non

2208 2248 2615 2309 prasumerent
2640 2257 2903 2299 exercere
2945 2243 3199 2312 episcOpi
3231 2243 3541 2299 diacesani
3575 2248 3780 2314 quarto
3807 2248 3871 2299 et

2206 2330 2412 2399 quinto
2433 2332 2663 2401 saculo,
2687 2334 2802 2385 nisi
2823 2334 3115 2400 impetrata
3139 2333 3296 2400 prius
3322 2349 3355 2385 a
3384 2348 3588 2386 summo
3604 2334 3870 2401 pontiﬁce

2197 2422 2484 2487 potestate.
2516 2419 2795 2475 Caterum
2847 2419 3020 2474 etiam
3077 2420 3135 2475 in
3186 2421 3504 2489 provinciis
3566 2425 3865 2489 receptum
3942 2472 3945 2473 ν

2204 2504 2386 2563 fuisse
2416 2521 2627 2563 morem
2660 2507 2929 2577 signandi
2954 2508 3226 2578 epocham
3262 2509 3525 2577 primarii
3555 2508 3772 2579 lapidis
3798 2508 3866 2564 in

2204 2594 2575 2651 fundamento
2604 2596 2974 2653 ecclesiarum
2994 2596 3260 2665 jaciendo
3284 2596 3451 2652 docet
3471 2610 3574 2652 nos
3605 2611 3873 2654 marmor

2202 2685 2559 2741 Massilieuse
2609 2685 2829 2741 editum
2888 2700 2920 2741 a
2976 2687 3039 2741 V.
3093 2685 3152 2740 C.
3186 2684 3470 2754 Stephano
3515 2685 3748 2742 Baluzio
3790 2688 3873 2743 dc

2200 2774 2597 2845 Scriptoribus
2618 2773 3042 2830 Ecclesiasticis
3064 2774 3122 2829 in
3140 2773 3351 2829 Comm.
3376 2774 3445 2829 ad
3472 2775 3868 2848 Lactantium,

435 2861 789 2918 ornamentis
816 2862 1131 2934 decoravit,
1154 2867 1219 2919 ut
1239 2862 1534 2935 gentilitia
1551 2863 1807 2933 ejusdem
1836 2864 2091 2935 insignia

429 2955 714 3009 testantur
736 2951 795 3007 in
819 2950 1076 3022 laqueari
1104 2956 1160 3008 et
1186 2952 1507 3022 parietibus
1527 2966 1670 3009 auro
1708 2956 1766 3009 et
1794 2952 2089 3010 coloribus

2200 2869 2257 2919 et
2302 2863 2373 2919 ab
2418 2863 2753 2920 illustribus
2780 2863 3052 2919 Massilia
3105 2862 3404 2919 historicis
3434 2861 3609 2919 Ruﬁis
3658 2862 3761 2919 lib.
3801 2879 3870 2937 χ,

2200 2969 2256 3024 p.
2278 2951 2368 3024 46,
2398 2954 2458 3009 in
2490 2967 2603 3024 quo
2635 2953 2847 3023 legitur
2867 2954 3084 3023 jactum
3110 2951 3292 3008 fuisse
3324 2952 3665 3022 primarium
3699 2951 3871 3022 lapi—

425 3054 688 3111 cxpressa
732 3054 831 3111 per
880 3040 1225 3098 Tbaddaum
1265 3042 1638 3114 Zuccherum,
1692 3056 1725 3098 a
1766 3056 1879 3114 quo
1909 3044 2084 3098 etiam
2195 3042 2817 3099 demilliusecclesiaa
2844 3040 3865 3098 fundamentisrestitutaconsulatu

425 3134 582 3204 gesta
602 3130 745 3186 Vita
765 3134 820 3185 et
842 3131 1105 3202 martyrii
1129 3130 1280 3186 beati
1302 3130 1597 3187 Laurentii
1616 3131 1907 3203 eleganter
1924 3131 2081 3205 pingi
2195 3137 2354 3189 sexto
2374 3130 3045 3201 ValentinianiAugusti,
3072 3130 3293 3186 scilicet
3314 3144 3464 3186 anno
3483 3130 3700 3185 Christi
3726 3126 3865 3202 445,

426 3219 669 3276 curavit.
699 3217 967 3275 Ecclesia
1009 3220 1276 3276 Romana
1294 3218 1451 3275 Libri
1484 3220 1743 3277 Rituales
1771 3226 1828 3277 et
1856 3221 2091 3277 Pontiﬁ-
2116 3223 2166 3287 (Γ.
2196 3235 2299 3279 xm
2332 3220 2453 3277 Kal.
2482 3219 2810 3294 Decembris
2836 3233 2986 3276 anno
3016 3234 3178 3276 xvnu
3198 3219 3565 3289 episcopatus
3582 3218 3814 3274 Rustici
3843 3238 3859 3289 ;

425 3305 580 3364 cales
593 3320 661 3363 ex
679 3306 922 3378 antiqua
942 3308 1363 3364 consuetudine
1382 3308 1727 3379 pracipiunt
1751 3310 1808 3365 in
1834 3311 2087 3368 ecclesia
2198 3311 2296 3368 ubi
2322 3311 2491 3366 etiam
2514 3310 2930 3381 consignantur
2946 3309 3178 3365 nomina
3194 3310 3617 3379 episcoporum,
3651 3307 3866 3365 subsi—

422 3401 481 3455 et
529 3396 734 3454 altaris
785 3397 1169 3467 dedicatione,
1228 3402 1292 3454 ut
1347 3398 1563 3469 epocba
1632 3401 2087 3459 consecrationis
2195 3402 2291 3457 dia
2332 3398 2760 3471 corrOgantium
2790 3399 2858 3455 ad
2891 3399 3378 3455 constructionem
3411 3398 3559 3454 sacri
3591 3398 3862 3469 adiﬁcii,

424 3486 987 3559 scriptoconsignata
1003 3491 1453 3557 reponaturcum
1470 3487 2084 3558 reliquiissanctorum
2199 3494 2494 3547 numerata
2522 3500 2745 3544 summa
2783 3487 3103 3544 solidorum
3141 3500 3309 3558 quam
3361 3487 3609 3557 quisque
3640 3492 3863 3543 contu—

421 3576 492 3633 ad
523 3589 824 3646 perennem
851 3575 931 3631 rei
964 3576 1296 3631 memoriam
1325 3575 1397 3632 ab
1418 3577 1687 3647 episcopo
1714 3584 2084 3637 consecrante
2196 3580 2357 3637 lerat.
2386 3576 2850 3647 Compendiariis
2870 3581 3061 3632 autem
3089 3576 3304 3632 litteris
3332 3575 3413 3632 ita
3441 3580 3713 3645 concepta
3743 3582 3856 3647 est,

422 3665 534 3724 sub
554 3678 748 3723 mensa
784 3664 1011 3721 altaris.
1043 3663 1358 3721 Observant
1402 3679 1630 3737 quoque
1672 3666 1755 3737 pii
1781 3671 1837 3723 et
1865 3669 2081 3726 eruditi
2194 3682 2307 3725 non
2330 3681 2494 3725 secus
2518 3679 2584 3723 ac
2620 3664 2848 3722 Damasi
2893 3665 3199 3736 inscriptio
3231 3664 3402 3735 paulo
3429 3670 3561 3721 ante
3591 3663 3856 3721 recitata.

775 3792 840 3857 ἦ(
872 3791 978 3847 DO.
1009 3791 1108 3844 ET
1130 3790 1266 3846 ΧΡΟ
1290 3790 1726 3849 MISERANTE.
1779 3794 1927 3849 LIM.
1961 3794 2118 3849 HOC.
2158 3793 2216 3850 C.
2249 3793 2310 3847 L.
2339 3794 2405 3847 K.
2445 3793 2505 3846 T.
2549 3792 2611 3845 E.
2649 3792 2850 3848 ANNO
2874 3793 3001 3849 IIII.
3034 3792 3091 3848 C.
3123 3792 3179 3848 S.
3215 3792 3488 3850 VALEN-

774 3862 1300 3920 TINIANO.AVG.
1340 3862 1435 3918 VI.
1478 3864 1586 3918 III.
1646 3866 1765 3920 KL.
1801 3867 1867 3920 D.
1920 3866 2143 3922 XVIIII.
2187 3866 2384 3923 ANNO
2411 3864 2641 3920 EPTVS
2683 3864 2924 3920 RVSTI.
3007 3905 3019 3917 .
3099 3904 3112 3918 .
3194 3903 3207 3916 .
3288 3904 3300 3916 .
3383 3901 3397 3915 .
3478 3902 3490 3915 .

494 3979 623 4049 Deo,
655 3974 936 4049 etChristo
982 3977 1273 4049 miserante
1298 3977 1461 4033 limen
1504 3977 1602 4032 hoc
1638 3979 1980 4035 conlokatum
2019 3985 2097 4035 est
2129 3996 2276 4035 anno
2322 3984 2518 4049 quarto
2563 3978 2791 4035 Consule
2828 3978 3220 4033 Valentiniano
3261 3977 3515 4043 Augusto
3572 3975 3662 4031 νἸ.
3692 3978 3865 4032 tertio

495 4048 780 4101 Kalendas
805 4047 1108 4101 Decembris
1136 4049 1317 4102 mpii-ii.
1352 4064 1498 4104 anno
1532 4051 1895 4120 Episcopatus
1937 4053 2170 4106 Rustici.

498 4162 561 4218 In
599 4162 775 4218 veteri
813 4160 1036 4218 musivo
1086 4162 1341 4222 ecclesia
1397 4165 1452 4221 S.
1505 4163 1730 4221 Sabina
1784 4165 1844 4220 in
1894 4169 2086 4221 monte
2197 4167 2561 4220 constructos
2601 4160 3231 4219 memorabantvetusta
3262 4160 3672 4232 epigrammata
3708 4160 3868 4219 Gru-

427 4250 709 4308 Aventino
730 4251 982 4322 ejusdem
1010 4252 1170 4309 tituli
1199 4253 1398 4310 clerici
1432 4254 1511 4308 ita
1536 4258 2088 4322 expresseruntepo-
2197 4252 2416 4307 teriano
2448 4251 2507 4306 in
2534 4263 2703 4321 opere
2724 4250 3001 4320 impressa
3034 4265 3086 4320 p.
3116 4247 3272 4320 4463,
3298 4263 3457 4305 num.
3489 4246 3546 4305 44
3573 4254 3659 4321 ;el
3690 4247 3857 4324 4464,

429 4340 592 4396 cham
627 4340 998 4412 pontiﬁcatus
1040 4341 1225 4398 sancti
1254 4341 1571 4408 Calestiui,
1616 4356 1730 4413 quo
1771 4340 2082 4398 Ecclesiam
2113 4343 2168 4404 D
2195 4353 2352 4396 num.
2385 4338 2422 4396 2
2449 4344 2504 4396 et
2529 4336 2579 4396 4.
2629 4339 2925 4412 Elegantes
2956 4353 3156 4396 versus
3186 4352 3218 4394 a
3246 4339 3408 4395 Sixto
3458 4341 3529 4395 III
3576 4340 3749 4395 incisi
3795 4342 3863 4397 in

2193 4427 2536 4499 baptisteria
2575 4419 2965 4485 Lateraneusi'
2985 4428 3284 4501 octastylo,
3313 4428 3477 4489 relati
3509 4442 3542 4484 a
3571 4429 3865 4488 Panvinio

2195 4522 2257 4577 in
2290 4517 2439 4575 libro
2462 4519 2533 4576 de
2581 4522 2789 4588 septem
2837 4517 3006 4573 Urbis
3048 4516 3344 4591 Ecclesiis,
3391 4522 3448 4574 et
3484 4532 3516 4574 a
3548 4518 3703 4574 card.
3735 4520 3868 4577 Ba-

2197 4622 2376 4679 spono
2406 4609 2475 4663 de
2499 4607 2747 4680 Basilica
2774 4608 3135 4663 Lateranensi
3155 4606 3257 4662 lib.
3295 4621 3383 4677 III,
3415 4620 3537 4678 cap.
3574 4605 3623 4679 4,
3645 4623 3867 4680 super—

2200 4698 2367 4755 stites
2387 4698 2576 4754 adhuc
2601 4679 2871 4769 leguntur
2912 4697 2971 4754 in
2998 4696 3290 4768 epistyliis
3315 4679 3859 4755 Consiantinianis:

434 4436 663 4504 regente
713 4431 862 4488 ades
917 4430 1020 4486 illa
1060 4443 1223 4486 sacra
1295 4429 1763 4502 magniﬁcentius
1812 4429 2086 4490 fundaba-

430 4524 549 4576 tur.

543 4644 608 4709 sy
641 4638 858 4691 Culmen
884 4639 1228 4703 apostolicum
1257 4654 1376 4691 cum
1406 4640 1724 4693 Caelestinus
1760 4643 1975 4695 haberet

627 4712 836 4777 Erimus
870 4714 920 4760 et
962 4712 1016 4777 in
1041 4714 1148 4777 toto
1170 4710 1429 4777 fulgerent
1460 4714 1738 4777 episcopus
1779 4716 1903 4767 orbe

627 4774 769 4840 Ilaec
793 4786 923 4840 quae
941 4775 1156 4840 miraris
1162 4773 1390 4825 fundavit
1409 4773 1675 4840 presbyter
1700 4778 1842 4828 urbis

631 4786 769 4823 Haec
793 4786 923 4836 quae
941 4786 1143 4822 miram
1162 4786 1390 4825 ῐυηαανιι
1409 4786 1675 4840 Presbyter
1700 4786 1842 4828 urbis
2201 4787 2676 4859 quemadmodum
2699 4786 2985 4843 Ambrosii
3015 4800 3212 4843 versus
3243 4786 3578 4858 legebantur
3607 4787 3666 4842 in
3700 4786 3868 4846 fonte

631 4837 830 4901 Illyrica
854 4837 918 4888 de
941 4839 1096 4899 gente
1126 4837 1324 4899 Petrus,
1359 4843 1461 4888 etc.
2203 4875 2453 4901 Μηιηηεη,
2485 4876 2522 4901 ι,
2575 4874 2794 4901 “mam
2825 4875 3073 4901 Λεηηιη,
3105 4875 3300 4901 ,εκ-,Μ
3334 4880 3621 4901 mnuum
3663 4878 3864 4901 ,Μεκ-

2200 4875 2455 4932 ecclesia
2485 4876 2542 4930 Β.
2575 4874 2795 4930 Thecla
2822 4875 3077 4945 ejusdem
3105 4875 3301 4947 ﬁgura
3333 4880 3621 4947 octogona
3662 4878 3869 4947 (cujus

2202 4966 2537 5037 mysterium
2569 4963 2649 5019 ibi
2693 4964 2947 5021 declarat
2973 4971 3205 5022 sanctus
3234 4965 3554 5037 episc0pus)
3589 4966 3729 5022 editi
3758 4982 3872 5037 per

2200 5056 2510 5113 Gruterum
2537 5068 2605 5112 ex
2639 5054 2816 5110 veteri
2844 5069 2949 5111 ms.
2985 5069 3109 5127 pag.
3138 5052 3295 5126 4468,
3329 5069 3485 5111 num.
3519 5054 3574 5126 8,
3602 5070 3732 5111 cum
3761 5071 3871 5113 re-

511 4961 699 5020 Faclle
725 4961 908 5035 igitur
931 4960 1316 5035 intelligimus
1338 4977 1464 5034 qua
1483 4969 1850 5022 monumenta
1870 4960 2094 5023 dedica-

439 5052 664 5109 tionum
694 5064 988 5108 sacrarum
1014 5050 1225 5107 adium
1258 5055 1376 5108 tum
1398 5052 1676 5123 temporis
1706 5060 2088 5126 superessent,

445 5141 505 5196 in
533 5144 619 5197 tot
646 5140 1030 5197 marmoribus
1053 5145 1111 5197 et
1141 5140 1402 5211 musivis,
1438 5141 1498 5197 in
1520 5142 1787 5213 epistolis
1812 5142 2094 5200 dedican—

444 5229 593 5285 tium
631 5233 687 5284 et
727 5230 1184 5302 concedentium,
1239 5230 1300 5286 in
1348 5230 1509 5287 Actis
1591 5231 1983 5302 synodalibus,
2032 5233 2091 5289 in

440 5316 737 5388 diptychis
762 5321 819 5373 et
847 5318 1212 5376 Kalendariis
1240 5319 1634 5393 ecclesiarum,
1673 5322 1985 5393 quotannis
2014 5336 2095 5379 re-

444 5405 758 5464 colentium
789 5406 941 5462 diem
964 5407 1370 5467 dedicationis.

517 5493 607 5552 36.
681 5494 885 5552 Sacros
947 5494 1133 5555 fontes
1200 5500 1453 5573 Damasi,
1522 5500 1731 5573 Hilari,
1770 5498 2089 5572 .Bonit‘acii,

444 5582 741 5643 Calestini
782 5587 839 5641 et
887 5584 1121 5643 Jaannis
1167 5602 1524 5648 summorum
1555 5589 1893 5662 pontiﬁcum
1952 5603 2092 5646 cura

2202 5144 2385 5215 liquis
2414 5144 2929 5216 epigrammatibus
2968 5144 3119 5201 beati
3150 5145 3424 5215 doctoris,
3461 5145 3871 5205 indicantibus

2201 5234 2594 5291 dedicationes
2638 5233 2711 5290 ab
2762 5235 2885 5306 ipso
2915 5238 3191 5305 peractas,
3219 5240 3275 5291 et
3314 5234 3583 5308 mysteria
3635 5236 3865 5295 rituum

2205 5322 2303 5395 qui
2352 5324 2410 5379 in
2461 5324 2584 5380 illis
2626 5324 2997 5382 adhibentur.
3053 5324 3169 5380 Sub
3204 5324 3417 5381 Siricio
3457 5338 3600 5395 papa
3645 5328 3869 5396 aquali

2203 5418 2398 5469 sancto
2423 5412 2723 5471 Ambrosio
2748 5415 2989 5472 incisam
3016 5415 3278 5472 videmus
3298 5414 3570 5486 epocbam
3597 5416 3866 5476 restituti

2203 5502 2541 5572 presbyterii
2598 5504 2659 5560 in
2707 5504 2958 5575 platonia
3002 5504 3061 5562 S.
3109 5505 3499 5576 Pudentiana,
3546 5519 3649 5563 seu
3692 5506 3866 5565 tituli

2202 5593 2454 5649 Pastoris
2470 5613 2482 5649 :

922 5690 1141 5752 SALVO
1176 5692 1424 5755 SIRIGIO
1457 5696 1788 5755 EPISCOPO
1834 5696 2189 5768 FELICIQVE
2227 5698 2592 5759 LEOPARDO
2626 5701 2994 5761 ECCIESIAE
3028 5700 3372 5761 SANCTAE:
