3996 6450
123 436 188 496 ’Π
1654 433 2032 492 PREFATIO.
3483 427 3560 488 '78

125 567 324 620 cetera
349 561 780 619 desiderantur.
814 561 1052 619 Hilarus
1075 559 1556 630 Archidiaconus,
1585 559 1795 616 deinde
1820 562 1880 625 Α
1903 565 1991 618 ter
2039 559 2356 632 parietinas
2402 559 2659 630 ejusdem
2709 559 2871 617 Edis
2919 561 3069 632 apud
3127 561 3181 617 S.
3239 559 3551 620 Eusebium

130 652 392 709 Pontifex
424 654 721 710 Romanus
751 652 1041 723 Ecclesia},
1076 652 1393 708 oratorium
1425 651 1608 707 sancti
1643 652 1798 706 Lau-

129 744 304 800 rentii
357 757 391 799 a
436 756 499 799 se
540 741 814 799 retectum
871 743 1128 798 caelavit:
1189 742 1336 813 quod
1384 744 1670 810 repertum
1718 739 1802 795 in-

1907 657 2096 707 servat
2138 649 2404 707 collectio
2449 663 2800 708 marmorum
2844 655 3205 710 vetustorum
3249 651 3429 709 Musei
3471 650 3564 708 Al-

1911 740 2068 797 bani.

565 845 630 908 >14
665 842 1096 902 AVXILIANTE
1125 840 1266 897 DNO
1294 839 1388 896 D0
1411 841 1461 894 N
1499 837 1642 895 ΧΡΟ
1671 837 1952 896 ORANTE
1987 838 2208 896 ΒΕΑΤο
2246 838 2638 898 LAVRENTIO
2677 839 3010 898 MARTYRE

565 914 864 968 IIILARVS
894 913 1262 969 ARCHIDIAC
1301 912 1512 968 FECIT.

192 1013 297 1070 His
340 1018 534 1070 autem
571 1013 633 1068 in
665 1011 1103 1068 celebritatibus
1145 1011 1634 1068 consecrationem
1665 1023 1796 1066 cum

130 1105 274 1160 dona
323 1102 582 1172 plurima
623 1100 966 1158 offerrentur
993 1115 1060 1157 ac
1089 1101 1446 1171 dicarentur,
1490 1097 1800 1170 largitione

135 1193 465 1263 principum
489 1192 613 1247 sive
644 1191 974 1262 praesulum,
1001 1195 1120 1247 tum
1162 1189 1421 1257 mobilia,
1450 1193 1572 1245 tum
1605 1189 1803 1245 immo-

133 1283 297 1351 bilia,
347 1295 478 1351 qua:
512 1281 726 1350 passim
762 1285 1034 1337 memorat
1078 1279 1248 1335 Liber
1277 1278 1652 1344 Pontiﬁcalis,
1697 1291 1803 1333 eo—

135 1371 394 1427 rumdem
438 1371 724 1427 donorum
769 1369 1132 1440 documenta,
1177 1382 1305 1440 qua}
1349 1368 1586 1424 tertium
1629 1370 1804 1436 caput

133 1460 505 1516 constituunt
549 1466 759 1516 nostrae
801 1459 1134 1530 divisionis,
1183 1457 1538 1529 proferemus
1583 1457 1799 1528 aptius,

135 1551 178 1605 si
211 1550 385 1620 prius
429 1549 724 1605 absolvere
768 1549 935 1605 nobis
983 1548 1156 1604 liceat
1198 1561 1262 1604 ea
1306 1562 1433 1618 qua:
1462 1547 1534 1603 de
1563 1544 1806 1616 pontiﬁ-

133 1653 254 1694 cum
301 1639 561 1695 decretis
601 1642 913 1708 supersunt
945 1637 1194 1693 breviter
1236 1635 1547 1693 indicanda
1591 1635 1698 1690 hoc
1743 1633 1806 1689 in

134 1727 340 1798 capite,
387 1726 688 1796 complexo
717 1727 943 1782 decreta
977 1725 1335 1796 pontiﬁcum,
1380 1723 1803 1782 dedicationem

1910 1013 1966 1066 et
1992 1009 2270 1067 Anterum
2299 1009 2370 1067 de
2396 1010 2561 1068 Actis
2584 1015 2900 1082 martyrum
2933 1011 3263 1068 scribendis
3290 1017 3348 1069 et
3376 1013 3435 1069 in
3466 1027 3568 1071 ec-

1911 1097 2087 1154 clesia
2127 1100 2492 1170 repone‘ndis,
2541 1113 2762 1157 necnon
2813 1101 2892 1157 iis
2931 1101 3313 1172 quas‘eodem
3355 1103 3570 1160 saculo

1909 1187 2183 1258 Cypriani
2234 1189 2397 1245 Felix
2443 1202 2588 1260 papa
2641 1189 2799 1258 tulit,
2852 1189 2911 1245 in
2963 1191 3091 1259 ejus
3140 1191 3270 1248 Vita
3322 1192 3409 1248 sic
3467 1192 3568 1248 in-

1911 1279 2184 1334 dicatas:
2263 1278 2560 1334 Constituit
2644 1295 2816 1349 supra
2917 1281 3169 1351 sepulcra
3255 1286 3565 1350 martyrum

1909 1370 2106 1422 missas
2136 1368 2419 1424 celebrari.
2451 1368 2912 1439 Comprobantur
2962 1383 3062 1440 per
3103 1369 3312 1427 saecula
3359 1370 3570 1427 subse—

1913 1462 2044 1513 cuta
2085 1457 2401 1529 diptychis,
2452 1458 2902 1531 martyrologiis,
2943 1464 2999 1516 et
3043 1473 3108 1516 ea
3145 1462 3566 1520 consuetudine

1915 1545 2357 1617 conﬁrmatrice,
2383 1560 2553 1619 quam
2577 1548 2973 1606 Tertullianus
3000 1548 3060 1605 in
3087 1549 3238 1606 libro
3257 1549 3328 1606 de
3345 1550 3566 1609 Corona

1915 1635 2125 1690 Militis
2157 1634 2274 1691 haec
2303 1637 2555 1693 eamdem
2591 1650 2894 1695 recensens
2919 1640 3299 1696 commendat.
3330 1641 3566 1699 Demum

1916 1729 2082 1780 aetate
2119 1724 2178 1779 S.
2227 1724 2492 1796 Gregorii
2536 1727 2716 1799 tertii,
2764 1729 2994 1798 quando
3039 1730 3180 1786 Vita:
3227 1731 3564 1801 pontiﬁcum

133 1830 429 1872 sacrarum
492 1815 701 1872 aedium
751 1819 806 1871 et
863 1815 1263 1872 ordinationes
1314 1813 1678 1872 sacerdotum
1740 1823 1806 1868 ac
1835 1807 1888 1870 B
1918 1813 2364 1886 colligebantur,
2395 1819 2452 1870 et
2482 1815 2542 1871 in
2574 1816 2729 1872 hunc
2760 1818 2994 1875 Librum
3030 1820 3567 1894 compingebantur,

134 1907 565 1962 ministrorum.

195 1991 285 2051 37.
333 1997 580 2050 Decreta
628 1993 968 2064 pontiﬁcum
1016 1999 1075 2049 et
1120 1993 1502 2050 conciliorum
1550 1991 1809 2048 habenda

133 2091 284 2153 sunt,
337 2098 475 2155 qua:
505 2084 576 2139 de
619 2083 912 2138 natalitiis
954 2087 1270 2152 martyrum
1318 2085 1373 2138 et
1413 2080 1807 2150 ecclesiarum,

135 2175 300 2230 etiam
362 2176 676 2228 constante
738 2171 1136 2240 persecutione
1187 2170 1513 2239 conscripta
1566 2168 1811 2241 legimus

135 2263 276 2333 apud
317 2263 688 2333 Cyprianum
723 2258 827 2314 lib.
864 2273 951 2330 ιιι,
983 2259 1158 2329 epist.
1194 2257 1264 2316 6:
1295 2261 1420 2314 Dies
1450 2275 1653 2329 eorum,
1687 2261 1810 2329 qui-

137 2354 230 2407 bus
274 2352 585 2415 excedunt,
630 2348 908 2419 adnotate,
956 2354 1018 2403 ut
1059 2351 1585 2404 commemorationes
1629 2364 1811 2403 eorum

137 2445 271 2495 inter
365 2440 667 2496 memorias
739 2441 1071 2507 martyrium
1160 2439 1432 2493 celebrare
1511 2439 1804 2508 possimus.

138 2531 512 2604 Respondent
562 2528 717 2585 enim
768 2527 995 2600 legibus
1036 2527 1278 2584 sancitis
1327 2542 1427 2598 per
1463 2528 1806 2585 Clementem

1916 1905 2058 1962 Acta
2083 1904 2323 1961 concilii
2355 1904 2596 1960 Romani
2627 1910 2684 1962 et
2709 1906 2937 1963 decreta
2965 1909 3220 1978 ejusdem
3254 1912 3568 1985 pontiﬁcis,

1919 2009 2046 2067 qua:
2066 2000 2270 2051 auctor
2289 1993 2420 2050 vitae
2445 2001 2851 2051 commemorat
2873 1997 3030 2052 circa
3059 1998 3249 2069 ﬁnem,
3283 2000 3362 2056 ita
3390 2001 3573 2059 incisa

1919 2082 2158 2141 fuerunt
2188 2097 2518 2141 marmorea:
2549 2084 2761 2141 tabulae
2793 2085 2853 2141 in
2886 2085 3128 2142 basilica
3163 2089 3436 2145 Vaticana
3465 2104 3574 2146 ex-

1922 2173 2143 2244 positae,
2177 2173 2262 2229 uti
2298 2172 2572 2245 leguntur
2598 2174 2788 2230 adhuc
2828 2183 3166 2244 prmservata
3206 2184 3334 2248 post
3363 2180 3570 2236 saecula

1920 2263 2136 2332 decem,
2154 2267 2210 2318 et
2224 2261 2284 2318 in
2301 2262 2570 2333 hypogaeo
2587 2263 2842 2332 ejusdem
2862 2264 3120 2321 basilicae
3137 2267 3572 2324 custoditadili—

1920 2357 2117 2422 genter
2145 2364 2276 2406 cum
2306 2351 2530 2407 caeteris
2559 2353 2800 2408 vetustis
2821 2355 3116 2412 memoriis
3141 2355 3398 2428 antiquae
3427 2355 3578 2413 basi-

1920 2439 2048 2495 lica:
2078 2439 2322 2510 repertis
2350 2438 2460 2496 sub
2486 2439 2661 2496 Paulo
2685 2441 2909 2512 quinto.

756 2626 996 2682 PETRO.
1039 2625 1473 2683 THEOPHANO.
1512 2626 1781 2683 SERGIO.
1821 2625 2147 2682 IORDANE.
2190 2627 2335 2682 SEV.
2378 2626 2689 2684 IOHANNE

539 2698 1021 2755 ADSTANTIBVS.
1065 2697 1360 2767 QVOQVE.
1402 2698 1827 2754 DIACONIBVS.
1869 2696 2162 2754 MOSCHO.
2203 2698 2716 2758 ARCHIDIACONO

542 2769 946 2826 ZACCHARIA.
992 2767 1274 2825 IOANNE.
1316 2770 1419 2825 ΕΤ.
1461 2769 2017 2826 THEOPHYLACTO.
2073 2769 2324 2839 ATQVE.
2373 2771 2716 2828 GEMMVLO

542 2844 702 2898 VEL.
747 2841 1035 2898 CVNCTO.
1075 2841 1320 2897 CLERO.
1362 2841 1788 2900 ANTEFATVS.
1834 2841 2161 2898 DOMINVS.
2205 2842 2619 2899 GREGORIVS.
2660 2842 2925 2904 ΑΡοὸΤο

539 2913 747 2968 LICVS.
794 2913 985 2968 PAPA.
1031 2912 1247 2970 DIXIT.
1289 2913 1584 2971 REDVCO.
1623 2914 1738 2969 AD.
1777 2912 2086 2969 ANIMVM.
2140 2912 2466 2984 SCNSSIMI,
2508 2915 2822 2972 FRATRES

539 2987 685 3052 MEI,
715 2990 820 3040 etc.

144 3085 383 3156 Reliqua
435 3083 552 3156 legi
603 3087 847 3153 possunt
887 3083 1039 3154 apud
1088 3083 1415 3156 Torrigium
1465 3082 1536 3139 de
1579 3082 1809 3155 Cryptis

1918 3086 2080 3154 ptore
2126 3084 2413 3141 carentis:
2467 3084 2568 3156 qui
2620 3083 2864 3144 fortasse
2907 3093 2971 3145 ut
3015 3091 3382 3149 contraheret
3421 3092 3573 3149 Gre—

145 3173 459 3242 Vaticanis,
495 3187 621 3244 pag.
653 3169 746 3243 70,
779 3177 836 3228 et
877 3173 1029 3244 apud
1077 3172 1464 3245 Ciampinum,
1509 3173 1580 3229 de
1626 3173 1810 3230 sacris
1841 3242 1882 3252 ﬂ
1919 3171 2070 3244 gorii
2092 3173 2164 3229 III
2183 3173 2440 3244 diploma
2462 3173 2520 3229 in
2546 3173 2862 3232 breviorem
2884 3179 3134 3252 modum,
3158 3195 3337 3239 ausus
3353 3187 3440 3240 est
3465 3196 3571 3240 suo

143 3264 415 3321 aediﬁciis
451 3242 730 3334 ant—agno
757 3242 1134 3321 Constantino
1165 3242 1540 3335 constructis,
1585 3277 1710 3334 cap.
1752 3260 1807 3334 4,
1837 3242 1885 3304 C
1921 3242 2119 3333 marte,
2153 3242 2541 3335 velini-perito
2571 3265 2772 3339 aliquo
2809 3267 3083 3342 dictante,
3123 3242 3214 3328 ita
3247 3273 3573 3344 insculpere

147 3360 279 3412 sect.
321 3351 412 3425 45,
445 3367 574 3424 pag.
611 3349 733 3409 4ο4.

205 3513 297 3572 38.
333 3514 756 3587 Cognoscimus
783 3513 979 3585 itaque
1007 3515 1315 3572 Romanam
1352 3513 1664 3572 Ecclesiam
1697 3527 1810 3571 non

143 3607 414 3663 omisisse
451 3606 594 3662 Acta
639 3620 877 3662 suorum
923 3606 1286 3678 pontiﬁcum,
1331 3610 1387 3662 et
1428 3605 1810 3670 conciliorum

145 3697 488 3754 marmoreis
538 3694 759 3752 tabulis
805 3696 1167 3767 consignare,
1218 3700 1277 3755 et
1327 3696 1385 3752 in
1438 3694 1812 3752 celeberrimo

141 3786 466 3844 Christiani
495 3791 812 3842 conventus
839 3785 982 3856 loco,
1008 3786 1076 3842 ad
1101 3785 1308 3842 limina
1329 3785 1557 3841 scilicet
1579 3783 1816 3854 Aposto-

144 3878 328 3935 lorum
357 3876 589 3948 aﬁigere
618 3874 816 3933 futura
844 3876 1093 3946 posteris
1117 3877 1461 3932 documenta
1487 3879 1812 3931 nostrarum

143 3968 353 4038 legum,
403 3973 462 4022 et
505 3971 715 4035 trapaaa
763 3965 1022 4022 Victoriae
1050 3971 1251 4023 contra
1281 3965 1536 4021 devictas
1585 3964 1646 4020 in
1678 3962 1817 4020 urbe

141 4061 390 4116 aliarum
405 4056 646 4113 domina
659 4055 1027 4112 ethnicorum
1044 4052 1695 4126 superstitiones;utubi
1712 4051 1820 4108 fra-

145 4157 292 4206 trum
322 4146 625 4204 Arvalium
649 4151 706 4200 et
731 4145 1275 4214 Quindecemvirum
1300 4145 1526 4201 decreta
1554 4143 1818 4214 ritusque

146 4239 485 4311 legebantur
513 4235 586 4290 de
621 4233 881 4304 profanis
920 4233 1230 4292 sacriﬁciis
1263 4249 1364 4304 pro
1402 4233 1588 4290 salute
1623 4233 1817 4289 Caesa—

146 4344 266 4384 rum
305 4325 631 4397 quotannis
668 4324 1033 4392 renovandis,
1070 4338 1196 4395 quae
1229 4323 1400 4394 paulo
1430 4327 1562 4379 ante
1594 4323 1815 4392 produ-

145 4420 339 4474 ximus
364 4413 630 4471 numeris
650 4411 712 4467 24
745 4418 802 4468 et
824 4411 916 4484 22,
943 4413 1023 4468 ibi
1051 4413 1522 4484 conspicerentur
1545 4423 1818 4482 responsa

147 4514 481 4563 nostrorum
537 4502 872 4573 prtesulum,
924 4507 982 4558 et
1020 4501 1160 4559 Acta
1203 4501 1588 4560 conciliorum
1631 4502 1819 4558 decer-

147 4597 408 4653 nentium
447 4600 511 4649 ut
541 4593 600 4647 in
635 4592 970 4648 memoriam
1001 4597 1316 4662 martyrum
1345 4591 1564 4648 Christi
1591 4595 1646 4647 et
1673 4604 1819 4648 con-
1847 4591 1903 4654 D

145 4688 432 4743 fessarum
460 4682 663 4738 divina
710 4695 800 4736 res
829 4681 1009 4752 ﬁeret,
1042 4687 1100 4738 et
1146 4681 1454 4753 hymnodia
1483 4693 1645 4737 sacra
1675 4693 1823 4736 con-

143 4779 461 4832 cineretur.
499 4771 940 4827 Producendum
969 4776 1056 4828 est
1076 4771 1485 4828 documentum
1511 4769 1822 4841 pontiﬁciae

148 4867 288 4937 legis
310 4863 577 4934 ejusdem
601 4861 869 4932 Gregorii
896 4861 1057 4917 tertii
1078 4861 1149 4917 de
1171 4861 1535 4932 quotidianis
1561 4859 1744 4917 sacris
1769 4863 1825 4916 et

146 4955 360 5012 oblatis
405 4949 733 5008 inferendis
765 4964 943 5021 supra
971 4949 1403 5008 Confessionem
1452 4950 1601 5006 beati
1637 4948 1826 5036 Pauli,

149 5045 204 5100 in
253 5043 520 5114 ejusdem
577 5039 824 5096 basilica
875 5040 1067 5098 adhuc
1113 5039 1428 5112 spectabile
1483 5044 1709 5096 vetusto
1764 5038 1825 5094 in

149 5147 438 5191 marmore
474 5132 533 5187 in
577 5132 725 5188 hanc
755 5131 1102 5187 sententiam
1131 5131 1337 5201 inciso,
1385 5135 1560 5200 atque
1593 5128 1824 5200 vulgato

145 5240 271 5282 cum
309 5222 567 5293 reliquis
598 5221 1085 5292 inscriptionibus
1106 5219 1370 5292 antiquis
1390 5219 1649 5289 ejusdam
1673 5218 1824 5276 Basi-

148 5316 272 5371 lica:
331 5312 490 5384 typis
549 5313 793 5368 Monetae
854 5307 1025 5382 4654,
1086 5313 1298 5368 Romae.
1375 5310 1573 5366 Exstat
1646 5309 1819 5366 etiam

146 5405 294 5474 apud
345 5402 662 5458 Baronium
698 5401 758 5457 in
793 5400 902 5459 ﬁne
943 5401 1084 5460 torni
1119 5402 1190 5471 Χ,
1224 5413 1332 5470 pag
1369 5395 1513 5468 963;
1546 5397 1640 5455 sed
1687 5412 1818 5456 cum

146 5494 328 5551 editio
403 5492 640 5549 Baronii
700 5496 892 5548 errata
948 5490 1266 5561 sculptoris
1321 5488 1686 5560 expunxerit,
1763 5493 1821 5546 et

146 5585 490 5656 castigatam
557 5582 867 5640 lectionem
923 5581 1221 5640 reduxerit
1290 5578 1359 5636 ad
1421 5577 1574 5650 leges
1624 5579 1817 5636 Latini

149 5674 459 5745 sermonis,
488 5675 680 5746 placet
699 5686 832 5730 cum
855 5672 1079 5731 Moneta
1110 5671 1209 5729 hic
1231 5670 1370 5728 dare
1389 5682 1520 5727 cum
1545 5669 1820 5726 menditis

153 5767 208 5822 in
239 5777 526 5822 marmore
567 5763 723 5822 satis
762 5761 1168 5835 frequentibus
1197 5761 1266 5821 ad
1301 5760 1472 5820 ﬁdem
1504 5759 1813 5831 prototypi.

152 5855 414 5913 indicant
451 5855 612 5914 enim
663 5852 995 5912 barbariem
1034 5852 1244 5925 aetatis,
1272 5849 1626 5912 accuratiori
1657 5848 1823 5908 scul-

1919 3365 1986 3408 ac
2055 3349 2376 3409 deformare
2445 3355 2629 3410 sancti
2706 3358 2998 3427 pontiﬁcis
3073 3361 3570 3433 constitutionem,

1923 3453 2091 3510 quam
2138 3454 2251 3497 non
2298 3442 2503 3500 dubito
2554 3445 2613 3500 in
2654 3448 3012 3519 autographo
3055 3447 3236 3508 fuisse
3268 3457 3401 3522 apte
3443 3465 3574 3509 con-

1923 3529 2235 3600 scriptam;
2309 3535 2432 3588 tum
2506 3535 2646 3606 quia
2711 3535 2906 3593 Graece
2969 3551 3036 3594 ac
3100 3539 3301 3596 Latine
3367 3541 3575 3598 doctus

1921 3617 2276 3675 describitur
2317 3621 2633 3693 Gregorius
2673 3625 2747 3680 Ill
2793 3625 2852 3680 in
2897 3628 3024 3696 ejus
3070 3629 3220 3697 Vita,
3269 3634 3391 3686 tum
3436 3630 3574 3700 quia

1923 3706 2071 3777 stylo
2102 3708 2246 3764 satis
2277 3709 2438 3765 culto
2480 3711 2687 3766 nedum
2731 3715 3032 3769 emendato
3062 3715 3311 3772 dictasse
3357 3731 3578 3788 cogno-

1923 3796 2110 3852 scitur
2125 3810 2194 3852 ex
2213 3798 2339 3865 ejus
2358 3797 2643 3868 epistolis,
2667 3813 2794 3870 quae
2813 3807 3146 3873 supersunt,
3169 3805 3321 3874 apud
3345 3805 3576 3862 Binium

1925 3889 1982 3941 et
2005 3883 2292 3940 Labbeum
2321 3885 2490 3942 edita
2517 3901 2646 3944 cum
2672 3889 2965 3946 conciliis.

2072 3977 2136 4040 »Β
2171 3975 2260 4029 ΙΝ.
2287 3975 2351 4028 Ν.
2389 3976 2527 4030 DNI.
2551 3977 2640 4032 DI.
2668 3977 3108 4037 SALVATORIS.
3139 3983 3186 4039 N

2144 4045 2277 4100 IHY.
2305 4046 2445 4102 XPI.
2478 4049 2718 4104 BREVE.
2749 4051 2986 4108 FACTA.
3019 4055 3064 4110 A
3089 4055 3187 4111 ME

2142 4119 2524 4174 GREGORIO.
2556 4121 2829 4179 TERTIO.
2863 4124 3060 4179 PAPJE
3073 4167 3086 4180 .

2141 4190 2251 4265 pg.
2283 4191 2730 4265 QBLATIONES.
2764 4195 2919 4265 QVE.
2947 4197 3169 4254 OFFER

2142 4261 2252 4318 RE.
2284 4263 2669 4320 DEBENTVR.
2705 4261 2863 4321 PER.
2911 4267 3244 4327 SINGVLOS

2141 4334 2313 4389 DIES.
2348 4337 2422 4391 IN
2451 4336 2790 4393 ECCLESIA.
2819 4338 3021 4395 BEATI

2142 4405 2363 4461 PAVLI.
2399 4407 2749 4464 APOSTOLI.
2781 4410 3022 4466 STATVI

2143 4477 2334 4532 ENIM.
2367 4478 2681 4536 OFFERRI.
2714 4483 2928 4537 IDEST.
2961 4483 3036 4539 IN

2143 4549 2386 4605 PRIMA.
2417 4551 2636 4608 MISSA.
2663 4553 2774 4608 AD.
2802 4554 2939 4610 COR

2146 4620 2286 4675 PVS.
2321 4621 2663 4680 OBLATAM.
2698 4625 2913 4682 VNAM.
2943 4629 3017 4684 IN
3037 4627 3159 4686 SEC

2145 4693 2351 4747 VNDA.
2391 4694 2610 4752 MISSA.
2655 4697 2778 4753 ADs
2814 4697 2965 4754 SCM.
2999 4700 3409 4762 TIMOTHEVM

2146 4764 2489 4821 OBLATAM.
2521 4768 2734 4823 VNAM.
2766 4771 2857 4824 IN.
2888 4771 3156 4830 TERTIA.
3189 4777 3267 4830 MI

2150 4835 2291 4891 SSA.
2318 4838 2434 4893 AD.
2467 4837 2836 4896 IMAGINEM.
2860 4842 3286 4901 SALVATORIS

2151 4907 2285 4977 QVl.
2322 4909 2423 4964 ET.
2459 4910 2980 4970 APOSTOLORVM.
3013 4913 3285 4971 ouum

2151 4981 2367 5054 Vnam.
2399 4983 2486 5037 IN.
2519 4983 2817 5054 QVARTA.
2852 4985 3068 5041 MISSA.
3103 4987 3196 5040 AD

2147 5050 2346 5108 SCVM.
2373 5050 2811 5111 GREGORIVM.
2840 5055 2952 5110 AD.
2984 5057 3147 5112 IANV
3173 5056 3212 5112 S

2145 5123 2489 5182 OBLATAM.
2525 5127 2740 5183 VNAM.
2773 5127 3052 5182 DEINDE.
3087 5127 3160 5182 IN

2145 5197 2368 5252 MISSA.
2398 5198 2676 5266 QVINTA.
2705 5197 2818 5252 AD.
2845 5197 3122 5253 ALTARE

2144 5268 2434 5338 MAIORE.
2463 5268 2790 5324 OBLATAS.
2819 5267 3011 5322 DVAS.
3040 5267 3228 5338 QVOD

2143 5337 2370 5396 SIMVL.
2397 5339 2621 5394 FIVNT.
2646 5338 3053 5395 COTIDIANIS.
3070 5337 3156 5397 ’DI

2141 5409 2334 5467 EBVS.
2363 5410 2685 5466 OBLATAS.
2716 5409 2871 5465 SEX.
2899 5409 3085 5480 QVAE

2143 5481 2247 5537 AB,
2286 5481 2628 5538 ECCLESIA.
2654 5481 3016 5539 OFFERANT
3024 5485 3110 5540 VR
3135 5483 3209 5540 IN

2145 5552 2468 5610 BASILICA.
2500 5552 2653 5609 TVA.
2688 5553 2977 5610 DOMINE.
3010 5556 3192 5612 MEVS

2145 5625 2384 5698 suam.
2419 5622 2659 5698 ιζᾼῃβ.
2692 5624 3066 5686 APOSTOLE.
3105 5629 3294 5698 QVEu

2143 5696 2404 5754 BREVIS.
2431 5695 2756 5753 TITVLVM.
2781 5695 3174 5756 AVCTORITA

2143 5771 2250 5829 ΤΕ.
2279 5767 2717 5826 APOSTOLICA.
2745 5770 2944 5829 OMNI.
2971 5768 3207 5826 TEMPO

2146 5844 2259 5902 RE.
2289 5840 2803 5910 CONFIRMAMVS,
2829 5850 2940 5902 etc.
