3996 6396
437 407 511 468 79
1236 406 1333 464 AD
1367 405 1804 464 ANASTASIUM
1842 405 2357 465 PROLEGOMENA
2397 407 2576 464 EDIT.
2615 405 3047 464 ROM.-VATIC.

3779 407 3854 468 80

509 541 783 598 Constant
820 539 1017 612 itaque
1053 540 1422 595 monumenta
1463 550 1578 594 non
1625 551 1807 609 pauca
1848 549 2088 593 marmo-
2117 536 2175 598 A
2199 531 2407 590 littera
2435 534 2545 592 sub
2574 534 2820 606 Pippino
2847 538 2905 592 et
2931 533 3135 592 Carolo
3166 535 3368 606 Magno
3413 534 3850 608 reviviscerent,

442 645 570 688 rum
596 633 949 686 vetustorum
991 628 1050 684 in
1080 627 1338 685 Ecclesia
1367 628 1620 684 Romana
1651 627 1725 683 ab
1749 631 1913 683 atate
1940 625 2089 696 Hip—

440 719 617 792 polyti
675 718 944 790 martyris
991 718 1061 774 ad
1114 716 1457 789 Gregorium
1505 717 1760 784 tertium,
1817 715 1926 771 sub
1971 727 2086 786 quo

435 809 579 866 Vita
626 807 803 878 hujus
844 806 1208 863 collectionis
1252 810 1386 862 ante
1427 805 1796 862 Anastasium
1839 802 2091 860 conscri-

437 896 756 954 bebantur:
792 909 919 966 qua
945 895 1114 951 nobis
1150 893 1424 950 exhibent
1460 894 1802 950 documenta
1836 893 2086 965 genuina

433 991 490 1043 et
517 984 749 1057 publica
788 983 1048 1054 plurium
1092 987 1382 1055 gestorum
1415 983 1476 1039 in
1509 982 1780 1039 conciliis
1811 982 1962 1052 apud
1989 994 2088 1036 se-

430 1073 560 1130 dem
594 1071 969 1143 apostolicam
1002 1070 1324 1143 celebratis,
1356 1084 1425 1127 ac
1457 1071 1684 1128 decreta
1727 1081 2082 1127 summorum

432 1161 770 1234 pontiﬁcum
826 1161 1092 1232 legesque
1149 1158 1346 1218 latas:
1403 1164 1460 1216 et
1515 1163 1856 1216 enumerant
1907 1158 2084 1226 hujus

431 1249 703 1308 Ecclesia
751 1248 1110 1320 presbyteros
1147 1253 1205 1305 et
1237 1248 1532 1318 diaconos,
1559 1249 1676 1319 iqui
1721 1247 1958 1320 synodis
2003 1247 2086 1301 in-

435 1337 796 1396 terfuerunt:
829 1343 896 1395 ut
921 1337 1088 1409 plane
1116 1343 1380 1394 constare
1407 1339 1593 1408 possit
1636 1337 1907 1408 pleraque
1936 1334 2083 1391 facta

433 1429 736 1486 enuntiata
762 1427 823 1484 in
849 1426 961 1483 hoc
982 1425 1155 1483 Libro
1180 1425 1504 1484 Pontiﬁcali
1536 1427 1793 1497 potuisse
1812 1427 1929 1496 jam
1957 1429 2079 1482 tum

431 1516 712 1576 falsitatis
739 1515 1012 1589 redargui
1045 1514 1281 1587 publico
1306 1515 1660 1586 testimonio,
1693 1518 1743 1572 sl
1774 1519 1971 1571 contra
2001 1514 2081 1571 ﬁ-

428 1605 557 1664 dem
597 1605 928 1664 eorumdem
973 1609 1474 1662 monumentorum
1515 1605 1839 1675 conscripta
1868 1602 2074 1662 forent.

495 1692 586 1752 39.
619 1694 812 1751 Liceat
850 1693 947 1750 hic
991 1693 1180 1751 obiter
1210 1693 1466 1750 indicare
1497 1697 1772 1764 quantum
1801 1696 2078 1749 auctora-

427 1783 605 1841 menti
657 1783 974 1841 concilient
1023 1783 1284 1840 historia:
1347 1781 1506 1838 Libri
1556 1781 1913 1838 Pontiﬁcalis
1956 1781 2074 1838 hac

426 1877 814 1937 monumenta,
843 1887 985 1945 'qua
1009 1872 1146 1944 styli
1173 1871 1494 1928 barbariem
1533 1869 1911 1942 praseferunt
1951 1883 2074 1941 pro-
2103 1870 2157 1934 Β

425 1963 610 2034 priam
641 1961 809 2020 illius
835 1963 1044 2034 atatis,
1073 1974 1188 2032 qua
1217 1960 1326 2017 sub
1345 1960 1646 2032 Gregoriis
1673 1962 1716 2015 II
1745 1966 1800 2016 et
1829 1961 1903 2016 III
1931 1959 2073 2016 Vita

424 2050 758 2124 pontiﬁcum
805 2050 1229 2122 colligebantur
1265 2063 1334 2106 ex
1359 2049 1641 2120 catalogis
1669 2054 1726 2106 et
1763 2047 2072 2106 tabulariis

419 2146 737 2211 temporum
766 2140 1154 2210 superiorum.
1188 2138 1310 2195 Una
1341 2139 1670 2208 inscriptio,
1701 2151 1874 2209 quam
1905 2137 2070 2195 modo

420 2230 746 2300 retulimus,
776 2229 858 2284 ita
883 2229 1239 2302 negligenter
1261 2235 1461 2285 curata
1484 2229 1557 2283 ab
1581 2227 1682 2284 illo
1706 2229 1806 2299 qui
1833 2231 2072 2297 praerat

421 2318 718 2389 incisioni,
752 2318 874 2374 sive
917 2318 1183 2374 notarius
1222 2315 1420 2386 fuerit,
1451 2317 1572 2371 sive
1603 2317 1947 2386 prapositus
1978 2313 2072 2371 fa—

419 2408 614 2478 brica,
639 2409 761 2464 sive
785 2405 940 2462 alius
964 2406 1316 2461 administer
1339 2404 1617 2474 basilica,
1643 2405 1781 2484 dum
1813 2418 1913 2474 per
1941 2405 2072 2460 sin-

420 2495 588 2568 gulos
612 2493 787 2550 ferme
813 2506 1016 2549 versus
1043 2493 1103 2547 in
1131 2491 1360 2563 regulas
1385 2492 1786 2563 grammatices
1811 2490 2072 2562 frequen-

419 2590 506 2640 ter
560 2587 618 2638 et
669 2581 920 2653 graviter
977 2586 1191 2650 peccat,
1247 2579 1438 2636 vivum
1495 2579 1744 2636 colorem
1795 2579 2070 2648 exprimit

420 2670 677 2728 infelicis
721 2669 888 2725 illius
933 2669 1157 2724 atatis:
1212 2681 1384 2739 quam
1438 2667 1795 2739 Langobardi
1840 2668 2069 2725 duobus

417 2759 593 2817 ferme
630 2758 862 2815 saculis
902 2757 1321 2814 dominationis
1372 2759 1431 2814 in
1479 2758 1647 2815 Italia
1693 2757 1937 2829 expletis
1987 2759 2066 2816 ita

417 2849 698 2920 hospitem
729 2848 1032 2904 eﬁecerant
1064 2848 1281 2904 Latina
1311 2847 1646 2920 locutionis,
1691 2853 1772 2914 ut.
1792 2849 2064 2906 Actorum

413 2939 779 3012 publicorum
817 2942 1166 3008 exceptores,
1212 2941 1276 2994 ut
1318 2951 1513 3010 regum
1561 2937 1817 3008 ipsorum
1849 2939 2062 2995 notarii
2176 2979 2191 3012 .

411 3044 478 3087 ac
506 3029 893 3099 diplomatum‘
911 3026 1174 3099 magistri
1201 3027 1390 3083 nihilo
1415 3028 1735 3085 correctius
1753 3027 2058 3084 distarent.

409 3117 744 3189 Exemplum
763 3116 911 3172 dabo
937 3129 1006 3171 ex
1033 3115 1322 3173 tabulario
1351 3118 1689 3173 monasterii
1713 3117 1852 3173 olim
1878 3117 2063 3174 Salva-

409 3209 555 3268 toris
579 3205 773 3278 titulo,
803 3219 958 3262 nunc
997 3206 1059 3262 S.
1092 3204 1259 3262 Julia
1287 3206 1628 3277 nuncupati,
1667 3207 1878 3262 Brixia
1917 3205 2060 3264 fun-

401 3301 536 3356 dato
563 3311 662 3369 per
683 3296 894 3353 Ansam
927 3295 1204 3367 reginam,
1233 3295 1387 3368 regis
1411 3297 1698 3354 Desiderii
1724 3298 2047 3372 conjugem,

403 3395 460 3446 et
481 3385 754 3446 Adelchis
777 3385 896 3442 sive
923 3384 1183 3456 Adelgisi
1217 3390 1472 3442 matrem.

432 3531 442 3538 ,
473 3472 564 3534 40.
594 3477 675 3532 Ex
699 3474 1076 3547 autographis
1098 3474 1376 3544 exscripsi
1409 3475 1644 3532 exordia
1669 3480 1724 3532 et
1749 3476 2047 3549 subsigna-

399 3567 614 3624 tionem
635 3565 883 3622 duorum
901 3563 1306 3635 diplomatum,
1331 3578 1456 3634 qua
1480 3563 1560 3620 ita
1583 3565 2044 3635 perscribuntur.

402 3657 659 3712 Primum
685 3657 904 3725 spectat
927 3652 996 3708 ad
1024 3665 1241 3710 annum
1270 3666 1398 3708 ara
1421 3653 1640 3710 Christi
1669 3651 1796 3710 774.

398 3823 410 3838 .
496 3820 512 3836 .
589 3820 605 3835 .
685 3821 698 3835 .
773 3781 894 3834 rius
917 3777 1026 3848 (Fl.
1068 3777 1425 3850 Desiderius)
1451 3780 1540 3832 vir
1567 3779 1752 3834 emcell.
1787 3796 1904 3835 rem.
1942 3782 2054 3837 Mo-

397 3854 640 3910 nasterio
667 3853 778 3906 Dni
811 3855 864 3905 et
905 3851 1277 3920 Redemptoris
1313 3853 1492 3904 nostri
1519 3853 1624 3906 sito
1651 3854 1805 3906 intra
1833 3854 2055 3908 civitate

398 3929 587 3980 nostra
619 3923 898 3992 briaiana,
933 3936 1100 3990 quam
1142 3936 1238 3974 nos
1273 3922 1386 3990 Xpo
1404 3922 1640 3990 juvante
1673 3939 1786 3978 una
1813 3939 1934 3978 cum
1956 3941 2056 3979 re-

399 3995 777 4051 verentissima
797 3993 1025 4060 conjuge
1050 3997 1238 4045 nostra
1257 4007 1395 4046 ansa
1419 3995 1613 4061 regina
1633 3994 1709 4047 ad
1727 3996 2058 4060 fundamen-

401 4069 471 4121 tis
509 4065 913 4119 construaimus
943 4068 994 4116 et
1032 4067 1242 4117 sacrate
1271 4063 1470 4118 damna
1513 4065 1831 4133 anselperge
1874 4067 2057 4120 abba-

404 4139 530 4192 tisse
573 4135 782 4190 dilecta
825 4135 954 4203 ﬁlia
1000 4137 1198 4188 nostra
1245 4134 1495 4189 detulisti
1540 4137 1852 4191 excellentis
1901 4139 2060 4205 regni

399 4212 584 4264 nostra
613 4222 671 4260 eo
702 4207 850 4275 quod
878 4206 1361 4260 excellentissimus
1386 4207 1629 4260 adelchis
1659 4223 1760 4260 rex
1785 4209 1935 4276 ﬁlius
1963 4225 2058 4262 no-

400 4285 512 4334 ster
535 4291 828 4346 germanus
858 4281 985 4331 tuus
1014 4281 1178 4346 atque
1207 4278 1448 4346 gloriosa
1473 4276 1678 4344 conjua:
1703 4284 1891 4333 nostra
1916 4295 2056 4335 ansa

401 4353 594 4418 regina
619 4351 864 4418 genitria:
892 4353 989 4403 tua
1017 4349 1336 4403 contulisset
1357 4363 1460 4417 per
1479 4354 1766 4417 preceptas
1797 4351 2056 4405 domina-

401 4424 564 4478 tionis
592 4422 828 4488 singulis
857 4421 1020 4474 rebus
1045 4421 1106 4492 in
1129 4421 1247 4489 ipso
1277 4423 1466 4492 sancto
1490 4423 1819 4492 monasterio
1849 4425 1906 4476 in
1935 4425 2057 4492 ﬁni-

402 4495 500 4548 bus
525 4495 728 4547 nostris
756 4493 965 4545 austrie
993 4491 1079 4543 vel
1105 4491 1346 4544 neustrie
1371 4489 1577 4559 Spoleti
1605 4496 1655 4545 et
1685 4495 1852 4548 tuscie
1878 4489 2056 4549 curtes

2200 638 2328 694 qua
2376 625 2700 696 irruptione
2728 626 3140 682 Saracenorum
3171 625 3345 681 etiam
3392 624 3476 681 ibi
3516 624 3853 683 deformata

2198 725 2265 768 ac
2307 711 2484 770 ferme
2524 714 2724 771 deleta
2765 714 3014 782 fuerant,
3045 718 3112 771 ut
3142 712 3292 770 infra
3337 713 3490 786 leges
3518 715 3576 770 in
3615 717 3744 772 Vita
3789 717 3846 772 S.

2197 801 2486 874 Gregorii,
2521 817 2678 861 num.
2725 802 2846 870 482,
2879 809 2938 860 et
2980 804 3459 875 quemadmodum
3494 805 3553 860 in
3593 805 3851 862 Historia

2196 891 2545 948 Massiliensi
2567 893 2828 964 deplorat
2853 893 3055 950 Ruﬁus
3080 893 3182 948 lib.
3214 907 3296 962 χι,
3320 907 3445 963 cap.
3476 892 3526 964 l,
3554 893 3850 964 proferens

2195 980 2555 1051 epitaphium
2577 983 2835 1039 Eusebia
2861 982 3324 1039 sanctimonialis
3348 984 3403 1038 S.
3433 983 3682 1053 Cyriaci,
3715 997 3843 1056 pag.

2198 1065 2320 1136 428,
2344 1084 2514 1140 quam
2541 1071 2823 1142 virginem
2855 1085 2980 1142 pag.
3007 1069 3079 1126 58
3101 1085 3168 1126 ex
3192 1071 3456 1142 antiquis
3478 1071 3848 1129 documentis

2196 1157 2398 1228 probat
2425 1173 2553 1215 cum
2585 1161 2724 1217 aliis
2755 1161 3021 1216 undecim
3053 1161 3236 1216 sacris
3266 1159 3596 1232 virginibus
3627 1161 3846 1232 quibus

2195 1251 2434 1316 praerat
2454 1261 2514 1304 se
2533 1247 2884 1305 deformasse
2906 1250 3132 1306 narium
3159 1249 3534 1318 abscissione,
3561 1263 3630 1305 ne
3649 1263 3681 1306 a
3703 1250 3845 1306 bar-

2192 1332 2352 1390 baris
2374 1335 2708 1408 violaretur,
2743 1338 2844 1408 qui
2878 1338 3032 1393 circa
3057 1350 3240 1394 annos
3261 1333 3369 1392 7'25
3392 1342 3449 1392 et
3476 1334 3605 1406 730,
3641 1351 3845 1408 nempe

2189 1427 2352 1479 atate
2380 1425 2436 1480 S.
2469 1426 2734 1497 Gregorii
2785 1428 2832 1482 II
2869 1431 2925 1482 et
2966 1427 3058 1496 lll,
3109 1426 3466 1482 Provinciam
3517 1427 3842 1483 vastabant.

2189 1512 2560 1584 Epitaphium
2593 1513 2784 1572 nihilo
2827 1514 3168 1572 melioribus
3198 1515 3584 1588 grammatica
3614 1515 3846 1586 legibus

2189 1599 2270 1658 ita
2312 1601 2527 1674 legitur
2558 1603 2829 1660 incisum.

2290 1739 2342 1782 Ρ.
2374 1740 2466 1783 HIC
2488 1741 2808 1791 REQVIBSCIT
2834 1743 2890 1785 IN
2921 1742 3084 1786 PASSB
3113 1742 3343 1787 EVSBBIA
3372 1742 3660 1788 RBLIGIOSA

2290 1829 2474 1874 IAGNA
2495 1831 2739 1875 ΔΝρειιΔ
2765 1832 2861 1874 DNI

2288 1919 2379 1969 QVI
2407 1919 2465 1962 IN
2491 1919 2706 1964 SECULO
2734 1921 2802 1964 AB
2829 1921 3117 1965 BENEVNTE
3142 1921 3310 1966 ΕΤΑΤΕ
3341 1923 3442 1965 SVA
3465 1921 3622 1966 VIXIT

2290 2007 2595 2053 εεαοιιιιεε
2615 2010 2797 2053 ANNUS
2819 2011 2952 2054 XIII.
2980 2010 3046 2054 ET
3071 2010 3160 2054 VBI
3192 2013 3226 2054 Α
3247 2011 3352 2054 Ι)Νο

2286 2097 2486 2142 ειεση
2510 2098 2606 2142 EST
2632 2099 2690 2142 IN
2719 2099 3062 2144 IONASTERIO
3087 2099 3406 2144 SANCI'ORVI
3435 2097 3614 2143 CYRICI

2285 2186 2554 2231 SBRVIVE’I‘
2582 2189 2765 2232 ANNVS
2792 2190 3210 2240 OVINQVAGBNTA
3247 2189 3513 2233 RECESSET
3550 2187 3650 2232 SVB

2285 2275 2377 2319 DIE
2399 2276 2587 2320 PRIDIE
2610 2279 2769 2321 ΚΛΜ).
2799 2279 3058 2322 OCTOBBIS
3092 2277 3403 2322 INDICTIONE
3429 2279 3604 2323 SEXTA

2177 2367 2364 2424 Aliam
2393 2384 2620 2441 quoque
2651 2371 2868 2442 profert
2891 2386 3016 2444 pag.
3051 2371 3122 2428 55
3151 2373 3406 2442 ejusdem
3435 2373 3596 2445 styli.

2247 2456 2397 2526 Quin
2438 2459 2610 2514 etiam
2657 2460 2717 2515 in
2751 2461 2908 2533 regia
2941 2462 3066 2531 ipsa
3115 2461 3465 2518 Francorum
3514 2463 3840 2533 diplomata

2180 2545 2334 2616 regis
2344 2546 2626 2603 Chlotarii
2643 2549 2882 2605 secundi
2895 2554 3135 2620 autogra
3145 2549 3488 2619 pha,cortici
3505 2565 3602 2606 seu
3619 2566 3844 2622 papyro

2176 2635 2534 2707 consignata,
2563 2635 2837 2709 leguntur
2861 2639 3017 2694 edita
3047 2637 3119 2694 ab
3144 2638 3295 2694 adm.
3332 2652 3446 2695 rev.
3481 2640 3645 2694 Patre
3675 2641 3846 2698 Feli-

2141 2722 2310 2780 ‘bien
2360 2725 2420 2781 in
2461 2726 2717 2783 Historia
2757 2727 3003 2784 abbatia
3050 2729 3104 2784 S.
3158 2728 3444 2800 Dionysii,
3494 2728 3575 2785 ita
3613 2728 3841 2788 dictata

2174 2811 2330 2870 circa
2357 2827 2572 2872 annum
2601 2816 2820 2872 Christi
2851 2815 2980 2873 620.

2273 2979 2288 2994 .
2368 2979 2382 2994 .
2465 2981 2478 2994 .
2555 2943 2690 2996 viris
2765 2943 3093 2998 inlustribus
3173 2941 3540 3012 Chrodegario
3620 2983 3633 2997 .
3715 2985 3728 2997 .
3818 2986 3833 3000 .

2171 3011 2312 3064 iente
2334 3028 2436 3080 per
2463 3012 2804 3067 baselecabus
2835 3015 2900 3068 de
2919 3017 3032 3069 suis
3054 3017 3298 3086 prapriis
3323 3011 3692 3082 faseltatebus
3720 3032 3832 3086 per

2171 3085 2479 3157 testamenti
2494 3087 2759 3153 paginam
2787 3087 3018 3140 voluerit
3050 3085 3298 3154 legaliter
3327 3087 3570 3154 delegari
3592 3103 3694 3157 per
3720 3085 3836 3141 no—

2168 3155 2299 3208 stris
2334 3155 2776 3210 authoretatebus
2821 3163 3198 3212 testamentum
3276 3197 3290 3211 .
3371 3199 3379 3209 .
3462 3155 3645 3212 noster
3672 3160 3836 3213 Dodo

2163 3224 2326 3278 Abba
2348 3226 2414 3280 de
2436 3227 2718 3281 Baselecas
2746 3231 2941 3284 Domni
2962 3231 3238 3284 Dioninsii
3269 3229 3562 3284 Martheris
3583 3231 3834 3298 peculia-

2163 3311 2248 3349 .es
2268 3300 2496 3366 patroni
2523 3301 2700 3352 nostri
2727 3305 2822 3354 etc.
2859 3301 3240 3354 Chlotacarius
3274 3303 3347 3355 im
3379 3302 3582 3360 Christi
3607 3303 3838 3356 nomine

2193 3383 2260 3422 ea
2283 3369 2422 3424 hanc
2440 3373 2859 3440 praeceptionem
2885 3373 3207 3442 subscripsi.

2253 3475 2311 3530 Si
2342 3475 2478 3547 quis
2507 3490 2638 3532 vero
2666 3477 2866 3549 cupiat
2894 3477 3216 3534 barbariem
3245 3479 3570 3536 earumdem
3595 3484 3833 3538 atatum

2171 3565 2550 3636 contemplari
2582 3567 2754 3622 etiam
2780 3568 2839 3624 in
2867 3567 3138 3624 brevibus
3167 3568 3674 3642 inscriptionibus,
3704 3575 3832 3627 tum

2159 3654 2436 3724 temporis
2457 3655 2668 3724 positis
2697 3656 2849 3712 intra
2877 3657 3017 3714 ﬁnes
3041 3657 3240 3728 Italia,
3273 3657 3554 3728 proferam
3578 3672 3646 3715 ex
3678 3660 3826 3714 Pan-

2163 3742 2323 3799 vinlo
2352 3742 2639 3815 Antiquit.
2689 3747 3104 3802 Veronensium
3137 3746 3240 3802 lib.
3274 3761 3326 3817 v,
3376 3761 3498 3816 cap.
3539 3743 3623 3817 il,
3665 3752 3724 3802 et
3753 3761 3828 3803 ex

2165 3845 2312 3888 com.
2346 3833 2643 3890 Moscardo
2669 3834 2939 3892 Historia
2968 3837 3315 3891 Veronensis
3340 3835 3445 3890 lib.
3469 3848 3548 3905 v1,
3580 3848 3706 3907 pag.
3731 3832 3832 3903 70,

2164 3920 2535 3992 epigraphen,
2565 3921 2810 3979 incisam
2842 3923 3181 3994 columella,
3216 3923 3355 3978 olim
3384 3922 3493 3978 sub
3523 3937 3622 3978 ara
3648 3925 3831 3980 maxi-

2166 4022 2276 4080 ma,
2312 4022 2465 4065 nunc
2488 4010 2547 4064 in
2569 4022 2668 4065 ara
2698 4010 2922 4066 laterali
2947 4010 3204 4066 ecclesia
3227 4011 3282 4064 S.
3316 4011 3551 4080 Georgii
3579 4011 3642 4064 in
3668 4011 3836 4068 Valle

2166 4097 2460 4154 Pollicella
2490 4099 2560 4154 ad
2594 4099 2994 4155 sustinendam
3027 4099 3234 4155 altaris
3266 4112 3513 4154 mensam
3543 4112 3676 4156 cum
3708 4101 3834 4156 tri—

2167 4184 2276 4242 bus
2298 4185 2596 4242 similibus
2615 4187 2928 4244 collocata.
2950 4188 3235 4258 Epocham
3261 4187 3571 4244 incisionis
3595 4193 3652 4245 et
3677 4195 3834 4246 stru-

2167 4280 2346 4330 ctura
2395 4274 2564 4331 nohis
2593 4275 2826 4334 exhibet
2869 4275 2976 4334 sub
3011 4291 3138 4348 rege
3167 4276 3548 4350 Luitprando,
3600 4278 3707 4334 hoc
3738 4288 3832 4335 est

2170 4365 2341 4436 paulo
2371 4369 2504 4422 ante
2531 4379 2745 4423 annum
2773 4367 2994 4424 Christi
3025 4363 3148 4423 743.

2237 4458 2360 4512 Non
2383 4455 2661 4528 gravabor
2681 4457 2828 4514 hanc
2848 4457 3311 4530 inscriptionem,
3334 4457 3469 4516 licet
3487 4473 3520 4516 a
3543 4458 3826 4518 Panvinio

399 4544 914 4620 cumnmassaritias
958 4566 1056 4632 etc.
1103 4562 1312 4630 Scripsi
1354 4544 1448 4628 ego
1493 4544 1646 4632 petra
1688 4544 2055 4620 stiti-abbas

2191 4552 2224 4602 :t
2246 4561 2279 4603 a
2300 4547 2594 4605 Moscardo
2623 4549 2856 4619 editam,
2888 4548 3096 4605 iterum
3125 4550 3277 4622 typis
3296 4550 3453 4616 dare,
3477 4563 3608 4606 cum
3632 4549 3820 4607 videri

401 4636 592 4691 breaia
621 4633 710 4687 die
732 4633 934 4686 mensis
954 4631 1096 4700 julii
1118 4647 1266 4686 anno
1293 4633 1586 4702 filicissimi
1613 4649 1766 4703 regn.
1847 4677 1861 4692 .
1942 4679 1954 4691 .
2037 4678 2050 4692 .

393 4723 498 4778 per
525 4705 719 4760 indici.
748 4705 872 4758 viiii
901 4703 998 4772 fel.

471 4813 749 4886 Sequitur
797 4809 1046 4868 alterum
1089 4808 1348 4881 diploma
1393 4811 1690 4883 pertinens
1722 4811 1792 4870 ad
1839 4827 2054 4874 annum

399 4901 524 4962 772.

404 5013 625 5068 Flavius
655 5009 896 5065 adelchis
925 5009 1014 5062 uir
1040 5007 1226 5063 eacell.
1260 5023 1362 5062 rea:
1403 5009 1733 5064 Monasterio
1774 5013 1884 5066 Dni
1923 5012 2058 5068 Sal—

403 5085 609 5137 uatoris
653 5085 760 5137 sito
788 5083 848 5135 in
877 5082 1099 5135 civitate
1141 5080 1401 5134 briaiana
1429 5081 1577 5150 quod
1606 5081 1805 5136 damna
1839 5085 2056 5153 precet—

408 5155 707 5208 lentissima
747 5169 887 5207 ansa
927 5155 1122 5220 regina
1161 5154 1405 5219 genitria:
1449 5157 1638 5206 nostra
1669 5158 1720 5207 et
1765 5155 1944 5210 dicate
1987 5156 2058 5210 do

406 5225 727 5294 anselperga
774 5225 1050 5279 abbatisse
1095 5224 1290 5278 dilecte
1325 5239 1579 5291 germane
1619 5230 1800 5280 nostre
1842 5232 1940 5281 etc.
1991 5243 2059 5282 ea:

411 5295 554 5350 dicto
573 5296 758 5348 damni
777 5297 918 5361 regis
941 5311 1040 5366 pro
1061 5296 1301 5350 advaldo
1323 5299 1546 5350 notariu
1567 5311 1636 5350 ea:
1655 5299 1830 5366 ipsius
1853 5299 2056 5354 dictata

412 5368 608 5434 scripsi
631 5380 724 5432 ego
743 5367 1014 5420 ermoalde
1035 5369 1251 5421 notario
1272 5367 1368 5434 fel.
1396 5372 1516 5421 acto
1545 5371 1764 5422 civitate
1783 5372 1843 5424 in
1867 5371 2057 5424 breaia

411 5437 700 5512 undecima
723 5436 810 5489 die
837 5439 1036 5512 mensis
1077 5439 1356 5512 novembri
1395 5455 1541 5493 anno
1570 5441 1876 5507 felicissimi
1899 5443 2058 5512 regni

411 5509 588 5564 nostri
625 5508 687 5560 in
714 5509 928 5562 nomine
958 5509 1359 5578 quartodecimo
1382 5527 1426 5581 p
1451 5511 1623 5566 indic.
1653 5515 1825 5568 mima.

485 5609 575 5671 44.
607 5614 668 5668 In
709 5611 896 5668 Gallis
935 5612 1130 5670 eodem
1173 5615 1384 5672 saculo
1414 5625 1472 5673 et
1517 5618 1808 5688 superiori
1858 5634 2056 5694 regum

413 5703 728 5777 diplomata
744 5714 865 5758 com
874 5700 1239 5772 pluranibilo
1254 5703 1487 5763 felicius
1499 5707 1716 5767 dictata
1729 5709 1885 5780 leges
1902 5712 2055 5784 apud

415 5796 480 5852 ιι.
507 5794 565 5851 Ρ.
600 5789 1000 5854 Mabillonium
1024 5791 1095 5848 de
1124 5793 1203 5850 Re
1227 5793 1603 5865 diplomatica
1632 5797 1737 5855 lib.
1767 5811 1848 5871 vr,
1875 5799 2056 5860 donec

2166 4637 2350 4708 possit
2380 4637 2614 4694 illorum
2655 4639 2848 4694 neutri
2893 4643 3165 4708 spectata,
3215 4639 3308 4695 sed
3353 4639 3603 4695 aliorum
3647 4651 3822 4709 opera

2166 4725 2363 4781 minus
2375 4725 2644 4797 diligenti
2665 4727 3030 4797 transcripta.
3051 4727 3193 4783 Mihi
3214 4741 3344 4784 vero
3361 4741 3488 4783 cum
3509 4727 3825 4798 contigerit

2165 4825 2312 4870 com.
2343 4813 2666 4870 Ottolinum
2712 4814 2956 4871 Ottolini
3003 4817 3220 4886 optime
3249 4816 3321 4872 de
3349 4816 3566 4872 studiis
3596 4817 3820 4872 nostris

2168 4903 2436 4960 meritum
2473 4917 2693 4976 rogare,
2728 4908 2792 4960 ut
2812 4905 3017 4960 charta
3059 4905 3380 4962 humectata
3411 4905 3683 4961 marmori
3709 4917 3823 4975 ap—

2166 4992 2500 5063 plicaretur,
2523 4998 2580 5050 et
2598 4991 2993 5050 characterum
3011 4995 3224 5050 ductus
3241 4995 3459 5066 singuli
3482 4993 3823 5050 ﬁdelissime

2165 5083 2660 5154 exprimerentur;
2696 5084 2748 5140 is
2779 5097 2880 5154 pro
2911 5084 3198 5155 singulari
3227 5097 3340 5154 qua
3371 5089 3604 5154 prastat
3627 5084 3824 5140 erudi-

2165 5172 2343 5243 tione,
2376 5180 2431 5230 et
2459 5185 2598 5230 cura
2625 5186 2795 5245 quam
2828 5172 3066 5229 adhibet
3094 5174 3154 5228 in
3183 5173 3516 5230 excolendis
3543 5174 3602 5229 in
3628 5174 3820 5244 patria

2166 5274 2270 5318 nos
2315 5261 2682 5333 gravioribus
2739 5261 3099 5334 disciplinis,
3172 5263 3548 5334 historiaque
3613 5262 3817 5322 ﬁrma-

2169 5349 2377 5406 mentis
2403 5350 2793 5422 illustrandis,
2826 5351 2885 5406 in
2913 5365 2974 5407 se
3000 5352 3218 5422 recepit
3239 5357 3302 5408 ut
3329 5352 3540 5407 editam
3571 5351 3644 5407 ab
3667 5358 3820 5410 utro-

2167 5453 2278 5509 que
2295 5437 2572 5495 historico
2589 5439 2941 5512 epigraphen
2955 5453 3024 5496 ex
3043 5446 3283 5512 autogra
3293 5441 3403 5511 pho
3423 5441 3503 5496 ita
3523 5449 3814 5512 exceptam

2164 5527 2234 5583 ad
2259 5540 2346 5583 me
2363 5528 2797 5601 transmitteret,
2817 5534 2873 5586 et
2893 5529 3212 5586 columella
3227 5530 3471 5586 alterius
3489 5531 3822 5603 inscriptio-

2166 5630 2294 5674 nem
2340 5619 2556 5688 pariter
2582 5619 2767 5690 daret,
2799 5620 3100 5690 Panvinio,
3127 5625 3185 5675 et
3212 5621 3509 5677 Moscardo
3553 5635 3665 5677 non
3709 5622 3822 5680 ob—

2166 5714 2465 5770 servatam.
2487 5710 2550 5764 In
2576 5713 2824 5781 utraque
2840 5709 3135 5766 attendere
3155 5713 3389 5780 prastat
3409 5710 3634 5768 litteras
3653 5725 3818 5770 com-

2167 5801 2362 5874 plures
2381 5799 2452 5857 ad
2472 5799 2658 5856 Graci
2678 5797 2971 5870 alphabeti
2999 5797 3240 5858 formam
3267 5799 3504 5874 incisas,
3529 5801 3818 5874 pracipue
