3996 6424
163 420 226 480 84
1708 420 2089 479 ΡΒΕΕΑΤΙΟ.
3539 424 3614 484 82

162 545 227 601 D.
251 549 311 602 et
335 548 397 604 L.
431 547 601 607 Prior
632 549 830 621 itaque
853 546 1161 620 inscriptio
1184 560 1218 604 a
1239 545 1495 604 laudatis
1518 544 1837 618 scriptori—
1862 553 1917 615 A
1947 561 2121 620 quam
2164 547 2456 619 principes
2493 546 2853 620 Langobardi
2900 548 3300 619 possederunt,
3340 547 3608 620 Capuana

162 635 272 694 bus
298 639 548 712 vulgata
579 640 718 696 talis
746 643 833 697 est
862 658 876 695 :

489 732 533 800 -ί-
564 732 638 787 IN
667 732 716 786 N
746 732 865 786 ΔΝΙ
895 730 1012 786 IHV
1040 729 1162 785 XPI
1190 728 1279 785 ΔΕ
1310 726 1516 785 AONIS

492 803 598 858 SCl
638 803 986 857 IVHANNES

495 874 845 929 BAPTESTE
876 874 991 928 ΕΔΙ

496 945 779 1001 FICATVS
808 945 931 1001 EST
959 943 1141 1001 HANC

490 1016 810 1072 CIVORIVS
851 1017 976 1072 SVB
1010 1012 1337 1072 TEMPORE

493 1088 766 1144 AOMINO
795 1087 1065 1144 NOSTRO

490 1158 883 1215 AIOPRANDO
920 1159 1105 1216 REGE

491 1231 583 1287 ET
614 1232 701 1286 VB
731 1231 1051 1286 PATERNO

493 1302 807 1358 AOMNICO
845 1299 1190 1358 EPESCOPO

491 1375 579 1429 ET
608 1373 953 1430 COSTODES
982 1374 1133 1429 EIVS

491 1444 586 1502 νγ
614 1444 986 1501 ἮΔΑΑΙΑΝΟ
1016 1446 1101 1500 ΕΤ

491 1517 769 1573 TANCOR
802 1517 1042 1572 PRBRIS

490 1588 580 1644 ET
610 1588 742 1644 ΗΒΕ
744 1587 846 1643 ΟΛ
874 1586 1255 1644 GASTAAAIO

498 1658 873 1716 GONAEAME
904 1660 1229 1715 lNDIGNVS

494 1729 884 1787 AIACONNVS
912 1731 1166 1787 SCRIPSI

488 1821 556 1875 In
586 1822 802 1875 nomine
830 1822 940 1874 Dni
976 1823 1095 1876 Iesu
1122 1821 1226 1876 Xvi
1253 1819 1320 1875 de
1350 1818 1511 1874 donis

492 1893 685 1948 Sancti
727 1893 989 1949 Iohannis

487 1965 755 2033 Baptista
783 1965 926 2018 adi—

486 2039 712 2105 ﬁcatum
742 2040 820 2089 est
851 2036 947 2105 hoc

488 2103 763 2162 cibarium
790 2106 890 2159 sub
919 2103 1202 2175 (tempore)

487 2179 724 2234 Domino
755 2181 940 2230 nostro

494 2248 841 2318 Luitprando
869 2250 1009 2314 Rege

484 2322 559 2374 Et
594 2320 908 2375 Venerabili
934 2320 1170 2374 Paterno

484 2392 749 2446 Domnico
778 2392 1043 2460 EpiscOpo

487 2468 539 2517 et
569 2462 889 2517 custodibus
922 2462 1042 2529 ejus

491 2534 914 2590 Venerabilibus
944 2535 1091 2589 Viris
1128 2532 1408 2589 Vitaliano
1437 2536 1489 2586 et

490 2609 704 2661 Tancor
736 2606 1074 2673 Presbyteris

483 2683 535 2732 et
563 2678 724 2744 Refol
753 2676 1059 2732 Gastaldio.

482 2748 777 2805 Gondelme
810 2749 1074 2815 indignus

482 2823 759 2876 Diaconus
784 2822 997 2890 scripsi.

220 2912 281 2967 In
305 2909 428 2967 alia
456 2908 726 2966 columna
746 2921 816 2965 ex
838 2914 1089 2980 quatuor
1110 2908 1409 2965 memorati
1432 2906 1639 2965 altaris
1659 2918 1828 2989 men-

154 3014 269 3056 sam
306 2999 749 3057 sustinentibus
797 2999 1069 3071 leguntur
1107 2999 1342 3055 nomina
1372 2999 1499 3055 Ursi
1534 2994 1824 3069 magistri,

154 3092 397 3161 ejusque
437 3089 891 3160 discipulorum,
941 3104 1041 3159 per
1081 3103 1229 3162 quos
1272 3093 1570 3146 structura
1608 3085 1822 3143 ciborii

157 3180 559 3253 peragebatur.
608 3180 979 3251 Pr0perantis
1010 3179 1155 3250 preli
1202 3178 1514 3235 necessitas
1555 3176 1824 3249 prohibet

153 3283 217 3326 ne
240 3271 617 3343 singularum
642 3270 969 3326 litterarum
993 3269 1291 3325 barbaram
1315 3268 1555 3325 formam
1577 3265 1729 3325 fusis
1747 3264 1817 3323 ad

150 3360 489 3417 earumdem
524 3360 820 3431 exemplar
848 3358 1288 3417 characteribus
1320 3359 1637 3416 imitemur.

514 3451 732 3506 VRSVS
760 3451 1127 3507 MAGESTER

510 3522 657 3578 CVM
691 3523 827 3577 AISC
837 3521 1076 3577 EPOAIS

512 3594 661 3650 SVIS
692 3593 1068 3649 IVVENTINO

514 3666 603 3721 ET
636 3664 922 3721 IVVIANO
960 3666 1079 3722 ΕΔΙ

514 3736 806 3793 FICAVET
844 3735 1026 3793 HANC

509 3808 625 3864 CIV
627 3806 851 3865 ORIVM

514 3879 915 3937 VIRGONAVS

510 3950 831 4008 TEGOAAA

518 4024 781 4081 FOSCAR

485 4115 663 4169 Vrsus
696 4114 960 4181 magister

476 4200 601 4241 cum
639 4184 927 4255 discipulis

478 4259 597 4312 suis
634 4259 923 4311 Iuventino

475 4333 529 4383 et
556 4330 785 4383 Ioviano
813 4327 944 4383 adi-

476 4402 663 4469 ﬁcavit
696 4400 795 4454 hoc

472 4472 741 4525 cibarium

476 4542 829 4599 Verecundus

478 4615 718 4682 Tegodal
751 4614 862 4683 (vel
902 4614 1197 4685 Theobald)

476 4687 697 4750 Foscar,
732 4693 842 4742 etc.

211 4780 449 4835 Possem
468 4782 527 4833 et
540 4790 611 4833 ex
631 4774 979 4833 Insubribus
1000 4774 1502 4849 Langobardorum
1522 4775 1815 4847 diploma-

143 4869 303 4926 tibus
333 4867 606 4924 eumdem
638 4866 853 4938 stylum
883 4866 1219 4924 ostendere:
1251 4880 1496 4939 quorum
1527 4865 1817 4937 specimen

144 4959 220 5014 sit
242 4957 495 5014 donatio
522 4956 852 5026 TheOperti,
888 4970 987 5027 per
1016 4969 1189 5029 quam
1218 4955 1270 5012 is
1301 4955 1557 5013 basilica
1585 4955 1639 5012 S.
1675 4955 1820 5011 Am-

147 5048 330 5104 brosii
360 5046 559 5102 omnia
582 5046 731 5102 bona
754 5059 857 5103 sua
882 5045 1120 5103 mobilia
1140 5050 1197 5102 et
1218 5045 1542 5103 immobilia
1569 5045 1819 5117 largitur

141 5150 295 5194 anno
328 5135 637 5207 trigesimo
682 5135 1024 5205 Luitprandi
1058 5136 1234 5209 regis,
1268 5134 1594 5205 Ildeprandi
1625 5140 1816 5191 autem

142 5227 213 5282 ab
241 5227 373 5297 ipso
403 5225 690 5296 assumpti
720 5225 781 5281 in
806 5226 1165 5282 consortium
1188 5226 1349 5298 regni
1370 5238 1521 5281 anno
1548 5224 1815 5297 septimo,

145 5316 254 5374 sub
289 5316 393 5373 die
423 5321 627 5373 octavo
670 5316 807 5372 Idus
834 5315 1035 5386 Maias,
1072 5315 1395 5372 indictione
1433 5326 1539 5370 xm
1580 5313 1814 5386 (Christi

142 5402 286 5479 7w),
331 5411 574 5478 rogante
612 5403 879 5462 Protasio
920 5405 1167 5461 notario.
1216 5404 1354 5474 Ejus
1392 5405 1814 5476 autographum

147 5496 205 5553 in
234 5495 434 5553 eadem
476 5493 725 5551 basilica
757 5499 1113 5551 asservatum
1157 5491 1376 5549 indicat
1411 5493 1569 5550 Joan.
1614 5494 1817 5551 Petrus

146 5584 465 5643 Paricellus
488 5584 549 5641 in
580 5582 975 5641 Monumentis
997 5581 1393 5641 Ambrosiana
1417 5581 1676 5641 basilica
1693 5584 1818 5641 Me-

144 5674 524 5743 diolanensis,
562 5685 693 5746 pag.
729 5669 816 5729 40.
1188 5700 1193 5703 -

216 5761 302 5819 i2.
325 5766 387 5819 In
403 5762 523 5820 alia
540 5762 728 5820 Italia
747 5765 929 5834 parte,
951 5760 1118 5833 longe
1132 5760 1206 5819 ab
1222 5760 1565 5821 Insubribus
1581 5762 1812 5835 dissita,

1948 635 2177 694 scilicet
2206 638 2266 693 in
2296 636 2542 705 ditione,
2577 637 2747 707 plane
2783 637 3037 694 similem
3070 638 3364 695 scribendi
3396 638 3611 695 barba—

1950 728 2092 785 riem
2125 727 2338 784 notarii
2373 726 2739 798 reliquerunt
2768 740 2954 813 usque
2982 729 3052 784 ad
3086 728 3363 785 saculum
3391 728 3611 785 Christi

1948 818 2342 889 undecimum,
2371 816 2458 873 uti
2489 816 2749 872 ostendit
2786 820 3134 886 praceptum
3166 818 3493 889 Pandulphi
3518 817 3609 887 IV,

1948 907 2238 979 principis
2251 906 2479 978 Capua,
2501 906 2651 976 apud
2670 906 2980 962 Camillum
2997 907 3372 978 Peregrinum
3387 908 3447 963 in
3460 908 3606 964 Hist.

1949 996 2280 1067 principum
2310 995 2583 1067 Langob.,
2618 1008 2744 1067 pag.
2778 992 2908 1065 229,
2939 1007 3093 1052 anno
3126 992 3281 1052 4034.
3318 997 3514 1068 Neque
3540 996 3613 1053 ab

1948 1084 2196 1142 istorum
2218 1083 2500 1154 exemplis
2519 1084 2888 1141 desciverunt
2906 1089 3127 1141 catera
3146 1084 3327 1141 Italia
3349 1085 3614 1157 regiones

1946 1188 2074 1246 qua
2103 1173 2501 1246 Langobardis
2530 1177 2863 1245 paruerant,
2898 1173 3050 1245 quod
3084 1175 3146 1230 in
3175 1172 3468 1243 Spoletani
3493 1174 3613 1231 du-

1942 1266 2108 1319 catus
2136 1263 2395 1319 Historia
2426 1277 2528 1334 per
2556 1264 2825 1320 comitem
2854 1261 3209 1333 Campellum
3235 1276 3305 1319 ex
3333 1262 3608 1335 genuinis

1945 1352 2335 1409 monumentis
2356 1356 2622 1409 contexta
2641 1353 3040 1410 demonstrant
3057 1356 3186 1408 acta
3210 1351 3444 1423 publica
3468 1364 3609 1423 pro—

1940 1442 2116 1500 ducta
2158 1441 2311 1499 libro
2353 1456 2450 1513 xv,
2494 1443 2607 1499 sub
2649 1442 2797 1499 duce
2843 1442 3256 1508 Hildebrando,
3301 1456 3429 1514 pag.
3478 1437 3605 1512 L94,

1941 1531 2098 1589 circa
2127 1544 2343 1588 annum
2370 1529 2499 1603 779,
2532 1531 2641 1589 sub
2670 1533 2921 1589 Widone
2945 1532 3111 1603 duce,
3146 1545 3271 1605 pag.
3302 1528 3428 1601 496,
3454 1543 3606 1587 anno

1940 1616 2069 1687 849,
2112 1620 2364 1692 aliisque
2402 1622 2704 1678 similibus
2730 1622 2883 1693 apud
2915 1622 3178 1678 eumdem
3216 1620 3603 1692 requirendis.

2015 1711 2192 1765 Nemo
2220 1710 2417 1781 itaque
2441 1712 2573 1780 jure
2595 1710 2949 1768 dubitaverit
2977 1711 3122 1783 quin
3147 1713 3315 1766 atate
3335 1709 3605 1783 Gregorii

1943 1797 2452 1857 conscribentibus
2478 1800 2641 1856 Vitas
2668 1800 3006 1871 pontiﬁcum
3041 1804 3249 1871 prasto
3279 1798 3469 1856 forent
3494 1800 3608 1857 do-

1861 1901 1915 1963 B
1942 1894 2210 1947 cumenta
2243 1902 2436 1945 rerum
2462 1889 2896 1945 enuntiatarum
2919 1902 3031 1946 non
3058 1890 3227 1946 modo
3257 1889 3319 1945 in
3348 1888 3605 1946 archivis

1939 1983 1998 2036 et
2018 1978 2352 2049 tabulariis,
2384 1977 2484 2034 sed
2512 1977 2688 2033 etiam
2710 1979 2772 2033 in
2794 1977 3180 2035 marmoribus
3203 1978 3600 2049 ecclesiarum,

1941 2082 2073 2125 cum
2096 2068 2362 2139 legantur
2382 2067 2561 2123 etiam
2585 2072 2783 2123 nostro
2803 2065 3015 2122 saculo
3035 2066 3379 2136 superstites
3399 2066 3607 2121 inscri-

1944 2156 2174 2228 ptiones
2216 2171 2343 2228 qua
2385 2154 2765 2226 comprobant
2804 2160 2926 2212 tum
2966 2158 3145 2226 gesta,
3189 2158 3314 2211 tum
3353 2154 3603 2224 decreta,

1943 2250 2067 2302 tum
2097 2245 2272 2301 etiam
2302 2244 2518 2317 stylum
2539 2244 2729 2302 atatis
2749 2244 3051 2315 proprium
3076 2256 3189 2316 qua
3211 2243 3440 2301 decreta
3460 2254 3604 2300 con-

1941 2334 2367 2391 scribehantur.
3282 2376 3289 2381 .

2012 2423 2268 2480 Pertinet
2295 2424 2365 2480 ad
2414 2423 2570 2481 hunc
2600 2423 2811 2493 locum,
2859 2422 3090 2479 scilicet
3115 2422 3187 2479 ad
3233 2425 3603 2479 monumenta

1938 2511 2321 2583 oblationum,
2350 2511 2723 2582 electionum,
2750 2510 3188 2567 ordinationum
3209 2513 3267 2566 et
3286 2509 3603 2566 chronolo—

1938 2600 2047 2673 gia
2080 2599 2412 2671 pontificia,
2445 2614 2478 2656 e
2508 2599 2784 2655 Romanis
2828 2597 3129 2670 lapidibus
3157 2597 3429 2669 diligenti
3462 2611 3602 2654 cura

1936 2702 2004 2745 ac
2033 2688 2143 2744 ﬂde
2175 2689 2468 2746 translata
2500 2688 2563 2744 in
2589 2688 2892 2759 Catalogos
2934 2688 3210 2758 Vitasque
3238 2698 3596 2743 summorum

1936 2777 2208 2834 Ecclesia
2236 2778 2593 2849 antistitum,
2626 2777 2836 2834 tabella
2866 2776 2970 2834 illa
3003 2789 3340 2848 marmorea,
3374 2788 3599 2831 memo-

1938 2880 2076 2924 rans
2101 2868 2315 2925 donum
2347 2881 2380 2925 a
2410 2868 2613 2925 Severo
2653 2867 2983 2938 presbytero
3020 2866 3288 2924 Romana
3324 2864 3597 2929 Ecclesia

1936 2956 2099 3013 tituli
2131 2957 2185 3014 S.
2220 2957 2371 3014 Petri
2405 2958 2475 3013 ad
2516 2956 2761 3014 Vincula
2805 2955 3064 3013 oblatum
3110 2955 3221 3013 sub
3268 2954 3596 3026 patrocinio

1934 3047 2191 3117 ejusdem
2245 3048 2537 3119 principis
2598 3047 3015 3119 apostolorum,
3075 3048 3204 3117 post
3255 3044 3593 3101 electionem

1930 3137 2169 3193 Joannis
2188 3138 2316 3208 ejus
2336 3138 2595 3194 nominis
2617 3151 2777 3209 papa
2795 3136 3035 3195 secundi
3056 3154 3069 3191 :
3093 3147 3266 3208 quam
3284 3135 3407 3191 Em.
3430 3132 3586 3190 card.

1851 3235 1902 3303 ο
1930 3227 2215 3284 Baronius
2227 3231 2500 3298 tanquam
2519 3227 3169 3284 illustredocumentum
3185 3223 3595 3281 ecclesiastica

1932 3315 2195 3373 historia
2217 3316 2580 3373 inserendam
2602 3317 2830 3374 curavit
2851 3315 3165 3374 Annalium
3185 3320 3340 3371 tomo
3357 3312 3499 3382 VIII,
3519 3310 3589 3367 ad

1928 3418 2145 3462 annum
2168 3405 2387 3463 Christi
2414 3404 2540 3462 534.
2577 3406 2804 3463 Visitur
2827 3418 3082 3463 marmor
3107 3405 3168 3460 in
3192 3403 3391 3460 eodem
3415 3399 3593 3458 titulo

1926 3493 2224 3565 Eudoxia,
2257 3495 2378 3552 sive
2400 3495 2457 3551 S.
2486 3496 2636 3554 Petri
2667 3496 2738 3553 ad
2766 3494 3032 3566 Vincula,
3057 3497 3224 3550 atate
3254 3496 3451 3549 nostra
3480 3503 3593 3546 cu-

1929 3584 2210 3641 stoditum
2240 3589 2298 3641 et
2337 3583 2568 3641 aﬂixum
2612 3585 2821 3656 parieti
2861 3584 3028 3641 navis
3070 3581 3331 3640 lateralis
3367 3593 3400 3636 a
3430 3582 3593 3652 parte

1928 3671 2067 3729 lava
2092 3672 2474 3730 adorantibus
2492 3678 2625 3730 ante
2642 3672 2826 3730 altare
2848 3670 3211 3729 sanctissimi
3235 3666 3590 3728 Sacramenti

1930 3760 2014 3817 ita
2043 3761 2317 3818 incisum.
2364 3808 2369 3813 .
3322 3782 3327 3787 -

2006 3870 2173 3915 ωηο
2200 3865 2339 3914 mut
2368 3852 2681 3914 κέιοωκκι
2713 3867 2961 3912 necnon

2000 3943 2069 3987 το
2098 3941 2379 3985 κεκωιυο
2406 3940 2479 3984 ΒΧ
2508 3941 2604 3986 SC!
2634 3940 2759 3985 ECCL
2790 3939 2921 3984 ROI.
2955 3938 3233 3985 PRESBYTI

2002 4014 2098 4060 RIS
2124 4014 2396 4058 0RDINATO
2424 4014 2497 4058 IX
2525 4016 2616 4058 ΤΙΤ
2646 4013 2726 4057 SOI
2758 4013 3060 4058 CLEMENTIS
3086 4012 3158 4056 AD
3184 4012 3285 4057 (ίιο

2002 4086 2143 4131 MAI
2180 4085 2576 4130 PONTIFICALEI
2615 4086 2865 4131 PROIOTO
2897 4085 3067 4128 ΒΕΔΤο
3104 4084 3278 4129 PETBO

2000 4159 2069 4203 ΑΡ
2093 4158 2340 4202 PATRONO
2373 4158 2474 4203 svo
2497 4159 2533 4201 Α
2561 4146 2813 4202 vmcuLis
2841 4157 2971 4201 EIVS
2999 4157 3248 4201 ssvsnus
3279 4154 3347 4201 PB
3379 4154 3586 4201 0mm

1960 4274 1969 4279 -
1999 4230 2066 4273 ET
2096 4231 2168 4275 IT.
2204 4230 2267 4273 PC
2283 4229 2519 4274 “IPADI
2551 4230 2617 4273 ΒΤ
2646 4228 2873 4273 οιιεετιε
2900 4229 2975 4271 νγ
3004 4221 3190 4273 CCC“).

1928 4323 2052 4382 Uno
2068 4339 2137 4381 ex
2149 4324 2341 4396 lapide
2358 4324 2719 4383 addiscimus
2733 4324 3071 4381 electionem
3088 4328 3145 4381 et
3159 4321 3587 4382 ordinationem

1932 4414 2249 4486 pontiﬁcis,
2280 4414 2626 4473 oblationem
2655 4413 2849 4473 Severi
2882 4412 3221 4487 presbyteri,
3248 4416 3306 4469 et
3328 4411 3588 4469 chrono-

1931 4505 2141 4578 l0giam
2166 4506 2520 4578 pontificiam
2544 4508 2809 4566 videmus
2829 4505 2986 4563 notis
3008 4502 3419 4564 consularibus
3440 4501 3589 4560 illu-

1843 4586 1900 4651 D
1929 4601 2168 4654 stratam
2197 4598 2544 4655 auctoritate
2574 4610 2921 4655 marmorum
2954 4595 3267 4669 aqualium
3299 4606 3485 4667 usque
3512 4593 3582 4649 ad

1930 4695 2248 4761 postremos
2276 4686 2545 4745 consules
2566 4687 2916 4745 Occidentis.
2944 4686 3112 4745 Juvat
3136 4686 3291 4745 enim
3312 4683 3587 4743 animad-

1927 4782 2165 4848 vertere,
2184 4780 2312 4848 post
2323 4781 2585 4834 exactum
2606 4775 2904 4834 biennium
2917 4790 2950 4833 a
2966 4782 3147 4835 morte
3163 4776 3340 4846 hujus
3348 4772 3588 4833 Joannis

1929 4881 2087 4941 papa
2113 4868 2162 4923 II
2189 4878 2342 4923 anno
2367 4865 2586 4923 Christi
2618 4862 2744 4937 534,
2777 4866 3000 4939 signari
3028 4866 3227 4923 Fastos
3252 4862 3587 4920 Iustiniano

1926 4958 2188 5031 Augusto
2214 4954 2281 5013 IV
2305 4959 2363 5013 et
2385 4955 2559 5014 Decio
2581 4955 2882 5015 Theodoro
2908 4955 3174 5021 Paulino,
3204 4964 3372 5023 quem
3396 4949 3589 5005 Chro-

1928 5047 2122 5120 nologi
2162 5044 2466 5104 observant
2506 5044 2690 5104 fuisse
2728 5055 3057 5103 rosrnsuuu
3101 5051 3387 5096 consuwu
3420 5039 3589 5095 0cm-

1926 5147 2259 5195 nsmuwu.
2283 5134 2613 5193 Auctoritas
2640 5134 2838 5204 itaque
2864 5130 3023 5188 Libri
3045 5127 3407 5185 Pontiilcalis
3426 5142 3588 5199 aque

1926 5240 1991 5284 ac
2012 5225 2234 5283 laudati
2256 5222 2514 5295 CataIOgi
2537 5222 2646 5279 sub
2665 5220 2997 5276 Iustiniano
3017 5214 3267 5273 subnixa
3287 5223 3376 5274 est
3394 5215 3585 5274 solido

1928 5311 2262 5373 testimonio
2280 5310 2536 5381 lapidum
2561 5307 2793 5381 publice
2814 5306 3156 5377 positorum.
3176 5304 3280 5363 Sed
3303 5303 3590 5385 haedili-

1926 5404 2158 5478 gentius
2199 5398 2595 5469 expendentur
2637 5407 2746 5454 suo
2793 5394 2919 5452 loco
2965 5395 3025 5452 in
3076 5396 3233 5451 notis
3274 5394 3343 5452 ad
3394 5392 3584 5451 Vitam

1924 5491 2165 5551 Joannis
2192 5486 2450 5545 secundi.
2828 5502 2833 5507 ·
3378 5506 3385 5513 -

1999 5580 2086 5640 43.
2120 5577 2340 5637 Accedo
2368 5576 2485 5647 jam
2514 5576 2583 5634 ad
2614 5575 2964 5647 postremum
2992 5576 3168 5646 caput
3203 5570 3587 5633 documento-

1930 5683 2080 5741 rum,
2141 5666 2438 5741 pertinens
2489 5666 2557 5722 ad
2618 5662 2985 5721 donationem
3048 5660 3361 5721 fundorum
3411 5662 3469 5713 et
3513 5656 3583 5741 ad

1928 5740 2262 5818 ornamenta
2296 5754 2561 5814 ecclesiis
2593 5751 2826 5822 collata,
2860 5758 2917 5808 et
2957 5750 3017 5809 in
3052 5749 3225 5807 Libro
3258 5740 3585 5806 Pontineali
