3996 6404
1233 398 1328 453 ΑΙ)
1364 398 1801 454 ANASTASIUM
1841 397 2357 462 PROLEGOMENA
2393 405 2573 460 EDlT.
2615 403 3045 461 ROM.—VATIC.
3775 406 3846 462 84

436 522 1890 596 recensita.Cordatusquisquefacileintelligetnon
1905 523 2085 581 fuisse
2107 527 2167 588 A
2199 540 2320 598 cap.
2347 524 2383 584 7
2407 533 2464 585 et
2489 527 2545 602 8,
2573 534 2636 587 ut
2662 529 3032 602 Symmachus
3062 547 3203 604 papa
3230 535 3475 590 testatur
3505 533 3564 589 in
3596 530 3847 588 concilio

435 619 636 674 curata
657 613 1012 684 negligenter
1032 613 1092 668 in
1113 614 1367 670 archivis
1391 614 1762 670 basilicarum
1788 627 1854 670 ac
1872 614 2086 670 titulo-

437 718 562 762 rum
594 703 766 758 Urbis
792 703 1132 759 documenta
1165 703 1395 773 publica
1434 704 1762 774 principum
1794 718 1859 759 ac
1889 705 2087 774 priva-

437 797 647 862 torum,
671 789 888 861 quibus
909 791 1122 861 pradia
1144 793 1263 849 sive
1283 792 1501 849 urbana
1522 793 1644 849 sive
1663 793 1880 849 rustica
1900 794 2088 849 dona-

435 881 665 951 bantur,
698 894 828 937 cum
861 881 920 936 in
951 887 1094 937 astu
1123 895 1352 953 quoque
1390 883 1810 952 persecutionis
1849 881 2086 938 mobilia

435 969 692 1026 ecclesia
708 969 854 1026 bona
866 970 1296 1026 archidiaconis
1310 971 1804 1040 contraderentur,
1823 969 2088 1042 quemad-

440 1057 668 1114 modum
698 1057 754 1112 S.
787 1057 999 1114 Lucius
1042 1071 1184 1128 papa
1224 1072 1288 1114 ea
1316 1059 1737 1114 commendavit
1778 1057 2082 1128 Stephano,

437 1147 762 1217 Stephanus
789 1147 990 1218 Xysto,
1021 1149 1239 1218 Xystus
1264 1149 1591 1218 Laurentio,
1621 1163 1747 1219 qua
1767 1153 1930 1204 erant
1953 1160 2088 1203 ero-

440 1236 624 1307 ganda
647 1235 706 1290 in
725 1235 1108 1306 eleemosynas
1128 1251 1439 1307 pauperum
1455 1241 1511 1292 et
1529 1238 1590 1292 in
1609 1253 1750 1294 usus
1770 1250 2082 1293 sacrorum.

440 1325 592 1382 Bona
619 1324 790 1381 etiam
820 1325 1141 1381 immobilia
1167 1327 1236 1381 ad
1267 1327 1578 1382 Ecclesiam
1605 1327 1722 1396 jam
1749 1331 1870 1382 tum
1901 1324 2089 1396 perti—

441 1414 659 1485 nuisse,
687 1428 932 1486 quorum
962 1428 1153 1472 annuo
1179 1416 1368 1472 reditu
1397 1430 1672 1487 pauperes
1697 1421 1796 1472 aut
1828 1414 2082 1471 ministri

436 1503 747 1574 alerentur,
777 1511 927 1560 recte
949 1504 1233 1577 colligunt
1255 1505 1470 1561 eruditi
1494 1519 1562 1561 ex
1584 1506 1704 1577 lege
1723 1505 2082 1561 Constantini

435 1595 587 1665 apud
611 1594 920 1651 Eusebium
943 1594 1005 1650 in
1025 1595 1150 1664 ejus
1169 1595 1297 1651 Vita
1320 1595 1420 1650 lib.
1449 1609 1511 1664 ιι,
1535 1609 1657 1664 cap.
1681 1592 1769 1664 39,
1795 1608 1904 1666 qua
1922 1595 2085 1664 jubet

436 1683 700 1740 ecclesiis
725 1683 956 1740 restitui
987 1683 1134 1740 bona
1160 1698 1285 1756 qua
1312 1684 1484 1741 ﬁscus
1507 1684 1825 1740 abstulerat
1856 1684 1914 1739 in
1949 1697 2084 1754 per-

437 1773 749 1829 secutione.
802 1773 999 1829 Omnia
1050 1789 1174 1841 ergo
1219 1775 1322 1843 (ait
1367 1773 1797 1845 Constantinus)
1841 1788 1962 1842 qua
2008 1774 2084 1828 ad

2196 619 2467 691 Romano,
2493 623 2642 690 quod
2669 620 2844 677 Osius
2865 623 3135 694 Sylvestri
3164 625 3383 696 legatus
3404 623 3654 680 concilio
3676 624 3851 678 inter-

2197 706 2402 765 fuisset
2430 724 2581 766 anno
2611 708 2734 781 424,
2771 725 2926 767 num.
2960 710 3048 782 44,
3096 713 3431 769 observante
3469 713 3714 768 Baronio
3745 725 3848 767 nec

2197 811 2308 853 non
2330 799 2496 854 Binio
2513 800 2580 855 ad
2604 801 2750 855 idem
2773 801 3086 858 concilium
3111 803 3198 858 lit.
3223 804 3276 872 h,
3301 803 3543 873 aliaque
3564 802 3672 858 sub
3691 801 3849 857 Julio

2196 900 2339 957 papa
2381 901 2530 944 anno
2577 890 2702 958 ejus
2752 890 2978 963 quinto,
3030 892 3249 948 Christi
3300 889 3426 959 341,
3480 892 3540 946 in
3593 891 3848 947 concilio

2193 977 2548 1033 Antiocheno
2595 979 2782 1048 primo
2829 993 2956 1035 can.
3001 978 3091 1050 24,
3146 980 3245 1036 ubi
3295 995 3363 1036 ex
3408 980 3698 1050 episcopis
3743 979 3846 1049 qui

2195 1071 2572 1122 convenerant
2627 1067 2761 1123 licet
2807 1069 3132 1138 complures
3177 1069 3248 1124 ab
3293 1069 3526 1124 Arianis
3582 1068 3850 1138 partibus

2197 1153 2438 1210 subdole
2496 1161 2714 1212 starent
2767 1156 2827 1212 in
2876 1171 3050 1212 causa
3099 1158 3423 1228 Athanasii,
3476 1162 3723 1212 attamen
3777 1156 3850 1211 de

2196 1241 2366 1297 rebus
2405 1244 2670 1299 Ecclesia
2702 1245 2778 1300 ita
2821 1247 3187 1302 statuendum
3230 1251 3545 1301 sanxerunt
3583 1260 3712 1301 cum
3744 1258 3852 1300 ca—

2196 1329 2452 1397 tholicis,
2483 1333 2728 1388 imitatis
2751 1334 2968 1390 Julium
2999 1336 3321 1404 pontiﬁcem
3346 1336 3404 1390 in
3433 1336 3557 1390 suis
3579 1333 3843 1405 legibus:

2197 1438 2224 1470 α
2258 1420 2425 1475 Recte
2468 1420 2654 1491 habet,
2699 1429 2760 1478 ut
2802 1436 2886 1492 ea,
2934 1438 3060 1493 qua
3103 1430 3238 1480 sunt
3277 1423 3550 1492 ecclesia,
3593 1422 3850 1478 ecclesia

2195 1516 2494 1565 serventur
2537 1525 2666 1566 cum
2715 1513 2872 1567 omni
2925 1512 3070 1568 bona
3120 1513 3472 1568 conscientia
3519 1518 3574 1567 et
3631 1512 3738 1566 ﬁde
3789 1513 3848 1566 in

2193 1599 2451 1654 omnium
2502 1601 2800 1670 prasidem
2850 1606 2906 1656 et
2944 1602 3198 1670 judicem
3247 1603 3470 1657 Deum:
3508 1615 3633 1672 qua
3672 1601 3846 1655 etiam

2192 1687 2590 1743 administrari
2618 1689 2885 1744 convenit
2910 1704 3038 1744 cum
3066 1690 3292 1758 judicio
3323 1697 3379 1746 et
3410 1694 3685 1760 potestate
3715 1690 3852 1758 epi-

2193 1777 2375 1847 scopi,
2425 1777 2520 1832 cui
2568 1783 2654 1833 est
2697 1778 2885 1832 omnis
2931 1779 3178 1848 pOpulus
3223 1780 3500 1848 creditus,
3545 1786 3601 1834 et
3649 1792 3850 1834 eorum

433 1863 704 1917 Ecclesias
740 1867 880 1917 recte
906 1864 1025 1916 visa
1051 1865 1264 1930 fuerint
1294 1868 1592 1933 pertinere,
1626 1865 1737 1917 sive
1776 1863 1986 1924 domus,
2018 1877 2082 1916 ac
2118 1869 2165 1932 Β
2191 1867 2398 1920 anima
2442 1881 2568 1936 qua
2614 1866 2672 1921 in
2716 1867 3014 1922 ecclesiam
3060 1869 3427 1923 conveniunt.
3476 1869 3604 1924 Sint
3654 1873 3847 1922 autem

429 1953 694 2023 possessio
718 1953 810 2016 sit,
837 1953 948 2007 sive
975 1954 1120 2020 agri,
1151 1955 1264 2007 sive
1288 1953 1452 2016 horti,
1480 1968 1575 2008 seu
1600 1967 1939 2022 quacunque
1967 1952 2082 2006 alia
2193 1952 2493 2010 manifesta
2517 1969 2641 2024 qua
2657 1956 2724 2010 ad
2745 1955 3042 2011 ecclesiam
3068 1956 3499 2025 pertinentcum
3519 1956 3852 2027 cognitione

433 2042 614 2096 nusllo
631 2042 782 2110 jure,
815 2041 962 2112 quod
981 2041 1057 2096 ad
1083 2041 1390 2098 dominium
1403 2045 1664 2112 pertinet,
1692 2042 2002 2103 immunita,
2028 2056 2084 2095 se
2195 2043 2652 2115 presbyterorum
2700 2050 2756 2100 et
2802 2045 3178 2102 diaconorum
3212 2045 3310 2116 qui
3343 2050 3480 2101 sunt
3508 2046 3664 2101 circa
3695 2059 3848 2114 eum,

429 2131 569 2186 alvis
587 2131 835 2187 omnibus
854 2135 1019 2201 atque
1037 2132 1269 2200 integris
1286 2132 1654 2194 manentibus,
1681 2132 1900 2186 restitui
1910 2131 2085 2200 jube—

427 2235 568 2275 mus.
598 2219 894 2279 Videndus
919 2232 986 2276 ea
1013 2219 1085 2277 de
1109 2234 1170 2276 re
1198 2220 1583 2278 Thomasinus
1610 2221 1682 2277 de
1712 2218 1898 2277 Benef.
1934 2226 2078 2289 part.

429 2320 516 2378 ιιι,
564 2307 666 2364 lib.
719 2322 761 2378 ι,
805 2321 928 2378 cap.
975 2306 1030 2377 3,
1081 2307 1177 2362 ubi
1221 2321 1291 2363 ex
1333 2309 1496 2364 Actis
1542 2310 1602 2362 B.
1652 2307 1884 2365 Abercii
1931 2307 2082 2377 apud

429 2396 738 2453 Baronium
768 2396 838 2451 ad
871 2409 1085 2452 annum
1118 2391 1241 2465 463,
1278 2395 1479 2464 probat
1517 2396 1692 2452 etiam
1733 2395 1804 2451 ab
1833 2394 2085 2452 ethnicis

432 2483 880 2554 imperatoribus
902 2483 1145 2539 donatas
1165 2480 1346 2539 fuisse
1372 2483 1600 2554 aliquot
1617 2483 1889 2540 ecclesias
1911 2482 2088 2539 Chri-

429 2574 650 2629 stianas
665 2570 879 2628 annuis
900 2570 1214 2641 reditibus;
1231 2585 1360 2628 cum
1378 2573 1449 2627 M.
1469 2571 1744 2628 Aurelius
1761 2572 1986 2644 legatur
2001 2577 2087 2628 ter

432 2661 696 2718 millibus
721 2658 996 2717 frumenti
1025 2660 1237 2717 modiis
1261 2661 1502 2719 donasse
1540 2662 1851 2719 Ecclesiam
1881 2663 2088 2718 Hiera—

433 2750 769 2822 politanam,
819 2749 988 2819 cujus
1025 2749 1331 2820 episcopus
1376 2750 1556 2807 ﬁliam
1605 2753 1731 2820 ejus
1760 2766 1792 2807 a
1833 2753 2086 2808 damone

432 2839 776 2911 exagitatam
817 2846 1159 2908 sanaverat;
1195 2854 1378 2910 neque
1421 2840 1567 2897 illud
1609 2841 1846 2910 donum,
1898 2841 2014 2897 nisi
2055 2854 2087 2895 a

429 2928 660 2986 Juliano
687 2928 959 2999 Apostata
994 2927 1175 2985 fuisse
1205 2934 1596 2992 retractatum.
1629 2932 1867 2986 Necesse
1906 2930 2089 3000 igitur

433 3021 558 3074 erat
577 3017 870 3074 indiculos
895 3018 1242 3089 pradiorum
1262 3019 1552 3076 conscribi
1580 3033 1678 3089 per
1700 3018 1955 3075 notarios
1975 3019 2088 3074 Ec—

434 3105 624 3163 clesia
647 3119 713 3162 ac
741 3104 1090 3177 defensores,
1126 3106 1440 3176 prasertim
1469 3120 1597 3163 cum
1624 3107 1772 3163 idem
1795 3105 2089 3177 Augustus

2195 2139 2260 2190 ut
2309 2134 2496 2189 sciant
2539 2138 2596 2189 et
2639 2147 2753 2190 non
2801 2134 3084 2206 ignorent,
3131 2154 3156 2183 »
3200 2141 3308 2190 etc.
3353 2134 3457 2190 Sed
3502 2135 3852 2205 apostolicus

2191 2223 2331 2279 Julii
2365 2223 2515 2294 leges
2560 2223 2741 2280 multo
2781 2224 3152 2293 prastantius
3186 2223 3505 2279 illustravit
3533 2224 3852 2280 concilium

2193 2311 2648 2368 Chalcedonense
2673 2325 2824 2367 anno
2854 2309 2978 2378 451,
3013 2312 3120 2366 sub
3145 2313 3326 2367 Leone
3353 2313 3573 2384 Magno,
3607 2319 3718 2368 act.
3755 2327 3850 2382 xv,

2195 2413 2317 2456 can.
2373 2397 2498 2455 26:
2551 2420 2577 2451 α
2633 2399 2857 2455 Placuit
2908 2414 3130 2455 omnem
3189 2401 3487 2456 ecclesiam
3551 2401 3853 2458 habentem

2195 2489 2528 2558 episcopum
2555 2487 2761 2543 habere
2788 2501 3145 2544 aconomum
3171 2489 3242 2545 de
3272 2490 3424 2545 clero
3457 2491 3712 2560 proprio,
3747 2491 3852 2561 qui

2195 2577 2488 2646 dispenset
2535 2590 2625 2632 res
2673 2577 3095 2634 ecclesiasticas
3145 2579 3460 2635 secundum
3509 2580 3853 2634 sententiam

2195 2666 2450 2735 episcopi
2485 2665 2702 2735 proprii
2735 2684 2750 2736 ;
2777 2666 2855 2721 ita
2882 2673 2945 2722 ut
2974 2667 3228 2722 ecclesia
3258 2668 3614 2737 dispensatio
3648 2673 3855 2738 prater

2199 2755 2590 2811 testimonium
2619 2769 2725 2811 non
2751 2756 2846 2825 sit,
2878 2761 2932 2811 et
2953 2770 3020 2811 ex
3041 2757 3145 2812 hoc
3167 2759 3577 2828 dispergantur
3597 2758 3857 2813 ecclesia

2199 2842 2501 2900 facultates
2548 2852 2604 2900 et
2651 2845 2972 2902 sacerdotio
3027 2846 3454 2902 maledictionis
3503 2847 3857 2904 contumelia
3945 2859 3963 2876 ε

2200 2940 2559 3005 procuretur.
2596 2952 2622 2984 ››

2268 3023 2422 3078 Hanc
2478 3028 2666 3079 autem
2724 3023 3098 3092 disciplinam
3159 3024 3332 3079 etiam
3391 3029 3522 3080 ante
3580 3038 3856 3082 canonem

2197 3111 2435 3168 concilii
2483 3113 2962 3168 Chalcedonensis
3009 3114 3359 3182 pertinuisse
3406 3114 3474 3169 ad
3526 3114 3856 3170 universam

433 3195 846 3254 Constantinus
874 3195 1161 3251 sanxisset
1187 3201 1252 3252 ut
1278 3200 1590 3266 martyrum
1616 3201 1673 3251 et
1695 3194 2086 3252 confessorum
2121 3195 2169 3258 C
2198 3201 2508 3257 Ecclesiam
2535 3207 2658 3271 post
2677 3201 2818 3258 Julii
2838 3202 3309 3258 constitutionem
3333 3203 3588 3258 declarat
3609 3203 3856 3273 epistola

435 3285 584 3343 bona
626 3299 726 3356 per
764 3284 964 3342 ﬁscum
1007 3288 1198 3354 erepta
1238 3284 1563 3341 haredibus
1601 3285 2084 3354 restituerentur;

436 3375 525 3432 vel
546 3375 598 3431 si
622 3375 873 3431 haredes
891 3374 1216 3445 deﬁcerent,
1241 3374 1353 3430 loci
1377 3373 1631 3430 ecclesiae
1649 3374 2084 3431 addicerentur:

440 3464 522 3520 ita
569 3462 816 3520 Eusebio
863 3467 1106 3520 testante
1151 3475 1274 3532 cap.
1316 3460 1387 3519 36
1423 3467 1480 3520 et
1515 3460 1584 3518 37
1627 3464 1881 3532 ejusdem
1927 3463 2088 3519 libri.

439 3553 626 3623 Quare
658 3552 717 3608 in
746 3552 877 3609 Vita
903 3552 1176 3623 Sylvcstri
1209 3552 1305 3608 hic
1337 3551 1503 3608 Liber
1533 3552 1887 3608 Pontiﬁcalis
1929 3566 2085 3609 num.

440 3639 509 3698 43
535 3639 708 3697 refert
724 3641 1162 3697 Constantinum
1187 3640 1443 3697 ecclesia
1466 3640 1520 3696 S.
1551 3640 1844 3696 Laurentii
1870 3640 1928 3695 in
1953 3653 2092 3710 agro

439 3733 657 3787 Verano
687 3743 718 3784 a
750 3743 810 3785 se
837 3734 1179 3785 constructa
1216 3729 1457 3784 donaria
1491 3728 1722 3798 publica
1749 3728 2088 3798 contulisse,

437 3825 494 3878 et
513 3821 660 3875 inter
679 3819 826 3876 bona
849 3818 1168 3874 immobilia
1189 3818 1372 3874 eidem
1394 3819 1690 3875 addixisse
1701 3820 2092 3886 possessionem

441 3909 730 3978 cujusdam
775 3910 1072 3976 Cyriacetis
1123 3908 1392 3974 religiosa
1437 3910 1674 3974 femina,
1723 3921 1890 3976 quam
1929 3909 2091 3976 ﬁscus

443 4002 798 4068 occupaverat
831 4003 1064 4065 tempore
1083 3998 1495 4066 persecutionis.

514 4087 622 4143 Vix
643 4091 765 4142 erat
783 4086 1049 4142 Ecclesia
1070 4099 1180 4157 pax
1201 4086 1442 4155 reddita,
1466 4091 1520 4142 et
1541 4085 1791 4142 fundata
1808 4099 1873 4142 ac
1888 4087 2095 4144 dotata

447 4176 702 4232 basilica
714 4174 1045 4232 visebantur
1061 4188 1158 4244 per
1170 4174 1610 4230 Constantinum
1624 4173 1732 4231 sub
1744 4174 2026 4244 Sylvcstro
2039 4183 2097 4232 et

449 4265 657 4336 Marco,
689 4278 819 4322 cum
851 4263 1150 4336 proximus
1187 4265 1363 4319 Marci
1397 4276 1695 4320 successor
1730 4265 1922 4320 Julius
1954 4279 2095 4336 papa

447 4355 753 4412 constituit
780 4358 844 4410 ut
869 4353 1077 4410 notitia
1105 4367 1296 4409 rerum
1322 4356 1377 4408 et
1400 4350 1674 4407 Actorum
1695 4352 1764 4407 ad
1788 4353 2096 4410 Ecclesiam

450 4445 861 4518 pertinentium
884 4457 982 4513 per
1005 4441 1261 4498 notarios
1282 4440 1650 4510 colligeretur
1669 4446 1726 4496 et
1744 4455 1872 4497 cum
1895 4448 2103 4500 aucto—

2197 3290 2806 3361 CyrilliAlexandrini,
2827 3293 3232 3362 conquerentis
3247 3292 3396 3362 quod
3420 3306 3529 3348 non
3548 3306 3610 3348 ea
3631 3298 3855 3349 tantum

2199 3380 2565 3449 exigerentur
2605 3378 2676 3433 ab
2706 3379 2996 3448 episcopis
3027 3394 3152 3448 qua
3203 3381 3563 3449 providentia
3613 3379 3858 3435 laudata

2201 3467 2345 3538 legis
2377 3467 2596 3522 ﬁrmata
2626 3475 2788 3522 erant
2815 3469 2884 3522 ad
2919 3469 3370 3538 praservandam
3419 3469 3856 3523 indemnitatem

2202 3570 2390 3612 rerum
2408 3557 2520 3611 Deo
2535 3557 2876 3626 dicatarum,
2901 3557 2995 3612 sed
3011 3557 3182 3611 etiam
3202 3572 3376 3626 supra
3390 3557 3535 3629 legis
3556 3558 3855 3627 terminos,

2199 3649 2463 3700 etcontra
2475 3644 2874 3715 episcoporum
2891 3645 3234 3715 dignitatem
3249 3647 3477 3716 acjura,
3499 3646 3608 3715 ipsi
3628 3659 3858 3715 quoque

2201 3733 2454 3804 episcopi
2477 3733 2545 3788 ad
2576 3734 2889 3790 reddendas
2912 3734 3164 3790 rationes
3186 3741 3524 3790 vocarentur
3547 3735 3606 3789 in
3627 3735 3861 3803 dispen-

2202 3824 2423 3878 satione
2451 3823 2973 3878 ecclesiasticorum
3000 3830 3396 3892 proventuum.
3424 3823 3589 3877 Edita
3621 3829 3706 3877 est
3729 3824 3864 3892 epi-

2202 3911 2348 3967 stola
2389 3910 2591 3982 Cyrilli
2647 3910 2769 3980 (qui
2819 3912 2968 3966 obiit
3018 3925 3166 3966 anno
3214 3910 3430 3965 Christi
3484 3908 3606 3981 444,
3661 3926 3865 3981 nempe

2203 3999 2502 4069 septennio
2548 4004 2679 4053 ante
2721 3999 3033 4054 consilium
3073 3997 3548 4067 Chalcedonense)
3595 4004 3749 4053 tomo
3795 4003 3861 4071 V,

2206 4095 2348 4160 part.
2385 4101 2448 4157 ιι,
2485 4100 2606 4156 pag.
2642 4083 2767 4156 244,
2803 4086 2901 4140 ubi
2937 4086 3055 4139 hac
3087 4085 3398 4154 leguntur:
3433 4105 3458 4137 α
3493 4085 3636 4140 Male
3668 4087 3861 4158 habet,

2207 4189 2523 4249 magnaque
2549 4174 2795 4230 tristitia
2817 4173 2990 4228 aﬂicit
3015 4173 3416 4229 sanctissimos
3440 4175 3741 4245 episcopos
3769 4181 3868 4246 qui

2207 4273 2338 4324 sunt
2363 4267 2561 4334 ubique
2588 4270 2880 4327 terrarum,
2912 4265 3060 4335 quod
3091 4269 3447 4334 sumptuum,
3473 4265 3570 4335 qui
3600 4265 3723 4322 illis
3745 4281 3867 4322 eve-

2212 4357 2404 4424 niunt,
2436 4353 2891 4424 dispensationis
2931 4353 3078 4408 ratio
3109 4353 3179 4407 ab
3208 4353 3293 4408 eis
3323 4355 3608 4424 exigatur,
3643 4355 3765 4410 sive
3795 4369 3865 4410 ex

2212 4443 2622 4502 ecclesiasticis
2648 4442 2953 4511 reditibus,
2987 4443 3106 4497 sive
3135 4457 3203 4497 ex
3233 4441 3428 4498 fructu
3458 4443 3694 4498 aliunde
3728 4458 3866 4513 per—

454 4538 623 4593 ritate
649 4531 970 4605 primicerii
991 4529 1346 4586 notariorum
1365 4530 1813 4586 etsanctasedis
1831 4533 2103 4588 scrinarii
2135 4540 2397 4609 Dcepto.
2445 4532 2856 4602 Unusquisque
2905 4532 3058 4587 enim
3106 4537 3364 4586 nostrum
3420 4529 3582 4586 dabit
3626 4546 3865 4587 suorum

454 4623 903 4683 celebrarentur.
955 4637 981 4670 α
1026 4618 1130 4673 Hic
1175 4619 1554 4675 constitutum
1601 4618 1734 4675 fecit
1784 4620 1887 4692 (ait
1939 4622 2106 4678 Liber

451 4709 808 4772 Pontiﬁcalis
850 4707 912 4764 in
953 4706 1129 4779 Julio,
1170 4720 1325 4763 num.
1362 4705 1478 4779 50),
1513 4712 1576 4764 ut
1617 4709 1818 4765 nullus
1855 4709 2104 4768 clericus

452 4816 681 4862 causam
711 4796 1030 4872 quamlibet
1051 4797 1109 4852 in
1134 4795 1365 4867 publico
1385 4801 1595 4868 ageret,
1619 4798 1735 4853 nisi
1757 4799 1818 4854 in
1838 4799 2100 4871 ecclesia,

453 4899 510 4954 et
541 4892 770 4961 notitia,
817 4903 945 4960 qua
987 4886 1259 4944 omnibus
1290 4901 1391 4957 pro
1441 4886 1549 4943 ﬁde
1593 4887 1988 4945 ecclesiastica
2017 4896 2103 4947 est

455 4998 554 5056 per
584 4980 841 5040 notarios
883 4977 1274 5049 colligeretur,
1307 4981 1361 5033 et
1404 4976 1598 5033 omnia
1644 4984 2008 5034 monumenta
2043 4981 2101 5035 in

453 5073 762 5130 Ecclesiam
821 5083 921 5140 per
973 5066 1371 5139 primicerium
1430 5066 1788 5123 notariorum
1848 5066 2104 5125 confecta

453 5161 920 5228 celebrarentur;
953 5158 1073 5214 sive
1110 5155 1520 5226 causationem,
1568 5155 1652 5212 vel
1699 5155 2100 5230 instrumenta,

454 5249 542 5306 vel
571 5248 930 5317 donationes,
961 5246 1046 5302 vel
1086 5244 1584 5315 commutationes,
1619 5245 1703 5300 vel
1737 5246 2098 5316 traditiones,

453 5342 556 5394 aut
575 5343 926 5406 testamenta,
954 5335 1040 5392 vel
1063 5335 1459 5409 allegationes,
1491 5341 1593 5391 aut
1620 5335 2103 5392 manumissiones

454 5425 650 5481 clerici
709 5424 770 5479 in
815 5423 1070 5480 Ecclesia
1126 5437 1225 5495 per
1276 5424 1628 5481 scrinarium
1685 5429 1894 5482 sancta
1946 5425 2102 5482 sedis

455 5513 825 5572 celebrarent.
862 5530 887 5562 υ

529 5603 663 5659 Inde
703 5605 892 5657 autem
935 5598 1200 5670 profecta
1228 5602 1381 5675 leges
1410 5616 1716 5674 canonum,
1756 5603 2102 5661 auctoritate

455 5691 771 5764 apostolica
791 5689 916 5745 lata
933 5689 1039 5744 sub
1055 5691 1337 5758 Sylvcstro
1358 5693 1415 5747 in
1432 5693 1682 5750 concilio
1697 5693 2014 5764 Gangrensi
2032 5695 2096 5764 ll,

2218 4625 2498 4680 malorum
2517 4623 2795 4677 rationem
2814 4620 3070 4676 omnium
3089 4621 3300 4675 Judici.
3322 4620 3465 4675 Vasa
3483 4621 3635 4675 enim
3661 4622 3869 4689 pretio-

2215 4718 2345 4770 saet
2359 4711 2746 4783 possessiones
2769 4709 3096 4765 immobiles
3115 4715 3337 4778 oportet
3351 4710 3564 4764 servari
3579 4709 3864 4782 ecclesiis.

2215 4800 2514 4872 Episcopis
2539 4803 2748 4868 autem,
2785 4799 2884 4868 qui
2920 4805 3057 4853 tunc
3087 4797 3365 4866 temporis
3393 4798 3655 4853 divinum
3687 4812 3869 4855 sacer-

2212 4891 2436 4947 dotium
2449 4888 2876 4957 administrant,
2896 4888 3276 4944 incidentium
3290 4893 3625 4958 sumptuum
3639 4887 3870 4958 dispen-

2211 4979 2491 5035 sationem
2522 4990 2718 5034 secure
2746 4977 2923 5032 credi.
2960 4994 2986 5025 »

2285 5064 2370 5123 44.
2425 5067 2566 5122 Cum
2612 5066 2797 5138 igitur
2845 5078 2913 5120 ex
2964 5063 3186 5135 legibus
3231 5063 3561 5133 apostolica
3600 5065 3756 5120 sedis
3797 5067 3864 5122 ad

2212 5157 2523 5213 Ecclesiam
2582 5155 2910 5211 universam
2961 5152 3412 5222 pertinentibus,
3467 5159 3522 5209 et
3552 5165 3620 5208 ex
3648 5155 3869 5224 regulis

2213 5247 2592 5304 conciliorum
2623 5250 2680 5301 et
2722 5245 2954 5298 Patrum
3001 5248 3157 5299 tanta
3195 5242 3502 5315 diligentia
3545 5245 3867 5312 prastanda

2213 5335 2361 5393 foret
2391 5335 2450 5390 in
2493 5333 2661 5390 bonis
2711 5331 3026 5389 mobilibus
3071 5332 3302 5388 tuendis
3326 5339 3384 5388 et
3407 5332 3561 5387 vasis
3592 5335 3868 5402 pretiosis

2213 5438 2505 5482 sacrarum
2535 5423 2749 5480 adium
2789 5423 3087 5479 servandis
3127 5421 3234 5479 sub
3262 5421 3540 5478 aconomi
3577 5425 3864 5493 custodia,

2215 5527 2432 5571 necnon
2482 5513 2543 5569 in
2596 5512 2952 5582 procuranda
2999 5511 3430 5582 dispensatione
3477 5511 3766 5567 redituum
3816 5521 3871 5568 et

2212 5603 2590 5672 oblationum,
2619 5601 2866 5657 arbitrio
2893 5600 3124 5671 quidem
3153 5599 3432 5670 episcopi,
3458 5600 3554 5655 sed
3579 5600 3686 5656 sub
3713 5601 3868 5657 testi-

2217 5694 2408 5752 monio
2437 5691 2599 5762 cleri,
2631 5690 3016 5748 necessarium
3045 5687 3158 5745 fuit
3177 5692 3650 5747 commentarium
3679 5691 3867 5747 bono-
