3996 6408
135 365 195 423 85
1640 359 2018 419 ΡΒΛΕΡΑΤΙΟ.

3482 358 3558 420 86

138 505 245 549 rum
271 488 652 559 conscribere,
681 502 887 562 parare
910 490 1165 550 indicem
1203 494 1262 549 et
1281 491 1569 565 syllabum
1593 458 1776 549 sacra
1799 497 1859 558 A
1883 495 1940 549 et
1968 491 2182 551 fundos
2201 493 2403 551 hortos
2420 506 2487 550 ac
2511 495 2763 550 terrulas
2783 493 2847 550 in
2869 492 3213 552 donationes
3232 491 3550 550 recensitas

136 580 489 652 supellectilis
500 581 854 638 etdonorum
872 596 999 653 qua
1014 582 1452 655 dedicabantur,
1468 596 1534 641 ac
1547 582 1776 640 tabulas

135 672 236 727 dati
247 672 527 742 etaccepti
539 670 611 727 ab
622 672 1232 730 mconomisexhiberi.
1248 674 1457 731 Mirum
1474 679 1787 745 propterea-

136 775 229 819 non
243 766 326 817 est
339 762 390 818 si
410 762 662 818 minutis
678 762 818 818 adeo
836 762 1165 820 rationibus
1180 767 1384 821 auctor
1400 763 1560 821 Libri
1584 763 1776 819 Ponti-

136 851 558 908 licalisrecenset
575 865 644 908 ac
666 852 999 909 dinumerat
1014 853 1344 910 antistitum
1357 858 1415 910 et
1437 853 1769 924 principum

133 940 258 999 dona
274 941 332 997 in
351 941 611 1015 singulis
630 940 808 999 ferme
828 942 1095 1000 basilicis
1115 956 1181 1000 ac
1197 944 1414 1001 titulis.
1427 944 1768 1000 Nostrarum

135 1038 204 1088 est
230 1033 473 1101 partium
504 1032 807 1090 ostendere
838 1047 938 1105 per
964 1034 1124 1090 illam
1154 1038 1376 1091 atatem
1407 1032 1771 1104 superfuisse

135 1123 445 1179 documenta
475 1119 713 1192 publica
739 1136 851 1180 non
883 1127 1108 1180 tantum
1138 1124 1198 1180 in
1227 1123 1486 1181 archivis
1507 1128 1565 1180 et
1587 1136 1772 1180 mem-

136 1210 325 1280 branis,
348 1212 445 1268 sed
478 1212 656 1269 etiam
684 1213 745 1268 in
772 1213 1095 1284 parietibus
1118 1220 1175 1271 et
1203 1213 1614 1285 marmoribus,
1641 1227 1771 1286 qua

136 1300 543 1370 comprobarent
572 1302 864 1358 indiculos
886 1316 1080 1359 rerum
1109 1303 1554 1374 descriptarum.

191 1386 268 1444 i5.
290 1390 366 1445 De
392 1390 864 1460 possessionibus
883 1405 949 1447 ac
982 1390 1202 1461 fundis,
1238 1405 1555 1464 eorumque
1579 1404 1773 1448 annua

138 1479 495 1551 prastatione,
544 1480 594 1536 si
644 1480 742 1537 cui
790 1480 1036 1538 dubium
1085 1480 1475 1554 suboriretur,
1524 1481 1578 1537 is
1621 1484 1772 1537 esset

137 1566 635 1626 circumducendus
672 1584 773 1641 per
798 1570 1074 1628 basilicas
1101 1585 1169 1628 ac
1208 1571 1415 1629 titulos
1441 1570 1636 1642 Urbis,
1664 1569 1768 1627 ubi

138 1663 435 1726 spectantur
472 1659 666 1716 adhuc
703 1659 888 1716 incisa
928 1674 1041 1717 non
1090 1665 1315 1718 tantum
1355 1660 1591 1717 nomina
1634 1672 1772 1731 pra-

137 1746 331 1803 diorum
349 1753 406 1804 et
430 1754 764 1821 proventus,
785 1749 879 1806 sed
891 1750 1068 1806 etiam
1085 1751 1445 1808 consuetudo
1461 1750 1766 1819 majorum,

1884 585 1952 640 de
1982 585 2231 640 brevibus
2255 586 2371 639 suis
2408 584 2587 639 delere
2634 584 2845 648 debeat,
2888 600 2953 641 ac
2981 587 3222 656 auferre,
3256 588 3306 640 et
3350 589 3549 640 cuncta

1882 674 1959 729 ad
1994 690 2188 729 nomen
2201 674 2481 745 pradicta
2500 674 2734 729 ecclesia
2752 675 2822 729 B.
2850 675 3018 729 Pauli
3045 674 3279 745 apostoli
3307 675 3542 731 tradere.

1880 764 2141 835 Denique
2166 763 2426 834 pracipit
2449 764 2950 836 ntautographum
2970 764 3309 822 donationis
3321 768 3543 835 aposto-

1882 852 1997 910 lico
2026 853 2248 910 scrinio
2288 853 2651 909 restituatur.
2683 852 3007 911 VOLVMUS
3030 854 3118 910 VT
3144 853 3281 910 HOC
3322 852 3545 909 PRAE—

1877 942 2151 999 CEPTVM
2242 943 2313 997 IN
2386 941 2660 997 SCRINIO
2747 941 3118 998 ECCLESIAE
3221 940 3543 999 NOSTRAE

1878 1032 2350 1089 EXPBRIEVTIA
2394 1031 2533 1088 TVA
2582 1030 2981 1089 RESTITUAT.
3027 1032 3162 1088 Tria
3210 1031 3333 1087 hac
3374 1044 3545 1088 man-

1880 1121 2014 1178 data
2037 1123 2154 1190 jam
2209 1126 2349 1178 tunc
2385 1121 2662 1179 marmori
2695 1120 2986 1192 insculpta
3014 1119 3184 1178 nobis
3211 1120 3553 1191 exprimunt

1882 1211 2209 1269 universam
2238 1212 2638 1283 disciplinam,
2670 1216 2727 1267 et
2757 1211 2982 1282 praxim
3010 1210 3545 1268 administrationis

1880 1298 2160 1359 bonorum
2190 1301 2468 1372 ecclesia,
2498 1315 2623 1373 qua
2643 1305 2781 1358 tunc
2800 1300 3060 1372 vigebat:
3090 1305 3147 1356 et
3170 1299 3546 1358 manifestam

1881 1389 2116 1460 publica
2164 1391 2528 1459 documenta,
2571 1404 2699 1462 qua
2728 1393 2844 1446 tam
2877 1390 2937 1447 in
2977 1389 3220 1446 scriniis
3259 1400 3432 1460 quam
3480 1388 3541 1443 in

1880 1479 2268 1536 marmoribus
2315 1479 2528 1537 adium
2559 1491 2856 1536 sacrarum
2901 1478 3245 1550 consignata
3288 1480 3450 1535 sexto
3474 1488 3541 1533 ac

1878 1568 2126 1638 septimo
2151 1568 2371 1625 Christi
2408 1569 2621 1627 saculo
2646 1570 2815 1641 juxta
2844 1580 3059 1625 morem
3093 1567 3541 1641 pracedentium

1879 1661 2113 1714 atatum
2144 1657 2371 1715 abunde
2404 1657 2817 1716 ministrabant
2845 1656 3240 1730 scriptoribus
3259 1656 3540 1714 Historia

1879 1746 2239 1804 Pontiﬁcalis
2262 1746 2529 1805 deﬁnitae
2566 1748 2806 1805 notitias
2850 1747 3209 1806 minutarum
3253 1745 3540 1818 ejusmodi

141 1837 359 1894 Romano
377 1852 537 1895 more
555 1853 879 1910 proponens
894 1840 1084 1897 oculis
1101 1840 1409 1913 populi,ut
1423 1840 1564 1897 olim
1580 1838 1771 1911 Αιιςιι-
1797 1835 1850 1898 Β
1881 1851 2096 1911 rerum,
2135 1837 2425 1909 prasulis,
2457 1841 2515 1893 et
2552 1837 2810 1894 ministri
2860 1838 3154 1910 providam
3200 1850 3398 1894 curam
3440 1836 3546 1894 illa

138 1932 235 1982 stus
260 1928 644 1985 rationarium
676 1930 932 2000 imperii,
956 1930 1045 1986 sic
1069 1930 1194 2000 ipsa
1211 1944 1449 1987 censum
1476 1928 1764 1986 Ecclesia.

193 2017 242 2071 in
271 2017 497 2086 porticu
525 2017 788 2074 basilica
824 2018 1111 2074 Vaticana
1141 2022 1405 2089 superest
1432 2031 1546 2075 una
1584 2032 1654 2075 ex
1680 2022 1776 2075 ta—

143 2104 265 2160 bulis
276 2107 618 2163 marmoreis
638 2112 853 2176 septem
869 2104 974 2176 (tot
990 2107 1140 2163 enim
1162 2107 1777 2177 numeratCiampinus

143 2206 191 2249 ex
211 2194 550 2265 Alpharano,
587 2195 690 2266 qui
717 2196 865 2252 duas
893 2196 1115 2253 viderat
1138 2209 1244 2253 suo
1269 2209 1386 2253 avo
1414 2194 1777 2269 superstites)

146 2283 405 2355 inscriptis
419 2284 660 2341 nomine
672 2298 987 2342 massarum
1002 2292 1059 2342 et
1076 2286 1421 2356 prardiorum
1434 2285 1503 2342 ad
1517 2286 1771 2343 eamdem

145 2371 397 2430 basilicam
424 2372 879 2445 pertinentium;
903 2388 1083 2445 eaque
1110 2374 1305 2432 tabula
1329 2388 1363 2431 a
1394 2376 1454 2430 B.
1487 2375 1766 2448 Gregorio

144 2461 302 2532 Magno
336 2464 416 2519 ita
446 2463 718 2533 insculpa
745 2462 860 2521 fuit
889 2461 1092 2521 fundis
1120 2477 1154 2521 a
1191 2478 1254 2521 se
1278 2464 1511 2522 donatis
1536 2465 1610 2522 ad
1641 2478 1773 2523 con-

144 2549 387 2608 cinnanda
419 2552 762 2609 luminaria.

200 2715 250 2778 ἦ(
273 2725 496 2770 οοκιιίιε
529 2725 760 2770 ελαοτιε
784 2725 851 2769 AC
878 2725 1223 2771 BEATISSIIIS
1270 2727 1443 2771 emo
1488 2727 1556 2771 ΕΤ
1594 2727 1768 2772 ΡΑνιο

147 2795 485 2841 ιροςῐοιοῐινιι
522 2797 876 2842 PRINCIPIBVS
897 2799 1202 2842 GREGORIVS
1229 2799 1490 2843 INDIGNVS
1536 2799 1764 2843 SERVVS.

147 2869 368 2914 QVO‘I'IBNS
394 2870 558 2913 LAVDI
602 2870 870 2929 νεετω,
914 2863 1047 2928 etc.,
1091 2871 1291 2914 STATVO
1321 2870 1459 2914 INIH
1484 2871 1548 2914 ET
1577 2872 1612 2914 Α
1636 2871 1770 2914 ΙΕίδ

149 2938 529 2985 ενεεεεεοιιωνε
554 2942 885 2985 SERVANDVI
933 2942 1058 2985 SINE
1102 2943 1303 2992 ΑιιονΑ
1355 2943 1767 2986 REFRAGATIONE

147 3009 393 3055 CONS‘I’I'I‘VO
448 3014 517 3056 VT
591 3013 724 3057 LOCA
786 3015 890 3057 VEL
948 3014 1165 3058 PMDIA
1226 3015 1333 3057 CVI
1374 3014 1623 3058 OLIBETIS
1674 3015 1765 3064 QVI

149 3081 365 3127 ilil-‘ERIVS
390 3084 809 3129 DESCRIBVN’I‘VR
836 3085 974 3135 QVOS
1002 3087 1109 3130 PRO
1138 3086 1569 3131 CONCINNATIONE
1595 3085 1767 3130 LVII-

151 3153 697 3234 ffIlIY-I-‘VﬁgllOI-WI
726 3159 762 3199 Α
804 3157 1061 3234 ρξνξιιειξ
1111 3159 1311 3208 OVIBVS
1348 3157 1765 3234 DETINEBANTIIR
1799 3169 1851 3234 α

150 3224 467 3272 RECOLLIGENS
504 3229 722 3272 VESTRA
769 3229 930 3271 VOBIS
971 3229 1151 3273 Βίωνι
1180 3230 1519 3274 ιιιιίντιιΑτΑ
1558 3229 1763 3273 ΡΕΕΠΔσ

151 3295 262 3339 Nili!
303 3299 448 3343 IDEST
499 3301 559 3344 IN
599 3301 937 3344 PATRIIONIO
976 3302 1154 3345 ΔΡΡΙΒ
1206 3303 1362 3346 MSS.
1416 3301 1770 3346 VICTORIOLAS

150 3365 334 3411 OLIBE'I'V
372 3372 427 3414 IN
470 3372 646 3415 FVND.
681 3372 1033 3416 RUMELLIANO
1069 3374 1126 3417 IN
1174 3374 1408 3417 INTEGRO
1431 3372 1658 3417 OLIBETV
1708 3373 1767 3417 IN

151 3437 397 3484 ΟΠΑΒΙΔΝΟ
443 3444 499 3486 IN
550 3444 789 3487 INTEGRO
836 3444 992 3487 IASS.
1044 3445 1386 3489 TRABATIANA
1436 3445 1649 3489 OLIBET.
1706 3445 1767 3488 IN

315 3513 626 3631 BV‘RRIIANO
650 3516 720 3559 ΥΤ
746 3516 863 3560 SVP.
900 3516 1112 3561 OLIBE‘I‘.
1161 3517 1219 3561 IN
1244 3518 1404 3561 FVND.
1432 3516 1667 3562 ΔΡΡῙΔΝΟ
1695 3516 1766 3561 VT

190 3582 197 3589 ”
292 3612 305 3631 ε
334 3586 362 3630 e
384 3588 431 3630 c.

190 3582 305 3642 Irus,
334 3582 431 3631 etc.

153 3727 435 3801 Sequuntur
461 3735 582 3792 alia
603 3738 857 3807 quatuor
893 3740 952 3792 et
977 3735 1363 3808 quadraginta
1393 3734 1626 3791 nomina
1647 3731 1767 3790 oll-

154 3828 365 3877 velorum
402 3830 455 3880 et
484 3838 807 3881 massarum
832 3824 970 3881 huic
995 3824 1299 3882 donationi
1346 3824 1608 3881 inclusa:
1639 3834 1769 3893 qua

156 3903 240 3977 legi
267 3918 487 3978 possunt
529 3914 686 3985 apud
740 3914 979 3970 Paulum
1005 3914 1077 3970 de
1106 3913 1344 3986 Angelis
1390 3912 1451 3968 in
1480 3911 1763 3980 Descript.

155 3992 367 4056 basilica
384 4004 687 4072 Vaticana,
717 4017 841 4076 pag.
859 4001 951 4072 8i,
974 4004 1128 4075 apud
1149 4003 1515 4073 Ciampinum
1545 4001 1617 4057 de
1639 4000 1763 4057 Sac.

157 4082 290 4141 didii.
317 4102 346 4143 a
370 4093 566 4163 Magno
606 4093 992 4149 Constantino
1020 4092 1400 4163 constructis,
1454 4105 1580 4164 pag.
1613 4088 1676 4147 3i
1712 4094 1768 4145 et

156 4168 224 4239 82,
269 4183 317 4231 et
345 4178 398 4235 in
454 4181 711 4239 editione
761 4181 1078 4238 Parisiensi
1111 4181 1362 4252 Operum
1407 4181 1462 4237 S.
1496 4179 1761 4253 Gregorii

158 4260 328 4334 Magni,
366 4268 621 4341 aliosque
646 4271 799 4342 apud
840 4276 1125 4328 auctores.

213 4347 282 4406 l6.
308 4356 363 4411 In
392 4356 630 4416 basilica
660 4360 716 4416 S.
749 4360 935 4432 Pauli,
969 4360 1060 4415 via
1082 4359 1357 4429 Ostiensi,
1391 4358 1606 4432 legitur
1633 4362 1764 4415 ante

160 4440 332 4506 gradus
353 4448 686 4519 presbyterii
700 4449 1029 4521 antiquitus
1048 4448 1337 4520 insculpta
1356 4448 1626 4505 marmori
1647 4448 1763 4520 epi-

161 4501 274 4586 stola
315 4501 1464 4611 ej'usdééfps'iniiiti;Eia—$353551},
1481 4501 1759 4596 iam
1787 4501 1845 4565 Π

163 4616 359 4680 Felicem
374 4627 785 4685 subdiaconum
810 4634 867 4685 et
879 4634 1155 4685 rectorem
1177 4629 1519 4686 Patrimonii
1534 4630 1754 4700 Appia:

163 4720 297 4774 quam
323 4713 589 4788 integram
614 4718 753 4773 dare
792 4723 1046 4789 prastat,
1087 4731 1218 4775 cum
1245 4717 1368 4774 sola
1401 4718 1587 4789 possit
1614 4716 1767 4775 sum-

161 4807 258 4852 cere
285 4802 346 4857 ad
394 4807 811 4878 comprobanda
862 4808 1206 4865 documenta
1257 4821 1382 4880 qua
1435 4809 1495 4864 in
1545 4807 1765 4864 scrinio

162 4893 429 4954 apostolico
472 4898 847 4955 servabantur
889 4904 1011 4955 tum
1060 4898 1436 4955 donationum
1477 4899 1760 4968 ejusmodi

166 4980 521 5043 pertinentium
557 4989 625 5044 ad
675 4988 880 5045 titulos
921 4994 979 5045 et
1020 4987 1295 5046 basilicas
1330 4987 1602 5044 Ecclesia
1644 4987 1765 5044 Ro—

166 5077 323 5160 fnana,
337 5080 447 5130 tum
463 5077 989 5135 administrationis
1006 5076 1285 5135 honorum
1309 5091 1406 5148 per
1427 5078 1765 5148 prapositos

166 5162 430 5219 Instructos
446 5164 712 5225 brevibus
728 5168 848 5224 sive
861 5167 1158 5224 indicibus
1172 5181 1361 5223 rerum
1378 5171 1435 5222 et
1452 5165 1760 5224 fundorum

168 5254 239 5308 ρετ
263 5247 400 5318 ipsos
428 5256 838 5314 curandorum.
875 5256 1043 5314 lubet
1070 5255 1361 5327 siquidem
1392 5253 1649 5325 pontifex
1698 5260 1764 5312 ut

168 5344 239 5399 per
258 5341 534 5399 antedicta
562 5346 832 5402 Ecclesia
862 5345 1220 5418 prapositos,
1250 5343 1350 5415 qui
1385 5358 1485 5413 per
1510 5349 1764 5415 tempora

167 5418 414 5485 iuerintab
433 5447 543 5490 ara
558 5435 913 5509 donationis,
929 5436 986 5492 id
1002 5433 1390 5507 estaseptima
1419 5433 1761 5505 indictione,

170 5509 354 5586 imperil
395 5522 588 5580 Phoca
631 5538 782 5582 anno
838 5526 1114 5595 secundo,
1170 5529 1227 5580 et
1270 5524 1612 5581 consulatus
1639 5526 1766 5595 ejus

170 5604 316 5667 Primo
337 5611 549 5670 scilicet
575 5627 645 5671 ex
677 5629 829 5673 anno
855 5614 1074 5672 Christi
1121 5609 1249 5685 604,
1291 5612 1655 5686 ordinentur,
1682 5613 1766 5670 ita

174 5696 218 5743 ut
240 5692 582 5767 imposterum
628 5703 741 5775 ipsi
789 5703 1045 5762 rationes
1075 5706 1309 5775 ponant.
1343 5702 1572 5760 Mandat
1610 5701 1765 5759 enim

173 5780 357 5843 utFelix
368 5790 750 5851 subdiaconus
761 5791 1509 5863 rectorPatrimoniiAppia
1521 5804 1766 5849 massam

1880 1928 2053 1985 etiam
2081 1932 2249 1983 atate
2279 1939 2390 1983 non
2431 1924 2856 1997 eii‘ugientium.
2879 1926 3039 1984 Talis
3068 1927 3255 2000 igitur
3280 1931 3368 1984 est
3395 1926 3543 1984 Gre—

1882 2016 2036 2090 gorii
2076 2016 2270 2090 Magni
2316 2015 2584 2088 epistola,
2627 2028 2799 2085 quam
2847 2013 3092 2074 incisam
3134 2014 3348 2075 tabula
3385 2029 3544 2072 mar-

1885 2120 2090 2164 morea
2138 2105 2406 2163 videmus
2446 2104 2506 2161 in
2545 2103 2794 2162 basilica
2831 2103 3098 2161 Doctoris
3146 2104 3408 2177 gentium
3451 2103 3547 2161 via

1881 2194 2159 2253 Ostiensi.
2844 2214 2847 2219 -

1956 2291 2020 2355 Ψ
2078 2284 2475 2342 GREGORIVS
2531 2283 2740 2355 EPISC.
2791 2282 3056 2355 ssnvvs
3103 2282 3478 2355 suuvonvm

1955 2353 2030 2415 ΠΙ
2067 2358 2288 2414 FELICI
2325 2354 2628 2415 SVBDIAC.
2673 2355 2760 2411 ET
2807 2354 3105 2412 RECTORI
3149 2353 3480 2411 ΡΑΤΒΙΜΟ-

1956 2431 2054 2486 NII
2093 2429 2361 2485 APPIAE.
2406 2429 2554 2483 Licet
2601 2429 2805 2489 omnia,
2855 2441 2979 2497 qua
3024 2426 3134 2482 hac
3175 2428 3478 2498 apostolica

1952 2502 2116 2558 habet
2162 2501 2389 2555 ecclesia
2417 2500 2481 2554 B.
2510 2499 2661 2553 Petri
2695 2503 2746 2554 et
2772 2499 2959 2562 Pauli,
2993 2513 3227 2567 quorum
3256 2499 3475 2563 honore,

1953 2578 2003 2629 et
2041 2573 2312 2643 beneﬁciis
2336 2572 2614 2641 acquisita
2639 2572 2790 2643 sunt,
2820 2572 2929 2624 Deo
2954 2570 3067 2643 sint
3095 2574 3315 2626 auctore
3344 2586 3479 2625 com-

1949 2641 2180 2707 munia,
2228 2658 2339 2698 esse
2414 2647 2597 2697 tamen
2660 2641 2816 2697 debet
2875 2643 2935 2696 in
2990 2641 3473 2697 administratione

1950 2718 2229 2798 actionum
2253 2716 2544 2798 diversitas
2568 2728 2953 2798 personarum,
2982 2717 3044 2767 ut
3057 2715 3126 2798 in
3157 2713 3471 2798 adsignatis

1950 2790 2146 2858 cuique
2202 2788 2365 2842 rebus
2431 2785 2583 2841 cura
2615 2785 2875 2869 adhiberi
2914 2786 3092 2869 possit

1948 2858 2082 2915 Cum
2111 2860 2283 2928 igitur
2305 2873 2409 2929 pro
2438 2858 2661 2912 ecclesza
2692 2857 2756 2912 B.
2801 2857 2967 2911 Pauli
2994 2857 3279 2926 apostoltct
3310 2857 3477 2911 solli-

1948 2931 2132 2986 citudo
2196 2928 2317 2985 nos
2341 2929 2526 2984 debita
2563 2932 2935 2997 commoneret,
2997 2943 3064 2982 ne
3110 2929 3293 2982 minus
3357 2928 3476 2985 illic

1947 3003 2145 3057 habere
2197 3002 2501 3057 luminaria
2541 3000 2717 3056 isdem
2752 3014 2931 3071 praco
2973 2999 3103 3069 ﬁdei
3141 3004 3471 3071 cerneretur,

1949 3076 2047 3144 qui
2108 3078 2279 3129 totum
2330 3072 2600 3128 mundum
2659 3070 2864 3125 lumine
2905 3085 3019 3127 sua
3054 3070 3474 3144 pradicationis

1947 3142 2213 3216 implevit,
2256 3148 2308 3199 et
2344 3144 2507 3199 valde
2555 3146 2938 3214 incongruum,
2985 3157 3190 3216 acesse
3228 3142 3475 3198 durissi-

1947 3215 2096 3273 mum
2150 3217 2451 3279 uideretur,
2496 3219 2560 3271 ut
2611 3215 2729 3270 ulla
2773 3216 2823 3269 ei
2859 3215 3170 3285 specialiter
3200 3216 3473 3286 possessio

1949 3304 2059 3344 non
2105 3291 2353 3355 serviret,
2402 3289 2463 3342 in
2511 3303 2622 3359 qua
2666 3286 2915 3357 palmam
2957 3301 3178 3359 sumens
3212 3288 3473 3355 martyrii

1948 3362 2127 3431 capite
2147 3365 2226 3415 est
2240 3357 2536 3415 truncatus
2558 3364 2620 3414 ut
2646 3360 2850 3431 viveret
2870 3375 2895 3431 ε
2918 3358 3053 3431 utile
3063 3357 3467 3426 judicaoimus,

1949 3428 2189 3488 eamdem
2214 3447 2472 3495 massam,
2495 3446 2617 3502 qua
2633 3430 2830 3501 Aquas
2858 3428 3085 3502 Salvias
3091 3433 3467 3499 nuncupatur,

1947 3520 2071 3559 cum
2122 3504 2370 3559 omnibus
2405 3503 2604 3571 fundis
2658 3503 2797 3566 suis,
2830 3502 2890 3555 id
2931 3505 3011 3558 est
3058 3501 3209 3556 Cella
3245 3503 3471 3556 vinaria

1947 3575 2295 3638 Antoniana,
2350 3574 2501 3630 Villa
2553 3579 2806 3645 portusa,
2844 3573 3071 3640 Biﬁtrco
3098 3573 3466 3645 Priminiano,

1946 3647 2213 3703 Cassiano
2251 3645 2476 3709 Silonis,
2510 3642 2751 3700 Cornelii
2796 3645 3093 3713 tessellata,
3126 3647 3291 3712 atque
3325 3642 3469 3698 Cor—

1949 3719 2190 3784 neliana,
2222 3732 2345 3770 cum
2373 3718 2518 3770 omni
2530 3717 2663 3784 jure
2687 3716 2976 3777 instructo,
2998 3715 3362 3768 instrumento

1950 3804 2069 3852 suo,
2112 3791 2163 3842 et
2191 3787 2443 3841 omnibus
2472 3786 2805 3854 generaliter
2824 3784 2899 3837 ad
2921 3799 3037 3837 rem
3058 3784 3468 3853 pertinentibus

1950 3860 2069 3929 ejus
2113 3872 2234 3912 cum
2278 3857 2485 3912 Christi
2529 3857 2714 3929 gratia
2757 3854 3125 3929 luminaribus
3165 3854 3461 3929 deputare:

1949 3926 2273 3999 adjicientes
2300 3929 2463 3982 etiam
2488 3927 2662 3982 eidem
2681 3927 2911 3981 cessioni
2943 3926 3124 3981 hortos
3150 3926 3287 3981 duos
3299 3928 3473 3996 posi-,

1948 4006 2030 4057 tos
2076 4003 2221 4056 inter
2265 4000 2525 4068 Tiberim,
2584 4004 2637 4055 et
2691 4000 2943 4069 porticus
2998 4000 3175 4068 ipsius
3230 3999 3463 4056 ecclesia

1947 4074 2202 4128 euntibus
2239 4088 2275 4126 a
2318 4075 2485 4142 porta
2535 4071 2775 4126 civitatis
2807 4074 2967 4141 parte
3024 4071 3270 4136 dextera,
3326 4087 3463 4141 quos

1947 4145 2150 4200 dividit
2208 4144 2411 4213 ﬂuvius
2465 4144 2612 4197 inter
2665 4142 2876 4213 adfines
2924 4142 3070 4197 horti
3135 4145 3461 4200 monasterii

1943 4218 2123 4272 sancti
2139 4215 2421 4286 Stephani,
2450 4213 2597 4286 quod
2623 4217 2703 4268 est
2730 4213 3062 4286 ancillarum
3077 4216 3194 4277 Dei,
3218 4215 3464 4285 positum

1942 4288 2018 4343 ad
2045 4285 2295 4344 sanctum
2322 4285 2579 4349 Paulum,
2613 4290 2663 4339 et
2688 4285 2763 4358 ad
2779 4288 2917 4355 ﬁnes
2926 4287 3289 4358 possessionis
3307 4288 3464 4343 Pisi-

1942 4362 2132 4415 niani:
2194 4358 2361 4414 simul
2407 4361 2459 4413 et
2521 4357 2761 4412 terrulas
2823 4370 2945 4426 qua
2997 4361 3264 4411 vocantur
3306 4359 3462 4427 fossa

1945 4432 2176 4487 latronis
2194 4432 2407 4502 positas
2425 4430 2506 4484 ibi
2513 4429 2687 4499 juxta
2707 4428 2951 4484 eamdem
2966 4428 3242 4502 porticum
3273 4430 3464 4502 eunti-

1947 4503 2046 4558 bus
2084 4499 2337 4558 similitcr
2388 4516 2424 4556 a
2469 4506 2634 4572 parte
2680 4502 2928 4565 sinistra,
2961 4499 3059 4554 ubi
3101 4515 3252 4572 nunc
3277 4501 3463 4556 Vinea

1942 4577 2104 4644 facta
2130 4578 2280 4635 sunt.
2332 4589 2456 4643 qua
2470 4570 2705 4628 "terrula
2742 4573 3012 4629 cohaerent
3055 4570 3127 4628 ab
3154 4586 3264 4631 uno
3290 4572 3459 4629 latere

1936 4648 2269 4718 possessioni
2304 4646 2591 4713 Eugenitis
2621 4645 2898 4715 quondam
2936 4644 3275 4718 Scholastici,
3310 4650 3360 4700 et
3388 4645 3459 4700 ab

1946 4716 2061 4772 alia
2088 4722 2247 4788 parte
2290 4718 2626 4787 possessioni
2648 4718 2969 4771 monasterii
2996 4716 3051 4772 S.
3087 4716 3271 4771 Aristi
3296 4735 3315 4783 ξ
3336 4732 3457 4787 qua

1946 4792 2131 4844 omnia
2174 4790 2434 4859 quoniam
2492 4792 2598 4844 Deo
2645 4789 2950 4857 adjuvante
3006 4804 3111 4857 per
3164 4788 3457 4842 antedicta

1944 4862 2200 4941 Ecclesia
2245 4862 2562 4941 praepositos
2581 4862 2716 4941 “qui
2754 4877 2856 4931 per
2891 4865 3136 4941 tempora
3174 4860 3395 4941 fuerint
3421 4873 3459 4941 ᾳ

1939 4929 2467 5009 prasentiseptima
2495 4929 2795 5009 indictione
2814 4929 3367 5009 polumusordinari,
3403 4930 3456 4981 et

1945 4999 2226 5076 quidquid
2262 4999 2459 5058 estinde
2488 5004 2773 5076 accesserit
2811 4999 3180 5076 luminaribus
3201 4999 3320 5076 ejus

1940 5067 2129 5149 pendi,
2155 5081 2323 5145 atque
2345 5077 2492 5145 ipsos
2521 5074 2720 5151 exinde
2737 5087 2937 5143 ponere
2964 5070 3225 5151 rationes,

2335 5142 2461 5225 tua_
2493 5142 2863 5225 praecipimus,
2916 5146 2999 5225 uti
3020 5142 3458 5225 suprascriptum

1942 5214 2180 5277 massam
2210 5224 2404 5287 Aquas
2428 5214 2647 5273 Salviae
2672 5228 2795 5287 cum
2816 5214 3457 5287 pranoniinatismnns—

1948 5292 2047 5346 bus
2082 5282 2293 5356 fundis
2328 5289 2467 5349 suis,
2520 5299 2727 5338 necnon
2754 5284 2967 5356 hortus,
2988 5285 3155 5356 atque
3196 5282 3455 5356 temptas,

1948 5376 2069 5432 qua
2082 5351 2353 5430 "superius
2391 5357 2741 5411 continentur
2759 5354 2826 5407 de
2855 5353 3109 5408 brevibus
3133 5354 3249 5408 suis
3280 5351 3458 5407 delere

1948 5433 2141 5486 debeat
2178 5445 2243 5483 ac
2273 5428 2516 5495 auferre,
2544 5429 2595 5477 et
2633 5429 2831 5496 cuncta
2859 5422 2935 5479 ad
2962 5440 3155 5496 nomen
3173 5422 3457 5496 praedicta

2054 5444 2141 5485 eat
2178 5445 2243 5483 ac
2273 5444 2516 5492 auferre,

1946 5504 2201 5561 Ecclesia
2232 5490 2377 5554 beati
2402 5490 2569 5552 Pauli
2603 5494 2856 5564 Apostolt
2887 5490 3106 5551 tradere
3126 5514 3145 5551 :
3173 5490 3461 5567 quatenus

1946 5575 2238 5630 seruientes
2278 5569 2388 5627 sibi
2428 5567 2742 5640 prapositiﬂ
2763 5569 2911 5640 omni
2930 5572 3058 5640 post
3084 5568 3183 5626 hoc
3212 5569 3460 5625 carentes

1950 5648 2297 5701 excusatione
2341 5641 2408 5695 de
2457 5637 2823 5693 luminaribus
2851 5637 2971 5707 ejus
3014 5640 3096 5695 ita
3125 5642 3243 5695 sine
3270 5640 3465 5707 nostra

1947 5718 2209 5774 studeant
2256 5707 2631 5772 sollicitudine
2692 5703 2950 5778 cogitare,
2999 5714 3059 5766 ut
3104 5709 3296 5765 nullus
3347 5703 3463 5756 illic

1948 5804 2194 5860 unquam
2249 5785 2525 5855 neglectus
2594 5782 2768 5849 possit
2826 5784 3077 5838 ecristere.
3122 5781 3292 5835 Facta
3340 5783 3466 5824 vero
