3996 6400
173 366 244 424 89
1734 364 2113 423 PRJEFATIO.
3553 368 3624 428 90

179 492 275 548 bus
304 511 323 558 ;
355 497 453 550 et:
481 498 649 559 Deus,
681 497 781 566 qui
811 496 1053 567 apostolo
1081 499 1174 552 tuo
1201 497 1382 566 Petro,
1415 503 1530 552 etc.
1567 496 1630 552 In
1653 493 1853 551 tricli-
1878 492 1938 554 A
2036 491 2125 550 49.
2177 496 2256 550 Ne
2295 494 2526 568 longius
2560 503 2747 553 tamen
2796 496 3094 555 abscedam
3123 512 3155 555 a
3197 493 3491 570 prOposita
3523 497 3621 554 in-

180 583 277 639 nio
294 591 490 640 autem
513 587 910 659 Lateranensi,
938 587 1089 658 quod
1121 587 1471 644 Leonianum
1497 599 1531 642 a
1552 585 1851 642 conditore

181 675 363 730 Leone
404 676 581 732 tertio
625 677 978 747 appellatum
1024 677 1156 749 fuit,
1198 679 1436 748 ejusque
1480 677 1690 732 retinet
1724 676 1851 732 eiii—

177 763 352 833 giem,
389 766 685 822 musivum
730 771 788 822 et
835 767 1296 837 inscriptionem,
1341 766 1636 837 Zophorus
1685 765 1850 820 illius

177 851 418 923 absida,
451 870 578 925 qua
603 855 910 913 dicebatur
940 857 1082 912 Casa
1111 857 1304 926 major,
1337 863 1393 912 et
1426 856 1483 911 in
1519 869 1658 912 nova
1686 861 1851 911 stru-

177 947 345 998 ctura
385 945 538 1000 Sixti
592 947 637 1001 V
667 946 909 1016 disjecta
939 945 1073 1018 fuit,
1107 947 1384 1003 Panvinio
1423 950 1563 1002 teste
1606 946 1664 1001 in
1698 944 1850 1000 libro

175 1033 244 1088 de
275 1042 496 1104 septem
541 1035 706 1091 urbis
750 1037 1045 1107 Ecclesiis,
1077 1041 1133 1092 et
1162 1038 1317 1093 card.
1348 1038 1609 1108 Raspano
1638 1037 1708 1092 de
1737 1037 1850 1091 Pa-

177 1123 474 1181 triarchio
534 1127 920 1197 Lateranensi,
967 1127 1069 1181 lib.
1123 1141 1198 1197 1v,
1245 1141 1366 1198 cap.
1418 1125 1472 1197 6,
1523 1126 1852 1183 continebat

178 1213 559 1284 epigraphem
587 1232 599 1268 :
631 1229 728 1284 per
771 1229 938 1286 quam
987 1216 1146 1286 prior
1185 1216 1287 1272 illa
1336 1215 1582 1272 formula
1618 1231 1848 1287 precum

177 1301 495 1370 aptabatur
528 1303 846 1360 invocando
890 1305 1282 1375 apostolorum
1315 1306 1638 1376 patrocinio
1674 1320 1848 1377 supra

184 1389 449 1459 hospites
477 1405 543 1447 ac
577 1394 908 1465 peregrinos
938 1395 997 1449 in
1031 1395 1237 1450 itinere
1256 1410 1288 1451 a
1311 1395 1590 1465 periculis
1621 1410 1851 1466 praser-

177 1480 397 1535 vandos
418 1486 474 1535 et
512 1481 728 1537 ibidem
763 1484 1134 1554 excipiendos
1163 1485 1463 1541 convivio:
1493 1487 1656 1556 Deus,
1691 1487 1847 1554 cujus

177 1568 410 1622 «lca-tera
446 1571 661 1625 beatum
689 1573 912 1627 Petrum
954 1578 1002 1628 et
1046 1575 1412 1644 coapostolum
1454 1576 1572 1644 ejus
1615 1577 1850 1630 Paulum

176 1663 258 1711 ter
301 1663 736 1729 nauﬁagantem
776 1663 840 1716 dc
884 1665 1168 1734 profundo
1209 1665 1393 1734 pelagi
1437 1666 1710 1736 liberavit,
1752 1670 1845 1719 tua

177 1755 377 1802 sancta
405 1750 633 1806 dextera
655 1758 939 1822 protegeat
967 1754 1185 1808 domum
1208 1757 1394 1824 istam,
1441 1761 1490 1809 et
1514 1771 1693 1810 omnes
1714 1756 1846 1826 ﬁde-

1963 585 2256 641 dicatione
2286 600 2633 642 marmorum
2668 588 2985 644 incisorum
3010 589 3347 646 nominibus
3376 603 3440 644 ac
3463 588 3622 644 noti—

1965 675 2046 730 tia
2077 673 2386 732 fundorum
2427 677 2714 743 Ecclesia,
2753 691 2885 733 cum
2928 691 3049 734 eam
3093 683 3354 736 testatam
3384 678 3623 734 fecerint

1964 766 2273 836 pracipuis
2330 766 2594 823 basilicis
2638 767 2910 824 Romanis
2966 769 3155 825 allata
3213 769 3624 838 inscriptiones

1963 859 2162 911 nostro
2194 856 2367 912 etiam
2406 870 2522 912 avo
2571 858 2934 928 superstites,
2968 858 3239 914 indicabo
3291 872 3518 929 quoque
3563 857 3622 912 in

1966 943 2160 1001 titulis
2181 951 2236 1000 et
2270 947 2559 1003 diaconiis
2581 947 2838 1017 exempla
2868 947 3122 1017 ejusdem
3155 946 3620 1014 consuetudinis,

1967 1034 2027 1090 in
2074 1035 2223 1091 Urbe
2252 1037 2555 1093 custodita
2603 1051 2700 1107 per
2733 1037 2927 1092 eadem
2970 1042 3244 1107 tempora,
3295 1036 3366 1092 de
3408 1037 3624 1106 quibus

1965 1124 2133 1180 nobis
2159 1139 2344 1182 sermo
2374 1130 2478 1198 est,
2513 1131 2568 1183 et
2602 1131 2763 1182 extra
2791 1126 2998 1183 Urbem
3030 1127 3090 1182 in
3127 1125 3411 1198 proximis
3434 1125 3624 1181 eccle-

1964 1215 2072 1270 siis
2093 1216 2528 1272 cathedralibus
2554 1216 2884 1272 observata.

2032 1306 2264 1362 Titulus
2304 1306 2394 1362 SS.
2433 1307 2669 1363 Joannis
2710 1312 2765 1363 et
2807 1307 2991 1376 Pauli,
3023 1319 3192 1377 quem
3220 1305 3623 1361 eminentissi-

1963 1410 2092 1452 mus
2137 1410 2202 1452 ac
2233 1397 2748 1454 reverendissimus
2786 1397 2942 1452 card.
2984 1395 3312 1466 Paulutius,
3357 1395 3410 1449 S.
3444 1395 3507 1449 D.
3551 1396 3618 1450 N.

1962 1487 2281 1556 exemplum
2322 1488 2603 1558 imitatus,
2649 1487 2706 1542 in
2738 1487 3000 1557 proximo
3032 1485 3204 1541 titulo
3229 1486 3281 1540 S.
3315 1485 3624 1540 Clementis

1961 1576 2180 1646 datum,
2246 1577 2676 1649 magnificenter
2740 1578 3030 1632 instaurat
3091 1579 3146 1630 et
3209 1573 3620 1630 illustrandum

1962 1665 2187 1720 curavit
2220 1667 2447 1722 erudito
2484 1667 2906 1722 Commentario
2950 1680 3050 1735 per
3082 1666 3144 1720 V.
3181 1664 3238 1719 C.
3288 1663 3620 1732 Philippum

1961 1755 2382 1824 Rondininum,
2415 1757 2735 1812 Faventina
2765 1756 3032 1812 Ecclesia
3072 1755 3436 1817 canonicum.
3471 1767 3625 1823 pra—

175 1836 251 1889 lcs
295 1841 669 1904 convivantes,
717 1844 814 1911 qui
853 1843 918 1896 de
949 1844 1105 1898 donis
1145 1845 1378 1913 apostoli
1421 1847 1505 1899 tui
1540 1845 1626 1899 hic
1658 1847 1847 1900 latan-
1881 1843 1930 1904 B
1964 1852 2153 1904 servat
2185 1845 2354 1902 nobis
2384 1846 2671 1916 specimen
2701 1851 2938 1902 vetusta
2965 1845 3287 1917 diligentia
3333 1844 3394 1899 in
3425 1842 3624 1899 fundis

175 1931 288 1995 tur,
323 1932 436 1983 etc.
470 1929 804 1987 Oratorium
857 1933 1042 1987 sancti
1083 1933 1349 2005 Gregorii
1388 1934 1546 1989 tertii
1579 1935 1636 1989 in
1674 1935 1850 1990 veteri
1966 1937 2236 1993 Ecclesia
2254 1936 2641 1992 recensendis.
2671 1935 2917 1990 Exhibet
2946 1935 3098 1990 enim
3133 1933 3359 1990 tabulas
3387 1946 3624 1988 marmo-

175 2017 426 2074 basilica
471 2020 748 2076 Vaticana
773 2021 1109 2078 ostendebat
1132 2022 1329 2078 atiian
1359 2023 1585 2079 tabulas
1619 2037 1856 2080 marmo-
1967 2039 2094 2082 reas
2145 2025 2476 2097 antiquitus
2528 2023 2846 2094 insculptas
2896 2023 3208 2093 diplomate
3255 2023 3310 2077 S.
3359 2019 3621 2092 Gregorii

176 2121 302 2164 reas
334 2107 410 2163 ab
442 2110 641 2165 eodem
694 2109 966 2179 pontifice
1002 2111 1218 2167 incisas
1258 2110 1529 2168 formulis
1569 2113 1853 2183 precatio-
1967 2116 2160 2188 Magni
2194 2116 2346 2172 inter
2375 2115 2630 2185 ejusdem
2671 2112 2948 2184 epistolas
2984 2111 3327 2167 recensitum
3366 2124 3524 2166 num.
3555 2107 3628 2167 22

180 2212 314 2254 num
357 2197 470 2254 abs
496 2213 558 2255 se
598 2199 958 2271 constitutis,
1007 2215 1251 2272 quarum
1293 2203 1598 2259 maximam
1641 2209 1855 2274 partem
1972 2205 2109 2262 libri
2155 2219 2236 2275 1x,
2282 2206 2350 2261 ad
2393 2203 2708 2261 Deusdedit
2733 2201 3084 2259 cardinalem
3124 2205 3180 2256 et
3212 2202 3482 2256 Joannem
3526 2213 3628 2254 ar-

177 2289 562 2358 superstitem
589 2288 836 2360 legimus
860 2290 920 2346 in
960 2292 1287 2348 earumdem
1334 2292 1658 2349 tabularum
1697 2292 1860 2365 frag-
1970 2295 2464 2366 chipresbyterum
2495 2293 2748 2363 ejusdem
2790 2291 2974 2357 tituli,
3013 2290 3112 2347 ubi
3160 2303 3270 2346 non
3311 2289 3496 2345 solum
3539 2289 3629 2345 le-

185 2380 419 2446 mentis,
456 2378 763 2434 translatis
790 2379 849 2434 in
876 2379 1210 2451 hypogaum
1232 2389 1553 2438 memorata
1575 2383 1850 2454 basilica,
1970 2389 2190 2457 guntur
2219 2383 2530 2440 fundorum
2569 2383 2801 2438 nomina
2849 2387 2904 2437 et
2930 2380 3092 2436 locus
3127 2379 3421 2435 indicatur
3446 2378 3504 2435 in
3536 2379 3628 2434 via

179 2467 572 2538 et.impressis
605 2481 706 2537 per
750 2467 1140 2538 Ciampinium
1171 2470 1241 2525 de
1273 2470 1464 2526 Sacris
1505 2471 1678 2527 Edif.
1711 2487 1742 2528 a
1776 2474 1847 2528 Μ.
1967 2476 2240 2544 Romana,
2263 2479 2320 2530 et
2364 2472 2724 2529 conﬁrmatio
2758 2470 3024 2543 Gregorii
3068 2469 3282 2542 Magni,
3320 2469 3415 2524 sed
3451 2469 3622 2524 etiam

177 2557 568 2614 Constantino
598 2558 952 2614 constructis
982 2572 1105 2629 cap.
1143 2557 1196 2631 2,
1228 2575 1281 2629 p.
1330 2557 1452 2632 404,
1495 2567 1549 2617 et
1589 2576 1688 2632 per
1706 2563 1854 2618 Tor-

181 2649 400 2720 rigium
447 2647 518 2702 de
555 2646 788 2717 Cryptis
835 2649 1132 2704 Vaticanis
1171 2649 1434 2721 aliosque
1482 2651 1794 2721 scriptores
1833 2670 1846 2707 :

155 2738 416 2792 Ἐπικυάί
455 2752 574 2800 nos,
625 2740 962 2808 omnipotens
992 2743 1043 2793 et
1089 2741 1395 2795 misericors
1423 2742 1706 2812 Dominus,
1739 2748 1850 2800 etc.

180 2827 566 2884 Inveniuntur
610 2827 806 2898 itaque
845 2833 902 2883 et
930 2828 1120 2884 adhuc
1165 2834 1437 2900 superant
1461 2836 1626 2887 atate
1652 2837 1848 2888 nostra

181 2917 518 2988 antiquitus
585 2915 772 2972 incisa
834 2917 1220 2974 marmoribus
1257 2917 1632 2976 basilicarum
1676 2921 1849 2977 Urbis

186 3007 613 3079 pracipuarum
659 3019 772 3062 non
808 3006 974 3064 modo
1007 3007 1240 3064 nomina
1271 3013 1326 3065 et
1372 3009 1746 3082 chronologia
1783 3025 1850 3068 ac

1963 2563 2327 2619 Constantini
2388 2576 2546 2632 papa
2594 2573 2799 2617 nomen
2861 2559 3190 2629 oppositum
3252 2558 3312 2612 in
3370 2557 3626 2632 margine

1964 2651 2236 2717 declarat,
2285 2631 2554 2707 notitiam
2590 2647 2902 2705 fundorum
2940 2645 3244 2717 ejustituli
3268 2659 3298 2701 a
3328 2631 3626 2701 decessore

1965 2755 2070 2798 suo
2132 2741 2410 2812 Gregorio
2472 2738 2942 2796 conﬁrmatorum
2999 2737 3211 2793 saculo
3259 2735 3622 2806 pracedenti,

1964 2837 2129 2888 atate
2179 2845 2304 2898 sua,
2357 2843 2557 2900 nempe
2608 2836 2804 2885 octavo
2855 2827 3074 2883 Christi
3137 2826 3372 2898 saculo,
3420 2839 3625 2881 rursus

1967 2923 2316 2994 recognitam
2348 2927 2404 2976 et
2442 2919 2789 2989 roboratam,
2828 2932 2925 2988 per
2950 2931 3014 2974 ea
3048 2916 3219 2973 verba
3251 2930 3376 2986 qua
3409 2914 3626 2970 litteris

1963 3014 2237 3084 utrinque
2315 3008 2796 3066 descendentibus
2852 3008 3280 3079 exprimuntur,
3346 3018 3545 3074 nempe
3591 3017 3623 3059 a

182 3098 410 3153 decreta
459 3094 853 3166 complurium
902 3097 1255 3167 pontificum
1288 3099 1674 3157 Romanorum
1717 3105 1849 3157 ante
1963 3103 2208 3175 legentis
2236 3101 2369 3158 lava
2403 3106 2559 3171 parte
2592 3102 2654 3166 ᾧ
2690 3097 2968 3156 ΝΟΤΙΤΙΑ
3021 3095 3400 3154 FVNDORVM
3445 3094 3626 3151 IVRIS

180 3187 468 3242 decimum
519 3185 820 3257 saculum,
870 3185 966 3244 sed
1011 3187 1186 3246 etiam
1217 3187 1478 3246 formula
1517 3203 1750 3262 precum
1777 3191 1848 3248 ab
1875 3189 1924 3256 C
1959 3193 2162 3251 HVIVS
2204 3192 2448 3262 TITVLI,
2494 3195 2550 3246 et
2592 3202 2624 3246 a
2673 3189 2909 3246 dextero
2952 3187 3129 3244 latere
3168 3190 3230 3254 >14
3271 3185 3625 3242 CONSTAN—

184 3274 330 3346 ipsis
353 3274 666 3331 instituta.
1960 3283 2161 3339 TINVS
2180 3279 2440 3338 SERVVS
2467 3277 2844 3336 SERVORVM

1191 3461 1254 3525 >14
1297 3459 1558 3514 TERRIT
1584 3461 1829 3516 BELTR'
1859 3462 2002 3518 MIL‘
2034 3461 2193 3518 XXII

975 3530 1161 3585 FVND
1192 3530 1543 3586 MVCIANVS
1576 3534 1644 3587 IN
1672 3533 1980 3589 INTEGRO

969 3601 1155 3656 FVND
1178 3602 1504 3658 COSCONIS
1531 3605 1601 3657 IN
1632 3605 1858 3661 INTEG'
1884 3607 1995 3660 VBI
2023 3605 2148 3661 SVP

969 3673 1126 3728 FND'
1156 3673 1625 3729 PRETORIOLVS
1653 3677 1720 3730 IN
1755 3677 1868 3730 INT
1897 3676 2009 3730 VBI
2035 3675 2255 3730 SVI'IIA

965 3744 1151 3799 FVND
1184 3743 1646 3800 CASACATELLI
1669 3747 1737 3800 IN
1761 3747 1986 3801 INTEG‘
2030 3744 2408 3801 VRI'SVPRA

968 3815 1152 3871 FVND
1188 3816 1470 3871 PROCLIS
1492 3818 1563 3871 IN
1595 3818 1708 3871 INT
1740 3819 1854 3873 VIA
1895 3818 2118 3873 APPIA'
2153 3819 2266 3871 ML'
2323 3817 2386 3869 II'
2418 3814 2841 3870 CVMPANTAN

967 3888 1105 3942 FND
1143 3887 1451 3942 VIRGINIS
1509 3889 1582 3941 IN
1620 3890 1736 3943 INT
1777 3889 1891 3944 VIA
1919 3887 2146 3944 APPIA'
2179 3887 2294 3941 ML'
2327 3886 2476 3940 XIII'

969 3958 1152 4013 FVND
1189 3959 1551 4014 CAPITONIS
1593 3959 1708 4015 VIA
1749 3959 2146 4015 ARDEATINA
2185 3959 2326 4013 MIL'
2351 3959 2440 4012 III'

971 4031 1107 4084 FND
1136 4031 1568 4086 FONTEIANVS
1608 4033 1679 4085 IN
1723 4033 1854 4086 INT'
1888 4033 2004 4086 VIA
2032 4028 2539 4086 SVPRASCRIPTA
2579 4029 2694 4084 ML'
2723 4029 2767 4085 V

969 4102 1106 4158 FND
1128 4103 1509 4158 FAVSIANVS
1548 4104 1621 4157 IN
1642 4105 1778 4159 ΙΝΤ·
1806 4101 1942 4158 VIA'
1977 4103 2141 4157 SSTA
2172 4103 2313 4156 MIL'
2348 4103 2383 4154 P
2409 4102 2448 4155 L
2473 4102 2525 4156 M
2557 4101 2660 4156 XII

968 4173 1106 4228 FND
1128 4173 1506 4229 LAVSIANVS
1535 4175 1604 4228 IN
1645 4178 1778 4231 ΙΝΤ·
1813 4176 1951 4230 VIA'
1981 4173 2144 4230 SSTA
2176 4174 2288 4227 ML'
2331 4172 2497 4227 SSTO

969 4245 1107 4298 FND
1135 4245 1736 4303 CARBONARIORVM
1773 4248 1842 4302 IN
1863 4247 1999 4302 INT'
2033 4244 2292 4302 VIA'S'M
2319 4246 2358 4298 P
2390 4243 2532 4298 VIIII

969 4315 1107 4370 FND
1137 4317 1420 4372 PVBLICA
1451 4318 1522 4371 IN
1563 4317 1679 4373 INT
1711 4317 1825 4374 VIA
1847 4317 2097 4375 LATINA
2121 4318 2260 4371 MIL'
2293 4317 2376 4371 PL
2402 4317 2453 4371 M
2475 4315 2554 4371 XI

970 4388 1107 4443 FND
1134 4388 1542 4457 CASAQVINTI
1579 4391 1649 4445 IN
1677 4391 1810 4446 ΙΝΤ·
1854 4391 1966 4444 VIA
2001 4389 2223 4444 LATIN'
2262 4388 2523 4442 M'PL'M'
2555 4386 2636 4444 XI

968 4459 1106 4514 FND
1138 4459 1542 4517 LACITIANVS
1572 4463 1642 4517 IN
1673 4463 1807 4516 INT‘
1830 4462 1947 4516 VIA
1974 4459 2314 4516 LAVIUANA
2335 4459 2387 4512 Μ
2416 4459 2518 4516 XV

967 4531 1105 4585 FND
1147 4531 1552 4586 SERGIANVS'
1577 4534 1647 4587 IN
1665 4530 1974 4588 INTEGRO
1995 4533 2106 4588 VBI
2128 4529 2348 4588 SVPRA

970 4602 1154 4657 FVND
1183 4603 1608 4658 SEPTEMINVS
1646 4605 1713 4659 IN
1735 4606 1871 4660 INT'
1897 4604 2015 4662 VIA

971 4673 1128 4728 FVN'
1177 4674 1648 4730 CAESARIANVS
1689 4678 1758 4731 IN
1796 4677 1928 4732 INT'
1959 4677 2021 4730 V'
2052 4672 2482 4729 PENESTRINA
2511 4674 2563 4729 Μ
2595 4673 2760 4730 ΧΧΧ

975 4745 1085 4800 FN'
1132 4745 1422 4801 STAGNIS
1446 4747 1516 4800 IN
1555 4747 1690 4802 INT'
1724 4748 1838 4802 VIA
1865 4746 2114 4802 LATINA
2138 4747 2255 4800 ML’
2280 4745 2382 4799 PL'
2406 4747 2476 4800 Μ·
2505 4745 2693 4800 XXX'

978 4816 1135 4871 FVN'
1174 4816 1502 4873 CASALVCI
1561 4820 1628 4872 IN
1656 4819 1789 4873 INT'
1813 4821 1922 4874 VBI
1942 4818 2162 4873 SVI’RA

978 4887 1116 4942 FVN
1143 4889 1684 4944 CASACELLENSE'
1719 4890 1832 4944 VIA
1861 4891 2037 4945 APIA'
2071 4890 2187 4945 ML'
2215 4889 2342 4944 XIII

980 4959 1244 5016 VESTRE
1271 4960 1532 5016 AECCLE
1555 4960 2056 5016 CONFIRMAREM
2066 4963 2142 5017 VS

983 5032 1069 5106 e1"
1104 5033 1243 5106 N_OS_
1265 5032 1896 5106 LTAQQNEMMIUS
1921 5035 2006 5106 vr
2045 5035 2104 5087 SI
2134 5033 2425 5106 QVISQVE

978 5102 1400 5159 TEMERATOR
1420 5103 1792 5158 EXTITERII'
1817 5104 2092 5160 ANATHE

983 5175 1192 5231 MATIS
1211 5175 1502 5231 VINCVLO
1526 5176 1900 5231 SVBIACEAT
1927 5178 1996 5232 IN
2027 5177 2435 5232 PERPETVVM

697 3460 764 3523 vis

715 3527 765 3576 N

721 3588 767 3640 0

723 3652 768 3702 L

727 3715 748 3763 1

719 3777 769 3825 T

734 3839 756 3888 1

717 3905 767 3952 A

723 3963 767 4014 F

713 4026 766 4075 v

713 4089 765 4140 N

719 4152 767 4201 D

719 4213 767 4264 0

718 4277 769 4325 Β

735 4339 756 4387 1

715 4400 771 4451 v

717 4464 770 4513 R

731 4525 754 4575 1

725 4587 768 4638 s

717 4651 769 4701 Η

718 4713 773 4762 v

734 4784 756 4833 1

715 4845 769 4894 v

728 4908 769 4958 s

723 4972 772 5019 T

735 5033 762 5086 I

713 5097 762 5144 T

715 5158 768 5206 v

722 5219 768 5272 L

2980 3463 3042 3526 ris

2977 3531 3018 3580 c

2979 3593 3022 3643 0

2977 3655 3025 3704 N

2981 3717 3020 3765 s

2979 3778 3024 3826 T

2981 3842 3030 3889 A

2981 3903 3028 3952 N

2977 3965 3023 4015 Τ

2995 4029 3016 4078 1

2977 4091 3025 4141 N

2977 4154 3026 4202 v

2981 4216 3020 4266 s

2982 4278 3020 4328 s

2979 4340 3022 4390 E

2979 4403 3026 4452 Β

2978 4465 3027 4513 v

2978 4529 3028 4578 v

2981 4593 3019 4643 s

2980 4657 3019 4706 s

2977 4719 3020 4768 E

2981 4783 3030 4831 Β

2978 4845 3029 4893 v

2981 4906 3025 4955 ο

2982 4969 3031 5016 R

2981 5028 3031 5077 v

2981 5089 3039 5139 M

181 5319 438 5377 Celebris
472 5319 751 5377 diaconia
781 5320 837 5374 S.
871 5319 1066 5376 Maria
1103 5319 1161 5375 in
1200 5318 1503 5374 Cosmedin
1535 5332 1566 5374 a
1599 5320 1854 5375 sanctis—
1880 5318 1934 5379 D
1964 5319 2094 5374 dam
2140 5317 2398 5386 suscepit
2449 5308 2863 5372 commentario
2920 5309 3110 5368 solida
3153 5307 3488 5368 eruditione
3537 5320 3636 5361 re—

184 5409 329 5466 simo
354 5410 596 5467 domino
626 5414 829 5466 nostro
847 5409 1088 5480 ejusque
1129 5406 1328 5464 fratris
1360 5406 1480 5464 tilio
1509 5409 1857 5464 eminentis—-
1967 5407 2112 5464 ferto
2135 5411 2439 5476 praservat
2466 5401 2639 5458 nobis
2653 5399 3060 5458 documentum
3082 5401 3314 5459 illustre
3340 5393 3633 5464 sculptum

185 5499 331 5556 simo
356 5513 424 5556 ac
471 5499 961 5556 reverendissimo
987 5497 1275 5555 cardinali
1309 5496 1527 5555 Albano
1555 5499 1614 5555 in
1646 5500 1858 5570 pristi-
1967 5510 2118 5554 anno
2145 5493 2364 5550 Christi
2414 5489 2512 5547 904
2563 5486 2674 5545 sub
2697 5487 2910 5545 Joanne
2959 5491 3054 5562 1X,
3110 5492 3168 5548 in
3229 5500 3344 5560 quo
3395 5492 3636 5553 apparet

187 5601 319 5645 num
343 5589 714 5660 splendorem
750 5588 998 5658 redacta,
1033 5601 1203 5660 quam
1234 5587 1297 5642 V.
1329 5587 1389 5642 C.
1432 5587 1590 5644 Joan.
1615 5589 1854 5659 Marius,
1967 5583 2273 5658 diligentia
2291 5583 2547 5653 ejusdem
2564 5574 2754 5634 atatis
2778 5575 2836 5632 in
2864 5580 3231 5638 recensendis
3251 5577 3428 5634 etiam
3457 5570 3638 5626 mobi-

186 5681 500 5736 canonicus
543 5677 964 5748 Crescimbeni,
1023 5682 1149 5750 post
1200 5677 1426 5733 litteras
1476 5677 1858 5750 elegantiores
1970 5675 2127 5732 libus
2178 5673 2352 5730 donis
2398 5677 2456 5730 et
2504 5667 2865 5760 ornamentis
2906 5670 3195 5728 Ecclesia.
3246 5669 3509 5760 Marmor
3546 5667 3638 5715 est

190 5766 248 5822 in
279 5768 722 5826 ﬂorentissimis
744 5767 926 5824 Italia
942 5766 1269 5824 Academiis
1287 5765 1860 5823 excultasillustran-
1971 5770 2154 5838 vetus,
2189 5779 2260 5821 ex
2306 5763 2497 5820 ruinis
2539 5754 2818 5833 proxima
2867 5761 3008 5819 adis
3041 5761 3096 5815 S.
3125 5753 3446 5816 Valentini,
3482 5757 3638 5801 nunc
