3996 6406
243 408 317 469 93
1801 414 1821 469 l

2121 410 2183 468 Ο.
3630 411 3699 469 94

689 536 1023 622 Ῑριιξερδεεξᾳ
1051 539 1209 622 geel.
1235 540 1393 622 Rom.
1433 553 1496 597 se
1952 542 2011 604 A
2037 539 2338 596 ostendere
2369 529 2590 595 indices
2621 537 2930 596 fundorum
2957 545 3014 595 et
3054 539 3400 611 praediorum
3436 539 3508 597 de
3543 553 3698 596 more

695 608 1030 701 ΕΕΠΡΙΨ,
1047 611 1314 701 '99.?!“
2039 630 2269 701 insculp

2114 631 2381 701 sculptos,
2432 630 2779 701 quandoque
2817 630 2991 686 etiam
3032 608 3337 688 mobilium
3392 644 3581 687 rerum
3625 631 3692 686 ad

688 681 1281 810 ’“r'ss'ﬁ’bljﬂfgﬂﬁ,”
2036 681 2381 777 eademrloca
2409 681 2567 776 sacra
2596 681 3032 790 pertinentium,
3058 725 3124 776 ut
3148 721 3476 776 earumdem
3507 732 3695 776 rerum

2039 811 2469 882 praeservationi
2513 816 2816 880 sequentes
2849 813 3044 866 aetates
3086 810 3476 866 consulerent.

2110 900 2380 971 Exempla
2413 899 2774 970 providentis
2803 899 3038 956 consilii
3088 899 3266 968 hujus
3294 899 3561 955 Romanae
3585 900 3699 954 Eo-

320 979 417 1037 50.
452 982 730 1039 Videmus
763 983 1036 1056 itaquein
1065 986 1210 1044 Urbe
1239 985 1532 1057 basilicas,
1561 983 1786 1054 titulos,
1807 985 1924 1041 dia-
2036 989 2227 1044 clesim
2252 989 2508 1045 derivata
2540 995 2676 1045 sunt
2707 989 2766 1044 in
2806 988 3102 1058 proximos
3136 987 3274 1042 Urbi
3308 988 3694 1058 episcopatus,

246 1072 478 1142 conias,
534 1075 879 1132 monasteria
927 1083 983 1132 et
1033 1077 1295 1147 sepulcra
1362 1077 1530 1134 nobis
1600 1076 1919 1146 ostendere,
2033 1092 2280 1149 quorum
2303 1081 2382 1134 ex‘
2405 1071 2790 1135 marmoribus
2811 1076 3329 1148 descripsieaquae
3349 1081 3692 1146 sequuntur.

251 1163 580 1232 praesertim
613 1178 681 1219 ex
711 1170 874 1221 aetate
896 1167 957 1220 Β.
996 1167 1262 1240 Gregorii
1283 1169 1497 1241 magni,
1521 1173 1680 1224 sexto
1697 1168 1923 1224 scilicet
2103 1171 2166 1224 In
2201 1168 2444 1224 ecclesia
2489 1168 2806 1224 cathedrali
2852 1167 3153 1240 Anagnina
3199 1166 3538 1223 Grimaldus
3567 1165 3700 1236 epi—

249 1253 473 1307 saeculo
504 1253 804 1310 desinente
834 1260 888 1310 et
917 1257 1151 1312 ineunte
1177 1259 1441 1328 septimo,
1483 1259 1551 1314 ad
1580 1259 1818 1314 Leonem
1852 1258 1922 1314 IV
2033 1271 2242 1326 scopus
2269 1257 2452 1312 incidi
2477 1258 2701 1313 curavit
2717 1255 3068 1328 epigraphen
3087 1253 3297 1312 fundos
3318 1254 3694 1325 complexam,

249 1341 527 1412 aliosque
583 1343 880 1412 pontifices
922 1346 1131 1402 decimi
1176 1348 1398 1419 saeculi,
1459 1347 1629 1404 nobis
1682 1348 1916 1418 inquam
2031 1348 2200 1415 cujus
2222 1347 2603 1418 fragmentum
2632 1345 2739 1403 hoc
2770 1350 3048 1417 superest.

860 1645 871 1657 .
957 1646 970 1658 .
1049 1647 1061 1660 .
1147 1648 1158 1659 .
1241 1645 1254 1657 .
1334 1649 1346 1661 .
1429 1621 1484 1663 DI
1512 1619 1776 1663 GENITRIX
1816 1619 2386 1667 MARIAOVIDIGNASTI
2423 1619 2600 1663 ABERE
2624 1621 2693 1663 TA

858 1716 871 1728 .
953 1719 964 1730 .
1049 1720 1059 1731 .
1143 1719 1155 1732 .
1238 1720 1249 1731 .
1334 1719 1347 1733 .
1426 1693 1608 1734 MALDV
1641 1692 1740 1734 EPS
1775 1692 1949 1734 PARBA
1982 1691 2293 1733 PARABIMVS
2325 1692 2490 1733 INTRA
2518 1693 2628 1734 VRE
2658 1691 2909 1736 ECCLESIA

644 1758 772 1801 CVM.
858 1788 870 1801 .
952 1790 965 1803 .
1051 1791 1062 1802 .
1145 1791 1156 1803 .
1239 1791 1250 1804 .
1335 1793 1346 1806 .
1427 1764 1628 1806 LIBABV
1662 1763 1755 1805 (ἰοΤ
1795 1764 1899 1806 NOS
1936 1763 2320 1805 PLANTABIHVS
2356 1763 2451 1804 SEV
2479 1763 2552 1805 ME
2591 1764 2660 1807 ΒΟ

583 1832 785 1875 τΑΕνυ.
817 1833 931 1880 QVI.
962 1834 1017 1877 N.
1049 1835 1128 1876 VI.
1174 1836 1404 1878 KASALIS
1431 1836 1606 1878 POSITI
1643 1835 1781 1878 SVNT
1812 1835 1949 1883 QVOS
1972 1834 2004 1876 Ι)
2051 1835 2086 1877 N
2115 1835 2214 1876 LEO
2240 1835 2321 1876 PP.
2359 1835 2523 1876 INTBA
2547 1835 2624 1877 All

542 1902 668 1945 ΑΒΙΤ
694 1905 758 1946 ET
788 1905 892 1948 NOS
920 1906 1019 1948 DE’I‘
1061 1934 1075 1948 .
1122 1934 1134 1947 .
1180 1935 1192 1948 .
1235 1908 1346 1950 TIBI
1386 1908 1548 1950 DONIS
1566 1907 1993 1949 CVHPARABIMVS
2019 1905 2227 1950 DOMINA
2252 1907 2363 1949 NEA
2391 1906 2448 1949 IN

400 1973 598 2017 VNCIAS
625 1976 688 2018 II.
723 1977 808 2018 ET.
840 1977 897 2018 IN
929 1979 1091 2020 FVND.
1123 1978 1247 2020 OR‘I'I
1272 1979 1620 2021 DIACONORVM
1646 1978 1842 2021 VNCIAS
1864 1978 2005 2020 DVAS
2027 1978 2135 2020 CVI
2165 1979 2299 2021 LASA

598 2048 736 2090 ενΑς
784 2048 882 2089 SEV
908 2049 1079 2090 MEDIV
1105 2050 1252 2091 FVND
1282 2051 1570 2092 PELEGRINI
1598 2049 1796 2092 VNCIAS
1814 2051 1873 2091 II.

697 2145 708 2158 .
787 2119 960 2160 VINEA
986 2121 1041 2162 IN
1075 2120 1194 2162 IPSO
1223 2121 1385 2162 PVND.
1420 2121 1559 2169 QVOD
1601 2121 1986 2164 EVBARBARIKA
2006 2121 2114 2163 CVM

697 2217 710 2230 .
790 2189 1038 2233 DICITVR.
1076 2191 1143 2233 AT
1170 2192 1380 2234 BALNEV
1415 2193 1511 2234 SEV
1552 2193 1678 2234 MET.
1713 2192 1881 2234 VINEA
1911 2193 2001 2241 QVI
2029 2193 2096 2234 ES
2122 2192 2280 2235 SVICO
2308 2193 2374 2235 GE

699 2288 712 2301 .
790 2262 850 2302 IN
881 2263 1044 2304 FVND.
1072 2264 1370 2312 QVORIIANO
1401 2265 1659 2312 QVANTVM
1680 2263 1781 2306 ODO
1822 2265 1895 2306 IBI
1923 2264 2137 2306 TENERE
2171 2265 2409 2308 DIBE‘I‘VR

689 2361 701 2372 .
748 2333 1001 2376 IVSSIONE
1024 2335 1113 2376 DNI
1150 2336 1202 2377 N.
1248 2335 1577 2378 APOSTOLICI.
1608 2335 1982 2378 RECOLLISSIM.
2013 2336 2185 2379 FVND.
2225 2337 2509 2379 MACERATA
2541 2338 2599 2379 IN

692 2432 704 2444 .
751 2405 835 2446 D0.
866 2406 957 2446 SIN
996 2406 1308 2448 PRINIANVM
1339 2407 1535 2449 VNCIAS
1563 2407 1703 2449 NOBE
1733 2408 1800 2449 ΕΙ)
1826 2408 1883 2449 IN
1914 2408 2073 2450 FVND.
2111 2409 2374 2450 ILABIANO
2403 2408 2608 2451 VNCIAM

394 2504 406 2515 .
493 2502 507 2514 .
593 2502 604 2515 .
692 2503 704 2515 .
746 2475 840 2517 ANI
869 2477 1032 2518 VNCIA
1066 2478 1148 2519 III.
1176 2479 1243 2520 DE
1273 2479 1435 2521 FVND.
1470 2478 1792 2520 BALNEAREA
1832 2479 2027 2521 VNCIAS
2054 2479 2157 2521 SEX
2197 2481 2299 2521 SEV
2332 2480 2458 2521 HET.
2493 2480 2651 2523 FVND.

413 2563 565 2573 ——
606 2547 842 2589 INTEGRO
871 2547 980 2590 CVM
1006 2549 1158 2590 CASIS
1181 2551 1246 2592 ET
1269 2549 1456 2594 BINEIS
1480 2549 1656 2594 SILBIS
1674 2549 1876 2594 TERRIS
1903 2551 1970 2594 ΕΤ
2009 2551 2068 2594 IN
2097 2551 2217 2596 IPSO
2241 2551 2457 2594 KLSALI.

592 2618 1192 2665 .SCI'LDIGENETRIX
1272 2650 1286 2662 .
1367 2650 1379 2664 .
1463 2651 1475 2664 .
1556 2650 1570 2663 .
1650 2650 1665 2663 .
1750 2650 1762 2664 .
1847 2650 1858 2662 .
1941 2650 1954 2663 .
2035 2649 2050 2664 .
2129 2650 2141 2664 .

1010 2620 2588 2666 IETRIX...........ETBINEA.

315 2731 384 2786 In
415 2729 664 2786 ecclesia
701 2731 1009 2788 Tiburtina
1040 2731 1352 2803 descripsit
1399 2733 1705 2791 Suaresius
1732 2734 1922 2790 dona-
1950 2735 2003 2795 B
2027 2731 2152 2801 930,
2182 2738 2238 2790 et
2265 2734 2524 2805 vulgavit
2566 2734 2605 2789 l.
2660 2746 2698 2790 ιι
2726 2734 2996 2790 Praenest.
3030 2731 3237 2804 antiq.,
3272 2746 3320 2789 c.
3367 2728 3424 2802 7,
3483 2746 3536 2802 p.
3571 2726 3690 2786 446.

248 2819 474 2876 tionem
505 2821 786 2877 bonorum
819 2821 1124 2878 mobilium
1171 2828 1228 2879 et
1255 2823 1641 2881 immobilium
1676 2825 1918 2897 antiquo
2031 2824 2303 2880 marmori
2333 2825 2412 2880 ita
2453 2823 2696 2880 incisam
2737 2823 2845 2880 sub
2870 2823 3149 2895 Gregorio
3179 2824 3268 2893 IV,
3300 2835 3448 2878 anno
3473 2820 3687 2890 Christi

397 2971 462 3041 εἷς
505 2965 800 3041 Attendite
830 2966 1246 3041 lumencuncti
1281 2968 1381 3039 qui
1415 2969 1657 3025 cernitis
1687 2969 1832 3025 hanc
1859 2969 2010 3026 Fulli
2043 2970 2297 3037 domum,
2327 2981 2499 3040 quam
2537 2969 2754 3024 sarcire
2782 2969 3016 3025 curauit
3044 2981 3232 3041 egreg.
3262 2967 3628 3041 Igmagister

323 3039 587 3112 militum
615 3039 807 3094 cultor
832 3039 1227 3107 ecclesiarum,
1252 3045 1308 3095 et
1333 3041 1573 3111 largitor
1604 3054 1941 3110 pauperum.
1975 3042 2054 3097 Eo
2087 3041 2270 3112 magis
2297 3039 2506 3096 saevum
2540 3047 2766 3110 tempus
2793 3039 3114 3109 transierit,
3145 3039 3295 3110 quod
3327 3039 3502 3107 hujus
3525 3052 3628 3112 ve-

324 3109 727 3184 tustat'abrica
755 3125 890 3184 casu
920 3111 1149 3184 ruitura
1181 3112 1383 3167 multis
1407 3109 1530 3168 esse
1561 3109 1882 3168 videbatur.
1917 3114 2081 3168 Nunc
2107 3127 2170 3167 ea
2186 3109 2342 3168 'facit
2365 3111 2516 3184 Vigil
2555 3114 2615 3166 P.
2649 3109 2779 3184 eum
2823 3112 2929 3167 hac
2966 3117 3130 3167 natos
3163 3109 3298 3184 Suos
3331 3125 3430 3180 pro
3464 3111 3626 3184 redi7

323 3182 556 3237 mendis
586 3180 948 3238 facinoribus
977 3183 1122 3253 suis,
1165 3197 1266 3238 seu
1311 3188 1366 3238 et
1399 3199 1499 3252 pro
1529 3185 1719 3239 anima
1749 3185 2014 3255 conjugis
2043 3198 2163 3240 suae
2210 3180 2760 3253 Agathae'sacaciter
2799 3184 3102 3253 ampliavit
3127 3198 3158 3238 a
3189 3182 3312 3239 solo
3343 3195 3527 3255 usque
3552 3181 3621 3236 ad

323 3267 644 3327 summum,
668 3261 742 3327 _et
771 3254 1021 3327 picturis
1069 3255 1253 3311 bariis
1281 3255 1601 3324 decorauit,
1653 3257 1850 3326 Itaque
1880 3253 2090 3311 obnixe
2133 3269 2344 3326 qureso.
2385 3255 2431 3311 Ο
2455 3255 2701 3327 Christe,
2735 3260 2791 3310 et
2815 3255 3084 3311 Genitrix
3115 3255 3302 3325 virgo,
3331 3253 3626 3327 simulque

321 3325 509 3398 beate
545 3325 718 3380 Paule
745 3339 841 3380 vas
872 3326 1215 3398 electionis,
1251 3327 1514 3397 sociique
1559 3329 1643 3383 tui
1672 3327 1913 3382 Romula
1945 3325 2272 3396 Redempta,
2306 3325 2696 3398 Erundoque,’
2735 3341 2978 3398 quarum
3029 3339 3269 3398 corpora
3321 3325 3628 3380 recondere

323 3395 606 3470 intribus
629 3397 812 3470 sacris
833 3396 1120 3452 altaribus
1150 3398 1398 3465 studuit,
1420 3395 1486 3453 vt
1507 3399 1801 3468 suscipere
1829 3395 2169 3469 dignemini
2187 3399 2292 3470 hoc
2314 3395 2586 3470 exiguum
2612 3395 2842 3466 munus,
2869 3397 3021 3469 quod
3049 3399 3119 3454 ad
3138 3395 3449 3470 vtilitatem
3477 3401 3622 3451 tem-

324 3469 405 3538 pli
430 3468 724 3532 exhibuit,
752 3468 808 3522 id
833 3474 919 3524 est
948 3475 1228 3538 patenam,
1257 3470 1515 3538 calicem,
1543 3467 1818 3535 cortinas,
1839 3467 2200 3540 candelabra,
2224 3467 2615 3538 thurib'ulum,
2643 3467 2916 3525 canthara
2933 3485 3002 3526 ex
3023 3476 3280 3540 argento,
3305 3467 3623 3524 canistrum

321 3553 393 3594 ex
438 3553 571 3607 aere,
623 3547 830 3605 vestes,
877 3541 1152 3609 cortinas,
1184 3541 1430 3608 codices,
1488 3543 1771 3612 imagines
1797 3541 1986 3596 tribus
2016 3557 2157 3612 cum
2190 3539 2512 3612 Signaculis
2540 3543 2608 3598 ad
2653 3542 3036 3612 resonandum
3071 3539 3296 3596 laudem
3321 3539 3447 3608 Dei,
3497 3553 3624 3608 qua:

321 3625 503 3680 super
528 3625 752 3667 camera
778 3611 955 3667 istius
986 3613 1184 3682 templi
1210 3618 1460 3668 statuere
1482 3611 1812 3668 feci.’Casas
1841 3627 1973 3668 vero
2003 3611 2630 3681 fundum'Valvianum,
2661 3613 2956 3682 simulque
2980 3611 3202 3667 vineam
3232 3612 3292 3666 in
3318 3612 3620 3682 Laurento,

321 3689 382 3738 et
412 3683 590 3750 silua,
622 3688 679 3738 et
711 3683 770 3738 in
805 3680 1155 3739 Buruatiaria
1177 3684 1336 3739 Petia
1359 3684 1432 3739 de
1456 3688 1627 3752 terra,
1658 3690 1713 3739 et
1737 3684 2095 3753 Clausuram,
2120 3684 2508 3753 Pergulasque
2534 3680 2727 3751 unam,
2756 3689 2808 3738 et
2836 3680 2894 3736 in
2928 3687 3088 3751 prata
3119 3688 3364 3753 pratum.
3397 3681 3455 3736 Si
3489 3680 3591 3749 qui

321 3753 395 3808 de
420 3754 515 3809 his
545 3754 739 3823 donis,
776 3770 901 3826 qum
924 3769 1026 3823 ego
1057 3754 1260 3810 offerre
1286 3756 1505 3822 curavi,
1532 3755 1755 3824 aliquid
1781 3752 2119 3810 subtrahere
2150 3752 2754 3826 praesumpserit,gsive
2768 3754 3103 3826 episcopus,
3125 3752 3247 3808 sive
3270 3764 3472 3820 magna
3500 3763 3631 3819 par-

323 3839 512 3894 vaque
543 3823 1063 3895 persona‘hmredes
1091 3839 1245 3881 meos
1267 3826 1326 3880 in
1360 3839 1464 3881 sua
1487 3823 1672 3881 teneat
1705 3831 1997 3895 potestate.
2031 3828 2196 3880 Nunt
2229 3831 2416 3878 autem
2451 3823 2550 3893 qui
2574 3823 2798 3892 aliquid
2843 3823 3108 3895 temerari
3139 3835 3334 3895 eorum
3361 3835 3629 3895 praesum-

324 3891 642 3966 pse‘rit,‘sit
675 3898 764 3952 illi
797 3898 1051 3953 alienum
1080 3911 1319 3969 regnum
1343 3899 1466 3968 Dei,
1499 3903 1555 3952 et
1584 3911 1615 3953 a
1638 3891 2217 3969 trecentorumdecem
2248 3896 2368 3969 VIII
2405 3891 2641 3969 Patrum
2669 3891 3630 3969 sententia,seudecretoanathe-

325 3963 503 4022 matis
523 3963 763 4025 'vinculo
786 3969 1096 4038 subjaceat,
1126 3963 1182 4024 et
1207 3983 1337 4025 cum
1365 3963 1510 4025 Juda
1538 3968 1818 4024 traditore
1841 3967 2071 4023 Domini
2102 3972 2316 4037 partem
2348 3966 2568 4021 habeat.
2602 3965 2831 4038 Felices,
2851 3967 2951 4036 qui
2987 3966 3082 4021 hic
3109 3965 3428 4038 ingressuri
3450 3963 3625 4038 estis,

323 4053 431 4112 pro
464 4053 552 4094 me
581 4055 774 4110 quaeso
801 4037 980 4110 orate,
1012 4048 1070 4095 et
1088 4037 1342 4112 gaudere
1363 4041 1720 4110 temporibus
1766 4040 1967 4095 multis
2002 4039 2177 4112 donet
2211 4038 2509 4105 Dominus,
2544 4043 2607 4112 ut
2636 4038 2729 4094 his
2753 4037 2935 4094 celere
2963 4044 3146 4112 mente
3169 4037 3463 4112 deprecari
3495 4049 3624 4094 eum

325 4111 590 4167 valeatis.
619 4112 696 4166 M.
728 4113 906 4168 Amen
930 4110 1162 4169 Factum
1191 4113 1549 4183 temporibus
1573 4112 1802 4169 Domini
1830 4111 2095 4185 Gregorii
2127 4111 2329 4181 Quarti
2367 4111 2527 4179 Papa:
2554 4110 2730 4166 Roma
2759 4124 2856 4180 per
2881 4111 3147 4167 Indictio.
3175 4111 3266 4165 III.

319 4249 412 4306 91.
443 4254 570 4308 Νοη
595 4260 683 4309 est
707 4254 1094 4326 disjungenda
1115 4254 1187 4310 ab
1213 4254 1320 4310 hoc
1344 4253 1471 4311 loco
1505 4258 1670 4310 vetus
1702 4253 1924 4310 inscri-
1951 4258 1998 4320 C
2032 4252 2413 4325 consignandi
2444 4252 2740 4323 lapidibus
2767 4251 2998 4323 publico
3031 4251 3153 4308 loco
3189 4251 3503 4322 propositis
3523 4251 3695 4308 dona-

250 4342 374 4412 ptio
425 4357 762 4410 marmorea,
807 4345 1103 4414 pertinens
1143 4345 1212 4400 ad
1270 4359 1485 4401 annum
1536 4345 1754 4400 Christi
1791 4341 1918 4414 731,
2033 4345 2220 4400 tiones
2248 4343 2426 4400 factas
2467 4343 2732 4399 ecclesiis
2774 4348 2830 4398 et
2870 4341 3258 4412 monasteriis,
3306 4349 3362 4398 et
3393 4343 3451 4397 in
3483 4342 3575 4397 his
3601 4357 3697 4398 re-

246 4446 423 4501 quam
456 4432 734 4488 Ravenna:
756 4433 1008 4504 excripsi
1040 4434 1097 4488 in
1125 4433 1366 4489 ecclesia
1383 4434 1436 4489 S.
1467 4434 1838 4504 Appolinaris
1860 4435 1920 4490 in
2032 4433 2302 4489 censendi
2327 4431 2634 4489 fundorum
2660 4432 2916 4501 nomina,
2941 4429 3123 4488 fuisse
3148 4430 3476 4502 perductam
3501 4438 3698 4488 octavo

243 4521 465 4577 Classe.
525 4521 796 4576 Ostendit
853 4521 1005 4577 enim
1060 4523 1540 4578 consuetudinem
1609 4523 1920 4579 Romanam
2033 4522 2258 4578 labente
2301 4522 2511 4578 saeculo
2541 4522 2714 4578 etiam
2765 4521 2825 4578 in
2865 4521 3158 4592 proiimas
3202 4521 3386 4579 Italia:
3413 4520 3676 4593 regiones

397 4656 492 4710 IN.
522 4656 572 4710 N
595 4655 837 4711 PATRIS
866 4657 952 4711 ET
979 4657 1134 4712 FILII
1167 4657 1252 4712 ET
1277 4657 1393 4712 SPS
1421 4657 1566 4712 SCTI
1595 4659 1715 4712 IMP
1748 4657 2054 4712 PIISSIMIS
2083 4656 2175 4712 D0
2207 4658 2301 4711 NN
2338 4656 2564 4714 LEONE
2592 4657 2678 4712 ET
2701 4655 3017 4714 CONSTAN

546 4727 713 4781 TINO
739 4727 784 4782 Α
806 4728 916 4781 D0.
944 4727 1270 4783 CORONAT
1310 4729 1523 4784 PACIF.
1554 4730 1816 4786 MAGNIS
1851 4730 2028 4784 IMPB.
2069 4729 2294 4784 LEONE

393 4799 665 4868 QVIDEM
686 4797 1124 4854 CLEMENTISS.
1161 4801 1298 4854 IMP.
1323 4801 1651 4856 ANNOXIS.
1681 4801 2160 4856 CONSTANTINO
2189 4799 2371 4855 VERO
2401 4800 2446 4856 A
2474 4800 2568 4856 DO
2601 4797 2973 4856 CORONATO
3005 4801 3124 4856 IMP

616 4870 811 4925 ANNO
842 4871 936 4925 XI.
973 4871 1498 4927 GVVERNANTEM
1525 4872 1751 4927 ITALIA
1782 4874 1875 4926 DN
1907 4872 2242 4928 EVTVCI-IIO
2284 4873 2551 4929 EXCELL
2575 4871 2913 4929 PATRICIO.

249 4949 306 4998 et
332 4941 574 4998 exarch.
605 4943 696 4996 III.
723 4942 845 5013 Kal.
878 4941 1222 4998 Februarias
1249 4944 1366 4999 ind.
1396 4945 1568 4999 XIIII.
1602 4944 1696 4998 hic
1729 4943 1938 5000 titulus
1966 4950 2413 5013 monstratopus

475 5013 770 5086 laudabile
794 5012 1028 5086 factum,
1067 5015 1216 5084 quod
1250 5015 1344 5084 pio
1369 5015 1617 5070 consilio
1640 5017 1900 5084 concepit
1933 5023 2115 5072 mente
2147 5015 2277 5086 psul

247 5087 500 5142 Joannes
521 5084 710 5140 almus
735 5084 997 5140 Pontifex
1023 5087 1226 5155 junior
1259 5088 1316 5141 in
1352 5087 1584 5141 nomine
1610 5087 1852 5155 quintus
1879 5089 1977 5156 qui
2010 5084 2274 5156 cum'per

473 5157 641 5231 vigili
664 5159 871 5231 Azeterni
905 5157 1154 5231 praemia
1185 5157 1342 5231 regni
1378 5158 1527 5213 ﬁdus
1551 5162 1612 5212 ut
1639 5157 1926 5231 possideat
1951 5173 2296 5231 aegenorum
2323 5157 2554 5231 agmina

253 5234 527 5299 praecant
550 5227 862 5283 liminibus
883 5229 1066 5284 sacris
1100 5229 1205 5284 hoc
1233 5227 1348 5284 sibi
1382 5235 1812 5285 monumentum
1848 5227 2064 5286 locauit
2084 5229 2413 5298 Apollenari
2444 5229 2550 5284 Sco

469 5301 882 5357 commendans
911 5299 1181 5369 puluerea
1216 5300 1466 5370 nembra,
1488 5314 1615 5369 quae
1641 5308 1972 5357 surrectura
1995 5301 2180 5355 credit

249 5373 456 5429 Carnis
487 5378 787 5443 resumpto
820 5372 1021 5442 uigore
1051 5371 1321 5438 contulit,
1350 5378 1407 5426 et
1429 5369 1642 5427 donum
1677 5374 1825 5442 quod
1861 5372 2051 5429 seruis
2081 5369 2410 5443 Dn_i__prosit

468 5445 570 5516 qui
603 5437 807 5500 laudes
825 5437 1095 5499 assiduas
1116 5443 1667 5516 imarturiscollibat
1693 5437 1936 5500 fundum
1973 5437 2680 5516 cammiliariacasalibus

253 5511 516 5588 Vndique
546 5517 832 5572 uallatum
859 5528 1002 5588 cum
1030 5515 1162 5588 suis
1193 5515 1541 5588 terminibus
1567 5515 1721 5588 sicut
1748 5521 1938 5588 textus
1972 5511 2306 5588 donationis
2335 5511 2626 5588 designat.

463 5589 676 5659 Aptum
707 5586 904 5644 seruis
937 5586 1043 5641 Dni
1077 5587 1380 5659 rauennati
1416 5592 1532 5659 terr
1556 5587 1733 5659 situm
1781 5585 2030 5659 fertilem
2063 5581 2372 5659 fecundum
2399 5580 2555 5653 ignis

257 5660 331 5716 Ad
365 5653 530 5718 esum'
555 5661 890 5734 lignament
913 5663 970 5713 et
993 5663 1152 5734 suest
1173 5657 1324 5728 quod
1354 5657 1624 5734 pabulent
1649 5657 1957 5734 silicaruin
1980 5653 2296 5734 glandifera
2382 5730 2391 5734 _
2504 5723 2515 5734 .

465 5726 636 5806 poma
663 5732 818 5789 dans
849 5743 980 5785 scoe
1009 5729 1146 5786 eccl.
1173 5726 1522 5787 commutata
1551 5731 1620 5786 ad
1658 5730 1910 5785 inuicem
1945 5727 2068 5782 loco
2101 5726 2344 5783 fundum
2378 5726 2695 5781 trecintuta
