3996 6394
387 392 461 451 95
1189 392 1282 450 AD
1318 390 1754 448 ANASTASIUM
1792 386 2305 447 PROLEGOMENA
2342 388 2519 445 EDIT.
2561 389 2777 447 ROM.-
2789 388 3016 446 VATIC.
3727 389 3805 448 96

383 522 664 581 Fauentin
698 526 831 580 terr.
856 521 1176 579 constituto
1195 525 1367 593 atque
1396 520 1637 578 fundum
1663 518 1859 593 contul
1895 522 2029 574 terr.
2075 517 2301 593 reiacen

604 600 711 651 tem
745 593 1037 665 simulque
1069 590 1306 665 argento
1324 592 1656 665 quaterdeni
1679 592 1934 662 pundera
1955 590 2231 645 mundum
2260 590 2408 660 quod
2442 590 2556 646 sibi
2586 590 2842 662 legitime

389 666 710 737 genitorum
733 664 985 744 contulit
1018 664 1318 744 iuragquod
1348 665 1438 744 sit
1458 664 1769 744 inliuatum
1802 676 1903 744 nec
1932 666 2236 744 reuocetur
2258 675 2509 744 unquam
2670 731 2682 744 .

649 738 754 793 uod
788 736 927 793 uhic
954 732 1203 807 collegio
1221 736 1627 791 monachorum
1657 734 1976 807 stipendias
2002 732 2071 787 ad
2098 733 2283 807 uicem
2310 733 2482 787 cessit
2502 747 2569 788 ex
2591 732 2762 807 cuius

389 804 735 865 Redditibus
762 804 1172 879 praeparentur
1200 806 1462 879 aﬁ‘auiles
1489 808 1663 876 dapes
1695 805 1899 879 hisque
1931 804 2025 860 ius
2054 804 2276 859 nomini
2299 816 2504 859 annua
2525 805 2657 861 colu

598 877 776 951 erint,
801 894 915 950 quo
938 879 1102 951 iussu
1127 878 1481 934 dominantis
1503 877 1841 951 migrauerit

383 948 467 1005 Ad
489 944 952 1021 caelestia'régna
976 950 1081 1005 hoc
1111 963 1344 1020 quoram
1379 944 1627 1005 concilio
1649 947 1875 1021 statuit,
1900 950 2071 1015 atque
2102 944 2360 1001 ﬁrmauit
2383 950 2447 1001 ut
2476 946 2526 1002 si
2560 948 2694 1019 quis

599 1016 903 1077 Successor
933 1021 1087 1077 sedis
1112 1016 1462 1091 ecclesieque
1490 1030 1650 1075 actor
1674 1018 1762 1074 uel
1789 1016 1950 1091 abba.

389 1094 755 1163 praepositus
780 1092 958 1149 huius
983 1092 1338 1148 uenerauilis
1373 1085 1569 1161 templi
1603 1089 1962 1163 prenominat
1990 1085 2232 1142 fundum
2262 1087 2516 1144 miliaria

601 1178 670 1219 ex
693 1169 928 1234 partem,
958 1163 1050 1220 uel
1073 1169 1255 1219 totum
1284 1177 1383 1233 per
1411 1158 1624 1231 quouis
1650 1160 1882 1234 ingenio
1910 1158 1982 1213 ab
2009 1171 2176 1234 usum
2211 1171 2509 1215 seruorum
2541 1161 2650 1217 Dni

390 1231 488 1289 hic
516 1231 967 1291 deseruientium
998 1234 1250 1311 alienare
1278 1231 1745 1311 praesumpserit,
1779 1231 1868 1286 uel
1900 1233 2376 1311 commutareaut

603 1319 805 1375 perene
834 1311 958 1361 acta
989 1322 1044 1362 ιι.
1076 1300 1337 1361 chartula
1360 1300 1571 1375 largire
1591 1310 1875 1375 aeternam
1907 1300 2434 1375 condemnationem

386 1370 675 1432 sustineat
699 1392 826 1433 cum
854 1377 1133 1432 traditore
1147 1376 1289 1446 juda
1310 1382 1364 1432 et
1391 1370 1483 1431 his
1505 1375 1605 1446 qui
1640 1373 1888 1443 petierit,
1908 1376 1962 1426 et
1989 1371 2095 1446 qui
2122 1370 2333 1443 largire
2363 1373 2727 1444 temptaverit
2748 1373 3104 1431 constrictus
3130 1386 3238 1429 ana

386 1446 624 1503 themati
653 1448 879 1505 vinculs
904 1462 1102 1504 corum
1131 1444 1705 1505 t'recentordecetocto
1733 1449 2019 1516 patruum.
2045 1444 2108 1508 ᾧ

454 1624 543 1681 51.
577 1628 637 1681 In
669 1626 939 1683 omnibus
964 1627 1124 1683 hisce
1150 1627 1536 1685 monumentis
1563 1639 1595 1681 a
1628 1638 1713 1680 me
1736 1620 2034 1694 productis
2058 1617 2117 1678 A
2151 1635 2318 1693 quam
2356 1626 2421 1680 ut
2446 1623 2834 1681 iudicaremus
2859 1623 3106 1696 genuina
3135 1622 3495 1691 documenta,
3526 1636 3652 1693 qua
3676 1623 3803 1679 sola

383 1716 601 1771 attendi
632 1716 824 1786 velim,
857 1730 920 1772 ea
947 1716 1148 1773 referri
1179 1718 1245 1773 ad
1275 1722 1492 1772 atatem
1524 1716 1672 1770 inter
1692 1712 2031 1783 Gregorium

383 1804 697 1861 secundum
723 1810 777 1860 et
800 1811 1086 1876 quartum,
1121 1819 1231 1876 qua
1254 1806 1476 1861 scilicet
1500 1804 1642 1860 Vita
1665 1801 1821 1858 Libri
1845 1799 2034 1856 Ponti-

385 1892 569 1947 ﬁcalis
600 1894 1144 1964 conscribebantur;
1184 1899 1247 1950 ut
1270 1894 1403 1949 inde
1432 1898 1695 1949 constare
1725 1888 1910 1960 possit
1927 1901 2033 1944 cur

382 1985 643 2037 auctores
672 1982 768 2037 isti
792 1996 1018 2052 Operam
1042 1987 1155 2038 tam
1181 1983 1437 2039 sedulam
1476 1986 1533 2037 et
1563 1980 1824 2048 nimiam,
1855 1982 1922 2033 ut
1951 1977 2031 2032 ita

380 2069 591 2140 dicam,
620 2070 1011 2141 impenderent
1037 2071 1097 2127 in
1121 2071 1531 2128 enumerandis
1562 2068 1899 2140 pontiﬁcum
1920 2066 2033 2122 do—

381 2159 493 2229 nis,
518 2174 643 2230 qua
674 2174 771 2231 per
802 2162 957 2232 ipsos
1002 2161 1388 2218 offerebantur
1425 2163 1540 2217 Deo
1573 2161 1633 2217 in
1674 2159 1857 2216 sacris
1884 2156 2032 2212 adi-

381 2246 507 2319 bus,
552 2249 741 2306 Roma
799 2252 1113 2321 prasertim
1165 2252 1521 2308 constitutis.
1576 2250 1932 2320 Quocunque
1974 2260 2034 2303 se

379 2342 662 2394 verterent
691 2339 775 2409 pii
805 2341 1135 2409 scriptores,
1174 2340 1548 2396 incurrebant
1575 2341 1635 2396 in
1666 2355 1861 2399 eorum
1889 2359 2037 2402 ocu-

379 2424 467 2483 los
490 2427 831 2498 epigraphes
858 2429 1259 2498 donationum,
1294 2428 1519 2485 indices
1568 2429 1902 2505 fundorum,
1936 2434 2037 2489 in-

381 2515 597 2584 scripta
639 2515 900 2586 donaria,
954 2521 1010 2571 et
1064 2531 1206 2572 usus
1260 2517 1448 2572 atatis
1478 2525 1765 2589 occupata
1823 2522 1883 2576 in
1942 2521 2037 2578 his

380 2602 804 2672 percensendis.
846 2602 995 2671 Quid
1040 2617 1175 2675 ergo
1203 2604 1477 2660 haberent
1518 2606 1714 2675 potius
1761 2622 1930 2679 quam
1975 2610 2032 2666 id

380 2690 683 2748 scribendo
706 2696 991 2761 prastare,
1017 2692 1167 2762 quod
1194 2693 1517 2763 aqualibus
1546 2709 1781 2752 suorum
1810 2702 2035 2768 tempo-

381 2795 507 2838 rum
541 2781 761 2851 placere
793 2781 1158 2850 potissimum
1182 2784 1645 2854 cognoscebant?
1674 2784 1821 2853 Quid
1859 2789 2033 2843 etiam

380 2870 448 2927 ad
478 2869 643 2923 ﬁdem
691 2868 948 2925 historia
975 2885 1091 2925 sua
1138 2872 1639 2929 commendandam
1687 2875 2031 2947 diligentius

2146 1711 2499 1781 inspectione
2532 1713 2838 1770 tuebantur
2863 1714 3027 1769 ﬁdem
3052 1712 3309 1768 historia
3335 1726 3435 1783 per
3459 1725 3522 1767 ea
3546 1718 3802 1781 tempora

2144 1802 2358 1871 quibus
2387 1804 2472 1858 ha
2492 1804 2635 1860 Vita
2660 1804 3187 1859 conscribebantur.

2213 1892 2510 1947 Numisma
2553 1897 2637 1948 est
2664 1893 2853 1963 Crispi
2900 1893 3141 1948 Casaris
3186 1905 3254 1947 ex
3283 1904 3394 1947 are
3440 1890 3711 1960 maximo,
3746 1896 3804 1944 et

2143 1976 2340 2035 ltaberi
2374 1986 2558 2051 potest
2577 1982 2834 2039 omnium
2861 1982 3276 2052 clarissimum,
3298 1994 3425 2052 qua
3446 1980 3621 2035 Roma
3640 1980 3781 2035 Chri
3802 2010 3809 2017 υ

2141 2070 2328 2127 stiana
2354 2072 2685 2143 antiquitus
2715 2072 3064 2143 procuderit.
3094 2072 3251 2127 Licet
3280 2084 3409 2127 vero
3438 2070 3800 2126 illustratum

2144 2160 2387 2217 miriﬁce
2412 2160 2589 2218 fuerit
2613 2162 2824 2218 saeculo
2848 2162 3138 2232 superiori
3168 2161 3229 2217 in
3271 2164 3513 2231 utraque
3538 2159 3801 2215 editione

2145 2264 2381 2305 suorum
2409 2236 2719 2306 Annalium
2745 2264 2777 2306 a
2798 2250 3082 2306 cardinali
3109 2251 3373 2320 Baronio,
3407 2254 3655 2305 attamen
3687 2262 3803 2305 no—

2145 2337 2262 2394 bile
2284 2338 2627 2407 archetypon
2665 2352 2776 2393 non
2818 2344 3226 2409 spectaremus,
3269 2338 3383 2393 nisi
3417 2338 3606 2394 Roma
3647 2351 3805 2407 pra-

2146 2431 2431 2482 servatum
2484 2424 2691 2482 fuisset
2720 2426 2994 2483 beneﬁcio
3038 2426 3224 2483 Fulvii
3276 2428 3472 2483 Ursini
3521 2427 3795 2498 primum,

2144 2515 2352 2570 deinde
2408 2516 2904 2571 excellentissima
2960 2515 3287 2588 Burghesia
3340 2516 3584 2573 domus:
3628 2519 3802 2588 cujus

2146 2604 2297 2659 inter
2321 2604 2551 2659 cimelia
2582 2604 2817 2661 lectiora
2839 2606 3085 2689 jamdiu.
3111 2610 3482 2673 asservatum,
3514 2611 3569 2662 et
3618 2621 3803 2677 pecu-

2145 2691 2279 2747 liari
2306 2693 2709 2763 conceptaculo
2758 2694 3069 2764 inclusum,
3108 2708 3220 2750 una
3258 2708 3388 2751 cum
3418 2695 3534 2752 alio
3574 2695 3796 2767 insigni

2144 2782 2490 2838 numismate
2517 2782 2878 2839 Constantini
2908 2784 3095 2855 Magni
3125 2786 3215 2856 Ill,
3270 2789 3325 2840 et
3363 2798 3483 2840 exc.
3528 2785 3800 2855 princeps

2143 2871 2368 2926 Marcus
2387 2870 2673 2927 Antonius
2705 2886 2887 2943 nuper
2913 2873 3185 2943 ostendit,
3215 2873 3352 2929 dum
3386 2887 3487 2943 pro
3509 2874 3796 2944 singulari

379 2963 866 3027 consectarentur,
913 2972 1083 3029 quam
1123 2965 1187 3015 ut
1211 2972 1274 3015 ea
1313 2960 1650 3033 colligerent
1700 2937 1834 3033 qua?
1867 2977 2027 3019 com-
2059 2937 2113 3001 Β
2143 2959 2293 3029 quod
2324 2959 2536 3030 hausit,
2567 2974 2678 3015 una
2701 2975 2828 3015 cum
2859 2962 3135 3031 majorum
3159 2962 3455 3032 sanguine,
3492 2962 3799 3031 religionis

381 3045 611 3117 probari
646 3051 729 3102 tot
760 3045 1013 3116 publicis
1047 3048 1409 3104 documentis
1456 3064 1620 3107 nemo
1655 3066 1765 3107 non
1798 3052 2031 3109 videat?

378 3135 655 3192 Auctores
684 3136 1082 3208 Catalogorum
1129 3151 1198 3192 ex
1242 3139 1455 3210 quarti,
1507 3140 1721 3211 quinti,
1773 3154 1839 3198 ac
1879 3143 2026 3198 sexti

379 3223 573 3281 saculi
628 3226 1014 3281 monumentis
1043 3226 1497 3299 chronologiam,
1538 3230 1931 3286 successiones
1973 3234 2028 3287 et

379 3327 571 3370 sacras
595 3314 991 3371 ordinationes
1013 3316 1392 3387 digesserant.
1432 3319 1664 3374 Decreta
1696 3332 1806 3375 non
1848 3320 2028 3376 multa

380 3402 767 3472 protulerunt,
802 3417 929 3473 qua
956 3404 1025 3460 ad
1055 3418 1223 3460 usum
1247 3404 1501 3478 Catalogi
1528 3408 1624 3463 vix
1647 3408 2027 3477 pertinebant.

375 3490 455 3545 Ea
477 3495 663 3546 tamen
685 3491 957 3563 colligere
993 3498 1301 3562 potuerunt
1332 3496 1641 3565 scriptores
1685 3498 1931 3567 proximi
1962 3512 2031 3553 ex

374 3577 538 3634 Actis
575 3579 981 3650 conciliorum,
1024 3594 1092 3636 ex
1122 3582 1377 3638 archivis
1407 3584 1645 3639 Romani
1691 3586 2030 3654 patriarchii

375 3674 431 3724 et
471 3669 768 3738 pontiﬁcia
821 3668 1191 3726 bibliotheca.
1252 3673 1377 3727 Hac
1406 3674 1560 3729 enim
1614 3674 1736 3730 loca
1776 3676 2032 3745 patuisse

375 3757 759 3828 scriptoribus
783 3759 965 3815 octavi
989 3772 1054 3815 ac
1085 3760 1220 3817 noni
1248 3762 1468 3833 saculi,
1506 3762 1607 3833 qui
1634 3763 2029 3820 collectionem

376 3846 522 3902 hanc
569 3847 867 3919 claudunt,
921 3848 1221 3921 manifesta
1265 3852 1593 3921 conjectura
1622 3853 1932 3909 deducitur
1960 3868 2029 3909 ex

374 3934 566 3990 verbis
590 3938 916 3992 eorumdem
942 3950 975 3991 a
1000 3940 1149 3994 Luca
1165 3939 1456 3997 Holstenio
1486 3947 1542 3997 et
1571 3942 1643 3998 ab
1662 3943 2028 4000 Emmanuele

374 4022 779 4079 Schelestratio
809 4026 1125 4097 perpensis,
1166 4029 1643 4098 quemadmodum
1664 4044 1731 4086 ex
1766 4032 2030 4088 minuto—
2098 4088 2105 4093 .

379 4125 503 4167 rum
536 4112 817 4169 donorum
849 4116 1180 4173 recensione
1203 4120 1569 4189 perspicuum
1594 4119 1658 4174 ﬁt
1695 4119 1839 4175 hanc
1861 4121 2029 4177 nobis

378 4198 559 4256 fuisse
580 4200 651 4255 ab
675 4199 750 4256 iis
771 4210 1162 4272 praservatam
1187 4218 1256 4261 ex
1286 4207 1512 4264 oculata
1545 4207 1898 4276 inspectione
1934 4224 2031 4265 re—

2140 3049 2335 3105 studio
2355 3055 2411 3105 et
2438 3050 2735 3117 doctrina,
2769 3050 2883 3106 sibi
2911 3051 3248 3107 simillimos
3284 3050 3498 3107 liberos
3536 3052 3797 3121 exemplo

2137 3138 2321 3209 docet,
2369 3144 2432 3195 ut
2478 3153 2546 3195 ex
2591 3141 2856 3197 universa
2895 3147 2949 3197 et
2976 3134 3147 3212 plane
3178 3141 3334 3213 regia
3372 3154 3607 3197 avorum
3658 3155 3792 3213 gaza

2140 3228 2298 3284 illam
2319 3228 2620 3299 praferant
2642 3236 2875 3302 partem,
2910 3246 3035 3302 qua
3057 3232 3275 3288 cultum
3294 3231 3474 3287 animi
3504 3238 3797 3302 promovet

2140 3318 2201 3373 in
2234 3323 2476 3389 utraque
2511 3333 2574 3375 ea
2620 3320 2957 3391 disciplina.
3003 3320 3336 3392 Opportune
3369 3334 3499 3377 vero
3546 3321 3800 3393 contigit

2140 3409 2305 3479 quasi
2338 3414 2660 3466 reservatus
2692 3410 2828 3465 huic
2855 3416 3063 3467 nostra
3092 3410 3338 3467 editioni
3380 3411 3622 3466 iteratus
3647 3424 3794 3466 con-

2140 3502 2369 3566 spectus
2408 3498 2649 3567 nummi,
2681 3504 2743 3555 ut
2788 3500 2846 3555 in
2887 3515 2951 3556 eo
2979 3499 3396 3571 quodammodo
3428 3500 3795 3555 intuerentur

2142 3585 2383 3642 lectores
2412 3586 2515 3642 avi
2542 3587 3004 3645 Constantiniani
3035 3589 3255 3659 aquale
3286 3588 3704 3657 testimonium,
3735 3592 3794 3642 et

2142 3676 2428 3731 vindicias
2457 3690 2648 3733 rerum
2669 3692 2738 3733 ex
2769 3679 3025 3749 publicis
3047 3678 3410 3735 documentis
3446 3678 3641 3733 eodem
3678 3690 3794 3731 sa-

2139 3764 2273 3821 culo
2303 3765 2363 3821 in
2383 3767 2670 3838 catalogos
2690 3768 3067 3839 digestarum,
3095 3773 3159 3823 ut
3182 3781 3250 3822 ex
3276 3767 3554 3838 catalogis
3592 3765 3794 3821 Eccle-

2139 3852 2240 3909 sia
2263 3854 2323 3910 in
2354 3856 2513 3911 Vitas
2545 3856 2877 3926 pontiﬁcum
2910 3855 3157 3912 subinde
3183 3854 3655 3911 transferrentur.
3681 3855 3795 3909 Nu-

2139 3944 2425 3999 mismatis
2456 3945 2637 4015 ﬁgura
2658 3948 2965 4013 repetatur.

2208 4034 2269 4087 1n
2295 4033 2483 4087 antica
2515 4037 2674 4101 parte
2695 4030 2913 4087 nummi
2929 4030 3167 4100 Crispus
3185 4030 3370 4085 Caesar
3395 4034 3797 4099 pectoretenus

2137 4119 2503 4191 exprimitur,
2564 4120 2857 4177 laureatus
2894 4118 3048 4190 (licet
3097 4118 3247 4173 lauri
3300 4117 3439 4173 folia
3494 4131 3605 4174 non
3648 4121 3794 4177 satis

2138 4209 2483 4279 expresserit
2505 4208 2824 4264 delineator
2850 4220 2884 4262 a
2913 4207 3157 4263 Baronio
3182 4205 3499 4279 adhibitus)
3534 4221 3599 4262 ac
3622 4213 3793 4279 t0ga—

379 4302 505 4345 rum
559 4289 896 4362 plerumque
948 4292 1356 4365 inscriptarum
1407 4273 1680 4350 memoria
1723 4295 2025 4367 donantis;
2058 4273 2107 4338 (ἶ
2139 4273 2253 4368 tus,
2277 4298 2591 4368 scipionem
2612 4298 2923 4354 eburneum
2945 4296 3187 4353 sinistra
3218 4301 3436 4367 tenens,
3470 4297 3565 4354 cui
3591 4299 3792 4369 aquila

378 4381 499 4433 tum
521 4378 691 4434 etiam
722 4393 789 4435 ex
816 4381 1111 4438 indicibus
1136 4397 1324 4439 rerum
1353 4382 1657 4439 mobilium
1678 4390 1735 4440 et
1756 4386 2033 4443 immobi-

374 4465 518 4523 lium
546 4473 664 4524 tum
681 4471 959 4540 temporis
981 4473 1310 4539 custoditis,
1338 4477 1394 4528 et
1416 4473 1471 4528 in
1498 4472 1728 4541 publica
1752 4489 2030 4533 marmora

374 4570 523 4626 sape
552 4558 881 4614 translatis:
919 4560 1005 4615 uti
1029 4560 1349 4618 luculenter
1380 4563 1677 4633 probatum
1701 4565 1880 4621 fuisse
1904 4580 2034 4621 con-

378 4645 491 4701 ﬁdo
521 4651 607 4702 tot
656 4660 723 4702 ex
750 4650 1155 4720 monumentis,
1187 4656 1314 4721 post
1343 4652 1568 4724 longam
1601 4654 1805 4709 seriem
1836 4656 2026 4712 decem

377 4735 721 4792 saeculorum
742 4736 894 4792 atati
929 4742 1137 4794 nostra
1164 4738 1409 4797 feliciter
1437 4744 1811 4811 praservatis.

447 4825 574 4881 Hac
602 4825 785 4897 igitur
808 4825 1001 4882 omnia
1029 4828 1171 4883 satis
1200 4833 1614 4901 commendant,
1649 4836 1713 4887 ut
1746 4846 1850 4903 ego
1880 4832 2029 4888 arbi-

378 4916 519 4984 tror,
551 4915 951 4971 auctoritatem
980 4915 1219 4985 hujusce
1248 4916 1404 4973 Libri
1424 4919 1795 4990 Pontiﬁcalis,
1817 4934 1880 4975 ea
1905 4935 2027 4991 pro-

377 5001 642 5059 ducentis
678 5017 776 5074 per
808 5004 1072 5076 singulas
1110 5010 1321 5076 atates,
1359 5021 1482 5079 qua
1507 5008 1671 5077 juxta
1707 5014 2025 5079 temporum

382 5089 613 5146 illorum
667 5107 833 5150 usum
864 5108 929 5149 ac
958 5094 1299 5151 documenta
1340 5095 1411 5151 ab
1453 5096 1718 5153 Ecclesia
1759 5098 2024 5170 notariis,

383 5178 646 5235 historiis
672 5187 728 5236 et
766 5181 1229 5240 bibliothecariis
1256 5185 1314 5241 in
1359 5186 1585 5243 litteras
1611 5186 2019 5243 referebantur.

449 5264 537 5323 53.
580 5268 905 5327 Prafationi
956 5273 1185 5329 modum
1227 5275 1535 5346 imponam,
1572 5277 1686 5333 imo
1724 5284 1780 5333 et
1822 5279 2027 5350 signa-

380 5355 572 5412 culum
594 5370 870 5427 apponam
900 5360 970 5431 (si
1022 5361 1106 5417 fas
1134 5371 1220 5419 est
1257 5366 1467 5437 dicere)
1498 5366 1893 5425 observatione
1919 5384 2024 5426 nu-

382 5442 688 5512 mismatis,
719 5448 866 5515 quod
906 5450 1029 5517 ejus
1060 5449 1234 5507 fronti
1279 5454 1348 5508 de
1397 5454 1687 5511 industria
1732 5457 2025 5527 praﬁxum

382 5529 532 5600 fuit;
566 5544 679 5585 non
708 5541 821 5587 tam
854 5541 918 5588 ut
961 5537 1320 5596 imitaremur
1352 5542 1663 5599 editionem
1690 5544 1965 5617 Fabrotti,
1997 5560 2029 5603 a

2136 4387 2207 4443 de
2240 4401 2392 4443 more
2441 4387 2683 4454 insistit,
2736 4387 3025 4443 dexteram
3074 4399 3205 4442 vero
3234 4392 3487 4456 apertam
3539 4386 3790 4456 elevans,

2139 4484 2409 4547 tanquam
2443 4482 2672 4547 pacator
2708 4482 2765 4533 et
2815 4477 3223 4547 triumphator.
3276 4475 3441 4530 Circa
3495 4481 3791 4545 protomen

2140 4568 2413 4639 leguntur
2431 4566 2637 4623 littera
2654 4573 2937 4624 consueta
2964 4567 3240 4623 CRISPUS
3268 4566 3509 4621 NOBilis
3531 4566 3787 4622 CAESar.

2139 4659 2277 4713 Pars
2306 4658 2541 4714 adversa
2576 4658 2755 4715 multo
2802 4665 2889 4715 est
2928 4661 3321 4729 prastantior:
3357 4657 3589 4715 exhibet
3635 4657 3790 4714 enim

2136 4747 2644 4819 virum_barbatum
2670 4750 2954 4805 sedentem
2980 4749 3129 4805 inter
3146 4750 3294 4807 duos
3308 4752 3555 4805 Caesares
3574 4752 3793 4803 stantes

2135 4843 2192 4894 et
2216 4843 2447 4894 ornatos
2480 4837 2680 4894 habitu
2705 4838 2947 4894 militari
2975 4852 3103 4895 cum
3139 4840 3323 4895 hastis
3348 4839 3528 4908 puris.
3552 4837 3676 4893 Viri
3710 4851 3794 4892 se-

2134 4927 2326 4984 dentis
2360 4940 2518 4983 coma
2561 4928 2799 4982 detonsa
2833 4934 2923 4983 est
2949 4928 3018 4983 ad
3058 4941 3259 4998 aures;
3294 4926 3471 4983 barba
3507 4940 3618 4982 non
3648 4926 3790 4997 qui-

2134 5017 2260 5072 dem
2292 5016 2534 5086 prolixa,
2569 5016 2665 5070 sed
2695 5015 2935 5084 plenior,
2968 5022 3024 5070 et
3048 5016 3252 5085 crispa
3279 5015 3555 5084 similior,
3596 5015 3788 5085 qualis

2135 5106 2395 5162 cernitur
2422 5105 2481 5160 in
2518 5104 2762 5160 vetustis
2798 5104 2852 5159 S.
2887 5105 3038 5160 Petri
3082 5104 3435 5175 imaginibus
3469 5106 3786 5175 praesertim

2136 5195 2399 5263 musivis,
2432 5200 2488 5249 et
2518 5193 2575 5248 in
2615 5194 2983 5264 sarcophagis
3014 5193 3278 5262 vasisque
3327 5194 3509 5249 sacris
3532 5194 3789 5263 ejusdem

2137 5283 2326 5353 quarti
2351 5282 2567 5337 saculi.
2598 5283 2837 5337 Dextera
2870 5296 3072 5338 manus
3100 5282 3275 5351 hujus
3317 5283 3510 5354 ﬁgura
3531 5284 3599 5338 ad
3630 5282 3791 5339 bene-

2135 5371 2441 5427 dicendum
2457 5371 2730 5441 elevatur,
2752 5371 2983 5427 inﬁexis
3000 5371 3280 5442 tantisper
3307 5371 3575 5427 articulis
3594 5374 3785 5442 quarti

2136 5465 2193 5515 et
2223 5459 2413 5530 quinti
2444 5460 2617 5532 digiti
2647 5475 2801 5516 more
2826 5460 3091 5517 Ecclesia
3110 5462 3354 5518 Latina:
3387 5461 3628 5518 sinistra
3657 5478 3791 5520 vero

2140 5551 2355 5606 hastam
2391 5554 2561 5619 tenet,
2589 5550 2683 5607 cui
2710 5551 3033 5608 venerabile
3069 5552 3261 5608 crucis
3286 5552 3517 5623 signum
3542 5567 3790 5621 superne

383 5617 728 5710 numismate
774 5632 936 5678 sacro
966 5627 1248 5695 auspicati
1297 5634 1560 5702 paginam
1613 5633 1876 5703 primam,
1927 5633 2097 5695 ubiD
2139 5617 2945 5710 inﬁgitur.Circumfunditur
2970 5639 3147 5709 capiti
3190 5617 3423 5697 nimbus
3456 5617 3785 5707 circularis,

380 5706 577 5763 vultus
621 5710 904 5804 expressit
948 5711 1041 5767 SS.
1095 5716 1481 5783 apostolorum
1545 5721 1695 5774 Petri
1735 5729 1790 5777 et
1838 5725 2021 5798 Pauli,

2134 5727 2361 5798 corpori
2403 5741 2534 5783 vero
2584 5726 2780 5782 tunica
2819 5734 2876 5783 et
2921 5727 3181 5797 pallium.
3238 5728 3550 5786 Salvatoris
3600 5733 3783 5787 nostri
