3996 6400
171 391 229 450 97
1691 388 2073 446 ΡΒΕΡΑΤΙΟ.

174 510 456 583 imaginem
490 523 666 568 unam
697 514 800 568 aut
836 510 1074 569 alteram
1105 511 1202 567 hic
1232 507 1630 582 repraesentari
1665 511 1878 570 cen-A
1916 509 2232 590 diligenter
2261 509 2518 582 inspecto
2559 511 2929 584 numismate,
2963 525 3146 586 eoque
3175 515 3316 572 totis
3360 515 3581 590 ingenii
3663 518 3686 531 ‘

173 606 244 656 set
270 601 548 657 Baronius
573 615 642 657 ex
668 601 897 658 duabus
922 615 1066 673 quas
1091 615 1158 658 ex
1203 605 1439 674 argento
1483 597 1808 656 eﬁ‘ormatas

172 691 337 760 pondo
368 690 648 745 librarum
685 687 786 746 420
825 696 882 746 et
914 688 1035 758 440,
1081 691 1394 747 altitudine
1421 703 1556 746 vero
1599 689 1808 759 pedum

171 781 428 851 quinque,
486 780 696 836 statuit
725 781 1398 850 MagnusConstantinus
1457 780 1516 834 in
1565 777 1810 833 basilica

172 869 540 940 Lateranensi,
594 870 1074 940 quemadmodum
1105 871 1164 924 in
1213 871 1341 926 Vita
1369 868 1634 924 Silvestri
1686 880 1812 922 me-

170 963 332 1013 morat
364 958 458 1014 hic
490 958 660 1014 Liber
686 959 1040 1015 Pontiﬁcalis
1066 973 1222 1014 num.
1256 957 1359 1014 36:
1393 978 1419 1010 ‹‹
1450 958 1635 1026 Hujus
1661 962 1814 1011 tem-

168 1046 387 1116 poribus
419 1046 560 1102 fecit
581 1048 995 1104 Constantinus
1019 1049 1316 1120 Augustus
1341 1047 1616 1103 basilicas
1647 1047 1809 1115 istas,

169 1151 297 1207 quas
344 1143 399 1192 et
428 1138 680 1193 ornavit.
733 1138 1036 1194 Basilicam
1085 1137 1641 1206 Constantinianam,
1707 1135 1808 1192 ubi

167 1226 343 1294 posuit
388 1227 503 1282 ista
549 1227 719 1282 dona.
775 1228 1092 1299 Fastigium
1142 1233 1474 1299 argenteum
1515 1225 1805 1292 battutile,

166 1315 298 1384 quod
323 1314 494 1370 habet
521 1315 581 1370 in
614 1314 799 1372 fronte
836 1317 1181 1372 Salvatorem
1228 1317 1515 1372 sedentem
1565 1315 1622 1370 in
1670 1315 1810 1370 sella

167 1395 216 1457 in
245 1403 484 1472 pedibus
515 1403 568 1474 5,
604 1419 760 1476 pens.
791 1405 974 1461 libras
1010 1403 1131 1462 420.
1165 1405 1476 1462 Duodecim
1521 1405 1812 1474 apostolos

167 1494 216 1548 in
252 1494 447 1564 quinis
494 1496 758 1567 pedibus,
805 1497 905 1567 qui
941 1500 1321 1567 pensaverunt
1365 1495 1586 1566 singuli
1628 1494 1810 1550 libras

166 1595 469 1654 nonagenas
521 1600 653 1642 cum
707 1587 937 1642 coronis
995 1587 1216 1658 argenti
1291 1584 1616 1656 purissimi.
1669 1586 1806 1640 ltem

163 1684 188 1726 a
221 1675 370 1743 tergo
418 1675 741 1745 respiciens
783 1677 840 1731 in
884 1675 1085 1732 absida
1127 1675 1474 1732 Salvatorem
1518 1674 1806 1752 sedentem

165 1760 212 1814 in
231 1761 428 1818 throno
444 1763 508 1819 in
529 1764 772 1834 pedibus
789 1765 990 1836 quinis
1005 1778 1074 1820 ex
1087 1769 1322 1836 argento
1347 1763 1685 1835 purissimo,
1702 1762 1803 1834 qui

164 1857 337 1918 pensat
368 1851 475 1907 lib.
518 1851 639 1909 440.
671 1872 698 1904 υ

218 1938 299 1995 54.
316 1943 376 1996 In
398 1943 591 2012 prima
603 1943 916 1998 Annalium
933 1943 1191 1999 editione
1206 1940 1522 2012 anni1592,
1551 1947 1687 1998 tom.
1712 1944 1802 2013 lll,

166 2043 267 2101 pag.
297 2029 425 2103 2-15,
459 2033 786 2088 cardinalis
811 2034 1112 2101 Baronius,
1153 2034 1446 2088 disserens
1484 2033 1554 2087 de
1583 2031 1810 2102 profes-

165 2120 298 2175 sione
347 2121 710 2177 Christianae
756 2121 1062 2192 religionis
1102 2135 1134 2176 a
1177 2122 1380 2190 Crispo
1428 2127 1704 2191 susceptae
1751 2121 1810 2175 in

166 2207 508 2280 baptismate,
537 2210 769 2265 illustre
792 2211 1198 2278 documentum
1224 2211 1478 2280 ejusdem
1498 2224 1557 2267 se
1583 2219 1810 2266 nactum

166 2296 311 2354 fuisse
340 2299 663 2355 afﬁrmavit
702 2300 808 2355 hoc
831 2300 890 2354 in
925 2302 1304 2356 numismate:
1343 2301 1492 2371 quod
1518 2300 1811 2370 plerisque

164 2388 498 2459 antiquariis
521 2388 711 2443 aetatis
729 2402 847 2444 suae
877 2389 1182 2444 videbatur
1198 2389 1432 2459 quidem
1458 2390 1806 2459 antiquum;

163 2477 238 2531 sed
273 2492 399 2532 cum
430 2477 740 2533 nonnullis
770 2484 1100 2547 suspectum
1147 2477 1311 2548 foret,
1344 2478 1415 2533 ab
1440 2480 1634 2534 eodem
1669 2493 1809 2548 pro—

163 2565 392 2623 ducendo
421 2567 721 2623 abstinere
749 2574 884 2623 tunc
909 2568 1135 2638 maluit,
1160 2581 1228 2623 ne
1253 2569 1311 2622 in
1333 2569 1459 2624 suis
1483 2568 1807 2625 Annalibus

165 2656 451 2726 quidquam
505 2657 856 2712 obbruderet
906 2657 1057 2728 quod
1130 2657 1414 2713 laboraret
1472 2657 1805 2727 suspicione

167 2747 439 2802 mendacii.
470 2746 753 2802 Triennio
774 2753 963 2802 autem
998 2752 1143 2816 post,
1171 2761 1302 2802 cum
1324 2747 1630 2802 adornaret
1653 2747 1805 2802 alte-

166 2847 261 2889 ram
299 2836 491 2904 Operis
541 2836 881 2906 editionem,
919 2842 1071 2892 tomo
1115 2837 1286 2892 tertio
1339 2836 1485 2892 idem
1514 2837 1805 2892 numisma

166 2924 485 2991 produxitet
511 2926 854 2996 illustravit,
882 2931 1154 2996 tanquam
1176 2926 1531 2982 vindicatum
1555 2926 1626 2981 ab
1647 2927 1804 2982 omni

166 3015 391 3080 periculo
426 3021 483 3071 et
531 3015 870 3085 suspicione
905 3013 1131 3070 fraudis
1174 3015 1519 3070 auctoritate
1548 3016 1807 3072 omnium

166 3103 631 3176 antiquariorum,
655 3111 838 3174 etpra:
860 3105 1103 3175 (ueteris,
1122 3105 1310 3160 Fulvii
1334 3105 1548 3174 Ursini,
1575 3105 1810 3162 illorum

3515 393 3588 452 98

1918 584 2164 669 Viribus,
2196 599 2352 654 omni
2378 599 2644 656 adhibito
2682 584 3093 671 experimento,
3145 584 3495 678 percognito,
3526 602 3582 655 et

1919 687 2212 756 explorato
2236 689 2616 758 praesentibus
2639 690 2763 746 illis
2787 691 2981 761 etiam,
3016 707 3162 762 quos
3179 694 3251 748 ob
3275 695 3586 766 singulari-

1919 779 2091 830 tatem
2151 779 2522 834 numismatis
2578 779 2846 834 nonnihil
2871 780 2958 864 ‘de
3007 781 3326 850 impostura
3359 784 3579 852 pulsari

1920 865 2114 921 animo
2145 872 2418 931 senserat,
2447 868 2662 924 nullam
2689 883 2924 938 prorsus
2952 869 3094 925 ineo
3117 870 3374 927 fraudem
3397 874 3583 930 inesse

1920 952 2267 1010 afﬁrmavit:
2322 958 2417 1013 sed
2451 957 2604 1013 sicut
2648 957 2720 1014 ab
2769 958 2926 1014 omni
2977 972 3215 1028 prorsus
3245 961 3581 1030 imposturm

1923 1043 2254 1112 suspicione
2293 1052 2604 1102 ostensum
2658 1047 2946 1103 numisma
2994 1047 3162 1104 scitis
3211 1050 3584 1122 probatisque

1923 1130 2252 1190 rationibus
2270 1135 2608 1207 vindicavit,
2627 1137 2704 1192 ita
2717 1137 3242 1192 contradicentium
3254 1140 3579 1196 animorum

1921 1219 2168 1278 latebras
2191 1224 2376 1293 palam
2404 1223 2562 1298 fecit,
2595 1240 2658 1283 ea
2701 1228 2980 1283 nimirum
3013 1240 3083 1282 ex
3112 1241 3285 1285 causa
3329 1230 3474 1285 illud
3504 1231 3576 1286 ab

1924 1309 2070 1379 ipsis
2100 1311 2509 1386 improbatum,
2545 1321 2611 1372 ut
2640 1321 2872 1386 possent
2898 1316 3096 1372 viliori
3129 1330 3314 1373 emere
3355 1310 3576 1388 pretio:

1921 1400 2072 1469 quod
2107 1401 2231 1472 ipse
2257 1405 2429 1473 probe
2471 1407 2790 1478 cognitum,
2821 1407 3232 1478 examinatum,
3279 1409 3580 1478 probatum

1921 1491 2193 1560 omnique
2220 1507 2288 1547 ex
2315 1500 2473 1564 parte
2497 1497 2877 1566 approbatum
2909 1495 2980 1551 ab
3008 1495 3335 1553 haeredibus
3366 1513 3583 1569 posses-

1920 1579 2091 1649 soris,
2116 1589 2344 1652 erogato
2381 1586 2531 1654 quod
2564 1586 2854 1655 petierunt
2887 1585 3092 1656 pretio,
3139 1586 3281 1641 emit
3310 1593 3483 1658 atque
3511 1602 3580 1645 ex

1918 1682 1983 1724 eo
2015 1683 2184 1725 suum
2213 1672 2599 1730 nobilissimis
2646 1675 3034 1732 monumentis
3079 1674 3575 1735 confertissimum

1920 1771 2180 1816 muscum
2212 1764 2604 1819 exornandam
2636 1768 2876 1834 putavit.
2910 1787 2936 1819 ››

1834 1858 1886 1918 Β
1989 1850 2366 1920 Prosequitur
2416 1851 2624 1908 deinde
2668 1855 2949 1915 Baronius
2995 1874 3283 1932 exponens
3330 1861 3580 1916 adversa:

1919 1938 2096 2009 hujus
2123 1941 2306 2010 partis
2331 1941 2685 2013 epigraphen
2711 1964 2723 1999 :
2750 1946 2935 2010 Salus,
2955 1955 3004 2004 et
3040 1966 3159 2020 spes
3180 1951 3427 2005 Christus
3460 1952 3586 2004 Rei-

1910 2030 2169 2100 publicae
2207 2030 2418 2085 SALVS
2448 2033 2533 2085 ET
2584 2034 2746 2087 SPES
2791 2037 2864 2090 Χ.
2917 2038 3402 2107 REIPVBLICAE;
3454 2051 3580 2107 quae

1919 2118 2366 2190 Christi_’nomen
2380 2121 2785 2189 compendiose
2798 2125 3096 2180 continent
3113 2126 3170 2180 in
3183 2128 3376 2182 Graeca
3389 2126 3582 2182 littera

1923 2208 1994 2279 X,
2024 2220 2090 2262 eo
2133 2208 2364 2278 saeculo,
2406 2215 2462 2264 et
2500 2209 2996 2281 subsequentibus
3028 2219 3306 2284 usurpata
3331 2214 3399 2269 ad
3433 2213 3579 2271 illud

1920 2297 2377 2367 exprimendum,
2400 2298 2485 2353 uti
2509 2312 2570 2354 se
2589 2301 2859 2356 docuisse
2877 2303 3097 2372 pridem
3116 2310 3390 2360 memorat
3408 2305 3579 2359 etiam

1919 2400 1987 2441 ex
2011 2386 2242 2442 Juliano
2271 2388 2330 2441 in
2377 2388 2759 2460 Misopogone.
2807 2410 2834 2442 α
2877 2391 3023 2448 Usus
3060 2399 3255 2462 postea
3299 2393 3576 2462 obtinuit,

1921 2475 2135 2546 inquit,
2171 2481 2236 2530 ut
2263 2476 2315 2531 Χ
2354 2477 2720 2543 elementum,
2757 2479 2908 2548 quod
2955 2494 3129 2550 super
3158 2481 3375 2537 Christi
3407 2488 3582 2552 caput

1916 2566 1986 2620 ab
2009 2562 2446 2636 antiquioribus
2476 2569 2687 2636 apponi
2731 2568 2875 2624 solet
2899 2570 2970 2626 ad
3001 2584 3206 2626 nomen
3241 2572 3459 2628 Christi
3489 2572 3582 2627 εἰσ-

1917 2654 2331 2727 gniﬁcandum.
2367 2655 2515 2710 idem
2552 2661 2744 2726 postea
2781 2656 2959 2714 fuerit
2985 2660 3179 2715 eadem
3209 2661 3280 2717 de
3309 2674 3484 2717 causa
3519 2661 3578 2717 in

1914 2745 2235 2801 diademate
2255 2745 2618 2817 collocatum,
2643 2759 2826 2818 eoque
2855 2749 3021 2804 modo
3045 2754 3325 2821 aptatum,
3353 2756 3416 2807 ut
3440 2765 3580 2806 cru-

1916 2836 2002 2890 cis
2019 2834 2257 2891 formam
2280 2835 2644 2907 exprimeret,
2667 2851 2798 2892 cum
2819 2838 3040 2909 alioqui
3069 2840 3126 2894 in
3144 2840 3580 2911 antiquioribus

1918 2924 2230 2980 Salvatoris
2262 2927 2443 2980 nostri
2473 2925 2827 2997 imaginibus
2855 2941 3090 2997 parvum
3134 2929 3350 3001 absque
3381 2930 3579 3001 aliquo

1922 3014 2088 3085 signo
2139 3015 2400 3071 diadema
2433 3015 2491 3070 in
2546 3016 2777 3072 modum
2825 3019 3061 3088 sphaara:
3116 3019 3445 3076 inveniatur
3474 3033 3581 3076 ex—

1927 3119 2205 3175 pressum,
2233 3119 2362 3160 cum
2389 3105 2781 3163 additamento
2832 3114 3016 3164 tamen
3052 3109 3219 3178 juxta
3249 3110 3438 3180 posito
3471 3124 3582 3167 no-

168 3189 309 3247 facile
335 3195 630 3265 principis
656 3208 721 3249 ea
758 3200 1117 3264 tempestate:
1157 3196 1256 3266 qui
1291 3196 1477 3266 pretio
1507 3210 1539 3250 a
1579 3210 1813 3266 posses—
1846 3191 1896 3256 C
1929 3195 2104 3252 minis
2135 3196 2388 3252 Christi:
2426 3211 2540 3267 quo
2589 3197 2638 3252 si
2680 3202 2888 3261 careat,
2924 3204 3061 3255 tunc
3088 3199 3233 3256 illud
3288 3201 3348 3255 in
3373 3200 3581 3256 diade—

164 3283 363 3340 soribus
382 3286 710 3341 constituto
729 3286 880 3340 nihil
899 3286 1230 3356 detrahens,
1250 3287 1606 3355 comparavit
1633 3301 1742 3356 qua
1754 3300 1813 3342 n-

167 3371 424 3439 tiplurimi
474 3375 865 3431 lectissimum
908 3376 1014 3431 hoc
1060 3375 1371 3445 numisma,
1417 3380 1475 3430 et
1505 3375 1565 3431 in
1596 3375 1808 3431 celebri

169 3474 332 3516 museo
356 3477 460 3519 suo
494 3465 780 3534 reposuit,
816 3465 1040 3520 adactis
1063 3465 1235 3519 etiam
1275 3465 1475 3535 paucis
1498 3465 1620 3520 illis
1646 3466 1810 3521 anti-

167 3554 654 3626 quariissublestae
678 3554 833 3626 ﬁdei,
857 3555 958 3625 qui
983 3556 1054 3610 de
1079 3555 1367 3610 industria
1387 3555 1724 3611 revocabant
1747 3556 1807 3610 in

166 3642 378 3700 dubium
402 3646 629 3701 nummi
657 3646 1087 3716 antiquitatem,
1118 3651 1183 3701 ut
1201 3646 1399 3701 viliori
1429 3647 1611 3716 pretio
1637 3660 1807 3702 suum

169 3729 407 3805 iacerent,
436 3736 507 3791 ad
532 3735 878 3807 suffragium
909 3736 1135 3791 sincere
1158 3735 1454 3790 ferendum
1484 3736 1555 3790 de
1583 3735 1812 3790 indubi-

169 3826 263 3876 tate
306 3824 408 3880 ﬁde
436 3825 817 3882 monumenti.
851 3827 1088 3881 Prmstat
1138 3824 1436 3881 coronidis
1467 3824 1590 3880 loco
1640 3825 1810 3881 verba

168 3910 282 3967 dare
324 3915 774 3971 eminentissimi
825 3915 1133 3986 scriptoris
1166 3929 1291 3986 pag.
1326 3912 1432 3970 233
1474 3915 1613 3970 torni
1648 3915 1808 3970 tertii

169 4005 401 4059 secundae
441 4006 728 4062 editionis
750 4019 990 4062 numero
1037 4003 1123 4076 43,
1161 4012 1462 4076 postquam
1498 4019 1563 4060 ea
1610 4005 1812 4062 retulit

170 4105 275 4159 qua:
303 4095 611 4165 scripserat
643 4097 703 4150 in
739 4097 922 4166 prima
946 4096 1206 4152 editione
1231 4104 1361 4152 ante
1394 4095 1732 4152 triennium.

231 4203 250 4229 α
278 4185 394 4239 llaec
420 4187 679 4256 quidem,
723 4187 937 4257 inquit,
970 4200 1072 4241 nos
1105 4187 1163 4240 in
1189 4186 1373 4256 prima
1403 4186 1659 4242 editione
1687 4199 1810 4255 pro-

172 4267 285 4325 fessi
312 4288 529 4345 sumus,
564 4275 706 4330 dum
732 4275 803 4330 de
834 4276 1213 4346 germanitate
1244 4275 1616 4331 numismatis
1645 4289 1808 4346 quaa-

170 4359 265 4414 stio
287 4370 633 4420 verteretur:
673 4366 732 4419 in
771 4379 886 4435 qua
924 4365 1195 4420 tutiorem
1244 4364 1405 4420 illam
1431 4361 1646 4434 partem
1679 4365 1805 4419 exi-

171 4450 526 4526 stimavimus,
571 4469 688 4526 qua
731 4455 924 4510 omnis
955 4455 1093 4510 licet
1138 4455 1444 4511 levissima:
1476 4455 1810 4525 imposturae

171 4543 402 4638 suspicio
433 4545 669 4615 penitus
699 4545 1020 4601 tolleretur.
1042 4546 1183 4601 Cum
1211 4545 1294 4601 sic
1315 4545 1498 4616 igitur
1519 4545 1578 4600 in
1609 4558 1672 4600 ea
1693 4544 1812 4600 edi-
1842 4579 1896 4642 Β

174 4630 305 4687 tione
335 4633 506 4704 hujus
541 4635 684 4691 tomi
727 4637 978 4692 Romana
1011 4635 1443 4691 nobilissimum
1473 4635 1664 4706 Crispi
1693 4647 1810 4691 nu—

175 4721 349 4777 misma
373 4725 749 4781 omiserimus
774 4727 852 4797 (in
878 4728 1128 4793 margine
1161 4726 1358 4780 addit:
1388 4725 1662 4782 Exstabat
1694 4739 1812 4781 nu-

175 4810 349 4868 misma
382 4815 437 4870 in
487 4828 601 4871 aere
630 4816 782 4886 apud
824 4817 1124 4872 Horatium
1165 4816 1469 4887 Tigrinum
1510 4817 1581 4872 de
1606 4815 1811 4872 Mariis

173 4899 288 4955 dum
312 4904 540 4977 viveret)
567 4907 720 4976 quod
761 4906 832 4962 de
861 4907 987 4976 ejus
1014 4907 1349 4963 sinceritate
1373 4921 1406 4961 a
1452 4906 1805 4977 quibusdam

173 4988 548 5066 dubitaretur;
578 4996 746 5052 modo
772 5002 962 5052 autem
993 4997 1172 5052 veluti
1206 4997 1438 5066 pulvere
1462 4995 1620 5052 omni
1645 4993 1812 5050 dubi-

175 5081 388 5138 tationis
410 5099 672 5154 excusso,
707 5086 890 5141 evicta
917 5086 1096 5142 veluti
1124 5100 1318 5157 causa,
1347 5099 1532 5156 operae
1559 5085 1807 5154 pretium

178 5181 262 5222 nos
290 5169 533 5230 facturos
556 5175 910 5246 putavimus,
937 5175 986 5232 si
1019 5176 1124 5233 hoc
1144 5175 1270 5232 loco
1301 5175 1445 5230 illud
1476 5175 1534 5229 in
1563 5175 1812 5230 secunda

177 5259 400 5320 editione
427 5267 817 5336 reponendum
835 5279 1194 5335 curaremus,
1217 5279 1286 5320 ex
1314 5278 1380 5320 eo
1411 5265 1562 5336 quod
1584 5265 1812 5321 amicis-

179 5346 334 5406 simus
381 5366 539 5410 meus
593 5355 836 5410 Fulvius
887 5355 1153 5426 Ursinus,
1202 5367 1391 5409 rerum
1437 5354 1809 5426 antiquarum

180 5438 567 5500 solertissimus
605 5444 936 5514 explorator
980 5445 1067 5516 (ad
1114 5457 1282 5516 quem
1336 5443 1513 5500 veluti
1570 5444 1812 5514 Lydium

182 5523 394 5597 laPidem
421 5548 683 5606 quaequa:
706 5541 895 5592 vetera
925 5541 1293 5591 monumenta
1319 5535 1610 5604 probanda
1639 5533 1820 5593 eluci.

180 5620 447 5696 dandaque
470 5626 670 5682 alferri
702 5627 908 5695 solent,
932 5629 1104 5696 cujus
1123 5630 1181 5682 et
1207 5625 1358 5697 apud
1388 5639 1475 5682 me
1499 5627 1819 5682 auctoritas

186 5711 469 5779 plurimum
511 5718 703 5787 valet),
746 5719 817 5771 de
868 5719 971 5772 hac
1021 5731 1081 5773 re
1122 5716 1428 5773 consultus
1483 5716 1718 5787 saepius,
1763 5724 1820 5774 et

1928 3291 2074 3342 mate
2105 3286 2432 3342 inveniatur
2456 3301 2552 3356 per
2578 3288 2630 3342 Χ
2652 3293 2842 3344 notam
2873 3289 3202 3359 appositum
3225 3288 3334 3363 (X).
3368 3308 3394 3339 »

2129 3377 2256 3432 Haec
2285 3376 2479 3432 omnia
2508 3376 2754 3433 libenter
2798 3379 3182 3449 produximus
3217 3393 3286 3434 ex
3318 3379 3581 3436 historiae

1919 3465 2323 3521 ecclesiasticae
2355 3465 2688 3522 restitutore
2713 3467 2980 3537 Baronio,
3011 3472 3076 3523 ut
3099 3481 3212 3523 non
3239 3468 3406 3524 modo
3433 3469 3580 3538 ejus-

1917 3555 2044 3610 dem
2076 3553 2350 3626 suﬁragio
2378 3555 2472 3610 sed
2504 3555 2677 3610 etiam
2705 3556 2966 3625 exemplo
2991 3562 3280 3612 constaret
3300 3562 3588 3628 quantum.

1918 3645 2200 3714 adjiciant
2247 3643 2518 3700 momenti
2584 3657 2650 3698 ac
2699 3645 2970 3713 ponderis
3019 3645 3313 3701 historica:
3351 3645 3579 3702 veritati

1920 3734 2171 3806 genuina
2212 3738 2598 3801 monumenta,
2632 3732 2683 3787 si
2713 3745 2746 3787 a
2771 3733 3160 3802 scriptoribus
3180 3733 3576 3789 consulantur.

1920 3824 2078 3878 Unde
2098 3821 2298 3892 colligi
2326 3833 2553 3875 necesse
2576 3826 2664 3876 est
2679 3835 2850 3892 quam
2874 3821 3121 3877 ﬁdeliter
3143 3823 3584 3892 perscripserint

1919 3917 2184 3968 auctores
2236 3910 2496 3966 Vitarum
2543 3923 2730 3980 perea
2782 3911 3013 3982 saecula,
3058 3912 3273 3983 quibus
3320 3918 3582 3983 poterant

1920 4007 2042 4058 tum
2071 4014 2104 4056 a
2133 3999 2542 4071 scriptoribus,
2578 4005 2696 4055 tum
2725 4014 2758 4057 a
2788 4000 3100 4058 lectoribus
3129 4003 3457 4059 eorumdem
3480 4017 3584 4060 ar—

1921 4092 2178 4165 gumenti
2211 4091 2400 4162 capita
2433 4088 2607 4146 ferme
2649 4091 2881 4163 singula
2911 4093 3161 4148 conferri
3201 4107 3332 4150 cum
3372 4107 3582 4164 super-

1919 4183 2159 4239 stitibus
2191 4181 2383 4252 iisque
2425 4179 2678 4250 publicis
2723 4182 3108 4238 documentis.
3148 4182 3339 4239 Placet
3383 4197 3452 4240 ex
3474 4184 3582 4240 hoc

1922 4273 2049 4344 ipso
2097 4273 2445 4328 numismate
2483 4270 2822 4326 conﬁrmare
2868 4285 3037 4342 quam
3093 4271 3262 4328 facile
3308 4273 3484 4328 simul
3527 4279 3584 4329 et

1920 4369 2252 4420 accuratum
2295 4361 2586 4431 judicium
2642 4361 2872 4431 utrique
2918 4366 3178 4430 paratum
3206 4361 3480 4418 haberent
3521 4362 3582 4418 in

1924 4452 2282 4523 inspectione
2310 4452 2621 4524 aequalium
2651 4451 3150 4508 documentorum.

1993 4543 2293 4599 Numisma
2320 4542 2509 4612 Crispi
2536 4555 2570 4597 a
2599 4541 2845 4598 Baronio
2890 4541 3258 4615 productum,
3305 4541 3583 4599 beneﬁcio

1921 4633 2499 4705 Burghesiaedomus
2551 4632 2706 4688 aetati
2763 4637 2974 4689 nostrae
3023 4637 3427 4704 praeservatum
3474 4638 3578 4688 est.

1920 4725 2059 4793 Ejus
2087 4722 2368 4792 inspectio
2391 4735 2494 4778 nos
2520 4721 2722 4777 docuit
2751 4727 3025 4779 statutam
3057 4723 3217 4779 illam
3262 4723 3318 4778 in
3346 4724 3585 4779 adversa

1922 4819 2081 4884 parte
2125 4813 2413 4870 sedentem
2456 4811 2608 4867 inter
2645 4811 2793 4868 duos
2819 4813 3070 4868 Caesares
3117 4817 3355 4881 stantes,
3387 4809 3584 4866 nimbo

1920 4910 2199 4975 ornatam,
2255 4903 2469 4959 elevata
2501 4903 2735 4957 dextera
2803 4900 3256 4968 benedicentem,
3301 4905 3357 4953 et
3381 4897 3583 4953 crucis

1921 4994 2150 5065 signum
2186 4994 2360 5049 hastae
2384 4993 2722 5063 impositum
2745 4989 2989 5044 sinistra
3022 5002 3193 5042 manu
3242 4993 3582 5059 gestantem,

1921 5084 2122 5139 referri
2153 5084 2358 5139 debere
2389 5083 2474 5137 vel
2497 5081 2566 5135 ad
2587 5078 2883 5134 Christum
2905 5075 3233 5142 Dominum,
3276 5080 3343 5131 ut
3363 5075 3587 5145 putavit

1921 5175 2222 5240 Baronius,
2247 5173 2354 5242 vel,
2392 5177 2457 5226 ut
2485 5168 2673 5238 aliqui
2704 5165 2949 5234 malunt,
2982 5163 3052 5218 ad
3083 5163 3400 5234 principem
3439 5177 3588 5234 apo-

1921 5265 2201 5323 stolorum
2228 5265 2286 5317 et
2310 5259 2590 5316 vicarium
2616 5267 2785 5310 suum
2820 5252 2880 5306 in
2906 5253 3158 5309 Ecclesia
3179 5253 3426 5308 constitv
3441 5258 3581 5310 tum.

1925 5351 2217 5411 Utrumvis
2245 5348 2553 5418 exprimat,
2580 5340 2971 5398 indubitatum
3007 5349 3095 5398 est
3121 5341 3226 5397 hoc
3254 5343 3314 5398 in
3355 5341 3588 5398 numis-

1927 5449 2074 5500 mate
2091 5437 2490 5496 testimonium
2505 5430 2850 5486 Christianae
2866 5430 3166 5502 religionis
3191 5432 3419 5502 publice
3434 5443 3590 5487 exer-

1927 5535 2058 5590 citae
2099 5528 2208 5587 sub
2252 5519 2652 5589 Constantino,
2704 5523 3009 5588 antequam
3038 5520 3279 5590 Crispus
3328 5519 3584 5589 ejusdem

1930 5624 2090 5681 ﬁlius
2112 5623 2330 5677 Faustae
2362 5622 2617 5670 novercze
2642 5607 2933 5664 calumnia
2955 5616 3270 5669 necaretur.
3306 5607 3590 5666 Baronius

1925 5718 2109 5794 putat,
2168 5709 2254 5768 uti
2285 5702 2574 5772 diximus,
2619 5696 2838 5756 Christi
2891 5698 3123 5758 Domini
3179 5699 3487 5770 imaginem
3528 5692 3589 5746 in
