3996 6426
400 361 474 422 99
1220 365 1316 422 ΑΙ)
1351 365 1790 426 ANASTASIUM
1828 367 2343 428 PROLEGOMBNA
2378 370 2558 426 EDIT.
2598 369 3032 430 ROM.-VATIC.

3719 375 3830 436 400

403 505 639 550 nummo
667 493 947 565 signatam
986 490 1200 550 referre
1227 497 1477 552 statuam
1522 499 1844 568 argenteam
1891 490 2133 564 ejus-A
2159 493 2335 552 titulo
2370 496 2423 552 S.
2473 498 2892 571 Prudentianze,
2935 513 3040 557 sua
3085 499 3299 558 Siricio
3318 514 3461 572 papa
3488 505 3830 560 constructo

399 579 526 636 dem
560 580 872 636 Salvatoris
899 593 966 637 ac
992 581 1094 636 Dei
1137 586 1194 638 et
1221 583 1454 638 Domini
1483 583 1666 639 nostri
1697 597 1729 639 a
1766 583 2054 638 Constan-

399 667 522 723 tino
541 674 786 725 erectam
815 669 872 724 in
896 668 1139 726 basilica
1168 671 1561 740 Lateranensi,
1591 676 1657 728 ut
1686 669 1858 727 refert
1887 670 2055 726 Liber

396 755 767 812 Pontiﬁcalis.
798 757 908 827 Qui
939 771 1072 815 vero
1098 759 1248 816 Petri
1271 760 1517 830 apostoli
1549 759 1928 816 simulacrum
1952 757 2054 814 illa

397 841 456 897 in
501 842 684 915 ﬁgura
713 845 1174 918 deprehendunt,
1219 847 1525 904 observant
1574 849 1796 904 cultum
1841 858 2056 916 corpo-

394 930 498 1001 ris,
557 937 615 988 et
646 935 936 1004 praecipue
975 943 1269 992 tonsuram
1309 937 1540 1008 capitis,
1577 950 1643 992 ac
1685 935 1874 992 barbae
1923 947 2054 991 mo—
2091 1005 2096 1014 ‘

391 1019 530 1076 dum
587 1021 904 1080 assimilari
966 1025 1162 1094 potius
1211 1025 1565 1098 imaginibus
1617 1023 2052 1096 antiquissimis

391 1109 546 1166 Petri
571 1111 816 1180 apostoli
845 1126 1015 1184 quam
1057 1114 1274 1170 Christi
1325 1114 1579 1171 Domini.
1624 1116 1764 1170 Nam
1820 1113 1887 1169 in
1921 1127 2052 1170 sar—

392 1197 668 1271 cophagis
721 1202 1056 1258 marmoreis
1103 1209 1310 1274 quarto
1353 1208 1411 1259 et
1450 1203 1654 1274 quinto
1699 1201 1909 1258 szeculo
1933 1216 2049 1258 cae—

393 1285 550 1358 latis,
637 1293 696 1346 et
764 1303 833 1346 ex
901 1292 1228 1349 cmmeterio
1309 1293 1583 1349 Vaticano
1642 1291 1938 1362 productis
1987 1291 2048 1346 in

391 1376 567 1436 Roma
594 1379 974 1437 Subterranea
1014 1381 1262 1453 Aringhi
1310 1384 1509 1439 tomol
1539 1381 1676 1452 tab.,
1735 1395 1858 1452 pag.
1918 1378 2044 1450 293,

389 1473 450 1524 et
508 1482 665 1541 seqq.
735 1471 963 1541 quoties
1019 1471 1370 1542 exprimitur
1432 1472 1700 1528 Christus
1767 1470 2048 1526 Dominus

389 1557 510 1614 sive
535 1557 831 1630 imberbis,
869 1559 990 1617 sive
1028 1559 1322 1631 barbatus,
1359 1560 1571 1631 prolixi
1611 1572 1832 1629 semper
1855 1559 2046 1613 crines

388 1645 442 1702 ei
473 1646 838 1718 tribuuntur,
863 1655 920 1705 et
967 1649 1144 1706 barba
1188 1649 1250 1705 in
1280 1655 1512 1706 acutum
1564 1649 1850 1704 desinens.
1881 1648 1952 1702 At
1981 1645 2044 1702 in

387 1737 648 1806 apostolo
690 1738 854 1794 Petro
913 1739 1108 1794 eadem
1165 1744 1388 1796 vetusta
1442 1749 1722 1793 marmora
1772 1734 1870 1793 fol.
1935 1732 2044 1792 293

2161 589 2218 639 et
2247 597 2346 654 per
2374 585 2688 644 Adrianum
2710 587 3104 660 Iinstaurato;
3125 589 3185 646 in
3217 588 3480 646 triclinio
3501 591 3708 648 Leonis
3727 593 3826 662 Ill,

2162 672 2225 729 in
2251 675 2560 746 Laterano;
2589 677 2651 732 in
2693 677 2812 734 aede
2839 678 2902 732 S.
2939 678 3287 734 Constantia
3315 678 3424 736 sub
3471 680 3725 738 Honorio
3773 682 3832 751 I,

2161 768 2218 818 et
2267 766 2478 834 passim
2513 767 2573 821 in
2618 767 2981 838 anaglyphis,
3024 768 3272 837 picturis
3297 773 3352 824 et
3383 769 3651 826 musivis.
3683 769 3826 840 Quae

2161 867 2293 908 cum
2324 855 2626 912 ostendant
2648 856 2868 912 vultum
2900 857 3048 912 Petri
3080 857 3246 928 plane
3267 857 3516 914 similem
3547 873 3824 930 expresso

2163 940 2224 996 in
2248 941 2353 998 hoc
2381 944 2746 1015 numismate,
2767 945 3034 1002 dubitare
3056 960 3160 1002 nos
3182 946 3420 1003 minime
3445 947 3650 1004 sinunt
3672 948 3821 1018 quin

2159 1037 2326 1088 aetate
2345 1033 2708 1090 Constantini
2734 1035 2924 1106 Magni
2951 1035 3165 1108 eﬁigies
3185 1036 3334 1092 Petri
3353 1036 3424 1092 ab
3451 1037 3560 1094 hoc
3580 1051 3823 1094 nummo

2161 1122 2452 1192 proposita
2483 1123 2819 1194 respondeat
2844 1124 3090 1196 reliquis
3137 1125 3272 1182 inde
3305 1127 3618 1196 expressis,
3647 1127 3822 1196 juxta

2159 1209 2463 1268 historiam
2493 1211 2564 1268 ab
2584 1213 2836 1270 Adriano
2867 1227 3010 1284 papa
3042 1213 3276 1270 relatam
3311 1215 3372 1270 in
3399 1214 3645 1286 epistola
3687 1228 3821 1271 me-

2161 1307 2400 1359 morata.

2227 1391 2455 1448 Litterae
2492 1393 2680 1448 autem
2737 1391 2793 1448 S.
2825 1391 2887 1446 P.
2929 1391 2989 1450 in
3041 1393 3237 1449 eodem
3265 1406 3504 1450 numero
3550 1396 3818 1449 exstante

2155 1481 2264 1538 sub
2285 1481 2556 1552 imagine,
2585 1495 2754 1552 quam
2777 1481 3054 1552 diximus,
3085 1482 3370 1552 principis
3390 1481 3817 1553 apostolorum,

2153 1569 2241 1626 vel
2275 1571 2536 1626 indicant
2589 1569 2891 1626 SANCTUS
2943 1571 3202 1628 PETRUS
3230 1571 3531 1628 elementis
3581 1571 3821 1641 capita-

2155 1659 2311 1716 libus
2329 1661 2637 1730 utriusque
2651 1660 2932 1716 dictionis
2945 1659 3030 1731 (ut
3051 1660 3238 1716 littera
3259 1662 3312 1716 X
3325 1674 3570 1732 superne
3584 1659 3820 1718 inclusa

2155 1749 2214 1804 in
2265 1749 2578 1820 epigraphe
2637 1749 2847 1805 SALVS
2917 1750 3002 1806 ET
3052 1751 3213 1806 sees
3263 1751 3336 1806 Χ.
3385 1751 3819 1807 usipvsucm

385 1822 512 1896 295,
543 1823 667 1898 297,
707 1824 832 1899 299,
857 1825 986 1900 30l,
1019 1825 1141 1898 307,
1169 1835 1380 1884 etcum
1423 1827 1516 1884 his
1541 1827 1782 1897 picturae
1819 1839 2037 1894 omnes,
2061 1825 2110 1886 Β
2149 1839 2405 1895 continet
2462 1850 2664 1894 nomen
2712 1836 2949 1911 Christi)
3005 1839 3092 1895 vel
3147 1839 3482 1910 signiﬁcant
3541 1840 3817 1898 SIGNUM

385 1915 728 1987 anaglypha,
753 1917 975 1974 musiva
1002 1918 1241 1989 antiqua
1262 1917 1454 1974 crines
1487 1915 1763 1973 exhibent
1781 1920 2042 1972 attonsos

383 2003 453 2060 ad
485 2018 702 2078 aurem,
741 2006 972 2064 barbam
1003 2007 1280 2079 rigentem
1314 2011 1372 2063 et
1401 2020 1515 2063 non
1559 2005 1869 2063 admodum
1901 2018 2044 2075 pro—

381 2091 558 2148 lixam
589 2095 781 2165 qualis
825 2096 884 2152 in
927 2109 1160 2152 nummo
1190 2097 1424 2153 visitur.
1469 2096 1706 2151 Crucem
1755 2099 1944 2150 autem
1979 2093 2040 2150 in

381 2184 1099 2257 memoratisjanaglypbis
1128 2190 1312 2258 gestat
1357 2186 1411 2240 S.
1465 2186 1686 2256 Petrus,
1729 2197 1842 2240 non
1874 2196 2042 2240 secus

378 2284 446 2328 ac
493 2273 554 2329 in
623 2273 986 2332 numismate.
1036 2274 1278 2332 Caelator
1329 2275 1450 2346 typi
1497 2288 1529 2330 a
1585 2273 1742 2330 card.
1792 2273 2040 2330 Baronio

381 2361 647 2432 impressi
698 2362 1007 2420 imberbem
1055 2363 1322 2420 exhibuit
1369 2362 1482 2420 viri
1533 2362 1786 2419 sedentis
1834 2362 2038 2418 faciem

376 2457 575 2508 contra
603 2453 765 2509 ﬁdem
794 2453 1038 2526 nummi,
1073 2453 1208 2510 licet
1231 2453 1425 2510 crines
1448 2453 1518 2509 ad
1549 2466 1747 2508 aurem
1779 2456 2039 2510 attonsos

375 2542 722 2610 expresserit
748 2542 1013 2599 ﬁdeliter.
1040 2543 1322 2616 Imagines
1342 2543 1438 2599 SS.
1459 2541 1850 2613 apostolorum
1885 2541 2033 2598 Petri

375 2634 433 2686 et
461 2631 644 2704 Pauli,
676 2632 980 2690 custodita
1035 2632 1096 2690 in
1139 2633 1393 2690 sacrario
1437 2631 1695 2689 basilicae
1748 2631 2036 2688 Vaticana}

373 2719 616 2792 (easdem
666 2719 951 2778 atﬁrmant
977 2735 1103 2779 esse
1149 2737 1182 2778 a
1211 2723 1270 2778 Β.
1300 2722 1576 2778 Silvestro
1619 2720 1845 2778 oblatas
1877 2721 2036 2776 Con-

373 2811 631 2868 stantino
658 2813 878 2883 Magno,
899 2825 1144 2884 quarum
1162 2804 1468 2870 historiam
1487 2811 1690 2868 retulit
1709 2811 2038 2868 Adrianusl

372 2900 444 2956 ad
489 2899 754 2957 Carolum
800 2904 1063 2974 Magnum
1118 2903 1177 2960 in
1231 2903 1476 2973 epistola
1521 2902 1676 2958 edita
1724 2915 1855 2957 cum
1885 2900 2034 2956 actis

373 2993 578 3067 synodi
621 2990 862 3048 Nicaeum
903 2991 1205 3064 secundae),
1247 2993 1476 3049 Petrum
1506 2989 1830 3061 apostolum
1861 2989 2034 3045 exhi-

373 3084 514 3140 bent
547 3085 811 3142 crinibus
839 3083 1244 3152 abundantem,
1290 3082 1390 3139 sed
1420 3081 1490 3138 ad
1518 3093 1714 3137 aurem
1745 3079 2028 3150 detonsis,

2149 1927 2367 1983 PETRI.
2424 1929 2568 1983 Nam
2621 1927 2838 1983 SlRMII
2895 1928 3243 1985 PERCVSSA
3277 1936 3498 1986 moneta
3558 1929 3656 1986 hic
3690 1944 3814 1988 non

2152 2016 2467 2088 indicatur,
2493 2020 2558 2074 ut
2580 2031 2684 2088 ego
2707 2022 2965 2088 autumo,
2990 2032 3122 2074 cum
3149 2019 3228 2075 sit
3259 2018 3514 2075 insolens
3555 2019 3614 2074 in
3643 2033 3821 2076 num-

2153 2105 2264 2162 mis
2310 2106 2533 2163 Latinis
2575 2119 2644 2164 ex
2691 2119 2804 2162 mre
2856 2109 3105 2165 maximo
3153 2106 3392 2164 oilicinze
3466 2109 3814 2166 monetariae

2149 2195 2340 2252 locum
2361 2197 2704 2266 exprimere.
2733 2197 2791 2253 Si
2819 2202 3007 2254 autem
3039 2199 3266 2253 Petrum
3296 2195 3620 2266 apostolum
3656 2197 3822 2253 indi-

2147 2290 2240 2340 cat
2265 2285 2384 2342 haec
2411 2285 2612 2358 ﬁgura,
2645 2286 2885 2356 ejusque
2914 2284 3291 2340 simulacrum
3319 2285 3654 2354 impositum
3677 2285 3816 2343 sedi

2149 2374 2460 2444 quadratae,
2487 2373 2740 2429 arbitror
2765 2371 3124 2428 referendum
3145 2373 3214 2429 ad
3248 2377 3498 2429 statuam
3543 2373 3814 2444 ejusdem

2146 2462 2413 2533 apostoli,
2437 2475 2567 2518 cum
2593 2461 2816 2517 caeteris
2836 2475 2869 2515 a
2891 2461 3268 2516 Constantino
3290 2461 3535 2530 positam
3565 2462 3625 2518 in
3650 2461 3826 2518 basi-

2147 2551 2259 2607 lica
2308 2550 2640 2620 Salvatoris,
2680 2549 2994 2604 altitudine
3040 2548 3284 2618 quinum
3327 2549 3554 2620 pedum,
3611 2550 3817 2621 pondo

2145 2639 2426 2696 librarum
2457 2639 2788 2710 nonaginta,
2829 2651 2958 2694 cum
2984 2650 3192 2693 corona
3226 2650 3294 2692 ex
3320 2642 3556 2708 argento
3591 2639 3820 2708 puris-

2144 2731 2312 2802 simo,
2374 2743 2542 2800 quam
2589 2727 2764 2784 refert
2812 2727 2979 2784 Liber
3020 2725 3375 2782 Pontiﬁcalis
3399 2727 3458 2782 in
3488 2725 3817 2802 Silvestro,

2144 2833 2302 2877 num.
2334 2816 2422 2875 38.
2455 2818 2690 2874 Crucem
2716 2831 2848 2874 vero
2901 2831 3032 2873 cum
3065 2815 3330 2872 ostendat
3377 2815 3526 2871 idem
3553 2822 3818 2886 aposto-

2143 2910 2256 2978 lus,
2288 2913 2531 2966 erectam
2554 2907 2796 2965 fortasse
2817 2907 2976 2964 illam
3000 2907 3219 2963 indicat
3258 2919 3428 2976 quam
3457 2906 3816 2963 Constanti-

2146 3017 2257 3058 nus
2305 3001 2367 3058 in
2409 2999 2652 3057 basilica
2691 2999 2962 3056 Vaticana
3003 2997 3311 3054 constituit
3340 3009 3513 3066 supra
3549 2995 3806 3053 Confes-

2143 3091 2361 3147 sionem
2379 3089 2562 3146 beatri
2580 3088 2731 3145 Petri
2752 3105 2819 3144 ea:
2829 3103 2965 3144 auro
2979 3089 3279 3158 purissimo
3287 3089 3603 3156 pensantem
3619 3085 3803 3142 libras

372 3179 432 3230 et
450 3173 692 3230 Paulum
717 3172 1146 3241 recalvastrum,
1181 3169 1372 3242 qualis
1400 3182 1434 3224 a
1463 3169 1716 3226 Luciano
1739 3167 2030 3224 describi—
2059 3155 2108 3220 C
2139 3185 2352 3236 centum
2376 3180 2796 3250 quinquaginta,
2827 3179 2895 3233 ιη
2917 3155 3227 3232 ,ηέηευνωη
3250 3155 3370 3239 iaci,
3407 3175 3503 3230 ubi
3522 3176 3798 3244 scriptum

376 3266 492 3334 tur,
515 3263 710 3319 eodem
736 3261 1070 3318 observante
1097 3258 1340 3315 Baronio
1381 3257 1451 3313 ad
1495 3270 1708 3314 annum
1734 3254 1826 3327 69,
1855 3270 2021 3314 num.

375 3347 462 3420 44,
519 3350 688 3407 etab
739 3348 994 3420 ejusdem
1045 3347 1322 3418 epitomes
1388 3349 1622 3402 auctore
1698 3345 2024 3416 Spondano,

374 3453 534 3496 num.
578 3436 693 3496 6et
738 3437 792 3493 8.
835 3440 897 3494 lu
942 3448 1096 3493 aenea
1149 3433 1419 3492 icuncula
1442 3434 1497 3490 S.
1555 3434 1727 3504 Petri,
1773 3433 1914 3490 olim
1967 3433 2026 3488 in

372 3541 569 3585 musco
617 3527 854 3585 Bellorii
907 3539 939 3582 a
977 3539 1064 3582 me
1115 3537 1345 3596 quoque
1399 3527 1670 3595 spectata,
1703 3527 1760 3580 et
1798 3537 1831 3579 a
1861 3524 2028 3580 Petro

367 3617 570 3675 Sancte
599 3616 824 3674 Bartolo
842 3615 998 3674 edita
1022 3629 1154 3672 cum
1179 3613 1442 3686 antiquis
1463 3613 1736 3683 lucernis,
1763 3615 1908 3684 part.
1934 3627 2021 3685 ιη,

367 3706 482 3764 tab.
533 3704 624 3778 27,
669 3707 864 3764 eadem
910 3711 1150 3763 tonsura
1191 3704 1446 3761 crinium
1499 3708 1555 3760 et
1583 3703 1772 3762 barbae
1821 3703 2024 3760 modus

365 3803 617 3871 apparet,
653 3813 777 3870 quae
799 3811 834 3854 a
861 3797 1164 3868 Spondano
1193 3795 1389 3854 verbis
1414 3794 1722 3866 Nicephori
1750 3793 2018 3866 refertur,

365 3887 597 3956 capillis
616 3887 848 3957 capitis,
877 3891 933 3942 et
961 3885 1151 3944 barbae
1175 3885 1388 3956 crispis
1413 3889 1469 3941 et
1515 3885 1732 3956 densis,
1776 3885 1872 3941 sed
1906 3896 2020 3940 non

365 3975 670 4032 admodum
696 3974 1183 4045 prominentibus.
1213 3973 1744 4045 Anaglyphaautem
1766 3973 2021 4030 indicata

369 4064 429 4120 in
471 4063 844 4136 sarcophagis
893 4062 1186 4120 Vaticanis
1243 4063 1435 4132 quarti
1482 4067 1540 4120 et
1570 4062 1763 4133 quinti
1795 4061 2015 4133 saeculi,

365 4153 684 4225 praesertim
711 4153 770 4209 id
803 4153 954 4224 quod
981 4151 1122 4210 folio
1150 4149 1256 4209 294
1283 4151 1556 4224 Aringhii
1595 4151 1872 4222 occurrit,
1916 4151 2018 4210 ubi

365 4247 569 4315 quater
597 4243 946 4314 exprimitur
969 4242 1240 4300 Christus
1255 4241 1561 4311 Dominus,
1593 4244 1678 4297 ter
1701 4240 1756 4296 S.
1793 4242 2016 4312 Petrus,

365 4333 546 4390 multo
574 4333 900 4391 evidentius
919 4333 1212 4390 declarent
1234 4345 1356 4386 eam
1383 4330 1858 4387 consuetudinem
1891 4336 2019 4387 aeta-

363 4423 442 4479 tis
477 4423 967 4480 Constantiniana:
1009 4419 1262 4492 (quando
1300 4417 1676 4476 servabantur
1736 4419 2018 4492 imagines

2139 3275 2218 3325 est
2254 3271 2384 3324 hoc:
2416 3269 2806 3325 Constantinus
2829 3267 3136 3338 Augustus,
3174 3271 3225 3322 et
3247 3265 3455 3320 Helena
3479 3264 3746 3332 Augusta
3777 3280 3798 3318 :

2135 3359 2279 3416 hanc
2307 3360 2524 3413 domum
2552 3358 2727 3425 regali
2751 3358 2920 3413 simili
2946 3357 3162 3423 fulgore
3200 3369 3488 3412 coruscans
3519 3353 3653 3410 aula
3672 3353 3802 3408 cir-

2136 3450 2376 3504 cumdat.
2433 3449 2709 3518 Scriptum
2761 3465 2828 3504 ea:
2877 3449 3073 3503 litteris
3124 3447 3342 3514 nigellis
3371 3447 3433 3500 in
3483 3458 3658 3499 cruce.
3710 3443 3794 3498 Ea

2136 3553 2263 3611 quae
2302 3552 2404 3594 nos
2445 3538 2731 3608 conjicere
2767 3537 3015 3594 nitimur
3043 3549 3113 3592 ex
3136 3536 3357 3592 indicio
3390 3526 3790 3604 numismatis,

2135 3644 2238 3687 nec
2259 3629 2402 3685 satis
2420 3627 2660 3685 deﬁnire
2679 3641 2983 3698 possumus
3001 3630 3128 3696 post
3151 3625 3462 3682 diuturnas
3483 3623 3794 3694 inspectio-

2134 3733 2254 3790 nes,
2280 3718 2477 3774 eadem
2528 3718 2648 3774 ictu
2685 3717 2838 3774 oculi
2890 3715 3192 3787 perspicue
3237 3727 3470 3790 noscere
3522 3717 3792 3784 poterant

2131 3787 2393 3865 auctores
2443 3805 2600 3863 Libri
2632 3804 3006 3876 Pontiﬁcalis,
3042 3803 3292 3874 legentes
3336 3787 3395 3859 in
3422 3814 3595 3858 cruce
3625 3801 3788 3858 Con-

2133 3897 2490 3954 stantiniana
2512 3908 2709 3952 eorum
2741 3899 2904 3951 aetate
2949 3894 3260 3964 superstite
3284 3891 3519 3948 nomina
3549 3890 3787 3948 donan-

2132 3984 2300 4054 tium,
2345 3987 2402 4040 et
2434 3983 2493 4040 in
2518 3983 2808 4054 argenteis
2845 3982 3057 4038 statuis
3083 3981 3300 4037 Christi
3346 3980 3581 4037 nomina
3609 3983 3790 4050 atque

2129 4072 2520 4142 apostolorum
2575 4075 2896 4140 spectantes
2945 4069 3186 4142 efﬁgiem
3235 4069 3491 4142 singulis
3519 4067 3790 4124 attribu-

2131 4164 2244 4217 tam
2293 4165 2456 4216 aetate
2505 4158 2787 4216 Silvestri.
2856 4161 2938 4215 Ex
3019 4159 3222 4216 iisdem
3272 4157 3682 4228 monumentis,
3729 4157 3784 4213 si

2129 4254 2511 4321 superessent,
2535 4248 2764 4306 collatis
2783 4262 2911 4305 cum
2936 4262 3189 4319 nummo,
3209 4247 3450 4304 fortasse
3469 4250 3782 4317 constaret,

2127 4340 2196 4395 ad
2249 4339 2571 4408 exemplum
2611 4337 2886 4410 imaginis
2940 4339 3000 4393 Β.
3051 4338 3203 4393 Petri
3253 4337 3362 4394 sub
3405 4335 3680 4394 Silvestro
3726 4341 3786 4392 et

2125 4429 2500 4486 Constantino
2549 4429 2856 4499 prOposita:
2899 4428 2968 4485 ad
3009 4427 3230 4484 cultum
3274 4427 3433 4483 cruci
3462 4425 3784 4482 Dominicai

353 4511 744 4584 apostolorum
795 4511 1022 4566 eisdem
1053 4507 1231 4564 ferme
1273 4519 1492 4577 coaevae,
1539 4521 1682 4578 quas
1725 4509 2015 4567 Eusebius

2132 4520 2366 4589 ejusque
2387 4519 2656 4588 gestatori
2675 4517 3060 4575 exhibendum
3078 4531 3110 4572 a
3123 4515 3446 4573 Caesaribus
3461 4513 3780 4585 stantibus,

364 4606 623 4659 narrata
653 4613 712 4657 se
751 4601 1032 4668 spectatas
1065 4596 1210 4654 Hist.
1247 4595 1396 4653 Eccl.
1439 4609 1562 4667 cap.
1600 4594 1684 4670 48)
1714 4598 2014 4672 tribuendi

361 4703 581 4750 comam
625 4687 910 4760 prolixam
948 4689 1006 4743 et
1048 4684 1109 4742 in
1157 4683 1426 4742 humeros
1471 4686 1737 4744 ﬂuentem
1781 4687 2014 4746 Christo

359 4780 624 4852 Domino,
641 4779 834 4838 crines
849 4781 1039 4835 autem
1063 4779 1357 4832 truncatas
1369 4775 1438 4833 ad
1455 4775 1745 4834 clericalis
1761 4781 2014 4836 tonsurae

361 4871 592 4928 modum
635 4869 800 4928 beato
852 4869 1036 4939 Petro,
1077 4879 1208 4922 cum
1265 4865 1326 4923 in
1371 4865 1586 4923 eisdem
1629 4868 2012 4926 marmoribus

359 4961 440 5017 ita
485 4964 814 5018 constanter
871 4963 1114 5030 uterque
1157 4955 1392 5013 caelatus
1447 4955 1544 5013 sit.
1607 4957 1669 5014 In
1720 4957 2010 5028 argenteis

357 5049 530 5104 etiam
581 5049 736 5106 vasis
786 5046 1102 5106 ministerii
1165 5045 1315 5103 sacri
1381 5049 1514 5104 ante
1565 5044 2006 5104 Constantinum

361 5139 625 5224 Magnum
648 5137 979 5210 elaboratis,
1009 5135 1098 5195 uti
1123 5149 1193 5194 ex
1223 5135 1415 5206 operis
1443 5133 1728 5207 elegantia
1761 5139 1820 5192 et
1842 5135 2008 5194 anti—

362 5238 580 5306 quitate
624 5235 992 5307 percipimus,
1025 5235 1270 5306 repertis
1305 5235 1457 5291 inter
1486 5233 1696 5290 rudera
1720 5233 2008 5292 vetustio—

363 5337 487 5379 rum
514 5323 724 5379 aedium
762 5337 1052 5383 sacrarum
1081 5330 1140 5381 et
1173 5323 1652 5394 cmmeteriorum,
1682 5338 1809 5396 quae
1831 5323 2008 5381 dabi-

362 5424 491 5466 mus
546 5410 698 5466 inter
725 5416 888 5468 notas
913 5413 985 5468 ad
1030 5413 1189 5470 Vitas
1218 5413 1556 5482 pontiﬁcum
1601 5413 1664 5470 in
1686 5413 1914 5470 Urbano
1954 5416 2002 5486 Ι,

359 5499 510 5557 idem
535 5497 770 5554 habitus
789 5499 909 5556 oris
927 5500 1280 5574 observatur,
1309 5501 1408 5560 ubi
1433 5500 1702 5558 Christus
1721 5502 2004 5561 Dominus

353 5591 544 5648 claves
563 5585 744 5642 tradit
769 5589 969 5644 Petro:
1006 5602 1122 5661 qua
1142 5590 1318 5646 etiam
1345 5589 1528 5648 forma
1557 5591 1772 5661 posteri
1807 5591 2004 5649 ﬁdeles

352 5677 746 5738 exhibuerunt
788 5674 848 5732 in
875 5677 1122 5734 musivis
1161 5679 1577 5737 vetustioribus
1605 5679 1816 5755 ,Urbis,
1850 5687 1916 5738 ut
1942 5682 2002 5739 in

2127 4607 2449 4665 eﬁ‘ormatas
2496 4605 2680 4664 fuisse
2715 4619 2747 4662 a
2779 4604 3212 4664 successoribus
3254 4604 3517 4661 Silvestri
3549 4607 3778 4661 statuas

2125 4697 2272 4754 duas
2310 4698 2371 4753 B.
2415 4697 2568 4754 Petri
2600 4713 2616 4751 :
2655 4709 3027 4755 marmoream
3059 4710 3251 4764 unam,
3285 4710 3412 4768 quae
3445 4701 3780 4753 asservatur

2123 4787 2183 4845 in
2243 4787 2512 4860 hypogaeo
2562 4785 2819 4844 basilica:
2872 4787 3212 4857 Vaticana;
3270 4799 3481 4842 aeneam
3534 4784 3777 4840 alteram

2120 4876 2183 4934 in
2211 4878 2330 4934 aede
2374 4877 2663 4949 superiori
2709 4877 3106 4949 constitutam,
3154 4877 3225 4935 ad
3273 4875 3470 4934 oscula
3513 4873 3773 4932 ﬁdelium

2119 4968 2458 5039 excipienda
2509 4968 2569 5026 in
2610 4969 2840 5040 signum
2889 4967 3295 5036 venerationis,
3349 4961 3775 5023 consuetudine

2117 5057 2373 5115 derivata
2421 5057 2494 5116 ab
2546 5057 2918 5116 incunabulis
2961 5057 3232 5116 Ecclesia:
3271 5055 3342 5113 ad
3403 5055 3522 5112 haec
3573 5057 3774 5112 nostra

2119 5146 2350 5204 smcula.

2187 5234 2276 5293 56.
2321 5237 2445 5294 Non
2483 5235 2676 5308 piguit
2698 5235 2914 5294 versari
2957 5236 3128 5308 paulo
3155 5235 3388 5293 diutius
3416 5235 3477 5291 in
3501 5237 3771 5291 contem-

2117 5324 2372 5396 platione
2434 5325 2820 5398 numismatis,
2879 5330 2936 5382 et
2995 5339 3170 5383 sacrae
3219 5324 3515 5398 imaginis,
3591 5329 3774 5396 atque

2117 5413 2518 5484 inscriptionis
2537 5415 2596 5472 in
2625 5415 2728 5473 illo
2751 5428 3035 5486 expressae
3056 5414 3165 5474 sub
3183 5415 3582 5473 Constantino.
3607 5414 3766 5484 Quin

2116 5503 2234 5561 haec
2255 5503 2450 5561 omnia
2463 5503 2802 5578 praeﬁgenda
2821 5504 3154 5564 curavimus
3181 5504 3529 5576 praefationi,
3563 5508 3768 5574 utpote

2113 5591 2336 5650 indicia
2381 5606 2578 5652 eorum
2633 5593 3104 5653 documentorum
3159 5609 3287 5666 quae
3355 5595 3417 5650 in
3459 5599 3768 5650 numerato

2112 5687 2310 5752 parata
2331 5686 2496 5741 erant
2519 5687 2692 5753 atque
2719 5683 2978 5753 exposita
2997 5683 3388 5754 scriptoribus
3417 5683 3576 5742 Libri
3605 5684 3767 5740 Pon-
