3996 6430
201 412 283 470 404
1697 413 1779 468 PR

2031 412 2078 470 3.
3507 417 3609 478 402

194 536 418 594 tilicalis.
451 538 592 593 Nam
618 536 765 594 satis
789 538 1100 594 ostendunt
1129 537 1248 592 hac
1276 536 1456 593 veluti
1483 535 1824 607 specimina,
1856 543 1910 600 A
1944 536 2053 592 bus
2083 537 2233 609 quod
2267 552 2438 594 suum
2468 544 2556 595 est
2596 543 2903 596 asseretur.
2937 540 3068 596 Sive
3100 545 3365 597 notarum
3396 547 3603 599 auctor

195 642 278 683 seu
315 627 574 698 reliquia
622 634 1144 696 monumentorum,
1192 633 1328 684 tunc
1369 626 1646 696 temporis
1687 626 1832 682 uni-
1940 640 2008 682 ex
2029 627 2450 684 vetustioribus
2473 629 2570 700 sit,
2596 630 2716 685 sive
2737 644 2806 684 ex
2833 632 3275 698 recentioribus,
3302 633 3608 704 occupabit

193 718 884 788 cuiqueconstantium,et
905 717 1356 788 publicainluce
1375 717 1825 788 propositorum,
1940 729 2068 771 eum
2099 715 2284 772 locum
2321 731 2488 787 quem
2516 719 2797 790 gentilitii
2832 720 3090 775 nominis
3115 721 3310 776 littera
3341 723 3608 791 princeps

192 820 354 878 neque
379 805 768 879 chronologia
793 809 1135 864 documenta
1160 806 1415 863 defuisse
1441 807 1830 876 scriptoribus
1941 805 2164 862 obtinet
2207 807 2371 876 juxta
2423 808 2630 864 seriem
2675 809 2988 879 alphabeti.
3043 810 3348 878 Alteserra,
3405 813 3610 867 Benci-

190 897 418 968 Catalogi
445 897 821 966 vetustioris;
849 911 1032 968 neque
1058 897 1492 953 ordinationum
1522 896 1829 953 memorias
1942 895 2096 965 nius,
2133 896 2336 951 Binius
2366 902 2420 953 et
2451 898 2640 953 cateri
2684 912 2880 953 omnes
2921 899 3267 970 singillatim
3310 902 3611 960 ostendent

190 991 237 1040 et
275 985 452 1056 legum
501 985 932 1056 pontificiarum
973 987 1198 1042 auctori
1246 987 1483 1042 secundi
1524 985 1778 1057 Catalogi
1813 1003 1828 1056 ;
1941 999 2068 1055 qua
2096 987 2369 1043 meditata
2394 988 2769 1058 contulerint,
2801 1002 2957 1044 more
2973 989 3090 1058 jam
3114 995 3339 1060 recepto
3365 992 3424 1046 in
3449 1005 3614 1048 com-

192 1088 354 1144 neque
375 1074 632 1130 Vitarum
663 1077 1047 1145 posteriorum
1074 1074 1510 1130 enarratoribus
1539 1074 1832 1130 indiculos
1946 1074 2249 1129 mentariis
2281 1076 2605 1132 variorum.

189 1163 564 1235 ecclesiarum,
613 1166 764 1221 unde
806 1170 1039 1221 nossent
1078 1164 1448 1235 patrimonia,
1496 1162 1830 1235 latifundia,
2013 1160 2102 1218 59.
2131 1163 2563 1236 Chronologica
2589 1179 2719 1221 vero
2746 1164 3175 1222 observationes
3204 1167 3282 1222 ita
3306 1172 3444 1223 sunt
3467 1182 3613 1224 con-

191 1253 382 1322 pradia
406 1254 624 1308 rustica
647 1255 703 1309 et
727 1254 962 1324 urbana,
984 1255 1132 1310 dona
1157 1254 1394 1310 mobilia
1412 1252 1829 1321 etimmobilia,
1945 1265 2102 1307 nexa
2134 1252 2400 1317 invicem,
2436 1260 2500 1309 ut
2530 1255 2679 1309 citra
2713 1255 2968 1310 universi
3000 1257 3330 1325 systematis
3362 1257 3613 1326 positio-

190 1356 388 1396 sacram
436 1343 875 1414 snpellectilem,
925 1349 981 1398 et
1023 1343 1246 1399 minuta
1293 1355 1532 1414 quaque
1579 1341 1832 1411 cimelia,
1946 1353 2071 1394 nem
2107 1355 2217 1396 non
2253 1343 2478 1411 possint
2523 1343 2770 1414 singula
2819 1344 3153 1413 pertentari.
3188 1344 3310 1413 Qua
3339 1345 3410 1400 de
3439 1358 3612 1401 causa

189 1429 453 1502 basilicis,
483 1431 700 1502 titulis,
728 1431 1042 1502 diaconiis,
1080 1432 1469 1501 monasteriis,
1498 1431 1836 1500 adibusque
1946 1429 2175 1485 videtur
2203 1431 2430 1502 exigere
2462 1432 2612 1487 ratio
2647 1432 2920 1496 methodi,
2957 1438 3018 1488 ut
3048 1447 3136 1488 res
3170 1433 3391 1505 integra
3424 1447 3615 1489 reser—

189 1520 351 1575 sacris
371 1520 644 1576 omnibus
667 1522 726 1575 in
750 1521 896 1577 Urbe
916 1521 1125 1577 oblata.
1148 1523 1318 1578 Gesta
1340 1535 1471 1578 vero
1497 1519 1835 1591 pontiﬁcum
1949 1524 2112 1574 vetur
2142 1519 2265 1576 loco
2309 1522 2612 1591 peculiari,
2654 1527 2928 1579 exacturo
2968 1523 3248 1578 rationem
3293 1530 3612 1593 temporum

189 1623 300 1678 qua
319 1616 605 1681 narrante,
631 1611 970 1682 plerumque
991 1612 1106 1667 sibi
1127 1611 1440 1682 aqualium
1465 1616 1592 1681 post
1613 1614 1835 1665 atatem
1949 1622 1982 1663 a
2010 1609 2243 1664 Christo
2291 1617 2424 1666 nato
2452 1612 2520 1666 ad
2556 1613 2751 1668 omnia
2794 1613 3139 1668 documenta
3179 1613 3610 1683 chronologica,

187 1699 1836 1771 CataIOgisecundi,velipsividerunthistoriciVitarum,
1951 1712 2079 1768 qua
2118 1698 2390 1769 colligere
2421 1701 2611 1756 conati
2645 1715 2846 1756 sumus
2893 1701 3283 1770 complurium
3329 1715 3612 1758 annorum

188 1787 308 1844 vela
331 1789 587 1858 publicis
612 1790 867 1846 archivis
892 1791 1062 1861 paulo
1088 1796 1221 1846 ante
1245 1790 1563 1860 perscripta
1585 1788 1834 1844 mutuati
1949 1787 2167 1857 studio,
2211 1794 2266 1843 et
2295 1789 2707 1857 experimentis
2737 1794 2858 1846 tum
2897 1804 2966 1847 ex
2998 1790 3254 1846 motibus
3292 1790 3614 1847 calestium

188 1883 323 1948 sunt,
354 1884 463 1935 eta
493 1881 765 1936 concordi
798 1881 1133 1937 testimonio
1160 1881 1478 1951 seniorum,
1509 1879 1610 1950 qui
1645 1878 1838 1934 inter-
1871 1877 1919 1937 Β
1949 1891 2256 1947 corporum
2285 1877 2598 1949 diligenter
2621 1878 2870 1945 collatis,
2897 1885 3016 1935 tum
3040 1893 3106 1935 ex
3135 1880 3491 1950 inspectione
3513 1893 3615 1936 ve—

189 1966 414 2038 fuerant,
449 1968 568 2024 sibi
601 1971 814 2027 tradita
847 1970 1223 2041 collegerunt.
1947 1973 2133 2022 terum
2153 1967 2413 2036 lapidum
2432 1972 2488 2021 et
2512 1981 2908 2023 nummorum:
2934 1968 3030 2023 ubi
3057 1973 3373 2037 temporum
3395 1984 3428 2025 a
3448 1969 3618 2026 nobis

245 2057 470 2127 Optimo
517 2059 714 2128 itaque
750 2059 882 2126 jure
922 2058 1180 2129 singulis
1215 2056 1558 2113 auctoribus
1599 2055 1842 2125 hujusce
1953 2057 2440 2112 numerandorum
2474 2057 2672 2125 series,
2706 2061 2764 2111 et
2793 2057 3150 2113 characteres
3182 2058 3416 2127 publico
3448 2058 3620 2115 testi-

190 2147 304 2203 libri
330 2148 584 2204 debetur
605 2147 882 2218 elogium,
907 2146 978 2202 ab
999 2147 1311 2202 Annalium
1340 2146 1637 2201 conditore
1665 2146 1841 2201 Baro-
1957 2146 2150 2202 monio
2185 2146 2400 2215 proditi
2432 2152 2882 2218 cognoscuntur.

195 2237 288 2307 nio,
338 2237 652 2293 historica
699 2236 963 2292 veritatis
1006 2235 1206 2305 judice
1248 2235 1509 2306 emerito,
1556 2234 1842 2290 tributum
2027 2233 2112 2291 60.
2151 2235 2372 2292 Paratis
2415 2235 2600 2307 igitur
2636 2235 2990 2304 adjumentis
3029 2239 3190 2291 utere
3229 2233 3388 2306 felix,
3423 2237 3624 2293 Lector

190 2326 480 2382 Anastasio
529 2331 680 2382 tomo
720 2327 817 2394 lx,
865 2326 933 2381 ad
979 2339 1116 2380 ann.
1161 2325 1293 2381 Chr.
1345 2321 1470 2395 752,
1520 2337 1677 2379 num.
1725 2321 1838 2378 49:
1955 2325 3084 2381 studioseetbenevole:etRomanorum
3107 2325 3444 2394 pontificum
3465 2326 3622 2383 Vitas

192 2418 290 2470 Etsi
339 2416 483 2471 rudi
529 2416 693 2484 slylo,
739 2415 1054 2484 ﬁdelissime
1108 2419 1288 2469 tamen
1335 2430 1517 2470 rerum
1563 2418 1844 2482 gestarum
1956 2413 2162 2470 habeto
2186 2415 2468 2470 universa
2491 2413 2897 2469 ecclesiastica
2931 2413 3190 2469 historia
3223 2419 3438 2483 partem
3467 2429 3620 2485 pra-

194 2506 457 2560 historiam
495 2506 766 2559 eram-vit.
1954 2503 2204 2574 cipuam,
2227 2503 2526 2558 annalium
2551 2501 2755 2571 fontes,
2783 2508 2837 2557 et
2860 2503 3141 2571 pretiosas
3168 2517 3344 2558 sacra
3365 2505 3623 2575 antiqui-

244 2593 324 2652 57.
358 2598 490 2651 Hac
518 2593 776 2665 fuerunt,
803 2595 986 2650 amice
1018 2595 1237 2662 Lector,
1264 2607 1298 2649 a
1325 2593 1493 2650 nobis
1524 2593 1839 2665 generatim
1954 2593 2090 2648 tatis
2109 2593 2408 2663 reliquias,
2433 2593 2682 2662 primum
2701 2591 2970 2648 collectas
2991 2592 3049 2646 in
3066 2593 3335 2664 Catalogo
3355 2593 3618 2649 Liberia—

195 2685 574 2753 pramittenda
611 2685 682 2740 de
720 2685 1068 2740 auctoritate
1107 2683 1373 2740 codicum
1414 2697 1480 2739 ac
1516 2683 1840 2738 documen-
1951 2695 2024 2737 no
2045 2695 2113 2737 ex
2129 2682 2289 2737 Actis
2308 2687 2620 2752 martyrum
2641 2687 2694 2737 et
2720 2681 3124 2751 conciliorum,
3147 2695 3366 2738 necnon
3384 2695 3452 2737 ex
3469 2683 3621 2752 epis-

194 2772 258 2828 tis
291 2787 477 2830 rerum
521 2773 584 2828 in
625 2773 796 2828 Libro
839 2771 1158 2829 Pontiﬁcali
1201 2773 1657 2828 enuntiatarum.
1699 2773 1839 2827 Nam
1950 2772 2087 2828 tolis
2115 2771 2451 2842 pontificum
2477 2778 2534 2826 et
2557 2769 3261 2843 confessorum,Historia
3287 2772 3616 2844 Hegesippi,

195 2877 299 2933 qua
343 2863 650 2935 speciatim
694 2863 765 2919 de
812 2862 1069 2935 singulis
1114 2863 1370 2932 ejusdem
1423 2862 1686 2932 partibus
1735 2876 1842 2918 suo
1950 2861 2254 2917 Chronicis
2273 2860 3624 2932 Eusebianis,aliorumque.etexDiptychisEc-

194 2952 300 3010 loco
347 2952 690 3025 proferenda
739 2959 931 3024 erunt,
982 2953 1285 3009 ostendent
1336 2951 1488 3008 infra
1540 2959 1688 3009 nota
1736 2966 1843 3008 va—
1953 2951 2449 3022 clesiarum;post
2469 2949 2715 3006 alterum
2739 2965 2870 3007 vero
2889 2950 3165 3008 saculum
3188 2951 3620 3007 auctasiisdem

197 3044 411 3100 riorum.
1954 3039 2140 3111 c0piis
2165 3040 2224 3094 in
2254 3039 2524 3111 Catalogo
2550 3039 2658 3096 sub
2683 3040 3012 3097 Justiniano
3038 3043 3094 3095 et
3118 3039 3426 3109 posteriori
3452 3044 3620 3096 atate

251 3129 330 3188 58.
353 3133 491 3188 Cum
511 3132 670 3188 enim
693 3132 751 3187 in
769 3130 928 3187 Libri
951 3131 1330 3201 impressione
1354 3129 1619 3186 universa
1643 3136 1845 3186 curata
1956 3129 2066 3185 sub
2090 3128 2369 3200 Gregorio
2392 3130 2440 3183 Il
2461 3133 2516 3184 et
2538 3130 2608 3184 IIl
2633 3129 2942 3185 translatas
2967 3129 3025 3185 in
3049 3127 3284 3184 Librum
3308 3128 3623 3198 pontifica-

196 3221 295 3277 sint
331 3238 455 3294 qua
508 3223 667 3278 tueri
724 3223 970 3277 maxime
1032 3225 1296 3291 poterant
1348 3234 1672 3293 germanam
1719 3201 1923 3290 ejusC
1957 3221 2173 3291 lem,ac
2193 3217 2384 3274 fusius
2404 3223 2670 3275 extensae
2689 3218 3625 3290 adjumentotabulariietbiblio-

197 3311 496 3383 lectionem,
521 3319 584 3368 et
608 3312 923 3382 plurimum
953 3325 1284 3383 promovere
1309 3326 1451 3368 usus
1472 3316 1528 3367 et
1549 3311 1846 3366 commoda
1957 3308 2134 3364 theca
2171 3308 2524 3380 apostolica,
2570 3322 2788 3365 necnon
2834 3309 3232 3394 archivorum,
3272 3321 3622 3364 marmorum

197 3416 304 3471 qua
353 3402 484 3458 inde
557 3402 835 3472 consequi
897 3404 1160 3458 Lectores
1214 3407 1464 3472 possent,
1523 3399 1844 3457 consectari
1955 3404 2012 3454 et
2033 3398 2418 3454 cimeliarchii
2443 3398 2806 3469 singularum
2831 3397 3006 3454 ferme
3030 3396 3624 3464 Urbisecclesiarum;

198 3503 398 3547 necesse
419 3496 506 3547 est
531 3505 729 3562 parem
751 3490 1073 3562 diligentia
1095 3495 1267 3561 atque
1291 3489 1571 3547 utilitatis
1597 3489 1848 3560 publica
1957 3488 2364 3545 communibus
2402 3489 2655 3558 denique
2694 3489 2911 3544 studiis
2951 3488 3253 3544 nationum
3295 3487 3626 3544 eruditione

197 3595 369 3637 curam
388 3583 565 3638 etiam
592 3581 649 3636 in
668 3581 925 3638 editione
943 3588 1227 3638 notarum.
1248 3581 1434 3650 Quare
1453 3580 1849 3651 typographus
1959 3577 2377 3649 prastantium,
2411 3576 2669 3649 Belgica,
2712 3577 2974 3640 Gallica,
3006 3576 3381 3646 Germanica,
3415 3576 3626 3644 Hispa-

200 3673 481 3730 constituit
501 3686 579 3728 ex
605 3670 944 3727 auctoribus
969 3672 1229 3727 omnium
1256 3684 1542 3726 consensu
1567 3669 1846 3740 probatis,
1957 3667 2121 3736 nica,
2149 3666 2412 3735 lllyrica,
2439 3666 2672 3731 Italica,
2697 3670 2862 3721 atate
2888 3669 3081 3720 nostra
3103 3677 3136 3718 a
3159 3663 3428 3734 squalore
3446 3664 3628 3719 deter-

200 3759 366 3833 Binio,
417 3761 754 3829 Ciacconio,
807 3760 1026 3817 Labbeo
1082 3760 1335 3830 potiores
1381 3759 1613 3829 eligere,
1671 3762 1726 3813 et
1776 3759 1846 3814 ad
1959 3769 2070 3826 sas,
2100 3753 2243 3809 etab
2268 3753 2485 3821 injuria
2511 3758 2830 3822 temporum
2856 3752 3201 3821 vindicatas,
3234 3751 3631 3808 ministranti-

199 3858 478 3910 contextus
549 3851 998 3922 explicationem
1066 3850 1312 3905 maxime
1369 3848 1846 3917 accommodatas,
1962 3844 2071 3900 bus
2093 3843 2352 3912 undique
2370 3842 2598 3897 codices
2615 3841 2982 3912 antiquiores
3001 3839 3258 3896 dominis
3276 3846 3331 3897 et
3348 3839 3632 3911 praefectis

199 3956 324 4012 quas
344 3942 452 4013 ipsi
474 3947 612 4014 post
629 3942 788 3997 Vitas
809 3940 1153 3997 Pontificum
1180 3938 1526 3995 retulerunt.
1549 3937 1852 3994 Alteserra
1962 3931 2466 3988 bibliothecarum.
2493 3932 2571 3986 De
2596 3929 2782 4000 opella
2803 3943 2935 3985 vero
2961 3934 3172 4001 nostra,
3198 3929 3633 4001 quantulacun-

201 4037 343 4088 notas
372 4033 428 4087 in
453 4031 834 4088 Anastasium
868 4029 1147 4100 peculiari
1179 4028 1331 4084 libro
1357 4027 1642 4099 vulgatas,
1671 4039 1852 4098 eoque
1964 4035 2072 4095 que
2118 4021 2345 4077 tandem
2380 4021 2480 4092 sit,
2521 4020 2672 4092 aqui
2715 4019 2970 4091 bonique
3007 4019 3278 4077 consulas
3309 4039 3322 4074 :
3352 4025 3408 4077 et
3431 4021 3632 4091 juvare

199 4126 304 4176 tum
334 4121 616 4179 brevitate
647 4121 958 4192 laudando,
994 4126 1114 4177 tum
1149 4119 1465 4175 lectissima
1495 4117 1847 4188 eruditione,
1964 4125 2096 4167 cum
2131 4110 2343 4182 possis,
2375 4109 2461 4165 vel
2495 4109 2852 4181 suggerendo
2893 4123 3035 4166 nova
3075 4109 3418 4167 documenta
3454 4109 3632 4168 chro-

199 4210 446 4270 dabimus
492 4214 774 4283 integras.
809 4214 955 4267 Neve
999 4211 1115 4266 ulla
1150 4209 1447 4280 supersint
1493 4208 1854 4278 inexplorata
1969 4201 2216 4274 nologia
2251 4208 2421 4272 atque
2463 4199 2724 4255 historia
2764 4199 3134 4270 pontificalis,
3176 4215 3303 4272 qua
3342 4207 3495 4257 tomo
3537 4214 3633 4257 se-

202 4300 369 4371 verba,
415 4310 517 4360 aut
565 4307 750 4373 gesta,
804 4307 904 4358 aut
952 4301 1295 4356 documenta
1342 4299 1518 4368 hujus
1569 4297 1850 4366 historia,
1968 4292 2156 4348 cundo
2207 4294 2308 4346 aut
2354 4289 2526 4345 tertio
2575 4288 2754 4344 inseri
2809 4287 3048 4358 possint,
3096 4289 3180 4343 vel
3222 4289 3536 4346 salubriter
3578 4293 3634 4346 et

203 4390 399 4460 quibus
441 4405 587 4448 nova
629 4391 732 4447 lux
776 4388 994 4446 aﬂ‘undi
1046 4389 1230 4459 possit
1272 4401 1374 4458 per
1412 4387 1604 4442 atatis
1647 4392 1857 4442 nostra
1973 4381 2157 4437 amice
2184 4379 2546 4452 corrigendo,
2575 4379 2624 4434 si
2653 4391 2779 4449 qua
2807 4375 2951 4434 forte
2983 4376 3375 4446 imprudenter
3397 4378 3636 4434 excide-

206 4476 592 4552 labores;cum
620 4479 852 4551 aliquot
871 4478 1125 4536 cultores
1144 4476 1549 4533 ecclesiastica
1573 4475 1854 4546 historia,
1973 4471 2114 4542 rint,
2146 4470 2447 4528 meditanti
2478 4467 2869 4541 prafationem
2897 4474 2954 4524 et
2981 4473 3179 4539 notas;
3207 4469 3360 4525 scias
3385 4467 3634 4525 benefico

207 4575 255 4625 et
274 4585 441 4628 sacra
464 4570 849 4643 antiquitatis
875 4569 1221 4626 Christiana
1247 4569 1306 4623 in
1333 4581 1394 4624 se
1424 4567 1767 4638 receperint,
1797 4570 1862 4622 ut
1898 4583 1948 4644 D
1978 4560 2249 4616 monitori
2282 4574 2367 4616 me
2393 4560 2609 4633 gratias
2635 4558 2970 4615 habiturum
3002 4558 3299 4631 maximas,
3325 4571 3454 4614 cum
3484 4557 3634 4614 nihil

208 4661 502 4730 symbolam
548 4675 716 4719 suam
760 4657 1060 4717 conferant
1097 4658 1166 4715 ad
1219 4657 1320 4714 illa
1365 4656 1728 4728 explicanda,
1773 4655 1859 4712 vel
1975 4650 2283 4722 antiquius
2314 4648 2548 4704 habeam
2583 4662 2752 4720 quam
2782 4649 3126 4721 peritiorum
3154 4649 3333 4707 ductu
3359 4653 3415 4706 et
3441 4648 3637 4720 pluri—

209 4753 634 4823 comprobanda,
683 4765 813 4822 qua
854 4748 1308 4821 praecedentibus
1351 4747 1410 4802 in
1453 4746 1607 4804 notis
1645 4746 1858 4802 intacta
1974 4754 2198 4797 morum
2252 4753 2382 4796 cum
2431 4739 2711 4796 comitatu
2756 4739 3023 4795 accedere
3069 4745 3349 4812 quantum
3401 4737 3636 4793 licuerit

212 4836 428 4911 fuerint,
462 4841 549 4899 vel
585 4855 700 4898 non
732 4839 880 4896 satis
908 4839 1217 4905 declarata,
1250 4836 1581 4894 eorumdem
1612 4835 1862 4891 adnota—
1971 4831 2213 4902 pr0pius
2251 4829 2321 4885 ad
2369 4824 2720 4900 propositam
2775 4827 2918 4884 bene
2962 4827 3295 4884 memoratis
3342 4824 3636 4884 mentibus

213 4929 380 4987 tiones
406 4931 733 4988 liberaliter
755 4929 1118 4986 ministratas
1143 4927 1392 4984 libenter
1413 4924 1862 4983 communicabi-
1972 4922 2290 4979 veritatem.

218 5031 346 5077 mus.
366 5021 552 5079 Nulla
571 5020 874 5079 dabuntur
895 5019 1204 5090 permista.
1230 5007 1496 5088 Singulis
1518 5014 1861 5086 interpreti-
