  <div class='ocr_page' id='page_1' title='image "/cluster/home/n/w/nwhite01/storage/ocr_20150623/127-128/uc1.31175010226572/059.png"; bbox 0 0 3996 6390; ppageno 0'>
   <div class='ocr_carea' id='block_1_1' title="bbox 396 396 500 456">
    <p class='ocr_par' dir='ltr' id='par_1_1' title="bbox 396 396 500 456">
     <span class='ocr_line' id='line_1_1' title="bbox 396 396 500 456; baseline 0.019 -2"><span class='ocrx_word' id='word_1_1' title='bbox 396 396 500 456; x_wconf 86' lang='grc'><strong>403</strong></span> 
     </span>
    </p>
   </div>
   <div class='ocr_carea' id='block_1_2' title="bbox 1319 692 2030 878">
    <p class='ocr_par' dir='ltr' id='par_1_2' title="bbox 1319 692 2030 878">
     <span class='ocr_line' id='line_1_2' title="bbox 1319 692 2030 878; baseline 0.001 -1"><span class='ocrx_word' id='word_1_2' title='bbox 1319 692 2030 878; x_wconf 77' lang='lat' dir='ltr'><strong>FRANCISCI</strong></span> 
     </span>
    </p>
   </div>
   <div class='ocr_carea' id='block_1_3' title="bbox 1196 393 3094 463">
    <p class='ocr_par' dir='ltr' id='par_1_3' title="bbox 1196 393 3094 463">
     <span class='ocr_line' id='line_1_3' title="bbox 1196 393 3094 463; baseline 0.004 -8"><span class='ocrx_word' id='word_1_3' title='bbox 1196 398 1289 455; x_wconf 83' lang='lat' dir='ltr'><strong>AD</strong></span> <span class='ocrx_word' id='word_1_4' title='bbox 1325 397 1766 457; x_wconf 82' lang='lat' dir='ltr'><strong>ANASTASIUM</strong></span> <span class='ocrx_word' id='word_1_5' title='bbox 1804 399 2326 460; x_wconf 77' lang='lat' dir='ltr'><strong>PROLBGOMBNA</strong></span> <span class='ocrx_word' id='word_1_6' title='bbox 2363 402 2540 460; x_wconf 86' lang='lat' dir='ltr'><strong>EDlT.</strong></span> <span class='ocrx_word' id='word_1_7' title='bbox 2583 403 3020 463; x_wconf 81' lang='lat' dir='ltr'><strong>ROM.-VATIC.</strong></span> <span class='ocrx_word' id='word_1_8' title='bbox 3087 393 3094 401; x_wconf 56' lang='grc'><strong>’</strong></span> 
     </span>
    </p>
   </div>
   <div class='ocr_carea' id='block_1_4' title="bbox 3707 405 3812 467">
    <p class='ocr_par' dir='ltr' id='par_1_4' title="bbox 3707 405 3812 467">
     <span class='ocr_line' id='line_1_4' title="bbox 3707 405 3812 467; baseline 0.019 -2"><span class='ocrx_word' id='word_1_9' title='bbox 3707 405 3812 467; x_wconf 71' lang='grc'><strong>404</strong></span> 
     </span>
    </p>
   </div>
   <div class='ocr_carea' id='block_1_5' title="bbox 2157 695 2888 881">
    <p class='ocr_par' dir='ltr' id='par_1_5' title="bbox 2157 695 2888 881">
     <span class='ocr_line' id='line_1_5' title="bbox 2157 695 2888 881; baseline 0.003 -3"><span class='ocrx_word' id='word_1_10' title='bbox 2157 695 2888 881; x_wconf 77' lang='lat' dir='ltr'><strong>BLANCHINI</strong></span> 
     </span>
    </p>
   </div>
   <div class='ocr_carea' id='block_1_6' title="bbox 1765 977 2411 1084">
    <p class='ocr_par' dir='ltr' id='par_1_6' title="bbox 1765 977 2411 1084">
     <span class='ocr_line' id='line_1_6' title="bbox 1765 977 2411 1084; baseline 0.009 -6"><span class='ocrx_word' id='word_1_11' title='bbox 1765 977 2411 1084; x_wconf 70' lang='lat' dir='ltr'><strong>PB/EFATIO</strong></span> 
     </span>
    </p>
   </div>
   <div class='ocr_carea' id='block_1_7' title="bbox 870 1200 3316 1274">
    <p class='ocr_par' dir='ltr' id='par_1_7' title="bbox 870 1200 3316 1274">
     <span class='ocr_line' id='line_1_7' title="bbox 870 1200 3316 1274; baseline 0.001 -4"><span class='ocrx_word' id='word_1_12' title='bbox 870 1207 986 1270; x_wconf 85' lang='lat' dir='ltr'><strong>AD</strong></span> <span class='ocrx_word' id='word_1_13' title='bbox 1056 1205 1361 1270; x_wconf 83' lang='lat' dir='ltr'><strong>TOMUM</strong></span> <span class='ocrx_word' id='word_1_14' title='bbox 1421 1203 1886 1268; x_wconf 87' lang='lat' dir='ltr'><strong>SECUNDUM</strong></span> <span class='ocrx_word' id='word_1_15' title='bbox 1962 1200 2389 1268; x_wconf 87' lang='lat' dir='ltr'><strong>EDITIONIS</strong></span> <span class='ocrx_word' id='word_1_16' title='bbox 2452 1205 3316 1274; x_wconf 70' lang='lat' dir='ltr'><strong>ROMANO-VATICANE.</strong></span> 
     </span>
    </p>
   </div>
   <div class='ocr_carea' id='block_1_8' title="bbox 459 1506 3800 1586">
    <p class='ocr_par' dir='ltr' id='par_1_8' title="bbox 459 1506 3800 1586">
     <span class='ocr_line' id='line_1_8' title="bbox 459 1506 3800 1586; baseline 0.001 -21"><span class='ocrx_word' id='word_1_17' title='bbox 459 1506 512 1565; x_wconf 85' lang='grc'><strong>4.</strong></span> <span class='ocrx_word' id='word_1_18' title='bbox 539 1509 924 1568; x_wconf 88' lang='lat' dir='ltr'><strong>Produximus</strong></span> <span class='ocrx_word' id='word_1_19' title='bbox 953 1515 1105 1570; x_wconf 91' lang='lat' dir='ltr'><strong>tomo</strong></span> <span class='ocrx_word' id='word_1_20' title='bbox 1137 1511 1329 1582; x_wconf 82' lang='lat' dir='ltr'><strong>priore</strong></span> <span class='ocrx_word' id='word_1_21' title='bbox 1356 1511 1519 1570; x_wconf 97' lang='lat' dir='ltr'><strong>Vitas</strong></span> <span class='ocrx_word' id='word_1_22' title='bbox 1545 1509 1885 1567; x_wconf 98' lang='lat' dir='ltr'><strong>Pontiﬁcum</strong></span> <span class='ocrx_word' id='word_1_23' title='bbox 1917 1509 2038 1568; x_wconf 87' lang='lat' dir='ltr'><strong>Ro-</strong></span> <span class='ocrx_word' id='word_1_24' title='bbox 2061 1513 2121 1574; x_wconf 89' lang='lat' dir='ltr'><strong>A</strong></span> <span class='ocrx_word' id='word_1_25' title='bbox 2143 1510 2564 1584; x_wconf 90' lang='lat' dir='ltr'><strong>Catalogorum,</strong></span> <span class='ocrx_word' id='word_1_26' title='bbox 2615 1513 2842 1584; x_wconf 84' lang='lat' dir='ltr'><strong>quando</strong></span> <span class='ocrx_word' id='word_1_27' title='bbox 2892 1514 3327 1586; x_wconf 86' lang='lat' dir='ltr'><strong>expendendum</strong></span> <span class='ocrx_word' id='word_1_28' title='bbox 3371 1513 3486 1571; x_wconf 92' lang='lat' dir='ltr'><strong>erit</strong></span> <span class='ocrx_word' id='word_1_29' title='bbox 3532 1517 3800 1571; x_wconf 88' lang='lat' dir='ltr'><strong>mutuum</strong></span> 
     </span>
    </p>
   </div>
   <div class='ocr_carea' id='block_1_9' title="bbox 387 1599 2033 1672">
    <p class='ocr_par' dir='ltr' id='par_1_9' title="bbox 387 1599 2033 1672">
     <span class='ocr_line' id='line_1_9' title="bbox 387 1599 2033 1672; baseline 0.001 -18"><span class='ocrx_word' id='word_1_30' title='bbox 387 1610 705 1671; x_wconf 85' lang='lat' dir='ltr'><strong>manorum,</strong></span> <span class='ocrx_word' id='word_1_31' title='bbox 736 1599 1027 1658; x_wconf 76' lang='lat' dir='ltr'><strong>Anastasii</strong></span> <span class='ocrx_word' id='word_1_32' title='bbox 1059 1601 1291 1658; x_wconf 84' lang='lat' dir='ltr'><strong>nomine</strong></span> <span class='ocrx_word' id='word_1_33' title='bbox 1323 1605 1452 1672; x_wconf 91' lang='lat' dir='ltr'><strong>post</strong></span> <span class='ocrx_word' id='word_1_34' title='bbox 1487 1601 1612 1670; x_wconf 87' lang='lat' dir='ltr'><strong>ejus</strong></span> <span class='ocrx_word' id='word_1_35' title='bbox 1639 1599 2033 1657; x_wconf 79' lang='lat' dir='ltr'><strong>collectionem</strong></span> 
     </span>
    </p>
   </div>
   <div class='ocr_carea' id='block_1_10' title="bbox 384 1686 2038 1762">
    <p class='ocr_par' dir='ltr' id='par_1_10' title="bbox 384 1686 2038 1762">
     <span class='ocr_line' id='line_1_10' title="bbox 384 1686 2038 1762; baseline 0.002 -19"><span class='ocrx_word' id='word_1_36' title='bbox 384 1686 660 1745; x_wconf 87' lang='lat' dir='ltr'><strong>donatas:</strong></span> <span class='ocrx_word' id='word_1_37' title='bbox 687 1689 788 1746; x_wconf 89' lang='lat' dir='ltr'><strong>ubi</strong></span> <span class='ocrx_word' id='word_1_38' title='bbox 814 1691 1145 1748; x_wconf 82' lang='lat' dir='ltr'><strong>curavimus</strong></span> <span class='ocrx_word' id='word_1_39' title='bbox 1173 1692 1502 1762; x_wconf 86' lang='lat' dir='ltr'><strong>superiores</strong></span> <span class='ocrx_word' id='word_1_40' title='bbox 1530 1689 1814 1746; x_wconf 82' lang='lat' dir='ltr'><strong>editiones</strong></span> <span class='ocrx_word' id='word_1_41' title='bbox 1841 1689 2038 1746; x_wconf 89' lang='lat' dir='ltr'><strong>ﬁdeli—</strong></span> 
     </span>
    </p>
   </div>
   <div class='ocr_carea' id='block_1_11' title="bbox 383 1777 2032 1851">
    <p class='ocr_par' dir='ltr' id='par_1_11' title="bbox 383 1777 2032 1851">
     <span class='ocr_line' id='line_1_11' title="bbox 383 1777 2032 1851; baseline 0.001 -19"><span class='ocrx_word' id='word_1_42' title='bbox 383 1779 471 1832; x_wconf 88' lang='lat' dir='ltr'><strong>ter</strong></span> <span class='ocrx_word' id='word_1_43' title='bbox 497 1777 766 1850; x_wconf 84' lang='lat' dir='ltr'><strong>exprimi,</strong></span> <span class='ocrx_word' id='word_1_44' title='bbox 798 1783 855 1835; x_wconf 92' lang='lat' dir='ltr'><strong>et</strong></span> <span class='ocrx_word' id='word_1_45' title='bbox 882 1779 1231 1836; x_wconf 90' lang='lat' dir='ltr'><strong>variantium</strong></span> <span class='ocrx_word' id='word_1_46' title='bbox 1265 1779 1574 1836; x_wconf 90' lang='lat' dir='ltr'><strong>lectionum</strong></span> <span class='ocrx_word' id='word_1_47' title='bbox 1601 1778 1788 1848; x_wconf 89' lang='lat' dir='ltr'><strong>copiis</strong></span> <span class='ocrx_word' id='word_1_48' title='bbox 1811 1779 2032 1851; x_wconf 82' lang='lat' dir='ltr'><strong>augeri,</strong></span> 
     </span>
    </p>
   </div>
   <div class='ocr_carea' id='block_1_12' title="bbox 385 1867 2036 1938">
    <p class='ocr_par' dir='ltr' id='par_1_12' title="bbox 385 1867 2036 1938">
     <span class='ocr_line' id='line_1_12' title="bbox 385 1867 2036 1938; baseline 0.001 -16"><span class='ocrx_word' id='word_1_49' title='bbox 385 1867 888 1936; x_wconf 76' lang='lat' dir='ltr'><strong>praestantissimis</strong></span> <span class='ocrx_word' id='word_1_50' title='bbox 911 1882 977 1924; x_wconf 91' lang='lat' dir='ltr'><strong>ex</strong></span> <span class='ocrx_word' id='word_1_51' title='bbox 1005 1867 1326 1938; x_wconf 86' lang='lat' dir='ltr'><strong>codicibus,</strong></span> <span class='ocrx_word' id='word_1_52' title='bbox 1355 1873 1469 1924; x_wconf 87' lang='lat' dir='ltr'><strong>tam</strong></span> <span class='ocrx_word' id='word_1_53' title='bbox 1499 1868 1650 1924; x_wconf 90' lang='lat' dir='ltr'><strong>intra</strong></span> <span class='ocrx_word' id='word_1_54' title='bbox 1677 1881 1847 1938; x_wconf 90' lang='lat' dir='ltr'><strong>quam</strong></span> <span class='ocrx_word' id='word_1_55' title='bbox 1873 1873 2036 1924; x_wconf 84' lang='lat' dir='ltr'><strong>extra</strong></span> 
     </span>
    </p>
   </div>
   <div class='ocr_carea' id='block_1_13' title="bbox 382 1954 2032 2030">
    <p class='ocr_par' dir='ltr' id='par_1_13' title="bbox 382 1954 2032 2030">
     <span class='ocr_line' id='line_1_13' title="bbox 382 1954 2032 2030; baseline 0.002 -21"><span class='ocrx_word' id='word_1_56' title='bbox 382 1954 605 2012; x_wconf 88' lang='lat' dir='ltr'><strong>italiam</strong></span> <span class='ocrx_word' id='word_1_57' title='bbox 633 1957 890 2029; x_wconf 85' lang='lat' dir='ltr'><strong>undique</strong></span> <span class='ocrx_word' id='word_1_58' title='bbox 914 1958 1284 2029; x_wconf 88' lang='lat' dir='ltr'><strong>conquisitis.</strong></span> <span class='ocrx_word' id='word_1_59' title='bbox 1313 1957 1697 2030; x_wconf 80' lang='lat' dir='ltr'><strong>Aggredimur</strong></span> <span class='ocrx_word' id='word_1_60' title='bbox 1720 1956 2032 2012; x_wconf 84' lang='lat' dir='ltr'><strong>editionem</strong></span> 
     </span>
    </p>
   </div>
   <div class='ocr_carea' id='block_1_14' title="bbox 381 2045 2036 2118">
    <p class='ocr_par' dir='ltr' id='par_1_14' title="bbox 381 2045 2036 2118">
     <span class='ocr_line' id='line_1_14' title="bbox 381 2045 2036 2118; baseline 0.001 -18"><span class='ocrx_word' id='word_1_61' title='bbox 381 2045 617 2101; x_wconf 89' lang='lat' dir='ltr'><strong>secundi</strong></span> <span class='ocrx_word' id='word_1_62' title='bbox 651 2048 813 2118; x_wconf 91' lang='lat' dir='ltr'><strong>tomi,</strong></span> <span class='ocrx_word' id='word_1_63' title='bbox 845 2061 960 2118; x_wconf 92' lang='lat' dir='ltr'><strong>quo</strong></span> <span class='ocrx_word' id='word_1_64' title='bbox 985 2047 1404 2104; x_wconf 89' lang='lat' dir='ltr'><strong>constituimus</strong></span> <span class='ocrx_word' id='word_1_65' title='bbox 1431 2046 1730 2117; x_wconf 86' lang='lat' dir='ltr'><strong>complecti</strong></span> <span class='ocrx_word' id='word_1_66' title='bbox 1766 2046 2036 2118; x_wconf 89' lang='lat' dir='ltr'><strong>prolego—</strong></span> 
     </span>
    </p>
   </div>
   <div class='ocr_carea' id='block_1_15' title="bbox 381 2136 2036 2206">
    <p class='ocr_par' dir='ltr' id='par_1_15' title="bbox 381 2136 2036 2206">
     <span class='ocr_line' id='line_1_15' title="bbox 381 2136 2036 2206; baseline 0.002 -18"><span class='ocrx_word' id='word_1_67' title='bbox 381 2145 542 2190; x_wconf 90' lang='lat' dir='ltr'><strong>mena</strong></span> <span class='ocrx_word' id='word_1_68' title='bbox 584 2138 641 2190; x_wconf 91' lang='lat' dir='ltr'><strong>et</strong></span> <span class='ocrx_word' id='word_1_69' title='bbox 683 2140 866 2206; x_wconf 87' lang='lat' dir='ltr'><strong>notas,</strong></span> <span class='ocrx_word' id='word_1_70' title='bbox 910 2137 979 2192; x_wconf 92' lang='lat' dir='ltr'><strong>ad</strong></span> <span class='ocrx_word' id='word_1_71' title='bbox 1023 2136 1437 2193; x_wconf 88' lang='lat' dir='ltr'><strong>illustrandum</strong></span> <span class='ocrx_word' id='word_1_72' title='bbox 1473 2142 1801 2192; x_wconf 85' lang='lat' dir='ltr'><strong>contextum</strong></span> <span class='ocrx_word' id='word_1_73' title='bbox 1843 2136 2036 2206; x_wconf 83' lang='lat' dir='ltr'><strong>Operis</strong></span> 
     </span>
    </p>
   </div>
   <div class='ocr_carea' id='block_1_16' title="bbox 380 2225 2036 2296">
    <p class='ocr_par' dir='ltr' id='par_1_16' title="bbox 380 2225 2036 2296">
     <span class='ocr_line' id='line_1_16' title="bbox 380 2225 2036 2296; baseline 0.001 -16"><span class='ocrx_word' id='word_1_74' title='bbox 380 2225 624 2282; x_wconf 81' lang='lat' dir='ltr'><strong>maxime</strong></span> <span class='ocrx_word' id='word_1_75' title='bbox 646 2225 898 2283; x_wconf 90' lang='lat' dir='ltr'><strong>idoneas.</strong></span> <span class='ocrx_word' id='word_1_76' title='bbox 924 2225 1046 2294; x_wconf 89' lang='lat' dir='ltr'><strong>Qua</strong></span> <span class='ocrx_word' id='word_1_77' title='bbox 1073 2226 1130 2283; x_wconf 90' lang='lat' dir='ltr'><strong>id</strong></span> <span class='ocrx_word' id='word_1_78' title='bbox 1155 2227 1380 2283; x_wconf 88' lang='lat' dir='ltr'><strong>ratione</strong></span> <span class='ocrx_word' id='word_1_79' title='bbox 1403 2238 1784 2296; x_wconf 82' lang='lat' dir='ltr'><strong>exsequamur</strong></span> <span class='ocrx_word' id='word_1_80' title='bbox 1801 2239 1871 2281; x_wconf 90' lang='lat' dir='ltr'><strong>ex</strong></span> <span class='ocrx_word' id='word_1_81' title='bbox 1895 2225 2036 2282; x_wconf 94' lang='lat' dir='ltr'><strong>illo—</strong></span> 
     </span>
    </p>
   </div>
   <div class='ocr_carea' id='block_1_17' title="bbox 379 2314 2036 2385">
    <p class='ocr_par' dir='ltr' id='par_1_17' title="bbox 379 2314 2036 2385">
     <span class='ocr_line' id='line_1_17' title="bbox 379 2314 2036 2385; baseline 0.001 -17"><span class='ocrx_word' id='word_1_82' title='bbox 379 2326 506 2368; x_wconf 87' lang='lat' dir='ltr'><strong>rum</strong></span> <span class='ocrx_word' id='word_1_83' title='bbox 532 2315 836 2384; x_wconf 82' lang='lat' dir='ltr'><strong>sententia,</strong></span> <span class='ocrx_word' id='word_1_84' title='bbox 864 2315 965 2385; x_wconf 91' lang='lat' dir='ltr'><strong>qui</strong></span> <span class='ocrx_word' id='word_1_85' title='bbox 994 2315 1240 2371; x_wconf 89' lang='lat' dir='ltr'><strong>consilia</strong></span> <span class='ocrx_word' id='word_1_86' title='bbox 1265 2320 1321 2370; x_wconf 90' lang='lat' dir='ltr'><strong>et</strong></span> <span class='ocrx_word' id='word_1_87' title='bbox 1342 2327 1502 2384; x_wconf 92' lang='lat' dir='ltr'><strong>opem</strong></span> <span class='ocrx_word' id='word_1_88' title='bbox 1533 2314 1670 2369; x_wconf 84' lang='lat' dir='ltr'><strong>huic</strong></span> <span class='ocrx_word' id='word_1_89' title='bbox 1699 2315 1859 2384; x_wconf 89' lang='lat' dir='ltr'><strong>operi</strong></span> <span class='ocrx_word' id='word_1_90' title='bbox 1889 2328 2036 2370; x_wconf 87' lang='lat' dir='ltr'><strong>con-</strong></span> 
     </span>
    </p>
   </div>
   <div class='ocr_carea' id='block_1_18' title="bbox 379 2401 2034 2474">
    <p class='ocr_par' dir='ltr' id='par_1_18' title="bbox 379 2401 2034 2474">
     <span class='ocr_line' id='line_1_18' title="bbox 379 2401 2034 2474; baseline 0.001 -16"><span class='ocrx_word' id='word_1_91' title='bbox 379 2401 656 2473; x_wconf 91' lang='lat' dir='ltr'><strong>tulerunt,</strong></span> <span class='ocrx_word' id='word_1_92' title='bbox 697 2403 960 2472; x_wconf 80' lang='lat' dir='ltr'><strong>expedite</strong></span> <span class='ocrx_word' id='word_1_93' title='bbox 1001 2403 1288 2474; x_wconf 73' lang='lat' dir='ltr'><strong>intelliget</strong></span> <span class='ocrx_word' id='word_1_94' title='bbox 1317 2404 1515 2458; x_wconf 85' lang='lat' dir='ltr'><strong>Lector</strong></span> <span class='ocrx_word' id='word_1_95' title='bbox 1537 2415 1608 2458; x_wconf 89' lang='lat' dir='ltr'><strong>ex</strong></span> <span class='ocrx_word' id='word_1_96' title='bbox 1647 2402 1740 2457; x_wconf 90' lang='lat' dir='ltr'><strong>his</strong></span> <span class='ocrx_word' id='word_1_97' title='bbox 1769 2416 1896 2473; x_wconf 90' lang='lat' dir='ltr'><strong>qua</strong></span> <span class='ocrx_word' id='word_1_98' title='bbox 1935 2417 2034 2460; x_wconf 88' lang='lat' dir='ltr'><strong>se—</strong></span> 
     </span>
    </p>
   </div>
   <div class='ocr_carea' id='block_1_19' title="bbox 379 2489 2010 2560">
    <p class='ocr_par' dir='ltr' id='par_1_19' title="bbox 379 2489 2010 2560">
     <span class='ocr_line' id='line_1_19' title="bbox 379 2489 2010 2560; baseline 0 -14"><span class='ocrx_word' id='word_1_99' title='bbox 379 2496 660 2560; x_wconf 89' lang='lat' dir='ltr'><strong>quuntur.</strong></span> <span class='ocrx_word' id='word_1_100' title='bbox 2005 2489 2010 2498; x_wconf 91' lang='lat'>&#39;</span> 
     </span>
    </p>
   </div>
   <div class='ocr_carea' id='block_1_20' title="bbox 447 2576 2034 2651">
    <p class='ocr_par' dir='ltr' id='par_1_20' title="bbox 447 2576 2034 2651">
     <span class='ocr_line' id='line_1_20' title="bbox 447 2576 2034 2651; baseline 0.001 -16"><span class='ocrx_word' id='word_1_101' title='bbox 447 2577 501 2635; x_wconf 90' lang='lat'><strong>2.</strong></span> <span class='ocrx_word' id='word_1_102' title='bbox 545 2579 605 2635; x_wconf 92' lang='lat' dir='ltr'><strong>In</strong></span> <span class='ocrx_word' id='word_1_103' title='bbox 651 2578 982 2650; x_wconf 86' lang='lat' dir='ltr'><strong>prafatione</strong></span> <span class='ocrx_word' id='word_1_104' title='bbox 1027 2580 1242 2650; x_wconf 89' lang='lat' dir='ltr'><strong>prioris</strong></span> <span class='ocrx_word' id='word_1_105' title='bbox 1281 2580 1445 2651; x_wconf 91' lang='lat' dir='ltr'><strong>tomi,</strong></span> <span class='ocrx_word' id='word_1_106' title='bbox 1488 2593 1725 2636; x_wconf 92' lang='lat' dir='ltr'><strong>numero</strong></span> <span class='ocrx_word' id='word_1_107' title='bbox 1766 2576 1852 2650; x_wconf 81' lang='lat' dir='ltr'><strong>ii,</strong></span> <span class='ocrx_word' id='word_1_108' title='bbox 1898 2593 2034 2650; x_wconf 87' lang='lat' dir='ltr'><strong>per-</strong></span> 
     </span>
    </p>
   </div>
   <div class='ocr_carea' id='block_1_21' title="bbox 381 2667 2029 2740">
    <p class='ocr_par' dir='ltr' id='par_1_21' title="bbox 381 2667 2029 2740">
     <span class='ocr_line' id='line_1_21' title="bbox 381 2667 2029 2740; baseline 0.002 -17"><span class='ocrx_word' id='word_1_109' title='bbox 381 2667 686 2738; x_wconf 84' lang='lat' dir='ltr'><strong>pendimus</strong></span> <span class='ocrx_word' id='word_1_110' title='bbox 699 2682 830 2724; x_wconf 93' lang='lat' dir='ltr'><strong>cum</strong></span> <span class='ocrx_word' id='word_1_111' title='bbox 851 2668 1258 2726; x_wconf 88' lang='lat' dir='ltr'><strong>Schelestratio</strong></span> <span class='ocrx_word' id='word_1_112' title='bbox 1278 2669 1491 2739; x_wconf 85' lang='lat' dir='ltr'><strong>sapius</strong></span> <span class='ocrx_word' id='word_1_113' title='bbox 1512 2669 1762 2740; x_wconf 90' lang='lat' dir='ltr'><strong>laudato,</strong></span> <span class='ocrx_word' id='word_1_114' title='bbox 1788 2669 2029 2740; x_wconf 89' lang='lat' dir='ltr'><strong>primam</strong></span> 
     </span>
    </p>
   </div>
   <div class='ocr_carea' id='block_1_22' title="bbox 378 2757 2035 2829">
    <p class='ocr_par' dir='ltr' id='par_1_22' title="bbox 378 2757 2035 2829">
     <span class='ocr_line' id='line_1_22' title="bbox 378 2757 2035 2829; baseline 0.002 -18"><span class='ocrx_word' id='word_1_115' title='bbox 378 2760 663 2813; x_wconf 81' lang='lat' dir='ltr'><strong>texturam</strong></span> <span class='ocrx_word' id='word_1_116' title='bbox 702 2757 858 2813; x_wconf 86' lang='lat' dir='ltr'><strong>Libri</strong></span> <span class='ocrx_word' id='word_1_117' title='bbox 895 2759 1248 2829; x_wconf 81' lang='lat' dir='ltr'><strong>Pontificalis,</strong></span> <span class='ocrx_word' id='word_1_118' title='bbox 1289 2772 1392 2816; x_wconf 88' lang='lat' dir='ltr'><strong>seu</strong></span> <span class='ocrx_word' id='word_1_119' title='bbox 1433 2759 1702 2823; x_wconf 88' lang='lat' dir='ltr'><strong>Vitarum,</strong></span> <span class='ocrx_word' id='word_1_120' title='bbox 1741 2759 2035 2815; x_wconf 78' lang='lat' dir='ltr'><strong>Anastasii</strong></span> 
     </span>
    </p>
   </div>
   <div class='ocr_carea' id='block_1_23' title="bbox 2146 1599 3804 1676">
    <p class='ocr_par' dir='ltr' id='par_1_23' title="bbox 2146 1599 3804 1676">
     <span class='ocr_line' id='line_1_23' title="bbox 2146 1599 3804 1676; baseline 0.002 -20"><span class='ocrx_word' id='word_1_121' title='bbox 2146 1599 2586 1673; x_wconf 88' lang='lat' dir='ltr'><strong>ﬁrmamentum,</strong></span> <span class='ocrx_word' id='word_1_122' title='bbox 2621 1603 2771 1672; x_wconf 91' lang='lat' dir='ltr'><strong>quod</strong></span> <span class='ocrx_word' id='word_1_123' title='bbox 2803 1603 2918 1659; x_wconf 89' lang='lat' dir='ltr'><strong>sibi</strong></span> <span class='ocrx_word' id='word_1_124' title='bbox 2949 1603 3192 1661; x_wconf 87' lang='lat' dir='ltr'><strong>invicem</strong></span> <span class='ocrx_word' id='word_1_125' title='bbox 3219 1608 3492 1676; x_wconf 83' lang='lat' dir='ltr'><strong>prastant</strong></span> <span class='ocrx_word' id='word_1_126' title='bbox 3520 1603 3639 1660; x_wconf 85' lang='lat' dir='ltr'><strong>bac</strong></span> <span class='ocrx_word' id='word_1_127' title='bbox 3671 1615 3804 1660; x_wconf 90' lang='lat' dir='ltr'><strong>mo-</strong></span> 
     </span>
    </p>
   </div>
   <div class='ocr_carea' id='block_1_24' title="bbox 2147 1692 3801 1761">
    <p class='ocr_par' dir='ltr' id='par_1_24' title="bbox 2147 1692 3801 1761">
     <span class='ocr_line' id='line_1_24' title="bbox 2147 1692 3801 1761; baseline 0.003 -16"><span class='ocrx_word' id='word_1_128' title='bbox 2147 1694 2438 1761; x_wconf 91' lang='lat' dir='ltr'><strong>numenta,</strong></span> <span class='ocrx_word' id='word_1_129' title='bbox 2469 1704 2535 1746; x_wconf 91' lang='lat' dir='ltr'><strong>ac</strong></span> <span class='ocrx_word' id='word_1_130' title='bbox 2561 1692 2892 1748; x_wconf 91' lang='lat' dir='ltr'><strong>testimonia</strong></span> <span class='ocrx_word' id='word_1_131' title='bbox 2921 1693 3295 1750; x_wconf 89' lang='lat' dir='ltr'><strong>ecclesiarum</strong></span> <span class='ocrx_word' id='word_1_132' title='bbox 3323 1699 3379 1751; x_wconf 92' lang='lat' dir='ltr'><strong>et</strong></span> <span class='ocrx_word' id='word_1_133' title='bbox 3407 1692 3801 1751; x_wconf 86' lang='lat' dir='ltr'><strong>bibliotheca-</strong></span> 
     </span>
    </p>
   </div>
   <div class='ocr_carea' id='block_1_25' title="bbox 2147 1780 3272 1851">
    <p class='ocr_par' dir='ltr' id='par_1_25' title="bbox 2147 1780 3272 1851">
     <span class='ocr_line' id='line_1_25' title="bbox 2147 1780 3272 1851; baseline 0.004 -17"><span class='ocrx_word' id='word_1_134' title='bbox 2147 1791 2294 1849; x_wconf 88' lang='lat' dir='ltr'><strong>rum,</strong></span> <span class='ocrx_word' id='word_1_135' title='bbox 2329 1780 2455 1836; x_wconf 90' lang='lat' dir='ltr'><strong>suis</strong></span> <span class='ocrx_word' id='word_1_136' title='bbox 2488 1780 2548 1836; x_wconf 89' lang='lat' dir='ltr'><strong>in</strong></span> <span class='ocrx_word' id='word_1_137' title='bbox 2582 1781 2830 1851; x_wconf 88' lang='lat' dir='ltr'><strong>picturis</strong></span> <span class='ocrx_word' id='word_1_138' title='bbox 2859 1787 2915 1838; x_wconf 90' lang='lat' dir='ltr'><strong>et</strong></span> <span class='ocrx_word' id='word_1_139' title='bbox 2941 1782 3272 1840; x_wconf 88' lang='lat' dir='ltr'><strong>Codicibus.</strong></span> 
     </span>
    </p>
   </div>
   <div class='ocr_carea' id='block_1_26' title="bbox 2215 1868 3804 1943">
    <p class='ocr_par' dir='ltr' id='par_1_26' title="bbox 2215 1868 3804 1943">
     <span class='ocr_line' id='line_1_26' title="bbox 2215 1868 3804 1943; baseline 0.002 -21"><span class='ocrx_word' id='word_1_140' title='bbox 2215 1869 2306 1923; x_wconf 88' lang='lat' dir='ltr'><strong>IlI.</strong></span> <span class='ocrx_word' id='word_1_141' title='bbox 2354 1869 2520 1925; x_wconf 88' lang='lat' dir='ltr'><strong>Num.</strong></span> <span class='ocrx_word' id='word_1_142' title='bbox 2571 1869 2660 1941; x_wconf 84' lang='lat' dir='ltr'><strong>3i,</strong></span> <span class='ocrx_word' id='word_1_143' title='bbox 2713 1885 2834 1942; x_wconf 89' lang='lat' dir='ltr'><strong>pag.</strong></span> <span class='ocrx_word' id='word_1_144' title='bbox 2880 1868 3350 1942; x_wconf 64' lang='lat' dir='ltr'><strong>644:Catalogus</strong></span> <span class='ocrx_word' id='word_1_145' title='bbox 3385 1873 3707 1943; x_wconf 74' lang='lat' dir='ltr'><strong>pontificum</strong></span> <span class='ocrx_word' id='word_1_146' title='bbox 3751 1875 3804 1925; x_wconf 86' lang='lat' dir='ltr'><strong>et</strong></span> 
     </span>
    </p>
   </div>
   <div class='ocr_carea' id='block_1_27' title="bbox 2143 1957 3802 2017">
    <p class='ocr_par' dir='ltr' id='par_1_27' title="bbox 2143 1957 3802 2017">
     <span class='ocr_line' id='line_1_27' title="bbox 2143 1957 3802 2017; baseline 0.002 -7"><span class='ocrx_word' id='word_1_147' title='bbox 2143 1957 2477 2012; x_wconf 80' lang='lat' dir='ltr'><strong>decretorum</strong></span> <span class='ocrx_word' id='word_1_148' title='bbox 2515 1959 2584 2012; x_wconf 91' lang='lat' dir='ltr'><strong>ab</strong></span> <span class='ocrx_word' id='word_1_149' title='bbox 2615 1961 2690 2014; x_wconf 87' lang='lat' dir='ltr'><strong>eis</strong></span> <span class='ocrx_word' id='word_1_150' title='bbox 2721 1961 2989 2016; x_wconf 86' lang='lat' dir='ltr'><strong>editorum</strong></span> <span class='ocrx_word' id='word_1_151' title='bbox 3019 1977 3086 2016; x_wconf 80' lang='lat' dir='ltr'><strong>ea:</strong></span> <span class='ocrx_word' id='word_1_152' title='bbox 3123 1967 3497 2017; x_wconf 64' lang='lat' dir='ltr'><strong>sexcentarum</strong></span> <span class='ocrx_word' id='word_1_153' title='bbox 3525 1974 3802 2015; x_wconf 84' lang='lat' dir='ltr'><strong>annorum</strong></span> 
     </span>
    </p>
   </div>
   <div class='ocr_carea' id='block_1_28' title="bbox 2141 2045 3805 2120">
    <p class='ocr_par' dir='ltr' id='par_1_28' title="bbox 2141 2045 3805 2120">
     <span class='ocr_line' id='line_1_28' title="bbox 2141 2045 3805 2120; baseline 0.005 -21"><span class='ocrx_word' id='word_1_154' title='bbox 2141 2047 2320 2101; x_wconf 81' lang='lat' dir='ltr'><strong>codice</strong></span> <span class='ocrx_word' id='word_1_155' title='bbox 2356 2045 2463 2103; x_wconf 87' lang='lat'><strong>638</strong></span> <span class='ocrx_word' id='word_1_156' title='bbox 2509 2049 2766 2104; x_wconf 85' lang='lat' dir='ltr'><strong>Vaticano</strong></span> <span class='ocrx_word' id='word_1_157' title='bbox 2805 2055 2932 2105; x_wconf 87' lang='lat' dir='ltr'><strong>ante</strong></span> <span class='ocrx_word' id='word_1_158' title='bbox 2967 2050 3221 2106; x_wconf 90' lang='lat' dir='ltr'><strong>Anselmi</strong></span> <span class='ocrx_word' id='word_1_159' title='bbox 3261 2051 3520 2106; x_wconf 87' lang='lat' dir='ltr'><strong>Lucensis</strong></span> <span class='ocrx_word' id='word_1_160' title='bbox 3565 2049 3805 2120; x_wconf 77' lang='lat' dir='ltr'><strong>episcopi</strong></span> 
     </span>
    </p>
   </div>
   <div class='ocr_carea' id='block_1_29' title="bbox 2143 2135 2432 2191">
    <p class='ocr_par' dir='ltr' id='par_1_29' title="bbox 2143 2135 2432 2191">
     <span class='ocr_line' id='line_1_29' title="bbox 2143 2135 2432 2191; baseline 0.003 -1"><span class='ocrx_word' id='word_1_161' title='bbox 2143 2135 2432 2191; x_wconf 84' lang='lat' dir='ltr'><strong>decretum.</strong></span> 
     </span>
    </p>
   </div>
   <div class='ocr_carea' id='block_1_30' title="bbox 2211 2222 3803 2299">
    <p class='ocr_par' dir='ltr' id='par_1_30' title="bbox 2211 2222 3803 2299">
     <span class='ocr_line' id='line_1_30' title="bbox 2211 2222 3803 2299; baseline 0.001 -21"><span class='ocrx_word' id='word_1_162' title='bbox 2211 2222 2524 2280; x_wconf 87' lang='lat' dir='ltr'><strong>Observare</strong></span> <span class='ocrx_word' id='word_1_163' title='bbox 2550 2224 2644 2280; x_wconf 91' lang='lat' dir='ltr'><strong>hic</strong></span> <span class='ocrx_word' id='word_1_164' title='bbox 2668 2227 2842 2282; x_wconf 90' lang='lat' dir='ltr'><strong>etiam</strong></span> <span class='ocrx_word' id='word_1_165' title='bbox 2871 2233 3120 2299; x_wconf 87' lang='lat' dir='ltr'><strong>prastat,</strong></span> <span class='ocrx_word' id='word_1_166' title='bbox 3149 2229 3353 2284; x_wconf 90' lang='lat' dir='ltr'><strong>seriem</strong></span> <span class='ocrx_word' id='word_1_167' title='bbox 3380 2241 3446 2284; x_wconf 92' lang='lat' dir='ltr'><strong>ac</strong></span> <span class='ocrx_word' id='word_1_168' title='bbox 3471 2225 3803 2284; x_wconf 88' lang='lat' dir='ltr'><strong>successio—-</strong></span> 
     </span>
    </p>
   </div>
   <div class='ocr_carea' id='block_1_31' title="bbox 2145 2313 3803 2388">
    <p class='ocr_par' dir='ltr' id='par_1_31' title="bbox 2145 2313 3803 2388">
     <span class='ocr_line' id='line_1_31' title="bbox 2145 2313 3803 2388; baseline 0.003 -21"><span class='ocrx_word' id='word_1_169' title='bbox 2145 2325 2268 2368; x_wconf 90' lang='lat' dir='ltr'><strong>nem</strong></span> <span class='ocrx_word' id='word_1_170' title='bbox 2301 2313 2636 2382; x_wconf 90' lang='lat' dir='ltr'><strong>pontiﬁcum</strong></span> <span class='ocrx_word' id='word_1_171' title='bbox 2667 2317 3073 2388; x_wconf 86' lang='lat' dir='ltr'><strong>Romanorum,</strong></span> <span class='ocrx_word' id='word_1_172' title='bbox 3099 2330 3414 2388; x_wconf 90' lang='lat' dir='ltr'><strong>eorumque</strong></span> <span class='ocrx_word' id='word_1_173' title='bbox 3439 2317 3596 2374; x_wconf 91' lang='lat' dir='ltr'><strong>sedis</strong></span> <span class='ocrx_word' id='word_1_174' title='bbox 3619 2316 3803 2372; x_wconf 88' lang='lat' dir='ltr'><strong>chro-</strong></span> 
     </span>
    </p>
   </div>
   <div class='ocr_carea' id='block_1_32' title="bbox 2145 2401 3801 2476">
    <p class='ocr_par' dir='ltr' id='par_1_32' title="bbox 2145 2401 3801 2476">
     <span class='ocr_line' id='line_1_32' title="bbox 2145 2401 3801 2476; baseline 0.004 -21"><span class='ocrx_word' id='word_1_175' title='bbox 2145 2401 2398 2456; x_wconf 89' lang='lat' dir='ltr'><strong>notaxim</strong></span> <span class='ocrx_word' id='word_1_176' title='bbox 2427 2402 2570 2456; x_wconf 89' lang='lat' dir='ltr'><strong>tanti</strong></span> <span class='ocrx_word' id='word_1_177' title='bbox 2603 2416 2824 2473; x_wconf 91' lang='lat' dir='ltr'><strong>semper</strong></span> <span class='ocrx_word' id='word_1_178' title='bbox 2849 2404 3100 2460; x_wconf 90' lang='lat' dir='ltr'><strong>habitam</strong></span> <span class='ocrx_word' id='word_1_179' title='bbox 3130 2405 3190 2460; x_wconf 90' lang='lat' dir='ltr'><strong>in</strong></span> <span class='ocrx_word' id='word_1_180' title='bbox 3223 2405 3475 2461; x_wconf 87' lang='lat' dir='ltr'><strong>Ecclesia</strong></span> <span class='ocrx_word' id='word_1_181' title='bbox 3501 2404 3703 2476; x_wconf 91' lang='lat' dir='ltr'><strong>fuisse,</strong></span> <span class='ocrx_word' id='word_1_182' title='bbox 3733 2410 3801 2462; x_wconf 90' lang='lat' dir='ltr'><strong>ut</strong></span> 
     </span>
    </p>
   </div>
   <div class='ocr_carea' id='block_1_33' title="bbox 2143 2491 3799 2564">
    <p class='ocr_par' dir='ltr' id='par_1_33' title="bbox 2143 2491 3799 2564">
     <span class='ocr_line' id='line_1_33' title="bbox 2143 2491 3799 2564; baseline 0.002 -20"><span class='ocrx_word' id='word_1_183' title='bbox 2143 2492 2264 2544; x_wconf 91' lang='lat' dir='ltr'><strong>tum</strong></span> <span class='ocrx_word' id='word_1_184' title='bbox 2285 2495 2502 2544; x_wconf 88' lang='lat' dir='ltr'><strong>veteres</strong></span> <span class='ocrx_word' id='word_1_185' title='bbox 2518 2491 2729 2560; x_wconf 85' lang='lat' dir='ltr'><strong>Patres,</strong></span> <span class='ocrx_word' id='word_1_186' title='bbox 2749 2493 2996 2548; x_wconf 87' lang='lat' dir='ltr'><strong>Irenaus</strong></span> <span class='ocrx_word' id='word_1_187' title='bbox 3013 2492 3256 2563; x_wconf 90' lang='lat' dir='ltr'><strong>scilicet,</strong></span> <span class='ocrx_word' id='word_1_188' title='bbox 3275 2493 3496 2564; x_wconf 90' lang='lat' dir='ltr'><strong>aliique</strong></span> <span class='ocrx_word' id='word_1_189' title='bbox 3511 2494 3579 2549; x_wconf 93' lang='lat' dir='ltr'><strong>ad</strong></span> <span class='ocrx_word' id='word_1_190' title='bbox 3601 2495 3799 2564; x_wconf 87' lang='lat' dir='ltr'><strong>priora</strong></span> 
     </span>
    </p>
   </div>
   <div class='ocr_carea' id='block_1_34' title="bbox 2140 2576 3796 2652">
    <p class='ocr_par' dir='ltr' id='par_1_34' title="bbox 2140 2576 3796 2652">
     <span class='ocr_line' id='line_1_34' title="bbox 2140 2576 3796 2652; baseline 0.003 -20"><span class='ocrx_word' id='word_1_191' title='bbox 2140 2576 2356 2632; x_wconf 86' lang='lat' dir='ltr'><strong>Christi</strong></span> <span class='ocrx_word' id='word_1_192' title='bbox 2389 2577 2596 2633; x_wconf 84' lang='lat' dir='ltr'><strong>sacula</strong></span> <span class='ocrx_word' id='word_1_193' title='bbox 2639 2578 3007 2651; x_wconf 90' lang='lat' dir='ltr'><strong>pertinentes,</strong></span> <span class='ocrx_word' id='word_1_194' title='bbox 3054 2581 3112 2636; x_wconf 95' lang='lat' dir='ltr'><strong>in</strong></span> <span class='ocrx_word' id='word_1_195' title='bbox 3143 2586 3287 2638; x_wconf 82' lang='lat' dir='ltr'><strong>astu</strong></span> <span class='ocrx_word' id='word_1_196' title='bbox 3327 2583 3796 2652; x_wconf 88' lang='lat' dir='ltr'><strong>persecutionum</strong></span> 
     </span>
    </p>
   </div>
   <div class='ocr_carea' id='block_1_35' title="bbox 2141 2665 3803 2740">
    <p class='ocr_par' dir='ltr' id='par_1_35' title="bbox 2141 2665 3803 2740">
     <span class='ocr_line' id='line_1_35' title="bbox 2141 2665 3803 2740; baseline 0.004 -20"><span class='ocrx_word' id='word_1_197' title='bbox 2141 2665 2396 2721; x_wconf 88' lang='lat' dir='ltr'><strong>eamdem</strong></span> <span class='ocrx_word' id='word_1_198' title='bbox 2443 2671 2746 2738; x_wconf 83' lang='lat' dir='ltr'><strong>attexant;</strong></span> <span class='ocrx_word' id='word_1_199' title='bbox 2790 2673 2908 2724; x_wconf 94' lang='lat' dir='ltr'><strong>tum</strong></span> <span class='ocrx_word' id='word_1_200' title='bbox 2955 2668 3369 2740; x_wconf 88' lang='lat' dir='ltr'><strong>subsequentes</strong></span> <span class='ocrx_word' id='word_1_201' title='bbox 3420 2675 3614 2726; x_wconf 81' lang='lat' dir='ltr'><strong>atutes</strong></span> <span class='ocrx_word' id='word_1_202' title='bbox 3668 2678 3803 2740; x_wconf 89' lang='lat' dir='ltr'><strong>post</strong></span> 
     </span>
    </p>
   </div>
   <div class='ocr_carea' id='block_1_36' title="bbox 2143 2755 3796 2831">
    <p class='ocr_par' dir='ltr' id='par_1_36' title="bbox 2143 2755 3796 2831">
     <span class='ocr_line' id='line_1_36' title="bbox 2143 2755 3796 2831; baseline 0.004 -21"><span class='ocrx_word' id='word_1_203' title='bbox 2143 2761 2418 2812; x_wconf 87' lang='lat' dir='ltr'><strong>assertam</strong></span> <span class='ocrx_word' id='word_1_204' title='bbox 2441 2755 2760 2814; x_wconf 90' lang='lat' dir='ltr'><strong>libertatem</strong></span> <span class='ocrx_word' id='word_1_205' title='bbox 2783 2757 2970 2814; x_wconf 87' lang='lat' dir='ltr'><strong>divini</strong></span> <span class='ocrx_word' id='word_1_206' title='bbox 2991 2758 3186 2816; x_wconf 90' lang='lat' dir='ltr'><strong>cultus</strong></span> <span class='ocrx_word' id='word_1_207' title='bbox 3209 2761 3462 2816; x_wconf 89' lang='lat' dir='ltr'><strong>eamdem</strong></span> <span class='ocrx_word' id='word_1_208' title='bbox 3483 2759 3796 2831; x_wconf 86' lang='lat' dir='ltr'><strong>explicent,</strong></span> 
     </span>
    </p>
   </div>
   <div class='ocr_carea' id='block_1_37' title="bbox 375 2846 3800 2920">
    <p class='ocr_par' dir='ltr' id='par_1_37' title="bbox 375 2846 3800 2920">
     <span class='ocr_line' id='line_1_37' title="bbox 375 2846 3800 2920; baseline 0.002 -20"><span class='ocrx_word' id='word_1_209' title='bbox 375 2861 569 2900; x_wconf 88' lang='lat' dir='ltr'><strong>nomen</strong></span> <span class='ocrx_word' id='word_1_210' title='bbox 589 2849 1025 2917; x_wconf 76' lang='lat' dir='ltr'><strong>praferentium,</strong></span> <span class='ocrx_word' id='word_1_211' title='bbox 1065 2847 1261 2904; x_wconf 87' lang='lat' dir='ltr'><strong>deberi</strong></span> <span class='ocrx_word' id='word_1_212' title='bbox 1306 2848 1572 2918; x_wconf 84' lang='lat' dir='ltr'><strong>Antiquis</strong></span> <span class='ocrx_word' id='word_1_213' title='bbox 1613 2849 1888 2918; x_wconf 89' lang='lat' dir='ltr'><strong>Catalogis</strong></span> <span class='ocrx_word' id='word_1_214' title='bbox 1917 2852 2032 2906; x_wconf 86' lang='lat' dir='ltr'><strong>Ro-</strong></span> <span class='ocrx_word' id='word_1_215' title='bbox 2064 2855 2117 2918; x_wconf 84' lang='lat' dir='ltr'><strong>B</strong></span> <span class='ocrx_word' id='word_1_216' title='bbox 2149 2858 2260 2901; x_wconf 87' lang='lat' dir='ltr'><strong>non</strong></span> <span class='ocrx_word' id='word_1_217' title='bbox 2294 2846 2460 2902; x_wconf 92' lang='lat' dir='ltr'><strong>modo</strong></span> <span class='ocrx_word' id='word_1_218' title='bbox 2487 2846 2546 2902; x_wconf 90' lang='lat' dir='ltr'><strong>in</strong></span> <span class='ocrx_word' id='word_1_219' title='bbox 2578 2846 2842 2904; x_wconf 83' lang='lat' dir='ltr'><strong>basilicis</strong></span> <span class='ocrx_word' id='word_1_220' title='bbox 2870 2849 3162 2920; x_wconf 83' lang='lat' dir='ltr'><strong>Romanis,</strong></span> <span class='ocrx_word' id='word_1_221' title='bbox 3192 2850 3287 2906; x_wconf 89' lang='lat' dir='ltr'><strong>sed</strong></span> <span class='ocrx_word' id='word_1_222' title='bbox 3315 2850 3488 2906; x_wconf 88' lang='lat' dir='ltr'><strong>etiam</strong></span> <span class='ocrx_word' id='word_1_223' title='bbox 3516 2850 3576 2906; x_wconf 90' lang='lat' dir='ltr'><strong>in</strong></span> <span class='ocrx_word' id='word_1_224' title='bbox 3601 2849 3800 2920; x_wconf 87' lang='lat' dir='ltr'><strong>pluri-</strong></span> 
     </span>
    </p>
   </div>
   <div class='ocr_carea' id='block_1_38' title="bbox 375 2937 2034 3008">
    <p class='ocr_par' dir='ltr' id='par_1_38' title="bbox 375 2937 2034 3008">
     <span class='ocr_line' id='line_1_38' title="bbox 375 2937 2034 3008; baseline 0.003 -19"><span class='ocrx_word' id='word_1_225' title='bbox 375 2949 663 2991; x_wconf 80' lang='lat' dir='ltr'><strong>manorum</strong></span> <span class='ocrx_word' id='word_1_226' title='bbox 683 2939 1021 3008; x_wconf 73' lang='lat' dir='ltr'><strong>pontificum,</strong></span> <span class='ocrx_word' id='word_1_227' title='bbox 1052 2937 1366 3008; x_wconf 81' lang='lat' dir='ltr'><strong>prasertim</strong></span> <span class='ocrx_word' id='word_1_228' title='bbox 1393 2952 1525 2994; x_wconf 85' lang='lat' dir='ltr'><strong>vero</strong></span> <span class='ocrx_word' id='word_1_229' title='bbox 1553 2941 1917 2994; x_wconf 82' lang='lat' dir='ltr'><strong>vetustissimo</strong></span> <span class='ocrx_word' id='word_1_230' title='bbox 1946 2940 2034 2994; x_wconf 84' lang='lat' dir='ltr'><strong>illi</strong></span> 
     </span>
    </p>
   </div>
   <div class='ocr_carea' id='block_1_39' title="bbox 375 3023 2034 3099">
    <p class='ocr_par' dir='ltr' id='par_1_39' title="bbox 375 3023 2034 3099">
     <span class='ocr_line' id='line_1_39' title="bbox 375 3023 2034 3099; baseline 0.005 -22"><span class='ocrx_word' id='word_1_231' title='bbox 375 3023 480 3078; x_wconf 87' lang='lat' dir='ltr'><strong>sub</strong></span> <span class='ocrx_word' id='word_1_232' title='bbox 501 3025 716 3080; x_wconf 85' lang='lat' dir='ltr'><strong>Liberio</strong></span> <span class='ocrx_word' id='word_1_233' title='bbox 733 3043 886 3097; x_wconf 83' lang='lat' dir='ltr'><strong>papa</strong></span> <span class='ocrx_word' id='word_1_234' title='bbox 916 3027 1154 3092; x_wconf 84' lang='lat' dir='ltr'><strong>collecto,</strong></span> <span class='ocrx_word' id='word_1_235' title='bbox 1187 3041 1355 3099; x_wconf 91' lang='lat' dir='ltr'><strong>quem</strong></span> <span class='ocrx_word' id='word_1_236' title='bbox 1389 3027 1609 3084; x_wconf 91' lang='lat' dir='ltr'><strong>idcirco</strong></span> <span class='ocrx_word' id='word_1_237' title='bbox 1639 3029 1726 3084; x_wconf 90' lang='lat' dir='ltr'><strong>uti</strong></span> <span class='ocrx_word' id='word_1_238' title='bbox 1760 3028 1941 3085; x_wconf 85' lang='lat' dir='ltr'><strong>basim</strong></span> <span class='ocrx_word' id='word_1_239' title='bbox 1967 3043 2034 3086; x_wconf 92' lang='lat' dir='ltr'><strong>ac</strong></span> 
     </span>
    </p>
   </div>
   <div class='ocr_carea' id='block_1_40' title="bbox 377 3109 2030 3187">
    <p class='ocr_par' dir='ltr' id='par_1_40' title="bbox 377 3109 2030 3187">
     <span class='ocr_line' id='line_1_40' title="bbox 377 3109 2030 3187; baseline 0.004 -19"><span class='ocrx_word' id='word_1_240' title='bbox 377 3109 836 3187; x_wconf 86' lang='lat' dir='ltr'><strong>fundamentum,</strong></span> <span class='ocrx_word' id='word_1_241' title='bbox 881 3121 984 3173; x_wconf 88' lang='lat' dir='ltr'><strong>aut</strong></span> <span class='ocrx_word' id='word_1_242' title='bbox 1029 3122 1184 3173; x_wconf 90' lang='lat' dir='ltr'><strong>certe</strong></span> <span class='ocrx_word' id='word_1_243' title='bbox 1232 3117 1467 3174; x_wconf 89' lang='lat' dir='ltr'><strong>initium</strong></span> <span class='ocrx_word' id='word_1_244' title='bbox 1518 3131 1584 3174; x_wconf 92' lang='lat' dir='ltr'><strong>ac</strong></span> <span class='ocrx_word' id='word_1_245' title='bbox 1638 3118 2030 3174; x_wconf 91' lang='lat' dir='ltr'><strong>rudimentum</strong></span> 
     </span>
    </p>
   </div>
   <div class='ocr_carea' id='block_1_41' title="bbox 377 3202 2032 3278">
    <p class='ocr_par' dir='ltr' id='par_1_41' title="bbox 377 3202 2032 3278">
     <span class='ocr_line' id='line_1_41' title="bbox 377 3202 2032 3278; baseline 0.004 -21"><span class='ocrx_word' id='word_1_246' title='bbox 377 3202 643 3260; x_wconf 81' lang='lat' dir='ltr'><strong>Historia</strong></span> <span class='ocrx_word' id='word_1_247' title='bbox 673 3206 1028 3262; x_wconf 90' lang='lat' dir='ltr'><strong>Pontiﬁcaiis</strong></span> <span class='ocrx_word' id='word_1_248' title='bbox 1057 3207 1403 3278; x_wconf 85' lang='lat' dir='ltr'><strong>pramittere</strong></span> <span class='ocrx_word' id='word_1_249' title='bbox 1434 3207 1822 3264; x_wconf 89' lang='lat' dir='ltr'><strong>necessarium</strong></span> <span class='ocrx_word' id='word_1_250' title='bbox 1847 3208 2032 3264; x_wconf 85' lang='lat' dir='ltr'><strong>duxi-</strong></span> 
     </span>
    </p>
   </div>
   <div class='ocr_carea' id='block_1_42' title="bbox 377 3293 2028 3368">
    <p class='ocr_par' dir='ltr' id='par_1_42' title="bbox 377 3293 2028 3368">
     <span class='ocr_line' id='line_1_42' title="bbox 377 3293 2028 3368; baseline 0.003 -21"><span class='ocrx_word' id='word_1_251' title='bbox 377 3304 524 3348; x_wconf 88' lang='lat' dir='ltr'><strong>mus.</strong></span> <span class='ocrx_word' id='word_1_252' title='bbox 559 3293 788 3351; x_wconf 90' lang='lat' dir='ltr'><strong>Primus</strong></span> <span class='ocrx_word' id='word_1_253' title='bbox 811 3295 1000 3352; x_wconf 91' lang='lat' dir='ltr'><strong>edidit</strong></span> <span class='ocrx_word' id='word_1_254' title='bbox 1023 3297 1081 3351; x_wconf 89' lang='lat' dir='ltr'><strong>P.</strong></span> <span class='ocrx_word' id='word_1_255' title='bbox 1109 3296 1374 3368; x_wconf 71' lang='lat' dir='ltr'><strong>Egidius</strong></span> <span class='ocrx_word' id='word_1_256' title='bbox 1395 3295 1714 3353; x_wconf 85' lang='lat' dir='ltr'><strong>Bucberius</strong></span> <span class='ocrx_word' id='word_1_257' title='bbox 1735 3297 1794 3352; x_wconf 92' lang='lat' dir='ltr'><strong>in</strong></span> <span class='ocrx_word' id='word_1_258' title='bbox 1817 3296 2028 3352; x_wconf 88' lang='lat' dir='ltr'><strong>celebri</strong></span> 
     </span>
    </p>
   </div>
   <div class='ocr_carea' id='block_1_43' title="bbox 375 3382 2032 3458">
    <p class='ocr_par' dir='ltr' id='par_1_43' title="bbox 375 3382 2032 3458">
     <span class='ocr_line' id='line_1_43' title="bbox 375 3382 2032 3458; baseline 0.004 -22"><span class='ocrx_word' id='word_1_259' title='bbox 375 3392 544 3451; x_wconf 86' lang='lat' dir='ltr'><strong>Opere</strong></span> <span class='ocrx_word' id='word_1_260' title='bbox 571 3382 642 3438; x_wconf 93' lang='lat' dir='ltr'><strong>de</strong></span> <span class='ocrx_word' id='word_1_261' title='bbox 664 3383 835 3454; x_wconf 87' lang='lat' dir='ltr'><strong>Cyclo</strong></span> <span class='ocrx_word' id='word_1_262' title='bbox 863 3385 1124 3442; x_wconf 89' lang='lat' dir='ltr'><strong>Paschali</strong></span> <span class='ocrx_word' id='word_1_263' title='bbox 1155 3385 1398 3443; x_wconf 85' lang='lat' dir='ltr'><strong>Victorii</strong></span> <span class='ocrx_word' id='word_1_264' title='bbox 1427 3405 1440 3442; x_wconf 91' lang='lat'>:</span> <span class='ocrx_word' id='word_1_265' title='bbox 1473 3399 1506 3442; x_wconf 92' lang='lat' dir='ltr'><strong>a</strong></span> <span class='ocrx_word' id='word_1_266' title='bbox 1533 3400 1646 3458; x_wconf 89' lang='lat' dir='ltr'><strong>quo</strong></span> <span class='ocrx_word' id='word_1_267' title='bbox 1670 3386 1784 3442; x_wconf 91' lang='lat' dir='ltr'><strong>erit</strong></span> <span class='ocrx_word' id='word_1_268' title='bbox 1811 3386 2032 3458; x_wconf 83' lang='lat' dir='ltr'><strong>integer</strong></span> 
     </span>
    </p>
   </div>
   <div class='ocr_carea' id='block_1_44' title="bbox 373 3469 810 3528">
    <p class='ocr_par' dir='ltr' id='par_1_44' title="bbox 373 3469 810 3528">
     <span class='ocr_line' id='line_1_44' title="bbox 373 3469 810 3528; baseline 0.011 -4"><span class='ocrx_word' id='word_1_269' title='bbox 373 3469 810 3528; x_wconf 89' lang='lat' dir='ltr'><strong>describendus.</strong></span> 
     </span>
    </p>
   </div>
   <div class='ocr_carea' id='block_1_45' title="bbox 442 3556 2028 3634">
    <p class='ocr_par' dir='ltr' id='par_1_45' title="bbox 442 3556 2028 3634">
     <span class='ocr_line' id='line_1_45' title="bbox 442 3556 2028 3634; baseline 0.004 -20"><span class='ocrx_word' id='word_1_270' title='bbox 442 3556 494 3614; x_wconf 91' lang='lat'><strong>3.</strong></span> <span class='ocrx_word' id='word_1_271' title='bbox 523 3559 778 3633; x_wconf 87' lang='lat' dir='ltr'><strong>Catalogi</strong></span> <span class='ocrx_word' id='word_1_272' title='bbox 818 3563 991 3619; x_wconf 90' lang='lat' dir='ltr'><strong>etiam</strong></span> <span class='ocrx_word' id='word_1_273' title='bbox 1032 3564 1359 3634; x_wconf 88' lang='lat' dir='ltr'><strong>complures</strong></span> <span class='ocrx_word' id='word_1_274' title='bbox 1382 3577 1414 3620; x_wconf 88' lang='lat' dir='ltr'><strong>a</strong></span> <span class='ocrx_word' id='word_1_275' title='bbox 1440 3564 1852 3622; x_wconf 89' lang='lat' dir='ltr'><strong>Schetestratio</strong></span> <span class='ocrx_word' id='word_1_276' title='bbox 1886 3563 2028 3621; x_wconf 85' lang='lat' dir='ltr'><strong>aﬁ‘e—</strong></span> 
     </span>
    </p>
   </div>
   <div class='ocr_carea' id='block_1_46' title="bbox 373 3651 2026 3726">
    <p class='ocr_par' dir='ltr' id='par_1_46' title="bbox 373 3651 2026 3726">
     <span class='ocr_line' id='line_1_46' title="bbox 373 3651 2026 3726; baseline 0.004 -22"><span class='ocrx_word' id='word_1_277' title='bbox 373 3651 584 3706; x_wconf 87' lang='lat' dir='ltr'><strong>runtur</strong></span> <span class='ocrx_word' id='word_1_278' title='bbox 610 3668 622 3705; x_wconf 91' lang='lat'><strong>:</strong></span> <span class='ocrx_word' id='word_1_279' title='bbox 655 3665 900 3722; x_wconf 90' lang='lat' dir='ltr'><strong>quorum</strong></span> <span class='ocrx_word' id='word_1_280' title='bbox 931 3653 1359 3723; x_wconf 84' lang='lat' dir='ltr'><strong>prastantiores</strong></span> <span class='ocrx_word' id='word_1_281' title='bbox 1379 3654 1732 3726; x_wconf 88' lang='lat' dir='ltr'><strong>antiquitate</strong></span> <span class='ocrx_word' id='word_1_282' title='bbox 1761 3654 2026 3711; x_wconf 90' lang='lat' dir='ltr'><strong>codicum</strong></span> 
     </span>
    </p>
   </div>
   <div class='ocr_carea' id='block_1_47' title="bbox 373 3739 2029 3814">
    <p class='ocr_par' dir='ltr' id='par_1_47' title="bbox 373 3739 2029 3814">
     <span class='ocr_line' id='line_1_47' title="bbox 373 3739 2029 3814; baseline 0.003 -20"><span class='ocrx_word' id='word_1_283' title='bbox 373 3739 626 3811; x_wconf 89' lang='lat' dir='ltr'><strong>integros</strong></span> <span class='ocrx_word' id='word_1_284' title='bbox 649 3740 786 3796; x_wconf 90' lang='lat' dir='ltr'><strong>dare</strong></span> <span class='ocrx_word' id='word_1_285' title='bbox 813 3743 1126 3799; x_wconf 89' lang='lat' dir='ltr'><strong>constituo.</strong></span> <span class='ocrx_word' id='word_1_286' title='bbox 1154 3742 1301 3799; x_wconf 90' lang='lat' dir='ltr'><strong>Sunt</strong></span> <span class='ocrx_word' id='word_1_287' title='bbox 1322 3747 1512 3799; x_wconf 89' lang='lat' dir='ltr'><strong>autem</strong></span> <span class='ocrx_word' id='word_1_288' title='bbox 1542 3743 1606 3814; x_wconf 93' lang='lat' dir='ltr'><strong>ii,</strong></span> <span class='ocrx_word' id='word_1_289' title='bbox 1636 3743 1736 3814; x_wconf 91' lang='lat' dir='ltr'><strong>qui</strong></span> <span class='ocrx_word' id='word_1_290' title='bbox 1764 3757 2029 3814; x_wconf 86' lang='lat' dir='ltr'><strong>sequun-</strong></span> 
     </span>
    </p>
   </div>
   <div class='ocr_carea' id='block_1_48' title="bbox 369 3829 2028 3904">
    <p class='ocr_par' dir='ltr' id='par_1_48' title="bbox 369 3829 2028 3904">
     <span class='ocr_line' id='line_1_48' title="bbox 369 3829 2028 3904; baseline 0.004 -19"><span class='ocrx_word' id='word_1_291' title='bbox 369 3835 486 3900; x_wconf 87' lang='lat' dir='ltr'><strong>tur,</strong></span> <span class='ocrx_word' id='word_1_292' title='bbox 519 3829 580 3885; x_wconf 77' lang='lat' dir='ltr'><strong>‘tn</strong></span> <span class='ocrx_word' id='word_1_293' title='bbox 609 3829 926 3900; x_wconf 82' lang='lat' dir='ltr'><strong>Appendice</strong></span> <span class='ocrx_word' id='word_1_294' title='bbox 955 3833 1031 3886; x_wconf 88' lang='lat' dir='ltr'><strong>ad</strong></span> <span class='ocrx_word' id='word_1_295' title='bbox 1061 3832 1208 3904; x_wconf 87' lang='lat' dir='ltr'><strong>Opus</strong></span> <span class='ocrx_word' id='word_1_296' title='bbox 1231 3832 1679 3901; x_wconf 79' lang='lat' dir='ltr'><strong>Chronologicum</strong></span> <span class='ocrx_word' id='word_1_297' title='bbox 1698 3833 1770 3889; x_wconf 90' lang='lat' dir='ltr'><strong>ab</strong></span> <span class='ocrx_word' id='word_1_298' title='bbox 1798 3847 1864 3890; x_wconf 90' lang='lat' dir='ltr'><strong>eo</strong></span> <span class='ocrx_word' id='word_1_299' title='bbox 1885 3847 2028 3904; x_wconf 85' lang='lat' dir='ltr'><strong>pro-</strong></span> 
     </span>
    </p>
   </div>
   <div class='ocr_carea' id='block_1_49' title="bbox 367 3916 832 3988">
    <p class='ocr_par' dir='ltr' id='par_1_49' title="bbox 367 3916 832 3988">
     <span class='ocr_line' id='line_1_49' title="bbox 367 3916 832 3988; baseline 0.004 -16"><span class='ocrx_word' id='word_1_300' title='bbox 367 3916 554 3988; x_wconf 90' lang='lat' dir='ltr'><strong>ducti,</strong></span> <span class='ocrx_word' id='word_1_301' title='bbox 589 3929 790 3988; x_wconf 90' lang='lat' dir='ltr'><strong>nempe</strong></span> <span class='ocrx_word' id='word_1_302' title='bbox 817 3937 832 3974; x_wconf 91' lang='lat'><strong>:</strong></span> 
     </span>
    </p>
   </div>
   <div class='ocr_carea' id='block_1_50' title="bbox 437 4006 2026 4082">
    <p class='ocr_par' dir='ltr' id='par_1_50' title="bbox 437 4006 2026 4082">
     <span class='ocr_line' id='line_1_50' title="bbox 437 4006 2026 4082; baseline 0.003 -20"><span class='ocrx_word' id='word_1_303' title='bbox 437 4008 482 4062; x_wconf 91' lang='lat' dir='ltr'><strong>l.</strong></span> <span class='ocrx_word' id='word_1_304' title='bbox 524 4007 693 4064; x_wconf 86' lang='lat' dir='ltr'><strong>Num.</strong></span> <span class='ocrx_word' id='word_1_305' title='bbox 733 4006 824 4078; x_wconf 88' lang='lat'><strong>22,</strong></span> <span class='ocrx_word' id='word_1_306' title='bbox 867 4023 994 4080; x_wconf 83' lang='lat' dir='ltr'><strong>pap.</strong></span> <span class='ocrx_word' id='word_1_307' title='bbox 1039 4006 1164 4064; x_wconf 87' lang='grc'><strong>644.</strong></span> <span class='ocrx_word' id='word_1_308' title='bbox 1204 4012 1292 4065; x_wconf 79' lang='lat' dir='ltr'><strong>Ea:</strong></span> <span class='ocrx_word' id='word_1_309' title='bbox 1327 4013 1556 4082; x_wconf 85' lang='lat' dir='ltr'><strong>antiquo</strong></span> <span class='ocrx_word' id='word_1_310' title='bbox 1594 4013 2026 4079; x_wconf 83' lang='lat' dir='ltr'><strong>octingentorum</strong></span> 
     </span>
    </p>
   </div>
   <div class='ocr_carea' id='block_1_51' title="bbox 369 4097 2028 4167">
    <p class='ocr_par' dir='ltr' id='par_1_51' title="bbox 369 4097 2028 4167">
     <span class='ocr_line' id='line_1_51' title="bbox 369 4097 2028 4167; baseline 0.004 -17"><span class='ocrx_word' id='word_1_311' title='bbox 369 4097 662 4164; x_wconf 71' lang='lat' dir='ltr'><strong>sexaginta</strong></span> <span class='ocrx_word' id='word_1_312' title='bbox 707 4099 950 4167; x_wconf 87' lang='lat' dir='ltr'><strong>quinque</strong></span> <span class='ocrx_word' id='word_1_313' title='bbox 994 4114 1265 4155; x_wconf 89' lang='lat' dir='ltr'><strong>annorum</strong></span> <span class='ocrx_word' id='word_1_314' title='bbox 1305 4100 1497 4156; x_wconf 86' lang='lat' dir='ltr'><strong>Codice</strong></span> <span class='ocrx_word' id='word_1_315' title='bbox 1541 4115 1644 4156; x_wconf 89' lang='lat' dir='ltr'><strong>ms.</strong></span> <span class='ocrx_word' id='word_1_316' title='bbox 1695 4100 2028 4156; x_wconf 78' lang='lat' dir='ltr'><strong>bibliotheca</strong></span> 
     </span>
    </p>
   </div>
   <div class='ocr_carea' id='block_1_52' title="bbox 2145 2933 3796 3010">
    <p class='ocr_par' dir='ltr' id='par_1_52' title="bbox 2145 2933 3796 3010">
     <span class='ocr_line' id='line_1_52' title="bbox 2145 2933 3796 3010; baseline 0.004 -21"><span class='ocrx_word' id='word_1_317' title='bbox 2145 2933 2254 2990; x_wconf 92' lang='lat' dir='ltr'><strong>bus</strong></span> <span class='ocrx_word' id='word_1_318' title='bbox 2283 2934 2457 2991; x_wconf 84' lang='lat' dir='ltr'><strong>Roma</strong></span> <span class='ocrx_word' id='word_1_319' title='bbox 2481 2936 2729 2992; x_wconf 90' lang='lat' dir='ltr'><strong>dissitis.</strong></span> <span class='ocrx_word' id='word_1_320' title='bbox 2760 2939 2912 2994; x_wconf 88' lang='lat' dir='ltr'><strong>Duas</strong></span> <span class='ocrx_word' id='word_1_321' title='bbox 2941 2938 3061 2994; x_wconf 90' lang='lat' dir='ltr'><strong>vidi</strong></span> <span class='ocrx_word' id='word_1_322' title='bbox 3091 2939 3150 2993; x_wconf 94' lang='lat' dir='ltr'><strong>in</strong></span> <span class='ocrx_word' id='word_1_323' title='bbox 3173 2939 3403 2996; x_wconf 88' lang='lat' dir='ltr'><strong>Etruria</strong></span> <span class='ocrx_word' id='word_1_324' title='bbox 3433 2939 3511 2994; x_wconf 88' lang='lat' dir='ltr'><strong>ita</strong></span> <span class='ocrx_word' id='word_1_325' title='bbox 3543 2944 3796 3010; x_wconf 85' lang='lat' dir='ltr'><strong>ornatas,</strong></span> 
     </span>
    </p>
   </div>
   <div class='ocr_carea' id='block_1_53' title="bbox 2147 3023 3805 3096">
    <p class='ocr_par' dir='ltr' id='par_1_53' title="bbox 2147 3023 3805 3096">
     <span class='ocr_line' id='line_1_53' title="bbox 2147 3023 3805 3096; baseline 0.004 -18"><span class='ocrx_word' id='word_1_326' title='bbox 2147 3023 2638 3095; x_wconf 88' lang='lat' dir='ltr'><strong>metropolitanam</strong></span> <span class='ocrx_word' id='word_1_327' title='bbox 2683 3026 2908 3082; x_wconf 90' lang='lat' dir='ltr'><strong>scilicet</strong></span> <span class='ocrx_word' id='word_1_328' title='bbox 2935 3027 3236 3083; x_wconf 88' lang='lat' dir='ltr'><strong>ecclesiam</strong></span> <span class='ocrx_word' id='word_1_329' title='bbox 3280 3029 3576 3096; x_wconf 90' lang='lat' dir='ltr'><strong>Senarum,</strong></span> <span class='ocrx_word' id='word_1_330' title='bbox 3609 3033 3668 3084; x_wconf 90' lang='lat' dir='ltr'><strong>et</strong></span> <span class='ocrx_word' id='word_1_331' title='bbox 3696 3041 3805 3085; x_wconf 91' lang='lat' dir='ltr'><strong>ve-</strong></span> 
     </span>
    </p>
   </div>
   <div class='ocr_carea' id='block_1_54' title="bbox 2143 3114 3795 3190">
    <p class='ocr_par' dir='ltr' id='par_1_54' title="bbox 2143 3114 3795 3190">
     <span class='ocr_line' id='line_1_54' title="bbox 2143 3114 3795 3190; baseline 0.003 -22"><span class='ocrx_word' id='word_1_332' title='bbox 2143 3115 2356 3169; x_wconf 87' lang='lat' dir='ltr'><strong>tustam</strong></span> <span class='ocrx_word' id='word_1_333' title='bbox 2399 3114 2597 3186; x_wconf 86' lang='lat' dir='ltr'><strong>adem,</strong></span> <span class='ocrx_word' id='word_1_334' title='bbox 2647 3116 2832 3171; x_wconf 88' lang='lat' dir='ltr'><strong>sancti</strong></span> <span class='ocrx_word' id='word_1_335' title='bbox 2886 3116 3038 3171; x_wconf 89' lang='lat' dir='ltr'><strong>Petri</strong></span> <span class='ocrx_word' id='word_1_336' title='bbox 3089 3117 3320 3173; x_wconf 92' lang='lat' dir='ltr'><strong>nomine</strong></span> <span class='ocrx_word' id='word_1_337' title='bbox 3364 3119 3479 3174; x_wconf 92' lang='lat' dir='ltr'><strong>Deo</strong></span> <span class='ocrx_word' id='word_1_338' title='bbox 3519 3117 3795 3190; x_wconf 87' lang='lat' dir='ltr'><strong>dicatam,</strong></span> 
     </span>
    </p>
   </div>
   <div class='ocr_carea' id='block_1_55' title="bbox 2139 3203 3680 3276">
    <p class='ocr_par' dir='ltr' id='par_1_55' title="bbox 2139 3203 3680 3276">
     <span class='ocr_line' id='line_1_55' title="bbox 2139 3203 3680 3276; baseline 0.002 -18"><span class='ocrx_word' id='word_1_339' title='bbox 2139 3203 2408 3259; x_wconf 83' lang='lat' dir='ltr'><strong>diacesis</strong></span> <span class='ocrx_word' id='word_1_340' title='bbox 2437 3204 2675 3276; x_wconf 86' lang='lat' dir='ltr'><strong>Pisana,</strong></span> <span class='ocrx_word' id='word_1_341' title='bbox 2711 3218 2879 3276; x_wconf 90' lang='lat' dir='ltr'><strong>quam</strong></span> <span class='ocrx_word' id='word_1_342' title='bbox 2910 3210 3115 3262; x_wconf 87' lang='lat' dir='ltr'><strong>vocant</strong></span> <span class='ocrx_word' id='word_1_343' title='bbox 3141 3207 3196 3262; x_wconf 91' lang='lat' dir='ltr'><strong>S.</strong></span> <span class='ocrx_word' id='word_1_344' title='bbox 3233 3207 3381 3263; x_wconf 86' lang='lat' dir='ltr'><strong>Petri</strong></span> <span class='ocrx_word' id='word_1_345' title='bbox 3418 3207 3476 3262; x_wconf 92' lang='lat' dir='ltr'><strong>in</strong></span> <span class='ocrx_word' id='word_1_346' title='bbox 3508 3207 3680 3263; x_wconf 89' lang='lat' dir='ltr'><strong>Vado.</strong></span> 
     </span>
    </p>
   </div>
   <div class='ocr_carea' id='block_1_56' title="bbox 2212 3291 3796 3365">
    <p class='ocr_par' dir='ltr' id='par_1_56' title="bbox 2212 3291 3796 3365">
     <span class='ocr_line' id='line_1_56' title="bbox 2212 3291 3796 3365; baseline 0.003 -17"><span class='ocrx_word' id='word_1_347' title='bbox 2212 3291 2263 3348; x_wconf 74' lang='grc'><strong>4.</strong></span> <span class='ocrx_word' id='word_1_348' title='bbox 2309 3292 2599 3365; x_wconf 88' lang='lat' dir='ltr'><strong>Catalogis</strong></span> <span class='ocrx_word' id='word_1_349' title='bbox 2640 3295 2951 3365; x_wconf 85' lang='lat' dir='ltr'><strong>pracipuis</strong></span> <span class='ocrx_word' id='word_1_350' title='bbox 2979 3308 3012 3351; x_wconf 92' lang='lat' dir='ltr'><strong>a</strong></span> <span class='ocrx_word' id='word_1_351' title='bbox 3039 3295 3446 3352; x_wconf 89' lang='lat' dir='ltr'><strong>Schelestratio</strong></span> <span class='ocrx_word' id='word_1_352' title='bbox 3476 3295 3654 3352; x_wconf 86' lang='lat' dir='ltr'><strong>editis</strong></span> <span class='ocrx_word' id='word_1_353' title='bbox 3681 3296 3796 3352; x_wconf 91' lang='lat' dir='ltr'><strong>ad-</strong></span> 
     </span>
    </p>
   </div>
   <div class='ocr_carea' id='block_1_57' title="bbox 2137 3381 3798 3458">
    <p class='ocr_par' dir='ltr' id='par_1_57' title="bbox 2137 3381 3798 3458">
     <span class='ocr_line' id='line_1_57' title="bbox 2137 3381 3798 3458; baseline 0.003 -22"><span class='ocrx_word' id='word_1_354' title='bbox 2137 3381 2310 3437; x_wconf 90' lang='lat' dir='ltr'><strong>dendi</strong></span> <span class='ocrx_word' id='word_1_355' title='bbox 2339 3389 2476 3438; x_wconf 90' lang='lat' dir='ltr'><strong>sunt</strong></span> <span class='ocrx_word' id='word_1_356' title='bbox 2500 3383 2605 3438; x_wconf 88' lang='lat' dir='ltr'><strong>alii</strong></span> <span class='ocrx_word' id='word_1_357' title='bbox 2639 3389 2786 3439; x_wconf 86' lang='lat' dir='ltr'><strong>nota</strong></span> <span class='ocrx_word' id='word_1_358' title='bbox 2817 3397 2928 3440; x_wconf 93' lang='lat' dir='ltr'><strong>non</strong></span> <span class='ocrx_word' id='word_1_359' title='bbox 2964 3385 3387 3458; x_wconf 86' lang='lat' dir='ltr'><strong>posthabenda,</strong></span> <span class='ocrx_word' id='word_1_360' title='bbox 3415 3386 3533 3442; x_wconf 93' lang='lat' dir='ltr'><strong>duo</strong></span> <span class='ocrx_word' id='word_1_361' title='bbox 3565 3399 3798 3456; x_wconf 86' lang='lat' dir='ltr'><strong>praser-</strong></span> 
     </span>
    </p>
   </div>
   <div class='ocr_carea' id='block_1_58' title="bbox 2139 3471 3796 3546">
    <p class='ocr_par' dir='ltr' id='par_1_58' title="bbox 2139 3471 3796 3546">
     <span class='ocr_line' id='line_1_58' title="bbox 2139 3471 3796 3546; baseline 0.003 -20"><span class='ocrx_word' id='word_1_362' title='bbox 2139 3471 2244 3527; x_wconf 88' lang='lat' dir='ltr'><strong>tim</strong></span> <span class='ocrx_word' id='word_1_363' title='bbox 2269 3485 2301 3527; x_wconf 92' lang='lat' dir='ltr'><strong>a</strong></span> <span class='ocrx_word' id='word_1_364' title='bbox 2320 3472 2386 3527; x_wconf 81' lang='lat' dir='ltr'><strong>R.</strong></span> <span class='ocrx_word' id='word_1_365' title='bbox 2411 3473 2468 3527; x_wconf 93' lang='lat' dir='ltr'><strong>P.</strong></span> <span class='ocrx_word' id='word_1_366' title='bbox 2495 3473 2654 3529; x_wconf 85' lang='lat' dir='ltr'><strong>Joan.</strong></span> <span class='ocrx_word' id='word_1_367' title='bbox 2681 3472 3019 3530; x_wconf 81' lang='lat' dir='ltr'><strong>Mabillonio</strong></span> <span class='ocrx_word' id='word_1_368' title='bbox 3041 3475 3304 3544; x_wconf 87' lang='lat' dir='ltr'><strong>producti</strong></span> <span class='ocrx_word' id='word_1_369' title='bbox 3325 3489 3395 3531; x_wconf 87' lang='lat' dir='ltr'><strong>ex</strong></span> <span class='ocrx_word' id='word_1_370' title='bbox 3415 3474 3796 3546; x_wconf 89' lang='lat' dir='ltr'><strong>autographis</strong></span> 
     </span>
    </p>
   </div>
   <div class='ocr_carea' id='block_1_59' title="bbox 2139 3559 3798 3621">
    <p class='ocr_par' dir='ltr' id='par_1_59' title="bbox 2139 3559 3798 3621">
     <span class='ocr_line' id='line_1_59' title="bbox 2139 3559 3798 3621; baseline 0.002 -6"><span class='ocrx_word' id='word_1_371' title='bbox 2139 3559 2504 3618; x_wconf 90' lang='lat' dir='ltr'><strong>bibliotheca</strong></span> <span class='ocrx_word' id='word_1_372' title='bbox 2549 3563 2884 3619; x_wconf 88' lang='lat' dir='ltr'><strong>monasterii</strong></span> <span class='ocrx_word' id='word_1_373' title='bbox 2922 3562 3288 3620; x_wconf 90' lang='lat' dir='ltr'><strong>Corbeiensis</strong></span> <span class='ocrx_word' id='word_1_374' title='bbox 3327 3570 3480 3621; x_wconf 87' lang='lat' dir='ltr'><strong>tomo</strong></span> <span class='ocrx_word' id='word_1_375' title='bbox 3522 3565 3595 3620; x_wconf 91' lang='lat' dir='ltr'><strong>IIl</strong></span> <span class='ocrx_word' id='word_1_376' title='bbox 3634 3565 3798 3619; x_wconf 82' lang='lat' dir='ltr'><strong>Ana-</strong></span> 
     </span>
    </p>
   </div>
   <div class='ocr_carea' id='block_1_60' title="bbox 2139 3647 3789 3725">
    <p class='ocr_par' dir='ltr' id='par_1_60' title="bbox 2139 3647 3789 3725">
     <span class='ocr_line' id='line_1_60' title="bbox 2139 3647 3789 3725; baseline 0.002 -21"><span class='ocrx_word' id='word_1_377' title='bbox 2139 3647 2434 3722; x_wconf 90' lang='lat' dir='ltr'><strong>lectorum,</strong></span> <span class='ocrx_word' id='word_1_378' title='bbox 2465 3663 2588 3722; x_wconf 87' lang='lat' dir='ltr'><strong>pag.</strong></span> <span class='ocrx_word' id='word_1_379' title='bbox 2621 3648 2744 3722; x_wconf 73' lang='lat'><strong>426,</strong></span> <span class='ocrx_word' id='word_1_380' title='bbox 2775 3667 3019 3722; x_wconf 92' lang='lat' dir='ltr'><strong>quorum</strong></span> <span class='ocrx_word' id='word_1_381' title='bbox 3048 3653 3206 3724; x_wconf 88' lang='lat' dir='ltr'><strong>prior</strong></span> <span class='ocrx_word' id='word_1_382' title='bbox 3225 3653 3444 3710; x_wconf 88' lang='lat' dir='ltr'><strong>desinit</strong></span> <span class='ocrx_word' id='word_1_383' title='bbox 3465 3653 3524 3708; x_wconf 91' lang='lat' dir='ltr'><strong>in</strong></span> <span class='ocrx_word' id='word_1_384' title='bbox 3553 3651 3789 3725; x_wconf 88' lang='lat' dir='ltr'><strong>Vigilio,</strong></span> 
     </span>
    </p>
   </div>
   <div class='ocr_carea' id='block_1_61' title="bbox 2135 3741 3794 3814">
    <p class='ocr_par' dir='ltr' id='par_1_61' title="bbox 2135 3741 3794 3814">
     <span class='ocr_line' id='line_1_61' title="bbox 2135 3741 3794 3814; baseline 0.001 -18"><span class='ocrx_word' id='word_1_385' title='bbox 2135 3747 2191 3796; x_wconf 90' lang='lat' dir='ltr'><strong>et</strong></span> <span class='ocrx_word' id='word_1_386' title='bbox 2211 3742 2280 3798; x_wconf 90' lang='lat' dir='ltr'><strong>ad</strong></span> <span class='ocrx_word' id='word_1_387' title='bbox 2307 3742 2480 3798; x_wconf 89' lang='lat' dir='ltr'><strong>istius</strong></span> <span class='ocrx_word' id='word_1_388' title='bbox 2503 3742 2792 3812; x_wconf 89' lang='lat' dir='ltr'><strong>pontiﬁcis</strong></span> <span class='ocrx_word' id='word_1_389' title='bbox 2811 3747 3030 3799; x_wconf 87' lang='lat' dir='ltr'><strong>atatem</strong></span> <span class='ocrx_word' id='word_1_390' title='bbox 3051 3743 3350 3814; x_wconf 87' lang='lat' dir='ltr'><strong>Scriptura</strong></span> <span class='ocrx_word' id='word_1_391' title='bbox 3371 3741 3619 3798; x_wconf 85' lang='lat' dir='ltr'><strong>refertur</strong></span> <span class='ocrx_word' id='word_1_392' title='bbox 3635 3742 3794 3797; x_wconf 89' lang='lat' dir='ltr'><strong>circa</strong></span> 
     </span>
    </p>
   </div>
   <div class='ocr_carea' id='block_1_62' title="bbox 2138 3831 3791 3902">
    <p class='ocr_par' dir='ltr' id='par_1_62' title="bbox 2138 3831 3791 3902">
     <span class='ocr_line' id='line_1_62' title="bbox 2138 3831 3791 3902; baseline 0 -16"><span class='ocrx_word' id='word_1_393' title='bbox 2138 3832 2387 3888; x_wconf 89' lang='lat' dir='ltr'><strong>medium</strong></span> <span class='ocrx_word' id='word_1_394' title='bbox 2415 3831 2614 3888; x_wconf 88' lang='lat' dir='ltr'><strong>saculi</strong></span> <span class='ocrx_word' id='word_1_395' title='bbox 2645 3833 2791 3887; x_wconf 90' lang='lat' dir='ltr'><strong>sexti</strong></span> <span class='ocrx_word' id='word_1_396' title='bbox 2819 3847 2946 3888; x_wconf 89' lang='lat' dir='ltr'><strong>ara</strong></span> <span class='ocrx_word' id='word_1_397' title='bbox 2972 3833 3356 3902; x_wconf 88' lang='lat' dir='ltr'><strong>Christiana;</strong></span> <span class='ocrx_word' id='word_1_398' title='bbox 3383 3831 3528 3888; x_wconf 89' lang='lat' dir='ltr'><strong>alter</strong></span> <span class='ocrx_word' id='word_1_399' title='bbox 3555 3843 3690 3887; x_wconf 91' lang='lat' dir='ltr'><strong>vero</strong></span> <span class='ocrx_word' id='word_1_400' title='bbox 3719 3831 3791 3886; x_wconf 87' lang='lat' dir='ltr'><strong>ad</strong></span> 
     </span>
    </p>
   </div>
   <div class='ocr_carea' id='block_1_63' title="bbox 2135 3919 3798 3990">
    <p class='ocr_par' dir='ltr' id='par_1_63' title="bbox 2135 3919 3798 3990">
     <span class='ocr_line' id='line_1_63' title="bbox 2135 3919 3798 3990; baseline 0.001 -16"><span class='ocrx_word' id='word_1_401' title='bbox 2135 3919 2302 3976; x_wconf 88' lang='lat' dir='ltr'><strong>ﬁnem</strong></span> <span class='ocrx_word' id='word_1_402' title='bbox 2330 3920 2562 3990; x_wconf 91' lang='lat' dir='ltr'><strong>septimi</strong></span> <span class='ocrx_word' id='word_1_403' title='bbox 2595 3920 2704 3976; x_wconf 94' lang='lat' dir='ltr'><strong>sub</strong></span> <span class='ocrx_word' id='word_1_404' title='bbox 2731 3921 2979 3988; x_wconf 89' lang='lat' dir='ltr'><strong>Conone,</strong></span> <span class='ocrx_word' id='word_1_405' title='bbox 3013 3926 3068 3974; x_wconf 91' lang='lat' dir='ltr'><strong>et</strong></span> <span class='ocrx_word' id='word_1_406' title='bbox 3092 3919 3160 3974; x_wconf 90' lang='lat' dir='ltr'><strong>ad</strong></span> <span class='ocrx_word' id='word_1_407' title='bbox 3191 3919 3427 3974; x_wconf 88' lang='lat' dir='ltr'><strong>initium</strong></span> <span class='ocrx_word' id='word_1_408' title='bbox 3461 3921 3647 3975; x_wconf 89' lang='lat' dir='ltr'><strong>octavi</strong></span> <span class='ocrx_word' id='word_1_409' title='bbox 3677 3933 3798 3976; x_wconf 81' lang='lat' dir='ltr'><strong>sa-</strong></span> 
     </span>
    </p>
   </div>
   <div class='ocr_carea' id='block_1_64' title="bbox 2135 4007 3792 4080">
    <p class='ocr_par' dir='ltr' id='par_1_64' title="bbox 2135 4007 3792 4080">
     <span class='ocr_line' id='line_1_64' title="bbox 2135 4007 3792 4080; baseline 0.001 -18"><span class='ocrx_word' id='word_1_410' title='bbox 2135 4007 2254 4062; x_wconf 92' lang='lat' dir='ltr'><strong>culi</strong></span> <span class='ocrx_word' id='word_1_411' title='bbox 2298 4007 2406 4064; x_wconf 90' lang='lat' dir='ltr'><strong>sub</strong></span> <span class='ocrx_word' id='word_1_412' title='bbox 2434 4008 2633 4079; x_wconf 89' lang='lat' dir='ltr'><strong>Sergio</strong></span> <span class='ocrx_word' id='word_1_413' title='bbox 2663 4009 2710 4062; x_wconf 86' lang='lat' dir='ltr'><strong>ll</strong></span> <span class='ocrx_word' id='word_1_414' title='bbox 2738 4014 2794 4063; x_wconf 90' lang='lat' dir='ltr'><strong>et</strong></span> <span class='ocrx_word' id='word_1_415' title='bbox 2821 4008 3035 4062; x_wconf 82' lang='lat' dir='ltr'><strong>Joanne</strong></span> <span class='ocrx_word' id='word_1_416' title='bbox 3066 4009 3133 4062; x_wconf 89' lang='lat' dir='ltr'><strong>Vi</strong></span> <span class='ocrx_word' id='word_1_417' title='bbox 3162 4011 3382 4062; x_wconf 88' lang='lat' dir='ltr'><strong>atatem</strong></span> <span class='ocrx_word' id='word_1_418' title='bbox 3430 4008 3792 4080; x_wconf 87' lang='lat' dir='ltr'><strong>comprobat,</strong></span> 
     </span>
    </p>
   </div>
   <div class='ocr_carea' id='block_1_65' title="bbox 2135 4094 3798 4166">
    <p class='ocr_par' dir='ltr' id='par_1_65' title="bbox 2135 4094 3798 4166">
     <span class='ocr_line' id='line_1_65' title="bbox 2135 4094 3798 4166; baseline 0.003 -17"><span class='ocrx_word' id='word_1_419' title='bbox 2135 4095 2410 4165; x_wconf 88' lang='lat' dir='ltr'><strong>aqualem</strong></span> <span class='ocrx_word' id='word_1_420' title='bbox 2441 4095 2854 4166; x_wconf 88' lang='lat' dir='ltr'><strong>antiquissimo</strong></span> <span class='ocrx_word' id='word_1_421' title='bbox 2886 4094 2976 4150; x_wconf 90' lang='lat' dir='ltr'><strong>illi</strong></span> <span class='ocrx_word' id='word_1_422' title='bbox 3009 4095 3320 4164; x_wconf 87' lang='lat' dir='ltr'><strong>exemplari</strong></span> <span class='ocrx_word' id='word_1_423' title='bbox 3353 4095 3562 4151; x_wconf 85' lang='lat' dir='ltr'><strong>Codicis</strong></span> <span class='ocrx_word' id='word_1_424' title='bbox 3591 4097 3798 4154; x_wconf 85' lang='lat' dir='ltr'><strong>Ponti-</strong></span> 
     </span>
    </p>
   </div>
   <div class='ocr_carea' id='block_1_66' title="bbox 368 4184 3796 4258">
    <p class='ocr_par' dir='ltr' id='par_1_66' title="bbox 368 4184 3796 4258">
     <span class='ocr_line' id='line_1_66' title="bbox 368 4184 3796 4258; baseline 0 -15"><span class='ocrx_word' id='word_1_425' title='bbox 368 4185 948 4242; x_wconf 72' lang='lat' dir='ltr'><strong>PalatinO-Vaticana</strong></span> <span class='ocrx_word' id='word_1_426' title='bbox 981 4189 1275 4258; x_wconf 88' lang='lat' dir='ltr'><strong>Catalogus</strong></span> <span class='ocrx_word' id='word_1_427' title='bbox 1311 4193 1678 4248; x_wconf 82' lang='lat' dir='ltr'><strong>Romanorum</strong></span> <span class='ocrx_word' id='word_1_428' title='bbox 1707 4191 2027 4258; x_wconf 74' lang='lat' dir='ltr'><strong>pontiﬁcum</strong></span> <span class='ocrx_word' id='word_1_429' title='bbox 2053 4190 2102 4254; x_wconf 74' lang='grc' dir='ltr'>α</span> <span class='ocrx_word' id='word_1_430' title='bbox 2133 4185 2310 4254; x_wconf 80' lang='lat' dir='ltr'><strong>ﬁcalis</strong></span> <span class='ocrx_word' id='word_1_431' title='bbox 2336 4185 2684 4246; x_wconf 82' lang='lat' dir='ltr'><strong>Farnesiani,</strong></span> <span class='ocrx_word' id='word_1_432' title='bbox 2712 4184 2884 4239; x_wconf 88' lang='lat' dir='ltr'><strong>toties</strong></span> <span class='ocrx_word' id='word_1_433' title='bbox 2909 4184 3301 4240; x_wconf 86' lang='lat' dir='ltr'><strong>commendato</strong></span> <span class='ocrx_word' id='word_1_434' title='bbox 3325 4197 3357 4239; x_wconf 89' lang='lat' dir='ltr'><strong>a</strong></span> <span class='ocrx_word' id='word_1_435' title='bbox 3380 4187 3526 4241; x_wconf 85' lang='lat' dir='ltr'><strong>Luca</strong></span> <span class='ocrx_word' id='word_1_436' title='bbox 3558 4187 3796 4244; x_wconf 86' lang='lat' dir='ltr'><strong>Holste-</strong></span> 
     </span>
    </p>
   </div>
   <div class='ocr_carea' id='block_1_67' title="bbox 371 4275 2021 4350">
    <p class='ocr_par' dir='ltr' id='par_1_67' title="bbox 371 4275 2021 4350">
     <span class='ocr_line' id='line_1_67' title="bbox 371 4275 2021 4350; baseline 0.001 -20"><span class='ocrx_word' id='word_1_437' title='bbox 371 4275 473 4330; x_wconf 87' lang='lat' dir='ltr'><strong>sub</strong></span> <span class='ocrx_word' id='word_1_438' title='bbox 507 4275 602 4330; x_wconf 87' lang='lat' dir='ltr'><strong>hoc</strong></span> <span class='ocrx_word' id='word_1_439' title='bbox 635 4278 794 4332; x_wconf 86' lang='lat' dir='ltr'><strong>titulo</strong></span> <span class='ocrx_word' id='word_1_440' title='bbox 821 4296 838 4332; x_wconf 91' lang='lat'><strong><em>:</em></strong></span> <span class='ocrx_word' id='word_1_441' title='bbox 865 4280 1255 4350; x_wconf 86' lang='lat' dir='ltr'><strong>Episcoporum</strong></span> <span class='ocrx_word' id='word_1_442' title='bbox 1289 4283 1546 4336; x_wconf 80' lang='lat' dir='ltr'><strong>Romana</strong></span> <span class='ocrx_word' id='word_1_443' title='bbox 1583 4277 1735 4332; x_wconf 85' lang='lat' dir='ltr'><strong>urbis</strong></span> <span class='ocrx_word' id='word_1_444' title='bbox 1779 4280 2021 4332; x_wconf 87' lang='lat' dir='ltr'><strong>nomina.</strong></span> 
     </span>
    </p>
   </div>
   <div class='ocr_carea' id='block_1_68' title="bbox 439 4364 2024 4440">
    <p class='ocr_par' dir='ltr' id='par_1_68' title="bbox 439 4364 2024 4440">
     <span class='ocr_line' id='line_1_68' title="bbox 439 4364 2024 4440; baseline 0 -20"><span class='ocrx_word' id='word_1_445' title='bbox 439 4365 508 4420; x_wconf 90' lang='lat' dir='ltr'><strong>II.</strong></span> <span class='ocrx_word' id='word_1_446' title='bbox 556 4369 723 4424; x_wconf 88' lang='lat' dir='ltr'><strong>Num.</strong></span> <span class='ocrx_word' id='word_1_447' title='bbox 773 4364 865 4439; x_wconf 67' lang='lat'><strong>27,</strong></span> <span class='ocrx_word' id='word_1_448' title='bbox 918 4383 1042 4440; x_wconf 86' lang='lat' dir='ltr'><strong>pag.</strong></span> <span class='ocrx_word' id='word_1_449' title='bbox 1093 4367 1220 4439; x_wconf 78' lang='lat'><strong>626,</strong></span> <span class='ocrx_word' id='word_1_450' title='bbox 1263 4385 1332 4422; x_wconf 79' lang='lat' dir='ltr'><strong>ea:</strong></span> <span class='ocrx_word' id='word_1_451' title='bbox 1370 4382 1472 4422; x_wconf 89' lang='lat' dir='ltr'><strong>ms.</strong></span> <span class='ocrx_word' id='word_1_452' title='bbox 1513 4366 1708 4422; x_wconf 87' lang='lat' dir='ltr'><strong>Codice</strong></span> <span class='ocrx_word' id='word_1_453' title='bbox 1759 4367 2024 4421; x_wconf 89' lang='lat' dir='ltr'><strong>Vaticano</strong></span> 
     </span>
    </p>
   </div>
   <div class='ocr_carea' id='block_1_69' title="bbox 369 4450 2022 4526">
    <p class='ocr_par' dir='ltr' id='par_1_69' title="bbox 369 4450 2022 4526">
     <span class='ocr_line' id='line_1_69' title="bbox 369 4450 2022 4526; baseline 0.001 -17"><span class='ocrx_word' id='word_1_454' title='bbox 369 4450 526 4524; x_wconf 82' lang='grc'><strong>4353,</strong></span> <span class='ocrx_word' id='word_1_455' title='bbox 581 4459 681 4525; x_wconf 86' lang='lat' dir='ltr'><strong>qui</strong></span> <span class='ocrx_word' id='word_1_456' title='bbox 725 4456 1031 4526; x_wconf 79' lang='lat' dir='ltr'><strong>descriptus</strong></span> <span class='ocrx_word' id='word_1_457' title='bbox 1084 4462 1164 4512; x_wconf 87' lang='lat' dir='ltr'><strong>est</strong></span> <span class='ocrx_word' id='word_1_458' title='bbox 1212 4457 1313 4511; x_wconf 88' lang='lat' dir='ltr'><strong>sub</strong></span> <span class='ocrx_word' id='word_1_459' title='bbox 1359 4456 1531 4510; x_wconf 87' lang='lat' dir='ltr'><strong>Paulo</strong></span> <span class='ocrx_word' id='word_1_460' title='bbox 1577 4457 1654 4518; x_wconf 90' lang='lat' dir='ltr'><strong>II,</strong></span> <span class='ocrx_word' id='word_1_461' title='bbox 1703 4471 1770 4510; x_wconf 76' lang='lat' dir='ltr'><strong>ea</strong></span> <span class='ocrx_word' id='word_1_462' title='bbox 1818 4459 2022 4511; x_wconf 85' lang='lat' dir='ltr'><strong>vetusto</strong></span> 
     </span>
    </p>
   </div>
   <div class='ocr_carea' id='block_1_70' title="bbox 362 4541 1663 4612">
    <p class='ocr_par' dir='ltr' id='par_1_70' title="bbox 362 4541 1663 4612">
     <span class='ocr_line' id='line_1_70' title="bbox 362 4541 1663 4612; baseline 0.001 -13"><span class='ocrx_word' id='word_1_463' title='bbox 362 4543 558 4599; x_wconf 87' lang='lat' dir='ltr'><strong>Codice</strong></span> <span class='ocrx_word' id='word_1_464' title='bbox 584 4541 693 4599; x_wconf 87' lang='lat'><strong>808</strong></span> <span class='ocrx_word' id='word_1_465' title='bbox 711 4559 982 4598; x_wconf 77' lang='lat' dir='ltr'><strong>annorum</strong></span> <span class='ocrx_word' id='word_1_466' title='bbox 1009 4545 1241 4600; x_wconf 81' lang='lat' dir='ltr'><strong>ecclesia</strong></span> <span class='ocrx_word' id='word_1_467' title='bbox 1267 4545 1663 4612; x_wconf 88' lang='lat' dir='ltr'><strong>Pergamensis.</strong></span> 
     </span>
    </p>
   </div>
   <div class='ocr_carea' id='block_1_71' title="bbox 436 4633 2020 4706">
    <p class='ocr_par' dir='ltr' id='par_1_71' title="bbox 436 4633 2020 4706">
     <span class='ocr_line' id='line_1_71' title="bbox 436 4633 2020 4706; baseline 0.003 -18"><span class='ocrx_word' id='word_1_468' title='bbox 436 4634 598 4688; x_wconf 83' lang='lat' dir='ltr'><strong>Hunc</strong></span> <span class='ocrx_word' id='word_1_469' title='bbox 649 4646 784 4689; x_wconf 84' lang='lat' dir='ltr'><strong>vero</strong></span> <span class='ocrx_word' id='word_1_470' title='bbox 830 4633 1184 4706; x_wconf 91' lang='lat' dir='ltr'><strong>Catalogum,</strong></span> <span class='ocrx_word' id='word_1_471' title='bbox 1239 4634 1610 4705; x_wconf 86' lang='lat' dir='ltr'><strong>spectabilem</strong></span> <span class='ocrx_word' id='word_1_472' title='bbox 1671 4635 2020 4706; x_wconf 84' lang='lat' dir='ltr'><strong>antiquitate</strong></span> 
     </span>
    </p>
   </div>
   <div class='ocr_carea' id='block_1_72' title="bbox 363 4722 2019 4796">
    <p class='ocr_par' dir='ltr' id='par_1_72' title="bbox 363 4722 2019 4796">
     <span class='ocr_line' id='line_1_72' title="bbox 363 4722 2019 4796; baseline 0.001 -16"><span class='ocrx_word' id='word_1_473' title='bbox 363 4723 586 4780; x_wconf 90' lang='lat' dir='ltr'><strong>codicis</strong></span> <span class='ocrx_word' id='word_1_474' title='bbox 615 4722 767 4780; x_wconf 87' lang='lat' dir='ltr'><strong>unde</strong></span> <span class='ocrx_word' id='word_1_475' title='bbox 799 4723 1185 4794; x_wconf 91' lang='lat' dir='ltr'><strong>transcriptus</strong></span> <span class='ocrx_word' id='word_1_476' title='bbox 1207 4730 1315 4796; x_wconf 91' lang='lat' dir='ltr'><strong>est,</strong></span> <span class='ocrx_word' id='word_1_477' title='bbox 1343 4725 1534 4781; x_wconf 90' lang='lat' dir='ltr'><strong>reddit</strong></span> <span class='ocrx_word' id='word_1_478' title='bbox 1561 4725 2019 4781; x_wconf 87' lang='lat' dir='ltr'><strong>commendatio—</strong></span> 
     </span>
    </p>
   </div>
   <div class='ocr_carea' id='block_1_73' title="bbox 365 4811 2020 4885">
    <p class='ocr_par' dir='ltr' id='par_1_73' title="bbox 365 4811 2020 4885">
     <span class='ocr_line' id='line_1_73' title="bbox 365 4811 2020 4885; baseline 0.001 -16"><span class='ocrx_word' id='word_1_479' title='bbox 365 4825 483 4870; x_wconf 89' lang='lat' dir='ltr'><strong>rem</strong></span> <span class='ocrx_word' id='word_1_480' title='bbox 514 4813 664 4870; x_wconf 90' lang='lat' dir='ltr'><strong>ratio</strong></span> <span class='ocrx_word' id='word_1_481' title='bbox 705 4811 1116 4885; x_wconf 84' lang='lat' dir='ltr'><strong>chronoIOgia,</strong></span> <span class='ocrx_word' id='word_1_482' title='bbox 1159 4814 1511 4884; x_wconf 90' lang='lat' dir='ltr'><strong>respondens</strong></span> <span class='ocrx_word' id='word_1_483' title='bbox 1543 4815 1802 4871; x_wconf 88' lang='lat' dir='ltr'><strong>numeris</strong></span> <span class='ocrx_word' id='word_1_484' title='bbox 1831 4828 2020 4870; x_wconf 87' lang='lat' dir='ltr'><strong>anno—</strong></span> 
     </span>
    </p>
   </div>
   <div class='ocr_carea' id='block_1_74' title="bbox 367 4902 2017 4975">
    <p class='ocr_par' dir='ltr' id='par_1_74' title="bbox 367 4902 2017 4975">
     <span class='ocr_line' id='line_1_74' title="bbox 367 4902 2017 4975; baseline -0.001 -16"><span class='ocrx_word' id='word_1_485' title='bbox 367 4917 515 4975; x_wconf 93' lang='lat' dir='ltr'><strong>rum,</strong></span> <span class='ocrx_word' id='word_1_486' title='bbox 543 4903 828 4960; x_wconf 92' lang='lat' dir='ltr'><strong>mensium</strong></span> <span class='ocrx_word' id='word_1_487' title='bbox 854 4915 920 4958; x_wconf 90' lang='lat' dir='ltr'><strong>ac</strong></span> <span class='ocrx_word' id='word_1_488' title='bbox 941 4902 1171 4960; x_wconf 91' lang='lat' dir='ltr'><strong>dierum</strong></span> <span class='ocrx_word' id='word_1_489' title='bbox 1197 4903 1372 4973; x_wconf 89' lang='lat' dir='ltr'><strong>sedis,</strong></span> <span class='ocrx_word' id='word_1_490' title='bbox 1405 4904 1724 4975; x_wconf 89' lang='lat' dir='ltr'><strong>unicuique</strong></span> <span class='ocrx_word' id='word_1_491' title='bbox 1757 4903 2017 4973; x_wconf 88' lang='lat' dir='ltr'><strong>pontiﬁci</strong></span> 
     </span>
    </p>
   </div>
   <div class='ocr_carea' id='block_1_75' title="bbox 364 4991 2019 5064">
    <p class='ocr_par' dir='ltr' id='par_1_75' title="bbox 364 4991 2019 5064">
     <span class='ocr_line' id='line_1_75' title="bbox 364 4991 2019 5064; baseline 0 -16"><span class='ocrx_word' id='word_1_492' title='bbox 364 4991 604 5048; x_wconf 90' lang='lat' dir='ltr'><strong>tributis</strong></span> <span class='ocrx_word' id='word_1_493' title='bbox 631 4993 690 5048; x_wconf 92' lang='lat' dir='ltr'><strong>in</strong></span> <span class='ocrx_word' id='word_1_494' title='bbox 717 4996 941 5048; x_wconf 86' lang='lat' dir='ltr'><strong>vetusta</strong></span> <span class='ocrx_word' id='word_1_495' title='bbox 969 4992 1216 5064; x_wconf 88' lang='lat' dir='ltr'><strong>pictura,</strong></span> <span class='ocrx_word' id='word_1_496' title='bbox 1241 5007 1368 5064; x_wconf 86' lang='lat' dir='ltr'><strong>qua</strong></span> <span class='ocrx_word' id='word_1_497' title='bbox 1393 4997 1656 5064; x_wconf 89' lang='lat' dir='ltr'><strong>superest</strong></span> <span class='ocrx_word' id='word_1_498' title='bbox 1678 4993 1737 5048; x_wconf 90' lang='lat' dir='ltr'><strong>in</strong></span> <span class='ocrx_word' id='word_1_499' title='bbox 1771 4993 2019 5063; x_wconf 88' lang='lat' dir='ltr'><strong>parieti—</strong></span> 
     </span>
    </p>
   </div>
   <div class='ocr_carea' id='block_1_76' title="bbox 365 5079 2020 5154">
    <p class='ocr_par' dir='ltr' id='par_1_76' title="bbox 365 5079 2020 5154">
     <span class='ocr_line' id='line_1_76' title="bbox 365 5079 2020 5154; baseline 0.001 -18"><span class='ocrx_word' id='word_1_500' title='bbox 365 5079 474 5137; x_wconf 89' lang='lat' dir='ltr'><strong>bus</strong></span> <span class='ocrx_word' id='word_1_501' title='bbox 502 5082 760 5138; x_wconf 86' lang='lat' dir='ltr'><strong>Basilica</strong></span> <span class='ocrx_word' id='word_1_502' title='bbox 779 5083 834 5138; x_wconf 95' lang='lat' dir='ltr'><strong>S.</strong></span> <span class='ocrx_word' id='word_1_503' title='bbox 869 5081 1031 5138; x_wconf 91' lang='lat' dir='ltr'><strong>Pauli</strong></span> <span class='ocrx_word' id='word_1_504' title='bbox 1065 5081 1168 5138; x_wconf 87' lang='lat' dir='ltr'><strong>Via</strong></span> <span class='ocrx_word' id='word_1_505' title='bbox 1196 5082 1473 5154; x_wconf 90' lang='lat' dir='ltr'><strong>Ostiensi,</strong></span> <span class='ocrx_word' id='word_1_506' title='bbox 1502 5082 1692 5138; x_wconf 89' lang='lat' dir='ltr'><strong>atatis</strong></span> <span class='ocrx_word' id='word_1_507' title='bbox 1723 5095 1834 5137; x_wconf 93' lang='lat' dir='ltr'><strong>non</strong></span> <span class='ocrx_word' id='word_1_508' title='bbox 1863 5080 2020 5138; x_wconf 80' lang='lat' dir='ltr'><strong>infe-</strong></span> 
     </span>
    </p>
   </div>
   <div class='ocr_carea' id='block_1_77' title="bbox 368 5171 2019 5244">
    <p class='ocr_par' dir='ltr' id='par_1_77' title="bbox 368 5171 2019 5244">
     <span class='ocr_line' id='line_1_77' title="bbox 368 5171 2019 5244; baseline 0 -16"><span class='ocrx_word' id='word_1_509' title='bbox 368 5171 542 5228; x_wconf 88' lang='lat' dir='ltr'><strong>rioris</strong></span> <span class='ocrx_word' id='word_1_510' title='bbox 557 5173 827 5243; x_wconf 88' lang='lat' dir='ltr'><strong>Catalogo</strong></span> <span class='ocrx_word' id='word_1_511' title='bbox 849 5178 1159 5230; x_wconf 88' lang='lat' dir='ltr'><strong>memorato</strong></span> <span class='ocrx_word' id='word_1_512' title='bbox 1183 5185 1464 5230; x_wconf 91' lang='lat' dir='ltr'><strong>annorum</strong></span> <span class='ocrx_word' id='word_1_513' title='bbox 1489 5171 1616 5244; x_wconf 88' lang='lat'><strong>800,</strong></span> <span class='ocrx_word' id='word_1_514' title='bbox 1639 5173 1929 5242; x_wconf 90' lang='lat' dir='ltr'><strong>descripto</strong></span> <span class='ocrx_word' id='word_1_515' title='bbox 1950 5187 2019 5228; x_wconf 87' lang='lat' dir='ltr'><strong>ex</strong></span> 
     </span>
    </p>
   </div>
   <div class='ocr_carea' id='block_1_78' title="bbox 364 5260 2020 5334">
    <p class='ocr_par' dir='ltr' id='par_1_78' title="bbox 364 5260 2020 5334">
     <span class='ocr_line' id='line_1_78' title="bbox 364 5260 2020 5334; baseline 0.001 -18"><span class='ocrx_word' id='word_1_516' title='bbox 364 5260 560 5316; x_wconf 91' lang='lat' dir='ltr'><strong>codice</strong></span> <span class='ocrx_word' id='word_1_517' title='bbox 588 5261 842 5317; x_wconf 90' lang='lat' dir='ltr'><strong>ecclesia</strong></span> <span class='ocrx_word' id='word_1_518' title='bbox 873 5262 1284 5334; x_wconf 86' lang='lat' dir='ltr'><strong>Pergamensis,</strong></span> <span class='ocrx_word' id='word_1_519' title='bbox 1309 5261 1550 5319; x_wconf 83' lang='lat' dir='ltr'><strong>fortasse</strong></span> <span class='ocrx_word' id='word_1_520' title='bbox 1573 5262 1746 5318; x_wconf 89' lang='lat' dir='ltr'><strong>etiam</strong></span> <span class='ocrx_word' id='word_1_521' title='bbox 1777 5260 2020 5332; x_wconf 86' lang='lat' dir='ltr'><strong>aqualis</strong></span> 
     </span>
    </p>
   </div>
   <div class='ocr_carea' id='block_1_79' title="bbox 365 5349 2018 5425">
    <p class='ocr_par' dir='ltr' id='par_1_79' title="bbox 365 5349 2018 5425">
     <span class='ocr_line' id='line_1_79' title="bbox 365 5349 2018 5425; baseline 0 -19"><span class='ocrx_word' id='word_1_522' title='bbox 365 5349 522 5419; x_wconf 81' lang='lat' dir='ltr'><strong>Operi</strong></span> <span class='ocrx_word' id='word_1_523' title='bbox 555 5351 798 5422; x_wconf 83' lang='lat' dir='ltr'><strong>musivo,</strong></span> <span class='ocrx_word' id='word_1_524' title='bbox 827 5363 860 5406; x_wconf 92' lang='lat' dir='ltr'><strong>a</strong></span> <span class='ocrx_word' id='word_1_525' title='bbox 887 5351 940 5406; x_wconf 92' lang='lat' dir='ltr'><strong>S.</strong></span> <span class='ocrx_word' id='word_1_526' title='bbox 989 5353 1171 5408; x_wconf 90' lang='lat' dir='ltr'><strong>Leone</strong></span> <span class='ocrx_word' id='word_1_527' title='bbox 1199 5354 1402 5425; x_wconf 86' lang='lat' dir='ltr'><strong>Magno</strong></span> <span class='ocrx_word' id='word_1_528' title='bbox 1449 5353 1508 5408; x_wconf 93' lang='lat' dir='ltr'><strong>in</strong></span> <span class='ocrx_word' id='word_1_529' title='bbox 1547 5352 1744 5409; x_wconf 89' lang='lat' dir='ltr'><strong>eadem</strong></span> <span class='ocrx_word' id='word_1_530' title='bbox 1776 5350 2018 5407; x_wconf 91' lang='lat' dir='ltr'><strong>basilica</strong></span> 
     </span>
    </p>
   </div>
   <div class='ocr_carea' id='block_1_80' title="bbox 365 5439 2022 5513">
    <p class='ocr_par' dir='ltr' id='par_1_80' title="bbox 365 5439 2022 5513">
     <span class='ocr_line' id='line_1_80' title="bbox 365 5439 2022 5513; baseline 0.001 -21"><span class='ocrx_word' id='word_1_531' title='bbox 365 5441 722 5494; x_wconf 87' lang='lat' dir='ltr'><strong>constructo:</strong></span> <span class='ocrx_word' id='word_1_532' title='bbox 747 5443 809 5494; x_wconf 91' lang='lat' dir='ltr'><strong>ut</strong></span> <span class='ocrx_word' id='word_1_533' title='bbox 838 5439 1120 5508; x_wconf 86' lang='lat' dir='ltr'><strong>conjicere</strong></span> <span class='ocrx_word' id='word_1_534' title='bbox 1149 5440 1339 5513; x_wconf 83' lang='lat' dir='ltr'><strong>liceat,</strong></span> <span class='ocrx_word' id='word_1_535' title='bbox 1371 5441 1457 5498; x_wconf 89' lang='lat' dir='ltr'><strong>vel</strong></span> <span class='ocrx_word' id='word_1_536' title='bbox 1490 5441 1740 5512; x_wconf 90' lang='lat' dir='ltr'><strong>pictores</strong></span> <span class='ocrx_word' id='word_1_537' title='bbox 1767 5453 1800 5496; x_wconf 93' lang='lat' dir='ltr'><strong>a</strong></span> <span class='ocrx_word' id='word_1_538' title='bbox 1831 5439 2022 5496; x_wconf 90' lang='lat' dir='ltr'><strong>libra-</strong></span> 
     </span>
    </p>
   </div>
   <div class='ocr_carea' id='block_1_81' title="bbox 2137 4271 3791 4346">
    <p class='ocr_par' dir='ltr' id='par_1_81' title="bbox 2137 4271 3791 4346">
     <span class='ocr_line' id='line_1_81' title="bbox 2137 4271 3791 4346; baseline 0.004 -19"><span class='ocrx_word' id='word_1_539' title='bbox 2137 4272 2234 4328; x_wconf 95' lang='lat' dir='ltr'><strong>nio</strong></span> <span class='ocrx_word' id='word_1_540' title='bbox 2273 4277 2329 4328; x_wconf 91' lang='lat' dir='ltr'><strong>et</strong></span> <span class='ocrx_word' id='word_1_541' title='bbox 2373 4286 2405 4328; x_wconf 87' lang='lat' dir='ltr'><strong>a</strong></span> <span class='ocrx_word' id='word_1_542' title='bbox 2448 4271 2854 4329; x_wconf 89' lang='lat' dir='ltr'><strong>Schelestratio</strong></span> <span class='ocrx_word' id='word_1_543' title='bbox 2887 4291 2900 4327; x_wconf 91' lang='lat'><strong>:</strong></span> <span class='ocrx_word' id='word_1_544' title='bbox 2935 4274 3106 4342; x_wconf 91' lang='lat' dir='ltr'><strong>cujus</strong></span> <span class='ocrx_word' id='word_1_545' title='bbox 3157 4279 3450 4344; x_wconf 86' lang='lat' dir='ltr'><strong>pr0pterea</strong></span> <span class='ocrx_word' id='word_1_546' title='bbox 3498 4277 3791 4346; x_wconf 88' lang='lat' dir='ltr'><strong>specimen</strong></span> 
     </span>
    </p>
   </div>
   <div class='ocr_carea' id='block_1_82' title="bbox 2131 4362 3788 4434">
    <p class='ocr_par' dir='ltr' id='par_1_82' title="bbox 2131 4362 3788 4434">
     <span class='ocr_line' id='line_1_82' title="bbox 2131 4362 3788 4434; baseline 0.004 -16"><span class='ocrx_word' id='word_1_547' title='bbox 2131 4363 2434 4434; x_wconf 84' lang='lat' dir='ltr'><strong>exhibebo,</strong></span> <span class='ocrx_word' id='word_1_548' title='bbox 2467 4368 2533 4419; x_wconf 90' lang='lat' dir='ltr'><strong>ut</strong></span> <span class='ocrx_word' id='word_1_549' title='bbox 2555 4362 2803 4420; x_wconf 90' lang='lat' dir='ltr'><strong>conferri</strong></span> <span class='ocrx_word' id='word_1_550' title='bbox 2831 4363 3016 4434; x_wconf 90' lang='lat' dir='ltr'><strong>possit</strong></span> <span class='ocrx_word' id='word_1_551' title='bbox 3043 4377 3172 4420; x_wconf 91' lang='lat' dir='ltr'><strong>cum</strong></span> <span class='ocrx_word' id='word_1_552' title='bbox 3205 4365 3517 4434; x_wconf 88' lang='lat' dir='ltr'><strong>specimine</strong></span> <span class='ocrx_word' id='word_1_553' title='bbox 3547 4369 3788 4425; x_wconf 90' lang='lat' dir='ltr'><strong>secundi</strong></span> 
     </span>
    </p>
   </div>
   <div class='ocr_carea' id='block_1_83' title="bbox 2135 4449 3786 4524">
    <p class='ocr_par' dir='ltr' id='par_1_83' title="bbox 2135 4449 3786 4524">
     <span class='ocr_line' id='line_1_83' title="bbox 2135 4449 3786 4524; baseline 0.003 -18"><span class='ocrx_word' id='word_1_554' title='bbox 2135 4449 2298 4507; x_wconf 91' lang='lat' dir='ltr'><strong>illius</strong></span> <span class='ocrx_word' id='word_1_555' title='bbox 2318 4450 2562 4523; x_wconf 81' lang='lat' dir='ltr'><strong>cataIOgi</strong></span> <span class='ocrx_word' id='word_1_556' title='bbox 2583 4451 2906 4521; x_wconf 88' lang='lat' dir='ltr'><strong>Corbeiani,</strong></span> <span class='ocrx_word' id='word_1_557' title='bbox 2932 4451 3159 4524; x_wconf 90' lang='lat' dir='ltr'><strong>vulgato</strong></span> <span class='ocrx_word' id='word_1_558' title='bbox 3181 4465 3281 4522; x_wconf 92' lang='lat' dir='ltr'><strong>per</strong></span> <span class='ocrx_word' id='word_1_559' title='bbox 3300 4451 3699 4510; x_wconf 87' lang='lat' dir='ltr'><strong>Mabillonium</strong></span> <span class='ocrx_word' id='word_1_560' title='bbox 3727 4455 3786 4512; x_wconf 90' lang='lat' dir='ltr'><strong>in</strong></span> 
     </span>
    </p>
   </div>
   <div class='ocr_carea' id='block_1_84' title="bbox 2131 4540 3786 4614">
    <p class='ocr_par' dir='ltr' id='par_1_84' title="bbox 2131 4540 3786 4614">
     <span class='ocr_line' id='line_1_84' title="bbox 2131 4540 3786 4614; baseline 0.002 -16"><span class='ocrx_word' id='word_1_561' title='bbox 2131 4540 2282 4598; x_wconf 77' lang='lat' dir='ltr'><strong>libro</strong></span> <span class='ocrx_word' id='word_1_562' title='bbox 2316 4555 2350 4597; x_wconf 87' lang='lat' dir='ltr'><strong>v</strong></span> <span class='ocrx_word' id='word_1_563' title='bbox 2388 4542 2458 4598; x_wconf 91' lang='lat' dir='ltr'><strong>de</strong></span> <span class='ocrx_word' id='word_1_564' title='bbox 2495 4541 2573 4596; x_wconf 85' lang='lat' dir='ltr'><strong>Re</strong></span> <span class='ocrx_word' id='word_1_565' title='bbox 2609 4541 3012 4612; x_wconf 90' lang='lat' dir='ltr'><strong>Diplomatica,</strong></span> <span class='ocrx_word' id='word_1_566' title='bbox 3059 4541 3267 4598; x_wconf 90' lang='lat' dir='ltr'><strong>tabella</strong></span> <span class='ocrx_word' id='word_1_567' title='bbox 3309 4555 3436 4610; x_wconf 83' lang='lat' dir='ltr'><strong>vm,</strong></span> <span class='ocrx_word' id='word_1_568' title='bbox 3485 4556 3610 4614; x_wconf 89' lang='lat' dir='ltr'><strong>pag.</strong></span> <span class='ocrx_word' id='word_1_569' title='bbox 3654 4541 3786 4601; x_wconf 80' lang='lat'><strong>359.</strong></span> 
     </span>
    </p>
   </div>
   <div class='ocr_carea' id='block_1_85' title="bbox 2130 4631 3789 4704">
    <p class='ocr_par' dir='ltr' id='par_1_85' title="bbox 2130 4631 3789 4704">
     <span class='ocr_line' id='line_1_85' title="bbox 2130 4631 3789 4704; baseline 0.001 -15"><span class='ocrx_word' id='word_1_570' title='bbox 2130 4633 2329 4690; x_wconf 91' lang='lat' dir='ltr'><strong>Visum</strong></span> <span class='ocrx_word' id='word_1_571' title='bbox 2367 4636 2456 4687; x_wconf 88' lang='lat' dir='ltr'><strong>est</strong></span> <span class='ocrx_word' id='word_1_572' title='bbox 2496 4631 2638 4686; x_wconf 90' lang='lat' dir='ltr'><strong>mihi</strong></span> <span class='ocrx_word' id='word_1_573' title='bbox 2679 4632 2794 4688; x_wconf 92' lang='lat' dir='ltr'><strong>duo</strong></span> <span class='ocrx_word' id='word_1_574' title='bbox 2835 4631 2953 4686; x_wconf 89' lang='lat' dir='ltr'><strong>hac</strong></span> <span class='ocrx_word' id='word_1_575' title='bbox 3000 4631 3318 4702; x_wconf 90' lang='lat' dir='ltr'><strong>specimina</strong></span> <span class='ocrx_word' id='word_1_576' title='bbox 3364 4645 3488 4688; x_wconf 89' lang='lat' dir='ltr'><strong>esse</strong></span> <span class='ocrx_word' id='word_1_577' title='bbox 3533 4634 3789 4704; x_wconf 86' lang='lat' dir='ltr'><strong>conjun-</strong></span> 
     </span>
    </p>
   </div>
   <div class='ocr_carea' id='block_1_86' title="bbox 2129 4721 3786 4794">
    <p class='ocr_par' dir='ltr' id='par_1_86' title="bbox 2129 4721 3786 4794">
     <span class='ocr_line' id='line_1_86' title="bbox 2129 4721 3786 4794; baseline 0.001 -17"><span class='ocrx_word' id='word_1_578' title='bbox 2129 4722 2329 4794; x_wconf 89' lang='lat' dir='ltr'><strong>genda,</strong></span> <span class='ocrx_word' id='word_1_579' title='bbox 2356 4727 2423 4778; x_wconf 87' lang='lat' dir='ltr'><strong>ut</strong></span> <span class='ocrx_word' id='word_1_580' title='bbox 2445 4721 2772 4778; x_wconf 88' lang='lat' dir='ltr'><strong>evidentius</strong></span> <span class='ocrx_word' id='word_1_581' title='bbox 2798 4723 3031 4793; x_wconf 89' lang='lat' dir='ltr'><strong>agnosci</strong></span> <span class='ocrx_word' id='word_1_582' title='bbox 3062 4722 3244 4792; x_wconf 89' lang='lat' dir='ltr'><strong>possit</strong></span> <span class='ocrx_word' id='word_1_583' title='bbox 3263 4721 3586 4792; x_wconf 86' lang='lat' dir='ltr'><strong>antiquitas</strong></span> <span class='ocrx_word' id='word_1_584' title='bbox 3607 4721 3786 4779; x_wconf 85' lang='lat' dir='ltr'><strong>ferme</strong></span> 
     </span>
    </p>
   </div>
   <div class='ocr_carea' id='block_1_87' title="bbox 2129 4809 3781 4882">
    <p class='ocr_par' dir='ltr' id='par_1_87' title="bbox 2129 4809 3781 4882">
     <span class='ocr_line' id='line_1_87' title="bbox 2129 4809 3781 4882; baseline 0.001 -16"><span class='ocrx_word' id='word_1_585' title='bbox 2129 4825 2231 4882; x_wconf 89' lang='lat' dir='ltr'><strong>par</strong></span> <span class='ocrx_word' id='word_1_586' title='bbox 2253 4810 2487 4867; x_wconf 91' lang='lat' dir='ltr'><strong>illorum</strong></span> <span class='ocrx_word' id='word_1_587' title='bbox 2512 4809 2797 4881; x_wconf 91' lang='lat' dir='ltr'><strong>codicum,</strong></span> <span class='ocrx_word' id='word_1_588' title='bbox 2828 4810 3064 4880; x_wconf 88' lang='lat' dir='ltr'><strong>probata</strong></span> <span class='ocrx_word' id='word_1_589' title='bbox 3091 4824 3190 4880; x_wconf 89' lang='lat' dir='ltr'><strong>per</strong></span> <span class='ocrx_word' id='word_1_590' title='bbox 3219 4810 3376 4866; x_wconf 85' lang='lat' dir='ltr'><strong>viros</strong></span> <span class='ocrx_word' id='word_1_591' title='bbox 3400 4809 3781 4882; x_wconf 87' lang='lat' dir='ltr'><strong>clarissimos,</strong></span> 
     </span>
    </p>
   </div>
   <div class='ocr_carea' id='block_1_88' title="bbox 2127 4898 3781 4968">
    <p class='ocr_par' dir='ltr' id='par_1_88' title="bbox 2127 4898 3781 4968">
     <span class='ocr_line' id='line_1_88' title="bbox 2127 4898 3781 4968; baseline -0.001 -10"><span class='ocrx_word' id='word_1_592' title='bbox 2127 4910 2183 4958; x_wconf 92' lang='lat' dir='ltr'><strong>et</strong></span> <span class='ocrx_word' id='word_1_593' title='bbox 2213 4901 2271 4957; x_wconf 93' lang='lat' dir='ltr'><strong>in</strong></span> <span class='ocrx_word' id='word_1_594' title='bbox 2301 4914 2366 4956; x_wconf 88' lang='lat' dir='ltr'><strong>ea</strong></span> <span class='ocrx_word' id='word_1_595' title='bbox 2397 4899 2668 4956; x_wconf 81' lang='lat' dir='ltr'><strong>facultate</strong></span> <span class='ocrx_word' id='word_1_596' title='bbox 2693 4898 2922 4968; x_wconf 88' lang='lat' dir='ltr'><strong>judices</strong></span> <span class='ocrx_word' id='word_1_597' title='bbox 2952 4900 3197 4956; x_wconf 91' lang='lat' dir='ltr'><strong>maxime</strong></span> <span class='ocrx_word' id='word_1_598' title='bbox 3239 4900 3476 4957; x_wconf 88' lang='lat' dir='ltr'><strong>idoneos</strong></span> <span class='ocrx_word' id='word_1_599' title='bbox 3507 4899 3781 4957; x_wconf 82' lang='lat' dir='ltr'><strong>Mabillo-</strong></span> 
     </span>
    </p>
   </div>
   <div class='ocr_carea' id='block_1_89' title="bbox 2129 4989 2901 5048">
    <p class='ocr_par' dir='ltr' id='par_1_89' title="bbox 2129 4989 2901 5048">
     <span class='ocr_line' id='line_1_89' title="bbox 2129 4989 2901 5048; baseline -0.004 -1"><span class='ocrx_word' id='word_1_600' title='bbox 2129 4990 2290 5048; x_wconf 92' lang='lat' dir='ltr'><strong>nium</strong></span> <span class='ocrx_word' id='word_1_601' title='bbox 2319 4995 2377 5046; x_wconf 89' lang='lat' dir='ltr'><strong>et</strong></span> <span class='ocrx_word' id='word_1_602' title='bbox 2405 4989 2901 5046; x_wconf 91' lang='lat' dir='ltr'><strong>Schelestratium.</strong></span> 
     </span>
    </p>
   </div>
   <div class='ocr_carea' id='block_1_90' title="bbox 2197 5078 3786 5152">
    <p class='ocr_par' dir='ltr' id='par_1_90' title="bbox 2197 5078 3786 5152">
     <span class='ocr_line' id='line_1_90' title="bbox 2197 5078 3786 5152; baseline 0 -16"><span class='ocrx_word' id='word_1_603' title='bbox 2197 5078 2250 5136; x_wconf 84' lang='grc'><strong>5.</strong></span> <span class='ocrx_word' id='word_1_604' title='bbox 2282 5081 2556 5136; x_wconf 88' lang='lat' dir='ltr'><strong>Succedet</strong></span> <span class='ocrx_word' id='word_1_605' title='bbox 2585 5079 2852 5150; x_wconf 86' lang='lat' dir='ltr'><strong>prasulis</strong></span> <span class='ocrx_word' id='word_1_606' title='bbox 2893 5079 3065 5134; x_wconf 89' lang='lat' dir='ltr'><strong>istius</strong></span> <span class='ocrx_word' id='word_1_607' title='bbox 3096 5079 3432 5136; x_wconf 88' lang='lat' dir='ltr'><strong>dissertatio</strong></span> <span class='ocrx_word' id='word_1_608' title='bbox 3463 5079 3684 5152; x_wconf 87' lang='lat' dir='ltr'><strong>integra</strong></span> <span class='ocrx_word' id='word_1_609' title='bbox 3715 5082 3786 5136; x_wconf 84' lang='lat' dir='ltr'><strong>de</strong></span> 
     </span>
    </p>
   </div>
   <div class='ocr_carea' id='block_1_91' title="bbox 2126 5169 3783 5240">
    <p class='ocr_par' dir='ltr' id='par_1_91' title="bbox 2126 5169 3783 5240">
     <span class='ocr_line' id='line_1_91' title="bbox 2126 5169 3783 5240; baseline 0.002 -16"><span class='ocrx_word' id='word_1_610' title='bbox 2126 5170 2390 5240; x_wconf 86' lang='lat' dir='ltr'><strong>Antiquis</strong></span> <span class='ocrx_word' id='word_1_611' title='bbox 2440 5173 2806 5226; x_wconf 85' lang='lat' dir='ltr'><strong>Romanorum</strong></span> <span class='ocrx_word' id='word_1_612' title='bbox 2862 5171 3184 5240; x_wconf 87' lang='lat' dir='ltr'><strong>Pontiﬁcum</strong></span> <span class='ocrx_word' id='word_1_613' title='bbox 3250 5169 3546 5238; x_wconf 75' lang='lat' dir='ltr'><strong>Catalogis,</strong></span> <span class='ocrx_word' id='word_1_614' title='bbox 3607 5184 3783 5240; x_wconf 87' lang='lat' dir='ltr'><strong>quam</strong></span> 
     </span>
    </p>
   </div>
   <div class='ocr_carea' id='block_1_92' title="bbox 2130 5257 3780 5331">
    <p class='ocr_par' dir='ltr' id='par_1_92' title="bbox 2130 5257 3780 5331">
     <span class='ocr_line' id='line_1_92' title="bbox 2130 5257 3780 5331; baseline 0.001 -15"><span class='ocrx_word' id='word_1_615' title='bbox 2130 5261 2502 5330; x_wconf 90' lang='lat' dir='ltr'><strong>promiseram</strong></span> <span class='ocrx_word' id='word_1_616' title='bbox 2559 5260 2618 5316; x_wconf 91' lang='lat' dir='ltr'><strong>in</strong></span> <span class='ocrx_word' id='word_1_617' title='bbox 2675 5260 3008 5331; x_wconf 81' lang='lat' dir='ltr'><strong>prai’atione</strong></span> <span class='ocrx_word' id='word_1_618' title='bbox 3056 5259 3272 5330; x_wconf 89' lang='lat' dir='ltr'><strong>prioris</strong></span> <span class='ocrx_word' id='word_1_619' title='bbox 3316 5260 3477 5331; x_wconf 87' lang='lat' dir='ltr'><strong>tomi,</strong></span> <span class='ocrx_word' id='word_1_620' title='bbox 3530 5272 3686 5315; x_wconf 93' lang='lat' dir='ltr'><strong>num.</strong></span> <span class='ocrx_word' id='word_1_621' title='bbox 3721 5257 3780 5330; x_wconf 83' lang='lat'><strong>2,</strong></span> 
     </span>
    </p>
   </div>
   <div class='ocr_carea' id='block_1_93' title="bbox 2127 5349 3779 5420">
    <p class='ocr_par' dir='ltr' id='par_1_93' title="bbox 2127 5349 3779 5420">
     <span class='ocr_line' id='line_1_93' title="bbox 2127 5349 3779 5420; baseline 0 -14"><span class='ocrx_word' id='word_1_622' title='bbox 2127 5349 2346 5406; x_wconf 90' lang='lat' dir='ltr'><strong>editum</strong></span> <span class='ocrx_word' id='word_1_623' title='bbox 2371 5350 2446 5405; x_wconf 89' lang='lat' dir='ltr'><strong>iri</strong></span> <span class='ocrx_word' id='word_1_624' title='bbox 2467 5355 2599 5406; x_wconf 91' lang='lat' dir='ltr'><strong>ante</strong></span> <span class='ocrx_word' id='word_1_625' title='bbox 2622 5357 2784 5407; x_wconf 89' lang='lat' dir='ltr'><strong>notas</strong></span> <span class='ocrx_word' id='word_1_626' title='bbox 2805 5351 3097 5407; x_wconf 89' lang='lat' dir='ltr'><strong>variorum</strong></span> <span class='ocrx_word' id='word_1_627' title='bbox 3123 5350 3191 5406; x_wconf 90' lang='lat' dir='ltr'><strong>ad</strong></span> <span class='ocrx_word' id='word_1_628' title='bbox 3216 5365 3364 5420; x_wconf 90' lang='lat' dir='ltr'><strong>opus</strong></span> <span class='ocrx_word' id='word_1_629' title='bbox 3385 5349 3779 5417; x_wconf 84' lang='lat' dir='ltr'><strong>Anastasium,</strong></span> 
     </span>
    </p>
   </div>
   <div class='ocr_carea' id='block_1_94' title="bbox 2127 5439 3786 5511">
    <p class='ocr_par' dir='ltr' id='par_1_94' title="bbox 2127 5439 3786 5511">
     <span class='ocr_line' id='line_1_94' title="bbox 2127 5439 3786 5511; baseline 0.001 -16"><span class='ocrx_word' id='word_1_630' title='bbox 2127 5453 2255 5496; x_wconf 90' lang='lat' dir='ltr'><strong>cum</strong></span> <span class='ocrx_word' id='word_1_631' title='bbox 2277 5439 2358 5496; x_wconf 89' lang='lat' dir='ltr'><strong>sit</strong></span> <span class='ocrx_word' id='word_1_632' title='bbox 2378 5439 2750 5496; x_wconf 91' lang='lat' dir='ltr'><strong>manuductio</strong></span> <span class='ocrx_word' id='word_1_633' title='bbox 2771 5440 3087 5510; x_wconf 88' lang='lat' dir='ltr'><strong>tutissima,</strong></span> <span class='ocrx_word' id='word_1_634' title='bbox 3109 5446 3165 5496; x_wconf 89' lang='lat' dir='ltr'><strong>et</strong></span> <span class='ocrx_word' id='word_1_635' title='bbox 3184 5439 3632 5496; x_wconf 90' lang='lat' dir='ltr'><strong>commentarius</strong></span> <span class='ocrx_word' id='word_1_636' title='bbox 3653 5441 3786 5511; x_wconf 90' lang='lat' dir='ltr'><strong>qui-</strong></span> 
     </span>
    </p>
   </div>
   <div class='ocr_carea' id='block_1_95' title="bbox 368 5522 3779 5602">
    <p class='ocr_par' dir='ltr' id='par_1_95' title="bbox 368 5522 3779 5602">
     <span class='ocr_line' id='line_1_95' title="bbox 368 5522 3779 5602; baseline 0.002 -20"><span class='ocrx_word' id='word_1_637' title='bbox 368 5525 498 5596; x_wconf 91' lang='lat' dir='ltr'><strong>riis,</strong></span> <span class='ocrx_word' id='word_1_638' title='bbox 515 5525 601 5582; x_wconf 94' lang='lat' dir='ltr'><strong>vel</strong></span> <span class='ocrx_word' id='word_1_639' title='bbox 620 5526 1296 5601; x_wconf 89' lang='lat' dir='ltr'><strong>librariosapictoribus,</strong></span> <span class='ocrx_word' id='word_1_640' title='bbox 1322 5530 1408 5587; x_wconf 88' lang='lat' dir='ltr'><strong>vel</strong></span> <span class='ocrx_word' id='word_1_641' title='bbox 1429 5536 1705 5602; x_wconf 90' lang='lat' dir='ltr'><strong>utrosque</strong></span> <span class='ocrx_word' id='word_1_642' title='bbox 1719 5527 1790 5586; x_wconf 90' lang='lat' dir='ltr'><strong>ab</strong></span> <span class='ocrx_word' id='word_1_643' title='bbox 1810 5529 2015 5586; x_wconf 90' lang='lat' dir='ltr'><strong>iisdem</strong></span> <span class='ocrx_word' id='word_1_644' title='bbox 2050 5522 2104 5584; x_wconf 93' lang='lat' dir='ltr'><strong>D</strong></span> <span class='ocrx_word' id='word_1_645' title='bbox 2124 5529 2253 5586; x_wconf 91' lang='lat' dir='ltr'><strong>dam</strong></span> <span class='ocrx_word' id='word_1_646' title='bbox 2289 5537 2597 5600; x_wconf 91' lang='lat' dir='ltr'><strong>perpetuus</strong></span> <span class='ocrx_word' id='word_1_647' title='bbox 2621 5531 2689 5586; x_wconf 91' lang='lat' dir='ltr'><strong>ad</strong></span> <span class='ocrx_word' id='word_1_648' title='bbox 2719 5531 3070 5602; x_wconf 89' lang='lat' dir='ltr'><strong>pontiﬁcalis</strong></span> <span class='ocrx_word' id='word_1_649' title='bbox 3102 5529 3362 5586; x_wconf 89' lang='lat' dir='ltr'><strong>historia</strong></span> <span class='ocrx_word' id='word_1_650' title='bbox 3386 5529 3686 5586; x_wconf 86' lang='lat' dir='ltr'><strong>veritatem</strong></span> <span class='ocrx_word' id='word_1_651' title='bbox 3717 5531 3779 5588; x_wconf 90' lang='lat' dir='ltr'><strong>in</strong></span> 
     </span>
    </p>
   </div>
   <div class='ocr_carea' id='block_1_96' title="bbox 365 5612 2018 5692">
    <p class='ocr_par' dir='ltr' id='par_1_96' title="bbox 365 5612 2018 5692">
     <span class='ocr_line' id='line_1_96' title="bbox 365 5612 2018 5692; baseline 0.002 -21"><span class='ocrx_word' id='word_1_652' title='bbox 365 5612 628 5672; x_wconf 89' lang='lat' dir='ltr'><strong>fontibus</strong></span> <span class='ocrx_word' id='word_1_653' title='bbox 648 5614 912 5672; x_wconf 87' lang='lat' dir='ltr'><strong>hausisse</strong></span> <span class='ocrx_word' id='word_1_654' title='bbox 932 5615 1264 5686; x_wconf 88' lang='lat' dir='ltr'><strong>bujusmodi</strong></span> <span class='ocrx_word' id='word_1_655' title='bbox 1287 5619 1718 5692; x_wconf 85' lang='lat' dir='ltr'><strong>cbronologiam</strong></span> <span class='ocrx_word' id='word_1_656' title='bbox 1739 5637 1752 5674; x_wconf 88' lang='lat'><strong>:</strong></span> <span class='ocrx_word' id='word_1_657' title='bbox 1775 5619 1862 5676; x_wconf 89' lang='lat' dir='ltr'><strong>uti</strong></span> <span class='ocrx_word' id='word_1_658' title='bbox 1883 5618 2018 5676; x_wconf 91' lang='lat' dir='ltr'><strong>dili-</strong></span> 
     </span>
    </p>
   </div>
   <div class='ocr_carea' id='block_1_97' title="bbox 365 5705 2014 5782">
    <p class='ocr_par' dir='ltr' id='par_1_97' title="bbox 365 5705 2014 5782">
     <span class='ocr_line' id='line_1_97' title="bbox 365 5705 2014 5782; baseline 0.001 -18"><span class='ocrx_word' id='word_1_659' title='bbox 365 5705 598 5779; x_wconf 80' lang='lat' dir='ltr'><strong>gentius</strong></span> <span class='ocrx_word' id='word_1_660' title='bbox 641 5705 1058 5765; x_wconf 86' lang='lat' dir='ltr'><strong>observandum</strong></span> <span class='ocrx_word' id='word_1_661' title='bbox 1105 5722 1416 5780; x_wconf 87' lang='lat' dir='ltr'><strong>pr0ponam</strong></span> <span class='ocrx_word' id='word_1_662' title='bbox 1470 5714 1602 5767; x_wconf 83' lang='lat' dir='ltr'><strong>ante</strong></span> <span class='ocrx_word' id='word_1_663' title='bbox 1646 5715 2014 5782; x_wconf 90' lang='lat' dir='ltr'><strong>conspectum</strong></span> 
     </span>
    </p>
   </div>
   <div class='ocr_carea' id='block_1_98' title="bbox 2125 5618 3029 5692">
    <p class='ocr_par' dir='ltr' id='par_1_98' title="bbox 2125 5618 3029 5692">
     <span class='ocr_line' id='line_1_98' title="bbox 2125 5618 3029 5692; baseline 0 -18"><span class='ocrx_word' id='word_1_664' title='bbox 2125 5618 2286 5676; x_wconf 84' lang='lat' dir='ltr'><strong>hisce</strong></span> <span class='ocrx_word' id='word_1_665' title='bbox 2313 5619 2463 5676; x_wconf 86' lang='lat' dir='ltr'><strong>Vitis</strong></span> <span class='ocrx_word' id='word_1_666' title='bbox 2493 5620 3029 5692; x_wconf 77' lang='lat' dir='ltr'><strong>recognoscendam.</strong></span> 
     </span>
    </p>
   </div>
   <div class='ocr_carea' id='block_1_99' title="bbox 2193 5707 3777 5768">
    <p class='ocr_par' dir='ltr' id='par_1_99' title="bbox 2193 5707 3777 5768">
     <span class='ocr_line' id='line_1_99' title="bbox 2193 5707 3777 5768; baseline 0.001 -1"><span class='ocrx_word' id='word_1_667' title='bbox 2193 5707 2248 5767; x_wconf 91' lang='lat'><strong>6.</strong></span> <span class='ocrx_word' id='word_1_668' title='bbox 2282 5709 2406 5767; x_wconf 90' lang='lat' dir='ltr'><strong>Non</strong></span> <span class='ocrx_word' id='word_1_669' title='bbox 2444 5709 2548 5768; x_wconf 88' lang='lat' dir='ltr'><strong>abs</strong></span> <span class='ocrx_word' id='word_1_670' title='bbox 2579 5723 2641 5768; x_wconf 92' lang='lat' dir='ltr'><strong>re</strong></span> <span class='ocrx_word' id='word_1_671' title='bbox 2675 5723 2798 5768; x_wconf 89' lang='lat' dir='ltr'><strong>esse</strong></span> <span class='ocrx_word' id='word_1_672' title='bbox 2835 5710 2976 5768; x_wconf 91' lang='lat' dir='ltr'><strong>duxi</strong></span> <span class='ocrx_word' id='word_1_673' title='bbox 3021 5709 3258 5768; x_wconf 88' lang='lat' dir='ltr'><strong>alteram</strong></span> <span class='ocrx_word' id='word_1_674' title='bbox 3301 5708 3777 5768; x_wconf 89' lang='lat' dir='ltr'><strong>Dissertationem</strong></span> 
     </span>
    </p>
   </div>
  </div>
