3996 6402
122 374 224 432 105

1421 365 1779 425 PREFATIO
1824 365 1917 422 AD
1958 364 2128 422 TOM.
2190 364 2257 420 Il.

3454 368 3561 429 406

114 505 367 555 attexere
423 500 490 554 de
540 499 809 569 Antiquis
864 499 1141 566 Catalogis
1195 498 1514 567 pontiﬁcum
1569 496 1777 549 Roma-
1805 486 1866 548 A
1903 492 1962 548 in
1994 507 2171 550 unum
2202 493 2458 550 codicem
2487 508 2619 552 cum
2650 497 3046 554 vetustissima
3074 498 3416 555 collectione
3444 500 3548 556 In-

116 603 332 642 norum.

184 676 346 732 Licet
375 676 530 733 enim
561 674 834 734 laudatus
865 676 1074 747 prasul
1108 680 1191 732 tot
1218 674 1489 746 praclara
1515 670 1784 729 conscri-

118 766 301 836 pserit
321 767 395 822 de
424 767 530 824 hoc
559 772 900 838 argumento
930 767 989 821 in
1017 768 1324 821 memorata
1345 762 1780 832 dissertatione,

117 863 181 911 ut
213 871 457 913 messem
486 857 719 914 uberem
746 857 968 913 selecta
996 855 1350 913 eruditionis
1375 853 1643 910 attulerit
1668 852 1784 907 sin-

120 944 275 1014 gulis
312 944 492 1002 ferme
523 947 585 1003 in
629 946 941 1017 capitibus,
974 952 1222 1002 attamen
1263 943 1569 1015 spicilegia
1614 940 1785 997 nobis

120 1032 365 1105 reliquit
414 1049 529 1092 non
578 1035 1011 1105 contemnenda,
1058 1034 1376 1105 prasertim
1425 1045 1557 1088 cum
1592 1030 1784 1101 ipsius

117 1124 469 1194 disquisitio
498 1130 759 1182 versetur
790 1125 1077 1195 pracipue
1106 1124 1261 1180 circa
1286 1124 1436 1179 duos
1460 1120 1785 1192 Cata10gos,

121 1213 222 1284 qui
264 1214 475 1271 merito
509 1213 795 1271 habentur
826 1215 1099 1285 potiores,
1134 1214 1387 1284 primum
1417 1211 1526 1268 sub
1558 1210 1789 1267 Liberio

120 1302 456 1375 collectum,
492 1303 737 1361 alterum
760 1303 867 1360 sub
892 1303 1131 1377 Vigilio,
1166 1309 1479 1373 utrumque
1499 1305 1789 1357 servatum

119 1392 419 1449 veteribus
450 1393 511 1449 in
545 1393 934 1464 membranis;
966 1393 1154 1450 obiter
1186 1407 1320 1450 vero
1350 1390 1613 1463 attigerit
1641 1389 1792 1446 alios

116 1480 449 1552 Catalogos,
479 1486 535 1537 et
563 1482 660 1538 vix
686 1482 1031 1538 indicaverit
1062 1481 1369 1537 historiam
1394 1484 1451 1535 et
1474 1477 1793 1534 chronolo-

120 1570 271 1641 giam
296 1569 563 1642 illorum,
588 1572 689 1642 qui
716 1570 1206 1641 patriarchalibus
1225 1570 1284 1625 in
1307 1569 1573 1625 basilicis
1594 1567 1788 1637 Urbis,

121 1658 520 1726 Lateranensi,
566 1659 862 1730 Vaticana,
908 1664 965 1715 et
990 1659 1047 1715 S.
1093 1658 1257 1729 Pauli
1290 1658 1383 1714 via
1411 1655 1666 1714 Ostiensi
1704 1656 1794 1712 de-

121 1746 262 1816 picti
311 1747 654 1818 antiquitus
700 1748 1074 1805 visebantur:
1124 1761 1371 1818 quarum
1406 1747 1464 1802 in
1509 1749 1794 1816 postrema

1896 583 2279 653 scriptionum
2300 583 2707 654 Romanarum,
2742 585 2801 640 in
2818 586 2968 643 Urbe
2985 588 3406 658 descriptarum
3432 593 3556 645 tum

1892 686 1962 728 ex
1994 672 2197 742 sacris,
2228 676 2351 728 tum
2376 685 2445 728 ex
2477 671 2738 743 profanis
2762 674 3068 732 adiﬁciis:
3098 684 3156 732 et
3180 677 3384 734 retulit
3406 678 3558 733 inter

1892 759 2163 817 Analecta
2201 761 2446 819 eruditae
2484 762 2873 833 Antiquitatis
2912 768 3065 821 tomo
3096 766 3185 835 IV,
3223 780 3276 835 p.
3314 763 3440 822 506.
3476 767 3556 822 Eo

1894 847 2194 907 lubentius
2207 864 2405 907 curam
2423 852 2683 922 suscipio
2699 866 2857 910 nova
2872 853 3153 910 editionis
3165 853 3357 913 brevis
3380 856 3559 913 istius

1897 942 2164 1011 Opusculi
2194 942 2559 1012 adornanda,
2591 944 2742 1013 quod
2765 944 2988 1000 videam
3015 957 3139 1000 esse
3161 946 3555 1003 necessarium

1894 1031 2150 1101 ejusdem
2183 1036 2373 1102 partes
2402 1046 2435 1086 a
2475 1032 2698 1089 codicis
2740 1033 2908 1090 illius
2945 1040 3306 1103 compactore
3334 1036 3561 1092 distra-

1899 1125 2020 1176 ctas
2047 1121 2291 1177 invicem
2321 1135 2387 1177 ac
2420 1122 2701 1191 divulsas,
2729 1126 2786 1179 et
2817 1124 3008 1181 alieno
3038 1124 3164 1180 loco
3189 1124 3446 1181 redditas
3468 1124 3556 1196 (ut

1900 1208 2085 1281 liquet
2109 1224 2178 1267 ex
2209 1210 2399 1268 verbis
2429 1212 2781 1285 dimidiatis,
2816 1228 2943 1285 qua
2973 1213 3383 1285 respondentes
3416 1216 3559 1272 inte-

1899 1313 2014 1372 gra
2051 1299 2300 1358 dictioni
2346 1300 2572 1358 litteras
2599 1302 2865 1360 obtinent
2910 1304 2968 1359 in
3003 1304 3235 1375 paginis
3273 1305 3560 1375 proximis

1900 1388 2376 1463 Mabillonianis),
2406 1390 2615 1447 iterum
2648 1395 2873 1449 nectere
2896 1397 2953 1448 et
2984 1393 3383 1451 inarticulare.

1970 1476 2226 1534 Alterum
2255 1480 2599 1549 opusculum
2626 1481 2881 1551 ejusdem
2908 1481 3085 1539 ferme
3113 1486 3440 1554 argumenti
3469 1499 3560 1556 υθ-

1899 1568 2137 1623 tendum
2180 1572 2268 1623 est
2295 1582 2365 1624 ex
2404 1569 2658 1627 Historia
2694 1571 2883 1642 gentis
2913 1571 3233 1644 Anglorum
3269 1574 3553 1634 Willelmi

1904 1655 2169 1711 monachi
2205 1657 2778 1731 Malmesmuriensis,
2816 1662 3085 1719 ducentis
3117 1664 3356 1721 circiter
3385 1667 3560 1723 annis

1905 1744 2215 1800 recentiori
2250 1763 2262 1799 :
2311 1746 2414 1801 ubi
2458 1748 2708 1818 scriptor
2752 1750 2862 1806 iste
2900 1753 3211 1823 recensuit,
3257 1755 3560 1813 occasione

117 1813 290 1891 etiam
326 1813 598 1906 superest
630 1835 1016 1909 fragmentum
1046 1813 1192 1892 satis
1221 1813 1603 1905 conspicuum
1628 1847 1661 1889 a
1682 1834 1795 1888 Fa—
1825 1813 1877 1873 Β
1904 1845 2081 1888 sacra
2123 1834 2515 1903 expeditionis
2551 1843 2830 1908 suscepta
2866 1853 2899 1895 a
2935 1855 3106 1897 cruce
3153 1843 3402 1914 signatis
3451 1845 3562 1902 sub

122 1924 298 1980 biano
332 1925 407 1981 ad
440 1927 844 1983 Innocentium
876 1927 1004 1996 ejus
1034 1926 1293 1983 nominis
1332 1925 1605 1995 primum.
1647 1922 1793 1978 Mihi

119 2027 249 2069 vero
286 2013 387 2069 his
424 2014 728 2071 immorari
775 2028 964 2084 opera
1000 2016 1252 2084 pretium
1282 2014 1471 2069 visum
1501 2019 1589 2068 est
1617 2030 1632 2082 ;
1662 2024 1793 2067 cum

120 2102 187 2155 ab
207 2103 467 2158 ecclesia
490 2103 748 2160 Romana
773 2104 1087 2158 vedeantur
1115 2101 1398 2172 propositi
1430 2100 1657 2169 publice
1684 2113 1797 2155 non

124 2191 244 2247 sine
277 2191 640 2261 pontiﬁcum
666 2191 1051 2261 auctoritate;
1082 2191 1225 2247 adeo
1257 2195 1322 2246 ut
1348 2189 1549 2244 mirari
1580 2188 1801 2244 contin-

125 2285 233 2350 gat,
261 2293 295 2336 a
322 2280 593 2349 nemine,
624 2280 774 2350 quod
808 2279 1009 2350 sciam,
1036 2291 1104 2334 ex
1129 2276 1519 2347 scriptoribus
1553 2277 1803 2332 institu-

125 2375 233 2424 tam
254 2369 509 2425 illorum
524 2368 1010 2438 comparationem
1024 2382 1153 2424 cum
1168 2366 1394 2423 cateris
1413 2365 1801 2422 remotissima

125 2457 193 2513 ab
216 2465 390 2515 atate
424 2457 685 2527 scriptis.
722 2456 1150 2527 Perjucundum
1182 2461 1335 2512 certe
1360 2454 1623 2512 futurum
1651 2454 1803 2509 arbi-

128 2552 244 2603 tror
271 2547 609 2617 observare,
654 2545 988 2619 Catalogum
1027 2546 1087 2602 in
1132 2545 1377 2601 basilica
1406 2546 1463 2600 S.
1497 2543 1659 2600 Pauli
1692 2558 1803 2600 su-

131 2636 433 2705 perstitem
468 2633 692 2692 indicia
721 2635 913 2691 atatis
936 2635 1237 2692 ostendere
1266 2634 1350 2690 vel
1378 2632 1563 2690 sancti
1594 2633 1801 2689 Leonis

132 2723 346 2795 Magni,
380 2723 473 2779 vel
513 2722 586 2779 ab
629 2724 757 2794 ejus
784 2723 997 2780 saculo
1029 2737 1141 2780 non
1183 2722 1492 2779 admodum
1531 2721 1795 2793 dissita;

134 2813 485 2884 eosdemque
517 2826 792 2870 numeros
820 2826 1124 2883 annorum,
1160 2812 1445 2869 mensium
1476 2824 1542 2867 ac
1570 2810 1798 2866 dierum

137 2901 352 2958 intueri
386 2900 606 2957 ibidem
631 2901 961 2974 assignatas
981 2901 1359 2973 pontiﬁcibus
1380 2900 1674 2968 Romanis,
1700 2898 1800 2969 qui

138 2989 418 3062 leguntur
441 2991 501 3047 in
529 2990 729 3047 codice
753 2992 1217 3064 octingentorum
1240 3004 1523 3047 annorum
1550 2988 1804 3045 ecclesia

1903 1921 2132 1979 Urbano
2160 1925 2208 1979 II
2229 1924 2300 1979 ad
2323 1937 2538 1980 annum
2568 1926 2787 1983 Christi
2810 1926 2969 1999 4096,
2996 1935 3322 1990 cameteria
3353 1935 3563 1992 subur-

1905 2009 2053 2067 bana
2091 2016 2425 2069 sanctorum
2459 2021 2793 2085 martyrum,
2837 2016 3003 2086 juxta
3034 2032 3337 2077 numerum
3367 2035 3434 2079 ac
3463 2038 3564 2081 se—

1908 2100 2051 2157 riem
2084 2106 2379 2171 portarum
2413 2102 2600 2172 Urbis,
2633 2117 2700 2158 ac
2750 2104 2972 2161 viarum
3003 2109 3423 2179 pracipuarum
3455 2127 3563 2170 suo

1909 2191 2114 2247 ordine
2140 2192 2454 2247 recensita:
2495 2205 2666 2263 quam
2694 2207 2894 2250 vocare
2923 2194 3061 2252 licet
3081 2199 3351 2254 Notitiam
3379 2202 3559 2258 Urbis.

1978 2278 2034 2335 8.
2063 2282 2124 2335 In
2156 2281 2375 2337 edendo
2416 2287 2662 2353 utroque
2698 2286 2979 2354 opusculo
3019 2294 3332 2346 memorato
3356 2297 3566 2349 aucto-

1910 2382 2028 2424 rem
2062 2368 2240 2425 habeo
2268 2370 2793 2428 eminentissimum
2826 2374 3187 2447 scriptorem,
3220 2389 3469 2450 eumque
3496 2395 3566 2438 ex

1909 2471 2075 2528 aquo
2112 2458 2496 2515 venerabilem
2539 2460 2672 2517 vita
2719 2463 3123 2536 sanctimonia,
3168 2478 3237 2522 ac
3283 2467 3563 2526 celebrem

1909 2546 2105 2604 studio
2134 2550 2191 2603 et
2229 2546 2756 2618 lucubrationibus,
2792 2551 3008 2623 quibus
3046 2557 3265 2613 veteres
3294 2557 3567 2614 Ecclesia

1909 2634 2092 2691 libros
2111 2639 2169 2691 et
2187 2649 2349 2692 sacra
2361 2643 2728 2695 monumenta
2744 2640 2960 2698 eximia
2976 2656 3107 2699 cum
3122 2642 3293 2701 laude
3311 2645 3567 2703 illustra-

1908 2723 2013 2795 vit,
2059 2738 2258 2794 nempe
2286 2726 2594 2796 Josephum
2623 2728 2864 2786 Mariam
2909 2730 3273 2791 Cardinalem
3312 2735 3567 2793 Thoma-

1911 2812 2085 2868 sium.
2131 2814 2236 2870 llic
2266 2815 2328 2870 in
2358 2815 2515 2872 notis
2542 2816 2614 2872 ad
2659 2817 2934 2889 antiquos
2987 2820 3189 2878 Libros
3234 2823 3566 2898 Missarum,

1915 2902 2233 2971 prasertim
2272 2916 2406 2960 vero
2434 2904 2505 2961 ad
2552 2905 2884 2976 Capitulare
2930 2910 3372 2983 Evangeliorum
3418 2926 3571 2985 sape

1916 2990 2186 3059 producit
2208 2992 2541 3049 testimonia
2560 3007 2630 3049 ex
2653 3000 2899 3067 utroque
2915 3000 3197 3068 Opusculo
3220 3009 3530 3063 memorato
3556 3024 3571 3037 ·

142 3079 546 3152 Pergamensis
587 3094 766 3152 supra
806 3086 1118 3137 memorato
1152 3092 1309 3136 num.
1351 3078 1408 3151 3,
1453 3081 1521 3149 II,
1553 3078 1807 3148 aliisque
1842 3153 1885 3166 Α
1916 3079 1999 3134 Ex
2027 3079 2224 3136 codice
2248 3081 2475 3139 scilicet
2498 3083 2877 3158 Einsidlensi,
2907 3089 3204 3160 complexo
3232 3091 3529 3166 descripti:

144 3170 302 3239 paris
317 3169 702 3241 antiquitatis
732 3168 885 3227 infra
910 3169 1266 3241 exponendis
1293 3169 1353 3225 in
1381 3174 1577 3226 nostra
1594 3168 1812 3225 Disser-
1838 3153 1886 3217 C
1920 3181 2049 3225 nem
2098 3170 2397 3242 regionum
2447 3172 2703 3243 Urbis,et
2741 3153 3148 3237 Collectionem
3188 3153 3577 3244 Romanorum

143 3262 365 3317 latione
393 3273 555 3316 num.
585 3256 671 3331 42,
701 3275 830 3331 qua
861 3274 974 3316 non
996 3261 1145 3317 duos
1170 3264 1396 3316 tantum
1420 3260 1673 3328 potiores
1696 3257 1811 3313 Ca-

145 3349 389 3421 talogos,
426 3348 524 3405 sed
560 3348 820 3420 reliquos
849 3349 1023 3405 etiam
1051 3349 1404 3418 considerat,
1437 3347 1816 3417 pluriumque

144 3438 639 3508 comparationem
666 3437 950 3510 instituit,
977 3442 1035 3494 et
1059 3450 1286 3509 causas,
1317 3436 1376 3493 ni
1409 3434 1600 3508 fallor,
1628 3435 1817 3506 aperit

147 3526 277 3595 ejus
333 3525 706 3583 diversitatis
762 3540 890 3598 qua
952 3526 1014 3583 in
1070 3525 1331 3584 numeris
1387 3524 1819 3596 chronologicis

145 3616 432 3672 occurrit.

213 3701 267 3760 7.
304 3706 411 3761 His
438 3705 622 3762 veluti
654 3705 1050 3775 Prolegomem’s
1090 3709 1356 3765 Natarum
1386 3704 1580 3762 conati
1614 3717 1820 3761 sumus

148 3793 358 3850 addere
392 3796 756 3866 mantissam,
791 3794 1072 3853 nonnulla
1102 3796 1331 3853 scilicet
1372 3794 1658 3865 opuscula,
1694 3792 1823 3863 ple—

151 3882 350 3952 risque
391 3884 548 3939 Vitis
592 3882 962 3941 illustrandis
1005 3888 1354 3955 Opportuna,
1397 3887 1453 3938 et
1483 3894 1597 3937 non
1629 3880 1824 3936 minus

149 3970 453 4042 brevitate,
506 3986 679 4043 quam
723 3972 1097 4044 antiquitate,
1136 3971 1471 4043 spectanda,
1502 3983 1633 4027 cum
1667 3969 1728 4025 in
1759 3983 1824 4025 ea

147 4061 405 4133 digitum
451 4062 751 4119 intendere
787 4063 1001 4133 sapius
1039 4062 1351 4119 debeamus
1395 4061 1465 4117 ad
1498 4060 1823 4131 colligenda

147 4151 499 4208 documenta
534 4166 724 4208 rerum
759 4152 819 4208 in
851 4152 1003 4209 Vitis
1035 4156 1504 4209 memoratarum.

218 4242 486 4297 Primum
508 4240 856 4310 Opusculum
879 4241 985 4297 hoc
1008 4254 1212 4297 nomen
1238 4238 1467 4310 prafert
1487 4258 1498 4293 :
1521 4240 1825 4308 Descriptio

152 4333 439 4398 regionum
489 4330 671 4384 Urbis.
706 4331 808 4385 Est
847 4334 1039 4387 autem
1090 4329 1349 4386 recensio
1398 4329 1823 4399 pracipuorum

154 4418 413 4475 locorum
452 4417 939 4490 memorabilium,
982 4419 1184 4475 dextra
1223 4417 1479 4489 lavaque
1507 4429 1826 4474 occurren—

1922 3258 2386 3331 inscriptionem,
2418 3276 2568 3320 nono
2595 3264 2815 3321 Christi
2849 3268 3062 3325 saculo
3093 3270 3153 3326 in
3182 3270 3333 3331 Urbe
3360 3280 3581 3345 specta-

1924 3348 2137 3405 bilium
2160 3369 2176 3419 ;
2208 3356 2265 3408 et
2287 3366 2356 3407 ex
2376 3354 2597 3409 Notitia
2620 3353 2810 3424 Urbis,
2832 3370 2865 3412 a
2885 3358 3185 3416 Willelmo
3207 3362 3585 3421 Malmesmu-

1931 3438 2109 3495 riensi
2140 3439 2356 3497 inserta
2376 3440 2481 3497 lib.
2507 3456 2571 3499 ιιι
2594 3458 2713 3499 sua
2733 3446 3003 3503 Historia
3028 3449 3219 3520 gentis
3236 3450 3581 3524 Anglorum.

1998 3530 2124 3585 Non
2156 3530 2302 3587 levia
2330 3545 2464 3588 vero
2486 3532 2818 3603 adjumenta
2844 3539 3127 3594 censenda
3148 3544 3287 3597 sunt
3304 3541 3374 3597 ad
3401 3542 3589 3598 decla-

1932 3618 2142 3674 randas
2173 3619 2474 3691 plerasque
2510 3627 2701 3689 partes
2727 3624 2922 3693 operis
2945 3625 3316 3682 Anastasiani
3358 3642 3423 3685 ea
3460 3642 3589 3700 qua

1931 3719 2001 3761 ex
2029 3707 2332 3776 opusculis
2360 3709 2636 3765 indicatis
2657 3711 3130 3779 proﬁciscuntur.
3158 3714 3298 3770 Cum
3324 3717 3478 3773 enim
3504 3732 3595 3775 as-

1934 3794 2199 3866 signetur
2216 3796 2275 3850 in
2294 3796 2550 3866 singulis
2570 3795 2748 3853 ferme
2770 3799 3147 3869 pontiﬁcibus
3168 3815 3373 3859 nomen
3393 3819 3595 3864 came-

1937 3884 2069 3940 terii
2103 3897 2218 3955 quo
2238 3888 2376 3939 sunt
2401 3884 2706 3957 reconditi,
2728 3900 2795 3942 ex
2825 3887 2918 3944 his
2947 3890 3302 3948 testimoniis
3323 3893 3587 3952 addisci-

1937 3987 2066 4029 mus
2092 3972 2505 4037 indicationem
2526 3978 2738 4031 certam
2764 3978 3095 4035 eorumdem
3122 3981 3373 4052 sepulcri
3400 3997 3465 4041 ac
3483 3985 3593 4042 de-

1906 4050 2270 4132 ‘positionis.
2320 4062 2379 4117 Si
2426 4063 2560 4134 quis
2600 4069 2789 4120 autem
2841 4073 3066 4136 reputet
3108 4050 3279 4140 quam
3328 4074 3589 4143 proxime

1938 4154 2242 4207 nectantur
2269 4154 2466 4207 atates
2509 4152 2874 4223 singulorum
2914 4164 3437 4232 monumentorum,
3480 4162 3587 4219 hoc

1936 4245 2023 4296 est
2051 4240 2337 4310 codicum,
2372 4240 2731 4310 picturarum
2761 4246 2819 4297 et
2852 4242 3320 4318 inscriptionum,
3354 4264 3481 4319 qua
3510 4252 3581 4307 ad

1937 4329 2204 4385 tuendam
2227 4334 2283 4384 et
2307 4330 2753 4387 conservandam
2776 4332 2980 4387 seriem
3006 4339 3063 4388 et
3086 4334 3223 4391 Acta
3251 4338 3590 4406 pontiﬁcum

1935 4417 2295 4486 colliguntur
2322 4432 2390 4474 ex
2417 4424 2623 4489 quarto
2641 4420 2859 4475 Christi
2887 4421 3118 4493 saculo,
3148 4438 3264 4495 quo
3284 4425 3592 4498 Catalogus

154 4508 322 4576 tium,
355 4512 483 4563 tum
521 4508 674 4567 intra
707 4521 905 4565 muros
935 4507 1102 4565 urbis
1130 4508 1342 4578 Roma,
1370 4513 1493 4563 tum
1527 4508 1586 4562 in
1618 4506 1824 4561 subur-
1852 4514 1906 4575 D
1942 4505 2798 4579 Liberianuscontexebatur,ad
2813 4511 3018 4566 seriem
3038 4514 3368 4582 perductam
3390 4517 3595 4587 quinto

153 4595 340 4666 banis,
366 4597 541 4665 juxta
565 4596 807 4653 ductum
832 4596 1083 4667 viarum,
1118 4609 1261 4667 quas
1311 4595 1577 4666 Opusculi
1617 4601 1821 4651 auctor

153 4686 218 4739 ad
251 4686 445 4741 instar
473 4685 649 4739 brevis
684 4686 986 4749 Itinerarii,
1021 4699 1122 4741 seu
1152 4685 1567 4755 Topographica
1600 4683 1823 4738 Tabula

158 4773 376 4830 litteris
401 4774 831 4830 commendavit
858 4788 1009 4831 nono
1033 4774 1250 4830 Christi
1274 4774 1486 4831 saculo
1511 4774 1668 4829 circa
1693 4779 1823 4828 ata-

160 4868 264 4918 tem
291 4863 491 4919 Caroli
509 4863 689 4919 Calvi.
717 4863 855 4919 Inde
875 4864 1030 4920 enim
1049 4863 1247 4936 colligi
1280 4869 1467 4934 potest
1490 4863 1651 4918 locus
1676 4874 1824 4917 com-

164 4952 419 5020 plurium
465 4953 682 5009 adium
725 4966 1042 5024 sacrarum,
1095 4967 1312 5011 necnon
1362 4952 1823 5009 coemeteriorum

162 5048 493 5099 sanctorum
537 5047 881 5115 martyrum,
916 5048 1038 5101 tum
1068 5043 1242 5100 etiam
1282 5041 1716 5099 nomenclatura
1762 5053 1827 5095 ac

161 5131 475 5203 dispositio
504 5133 833 5191 illustrium
856 5132 1029 5190 Urbis
1049 5136 1549 5189 ornamentorum:
1578 5144 1703 5200 qua
1732 5143 1830 5199 per

164 5235 276 5278 eam
310 5230 540 5281 atatem
575 5223 835 5280 nondum
870 5222 1232 5292 labefactata,
1267 5221 1437 5277 hodie
1466 5225 1656 5276 autem
1690 5234 1830 5291 par—

167 5313 259 5367 lim
274 5314 497 5380 diruta,
517 5314 731 5385 partim
753 5318 1113 5384 praservata.
1132 5311 1511 5367 obscuritatis
1528 5311 1825 5381 quidpiam

170 5405 478 5461 retinerent
517 5404 577 5460 in
613 5408 776 5459 textu
812 5401 1132 5474 Anastasii,
1177 5401 1291 5458 nisi
1329 5400 1505 5471 hujus
1536 5400 1828 5458 Itinerarii

167 5495 425 5553 subsidio
451 5495 925 5552 illustrarentur.
946 5491 1302 5563 Opusculum
1324 5491 1698 5563 reperitsape
1716 5492 1836 5548 lau-

169 5584 331 5642 datus
346 5590 608 5643 veterum
628 5584 903 5640 codicum
924 5583 1129 5639 vindex
1148 5580 1522 5638 Mabillonius
1545 5582 1604 5637 in
1627 5580 1838 5638 biblio-

175 5675 323 5732 theca
341 5674 688 5737 monasterii
706 5672 1100 5732 Einsidlcnsis
1114 5671 1171 5729 in
1187 5671 1461 5737 Helvetia,
1477 5677 1834 5742 compactum

604 5786 849 5842 ΡΑτιιοιρ.
891 5778 1158 5840 CXXVII.

1943 4594 2154 4652 saculo
2184 4595 2243 4651 in
2268 4595 2514 4665 picturis
2535 4596 2791 4654 basilica
2810 4599 2865 4655 S.
2892 4600 3055 4657 Pauli
3081 4602 3151 4658 ad
3175 4605 3470 4674 proximos
3486 4607 3595 4664 de—

1934 4698 2188 4742 cessores
2221 4685 2277 4741 S.
2310 4686 2516 4742 Leonis
2548 4689 2759 4760 Magni,
2805 4693 2922 4745 tum
2956 4690 3026 4747 ad
3068 4694 3383 4751 secundum
3414 4696 3592 4753 Cata—

1934 4776 2128 4848 legum
2161 4774 2269 4830 sub
2288 4774 2616 4832 Justiniano
2648 4778 2802 4833 circa
2836 4780 3089 4837 medium
3111 4782 3309 4839 saculi
3336 4784 3506 4854 sexti,
3533 4790 3591 4840 et

1935 4865 2002 4921 ad
2035 4864 2367 4921 Corbiensis
2394 4866 2617 4941 codicis
2643 4867 2978 4941 Catalognm
3011 4870 3229 4942 Vigilio
3258 4872 3535 4942 aqualem
3566 4891 3581 4941 ;

1941 4954 2074 5011 hinc
2105 4968 2236 5011 vero
2261 4955 2329 5010 ad
2363 4955 2608 5012 alterum
2638 4956 3007 5014 Corbeiensis
3047 4958 3116 5013 ad
3152 4957 3318 5013 linem
3351 4960 3586 5028 septimi

1939 5044 2134 5100 saculi
2159 5044 2267 5101 sub
2282 5044 2529 5115 Conone,
2553 5049 2611 5100 et
2628 5047 2698 5101 ad
2726 5046 2962 5101 initium
2986 5038 3171 5101 octavi
3194 5046 3303 5101 sub
3321 5048 3523 5118 Sergio
3544 5052 3593 5108 II

1938 5139 1994 5188 et
2016 5135 2230 5189 Joanne
2260 5136 2325 5189 VI
2358 5134 2741 5204 perscriptum
2772 5151 2787 5202 ;
2818 5138 2938 5189 tum
2969 5134 3038 5188 ad
3070 5134 3335 5190 notitiam
3366 5138 3593 5195 codicis

1940 5221 2328 5277 Einsidlensis
2344 5222 2479 5277 noni
2499 5220 2694 5275 saculi
2714 5227 2932 5275 atatem
2954 5235 3068 5289 pra
3086 5235 3143 5275 se
3158 5221 3395 5280 ferentis
3415 5230 3595 5283 atten-

1940 5311 2040 5366 dat
2068 5329 2082 5380 ;
2114 5316 2170 5365 et
2198 5310 2525 5365 consideret
2559 5309 3004 5377 descriptionem
3040 5310 3212 5367 Urbis
3255 5314 3591 5383 productam

1944 5402 2099 5456 circa
2145 5399 2313 5453 ﬁnem
2353 5395 2645 5453 undecimi
2687 5398 2884 5453 saculi
2924 5398 2997 5454 ab
3046 5399 3325 5462 historico
3353 5404 3596 5462 Malme-

1947 5487 2260 5549 smuriensi
2286 5505 2301 5558 ;
2329 5486 2380 5542 si
2414 5484 2539 5555 has,
2574 5484 2829 5555 inquam,
2859 5490 3254 5550 successiones
3279 5498 3512 5551 aetatum
3540 5502 3601 5552 et

1948 5580 2212 5637 codicum
2230 5574 2540 5648 aqualium
2561 5572 2778 5643 placeat
2799 5579 3111 5647 attendere,
3136 5595 3299 5641 nemo
3318 5597 3432 5640 non
3446 5583 3600 5640 videt

1942 5669 2013 5727 ab
2044 5667 2201 5724 hiscc
2229 5660 2638 5731 monumentis,
2676 5678 2803 5734 qua
2843 5666 3165 5737 synchrona
3193 5679 3330 5730 sunt
3367 5671 3599 5726 auctori

3286 5776 3324 5833 4
