3996 6394
411 386 514 446 407

1190 391 1284 446 ΑΙ)
1325 390 1765 446 ANASTASIUM
1815 387 2330 444 PROLEGOMENA
2368 388 2544 442 EDIT.
2598 386 3032 443 ROM.—VATIC.

3725 387 3748 444 -|
3758 389 3832 445 08

407 513 520 571 bus
545 515 804 571 Vitarum
843 515 903 570 in
934 514 1256 570 Pontiﬁcali
1292 515 1399 570 hoc
1441 514 1610 570 Libro
1650 513 2027 584 superstitum
2051 553 2065 580 ,
2093 515 2151 575 A
2180 517 2293 570 tur.
2320 516 2516 568 Binius
2546 529 2674 570 cum
2697 515 2909 568 Labbeo
2927 520 3297 584 compouetur
3320 513 3468 586 (suis
3496 521 3684 570 tamen
3715 528 3832 570 no—

410 618 556 674 opus
574 603 1016 660 Anastasianum
1039 604 1226 659 solide
1247 602 1446 660 fulciri
1469 609 1526 658 et
1544 603 1727 658 nitide
1746 601 2061 658 illustrari:

411 692 532 749 sive
562 691 954 762 depositiones
985 691 1325 762 pontiﬁcum
1359 697 1671 763 memoret;
1704 692 1823 747 sive
1853 689 2068 746 funda—

410 781 599 836 tiones
645 781 1107 838 cmmeteriorum
1140 786 1196 836 et
1235 781 1650 849 ecclesiarum;
1682 781 1801 836 sive
1833 792 2068 850 repara-

414 868 618 924 iisdem
645 870 829 926 sacris
859 869 1082 926 adibus
1120 883 1220 940 per
1252 883 1350 925 eos
1381 868 1630 940 tributa;
1671 869 1790 924 sive
1830 879 2068 937 repara—

411 956 600 1014 tiones
623 958 873 1015 subinde
892 959 1159 1015 additas:
1185 958 1400 1030 quibus
1416 957 1477 1014 in
1503 957 1675 1014 rebus
1704 955 2066 1013 recensendis

410 1046 674 1104 Vitarum
720 1048 1048 1104 earumdem
1099 1047 1412 1118 scriptores
1457 1061 1570 1104 non
1624 1047 1905 1103 modicam
1947 1057 2065 1100 suae

410 1150 565 1194 curae
595 1140 812 1206 partem
845 1137 1184 1208 plerumque
1214 1142 1548 1206 posuerunt.

479 1223 533 1282 9.
567 1225 719 1294 Quin
767 1226 941 1282 etiam
984 1225 1186 1296 judico
1219 1239 1383 1295 posse
1413 1224 1546 1280 inde
1594 1223 1856 1281 contrahi
1901 1236 2066 1279 com—

414 1314 688 1385 pendium
734 1329 847 1371 non
892 1313 1190 1386 exiguum,
1224 1315 1275 1370 si
1307 1315 1718 1385 topographica
1760 1311 1954 1368 tabula
1992 1325 2063 1366 ex

411 1403 573 1459 hisce
614 1403 916 1473 opusculis
960 1403 1342 1474 describatur,
1397 1418 1523 1474 quae
1564 1408 1687 1459 tum
1727 1401 1850 1457 vias
1891 1399 2064 1455 Urbis

410 1490 776 1563 celebriores,
806 1498 928 1549 tum
961 1493 1286 1562 praecipuas
1307 1505 1376 1548 ex
1407 1489 1758 1548 suburbanis
1778 1488 2063 1558 exprimat

405 1579 566 1650 justo
597 1581 900 1638 intervallo
929 1594 994 1636 ac
1017 1581 1395 1650 dimensione,
1429 1593 1610 1650 usque
1637 1578 1705 1633 ad
1739 1575 2062 1632 cmmeteria

413 1668 569 1725 intra
590 1671 917 1726 secundum
947 1676 1051 1726 aut
1073 1669 1308 1726 tertium
1335 1669 1406 1724 ab
1426 1668 1572 1723 Urbe
1593 1666 1838 1736 lapidem
1867 1679 2065 1721 occur-

414 1757 637 1828 rentia;
673 1763 738 1815 ut
769 1759 936 1828 juxta
983 1758 1292 1828 utriusque
1331 1755 1596 1826 opusculi
1648 1754 2060 1810 iudicationem

413 1847 841 1916 praestantiores
885 1847 1172 1903 memoria:
1217 1859 1282 1900 ac
1316 1849 1684 1900 monumenta
1725 1843 1926 1898 dextra
1956 1841 2063 1897 la:—

409 1947 596 2006 vaque
644 1936 1006 1991 occurrentia
1038 1936 1097 1990 in
1127 1934 1240 1989 viis
1287 1933 1558 2004 singulis,
1611 1931 1720 1988 sub
1767 1935 2061 2001 aspectum

411 2021 637 2078 cadant.
681 2023 808 2078 Erit
849 2023 907 2078 id
953 2021 1205 2092 profecto
1251 2035 1430 2094 genus
1479 2027 1745 2078 notarum
1786 2019 2062 2076 brevitate

409 2114 584 2181 atque
604 2111 1036 2181 opportunitate
1061 2111 1306 2166 maxime
1335 2110 1816 2168 commendatum.

483 2195 570 2254 40.
602 2199 705 2254 His
727 2199 909 2270 igitur
935 2199 1253 2270 praemissis
1274 2197 1790 2268 declarationibus,
1819 2198 1888 2253 ad
1916 2211 2062 2266 opus

409 2287 743 2345 universum
772 2289 1238 2359 accommodatis,
1268 2289 1514 2360 singulae
1534 2288 1651 2357 jam
1690 2287 1828 2342 Vita:
1860 2300 1958 2355 per
1981 2299 2065 2340 se-

408 2377 630 2434 ctioues
659 2378 842 2434 textui
874 2379 1168 2448 appositas
1207 2377 1269 2432 in
1301 2377 1486 2447 priori
1517 2382 1672 2431 tomo
1700 2379 1872 2430 erunt
1899 2374 2062 2429 Notis

406 2467 710 2524 Variorum
758 2467 1133 2536 instruenda),
1178 2470 1236 2521 et
1275 2464 1563 2535 methodo,
1611 2476 1782 2534 quam
1831 2461 2060 2532 probari

415 2555 708 2628 plerisque
739 2555 1023 2628 intelligo,
1058 2555 1141 2611 ita
1167 2553 1560 2624 disponendae.

474 2645 548 2701 Ut
600 2651 892 2717 appareat,
942 2657 1011 2701 ex
1056 2642 1239 2714 priori
1282 2641 1551 2712 Catalogo
1614 2639 1903 2706 Liberino,
1963 2651 2064 2708 per

402 2733 750 2791 Bucherium
790 2734 970 2803 edito,
1011 2732 1350 2801 scriptorem
1389 2728 1628 2785 secundi
1657 2727 1912 2798 Catalogi
1952 2726 2062 2782 sub

401 2823 734 2881 Justiniano
787 2823 1058 2893 pleraque
1107 2818 1518 2889 desumpsisse,
1569 2829 1695 2887 quae
1735 2816 1943 2871 deinde
1992 2829 2062 2871 ex

406 2919 657 2984 utroque
703 2911 910 2969 mutati
960 2914 1097 2966 sunt
1142 2908 1454 2977 scriptores
1499 2906 1760 2962 Vitarum
1811 2905 2063 2960 Anasta-

407 3001 598 3073 siani;
630 3001 876 3072 singula:
904 2999 1048 3055 Vita:
1073 2997 1410 3068 pontiﬁcum
1441 3010 1474 3052 a
1502 2996 1556 3051 S.
1593 2996 1757 3050 Petro
1786 2995 1855 3050 ad
1887 2995 2061 3050 Libe-

400 3090 558 3148 rium
587 3093 758 3146 erunt
778 3086 1056 3144 verbatim
1079 3085 1397 3155 reddendae,
1427 3085 1512 3140 uti
1542 3083 1813 3153 praestitit
1839 3083 2060 3138 Scbele-

401 3177 684 3236 stratius:
720 3176 890 3244 cujus
917 3174 998 3230 rei
1029 3175 1317 3244 specimen
1342 3173 1608 3230 dedimus
1635 3173 1694 3228 in
1726 3171 2059 3242 praefatione

405 3265 626 3336 prioris
641 3264 806 3333 tomi,
827 3277 985 3320 num.
1005 3263 1110 3320 X1.
1134 3262 1388 3334 Digessit
1411 3262 1511 3318 ille
1533 3277 1632 3333 per
1646 3261 1964 3332 columnas,
1993 3266 2060 3317 ut

404 3353 597 3411 locum
628 3350 840 3408 faceret
877 3351 1198 3408 recensioui
1230 3351 1568 3422 pontiﬁcum
1612 3350 1999 3406 successionis
2027 3364 2059 3406 e

409 3441 649 3512 scriptis
667 3441 898 3498 Patrum
913 3441 1185 3512 collectae,
1208 3445 1382 3511 atque
1400 3445 1468 3496 ut
1488 3440 1838 3496 variantium
1867 3439 2060 3494 lectio-

405 3543 544 3586 num
587 3530 940 3600 comparatio
988 3528 1220 3586 facilior
1265 3530 1635 3586 redderetur:
1693 3543 1819 3600 qua:
1865 3529 2057 3585 omnia

406 3619 657 3689 perbelle
685 3623 1003 3676 concinunt
1047 3620 1174 3688 ejus
1221 3619 1519 3689 proposito
1557 3624 1728 3689 atque
1762 3618 2052 3673 instituto.

402 3707 598 3764 Nostri
641 3721 772 3764 vero
814 3707 1049 3764 consilii
1087 3721 1218 3762 cum
1249 3707 1329 3762 sit
1361 3707 1465 3762 hoc
1503 3707 1564 3762 in
1607 3706 1731 3763 loco
1761 3707 2058 3764 ostendere

398 3799 584 3862 verba,
629 3813 697 3852 ea:
735 3798 1009 3866 Catalogis
1051 3798 1438 3851 vetustioribus
1486 3798 1760 3851 translata
1797 3799 1858 3851 in
1903 3798 2058 3852 Vitas

403 3885 563 3942 Libri
596 3886 953 3942 Pontiﬁcalis
979 3884 1132 3956 (nam
1159 3889 1438 3940 variantes
1468 3887 1743 3941 Lectiones
1773 3885 2056 3957 complexi

406 3989 610 4030 sumus
632 3979 784 4030 tomo
805 3973 1142 4045 superiore),
1165 3975 1418 4030 contenti
1443 3975 1661 4030 erimus
1683 3975 1942 4044 proxime
1965 3987 2059 4044 ap-

402 4062 624 4132 positos
653 4067 844 4119 textus
868 4061 1128 4118 conferre
1155 4063 1553 4134 Catalogorum
1581 4069 1640 4119 et
1666 4065 1951 4120 Vitarum.
1976 4067 2060 4118 Ita

405 4151 561 4205 enim
589 4150 705 4220 ﬁet,
735 4155 799 4206 ut
822 4151 880 4205 in
899 4155 1057 4207 textu
1078 4151 1336 4208 Vitarum
1363 4153 1744 4208 Anastasiano
1772 4151 2060 4207 reddendo

404 4238 622 4294 servari
668 4239 852 4308 possit
881 4241 1059 4295 series
1088 4253 1154 4295 ac
1184 4253 1458 4296 numerus
1491 4253 1779 4308 versuum,
1811 4239 1880 4292 ad
1913 4251 2061 4306 quos

405 4333 556 4382 notae
577 4326 924 4399 referuntur,
949 4329 1069 4384 sive
1100 4329 1366 4400 legantur
1395 4329 1453 4381 in
1487 4329 1694 4396 primo,
1726 4327 1846 4380 sive
1868 4325 1926 4378 in
1955 4324 2061 4377 hoc

405 4417 656 4472 secundo
684 4418 878 4487 operis
918 4423 1092 4487 tomo,
1125 4430 1294 4486 quem
1337 4416 1726 4485 aggredimur.
1773 4415 1898 4467 llaec
1928 4425 2064 4466 ver—

2176 603 2254 657 tis
2279 605 2490 674 cuique
2533 603 2838 672 sejunctim
2879 603 3247 676 assignatis);
3280 619 3411 660 cum
3458 605 3518 660 in
3571 605 3831 660 editione

2174 677 2530 748 Pontiﬁcalis
2555 692 2795 761 hujusce
2825 690 2982 746 Libri
3012 698 3144 747 ante
3171 693 3420 748 concilia
3446 692 3554 748 sub
3579 707 3646 748 eo
3678 706 3832 764 pon-

2175 781 2329 838 tiﬁce
2347 781 2697 851 habita,quae
2715 780 2902 850 ipsius
2918 781 3060 836 Vitae
3078 781 3492 852 subjiciuntur,
3519 781 3832 852 utriusque

2175 883 2313 926 cura
2340 870 2400 925 in
2433 884 2611 926 unum
2644 869 2903 926 studium
2926 869 3226 926 coalescat.
3256 870 3314 925 Si
3339 885 3465 942 quae
3488 871 3830 925 Blanchinus

2176 958 2464 1026 habuerit,
2514 972 2578 1014 ea
2609 964 2736 1028 post
2760 958 2991 1014 Binium
3037 964 3092 1014 et
3121 959 3405 1016 Labbeum
3440 959 3827 1030 proferentur.

2245 1049 2354 1103 Res
2382 1054 2631 1103 attamen
2661 1047 3100 1119 chronologicas
3124 1049 3320 1118 jejune
3348 1049 3655 1106 admodum
3690 1063 3832 1119 per—

2175 1137 2448 1192 tractabit
2474 1137 2533 1192 in
2561 1137 2726 1192 Notis
2751 1136 2889 1192 huic
2921 1137 3058 1192 tomi
3089 1137 3494 1204 includendis;
3521 1144 3642 1194 tum
3671 1135 3824 1208 quod

2173 1229 2441 1281 universae
2510 1225 2878 1292 Chronologiw
2939 1225 3265 1280 Christiana:
3321 1241 3460 1283 cura
3514 1227 3626 1297 ipsi
3680 1241 3829 1284 con-

2173 1315 2391 1371 credita
2420 1314 2723 1370 diﬁ‘eratur
2773 1315 2832 1368 in
2872 1319 3088 1371 tomum
3135 1315 3505 1386 peculiarem,
3552 1315 3678 1388 qui,
3711 1317 3828 1372 Deo

2171 1403 2362 1474 dante,
2386 1403 2729 1459 erittertius
2756 1403 2930 1459 istius
2961 1402 3270 1459 editionis:
3301 1408 3421 1459 tum
3456 1404 3652 1472 etiam,
3687 1403 3829 1475 quia

2171 1491 2514 1547 Dissertatio
2555 1491 2625 1547 ab
2671 1492 2796 1561 ipso
2839 1497 3103 1548 contexta
3141 1493 3208 1546 de
3247 1493 3511 1562 Antiquis
3550 1492 3827 1560 Catalogis

2166 1582 2485 1650 pontiﬁcum
2532 1582 2918 1643 Romanorum,
2955 1581 3115 1636 hisce
3145 1580 3566 1652 Prolegomenis
3609 1581 3828 1636 inserta

2173 1681 2410 1724 numero
2453 1666 2538 1739 Η,
2573 1669 2717 1724 satis
2745 1669 3007 1724 ostendet
3035 1669 3448 1724 Observationes
3485 1670 3560 1724 ad
3587 1670 3829 1725 chrono-

2171 1759 2348 1811 taxim
2369 1759 2692 1826 pontiﬁcum
2725 1757 3044 1824 referendas
3073 1755 3394 1828 (potissime
3425 1772 3556 1814 cum
3594 1758 3829 1814 accedat

2088 1821 2141 1882 Β
2170 1821 2568 1901 dissertationi
2619 1821 2940 1902 memorata
2982 1846 3041 1901 in
3081 1821 3193 1902 ﬁne
3233 1847 3408 1917 hujus
3451 1847 3590 1903 tomi
3637 1847 3828 1917 posita

2171 1933 2545 2005 chronologia
2587 1934 2915 1990 consularis
2952 1940 3010 1990 et
3049 1935 3345 2005 pontiﬁcia
3386 1936 3456 1991 ad
3490 1936 3824 1992 universum

2171 2035 2316 2092 opus
2343 2023 2807 2096 Anastasianum)
2832 2042 2846 2094 ;
2875 2024 2955 2079 ita
2978 2029 3042 2079 ut
3059 2023 3228 2080 facile
3246 2025 3429 2094 possit
3455 2024 3704 2096 intelligi
3725 2022 3824 2079 cui

2173 2113 2541 2182 potissimum
2567 2113 2854 2185 Catalogo,
2889 2119 2944 2168 et
2973 2113 3188 2184 quibus
3217 2128 3284 2168 ex
3318 2113 3556 2169 indiciis
3585 2127 3652 2169 ac
3682 2127 3826 2183 pro-

2171 2199 2508 2258 bationibus
2540 2202 2600 2257 in
2630 2202 2885 2274 singulis
2917 2202 3290 2258 Pontiﬁcibus
3321 2203 3400 2258 sit
3427 2201 3819 2258 deferendum.

2171 2289 2384 2345 Fusius
2410 2291 2637 2361 deinde,
2684 2304 2749 2346 ac
2793 2291 3042 2347 solidius
3085 2297 3403 2360 temporum
3444 2297 3584 2346 nota:
3620 2305 3686 2346 ac
3737 2291 3829 2344 de-

2170 2381 2589 2432 monstrationes
2633 2393 2732 2448 per
2774 2392 2956 2434 annos
2985 2379 3249 2450 singulos
3279 2386 3638 2448 exponentur
3685 2385 3828 2434 tomo

2176 2465 2278 2521 illo
2313 2467 2707 2534 chronologico,
2742 2481 2908 2538 quem
2934 2467 3048 2521 sibi
3082 2466 3333 2522 solidum
3365 2468 3686 2524 vindicabit
3714 2485 3831 2523 aera

2174 2554 2514 2618 Christiana,
2545 2555 2744 2610 addita
2773 2556 2946 2610 etiam
2975 2555 3123 2610 serie
3143 2568 3423 2610 annorum
3453 2569 3486 2611 a
3513 2557 3669 2613 Julio
3697 2559 3832 2613 Cae-

2173 2657 2299 2700 sare
2323 2643 2392 2698 ad
2419 2643 2656 2698 initium
2677 2658 2803 2698 atrae
2821 2642 3038 2698 Christi
3065 2644 3410 2714 communis,
3434 2657 3502 2699 ne
3523 2645 3830 2715 quidpiam

2170 2732 2530 2788 desideretur
2551 2733 2656 2788 hoc
2683 2733 2743 2788 in
2768 2737 3107 2804 argumento
3131 2737 3472 2804 temporum,
3498 2732 3588 2788 illi
3621 2747 3832 2790 neces-

2171 2820 2328 2876 sario
2374 2834 2712 2877 connexum.
2761 2823 2950 2878 Monet
2978 2827 3165 2876 autem
3199 2820 3260 2876 in
3303 2826 3682 2893 antecessum,
3728 2838 3832 2879 re—

2171 2909 2387 2966 servari
2419 2923 2452 2964 a
2483 2924 2542 2965 se
2575 2909 2832 2966 indicato
2859 2915 3010 2966 tomo
3041 2909 3213 2965 tertio
3242 2916 3365 2965 tum
3395 2910 3832 2966 demonstratio-

2171 3015 2264 3053 nes
2309 3005 2609 3068 temporum
2648 2999 2929 3054 diuturno
2962 2997 3155 3054 labore
3187 2998 3476 3070 collectas,
3511 3014 3609 3069 per
3637 3013 3826 3057 annos

2171 3087 2478 3160 plusquam
2509 3088 2771 3159 triginta,
2795 3087 3012 3158 quibus
3043 3088 3104 3142 in
3133 3087 3508 3160 chronologia
3541 3088 3827 3146 ﬁrmanda

2169 3182 2224 3232 et
2255 3177 2601 3233 illustrauda
2639 3183 2954 3248 exercetur,
2989 3183 3110 3233 tum
3152 3177 3578 3233 emendationes
3611 3177 3827 3235 Fasto-

2171 3279 2298 3322 rum
2328 3265 2758 3338 Consularium,
2786 3281 2816 3322 e
2846 3266 3119 3337 genuinis
3150 3266 3538 3322 monumentis
3568 3280 3830 3322 marmo-

2171 3369 2297 3411 rum
2350 3362 2408 3410 et
2449 3356 2864 3412 numismatum
2911 3356 3287 3427 antiquorum
3335 3356 3647 3428 deductas;
3700 3361 3826 3412 tum

2167 3445 2341 3500 etiam
2355 3445 2762 3516 correctiones,
2776 3442 3306 3500 autelucidationes
3319 3444 3597 3501 clariores
3611 3445 3831 3501 utrius.

2170 3547 2280 3604 que
2349 3533 2737 3605 chronologiae
2806 3532 3117 3602 pontiﬁcia:
3173 3538 3229 3587 et
3284 3533 3632 3601 consularis,
3693 3547 3824 3603 quae

2167 3622 2372 3678 dietim
2416 3622 2776 3693 colliguntur
2819 3635 2887 3677 ex
2915 3621 3281 3678 documentis
3322 3636 3432 3678 non
3471 3625 3636 3676 antea
3684 3635 3829 3690 per—

2169 3711 2406 3784 spectis,
2438 3709 2488 3768 si
2524 3727 2651 3782 qua:
2679 3712 2831 3767 inter
2859 3711 3172 3767 editionem
3203 3711 3593 3767 adornandam
3624 3724 3830 3766 acces-

2171 3804 2371 3858 serint.

2241 3891 2496 3945 Claconio
2523 3890 2826 3961 proximus
2841 3890 3009 3958 juxta
3029 3887 3082 3943 al
3090 3887 3320 3957 phabeti
3343 3887 3546 3943 seriem
3567 3885 3832 3960 obtinget

2171 3979 2350 4036 locus.
2383 3981 2496 4033 Nec
2522 3984 2708 4032 tamen
2741 3976 2935 4032 omnia
2965 3976 3262 4030 observata
3284 3975 3543 4030 Ciaconii
3568 3975 3637 4030 ad
3667 3978 3831 4033 Vitas

2172 4066 2509 4135 pontiﬁcum
2529 4063 2899 4133 pertinentia,
2917 4061 3396 4132 quemadmodum
3419 4075 3520 4117 nec
3543 4063 3694 4118 Binii
3725 4079 3830 4122 nec

2173 4153 2376 4207 Labbei
2410 4159 2557 4207 notae
2587 4165 2783 4206 omnes
2813 4155 2950 4206 sunt
2977 4149 3296 4220 aﬁ'erendae,
3331 4164 3398 4205 ne
3439 4165 3584 4221 opus
3617 4153 3679 4207 in
3709 4153 3832 4209 im-

2175 4254 2432 4295 mensum
2453 4243 2760 4294 excrescat.
2775 4241 2856 4295 Ex
2878 4239 3120 4295 istorum
3137 4241 3566 4296 commentariis
3588 4241 3830 4298 lectiora

2173 4333 2228 4382 et
2259 4327 2504 4383 maxime
2535 4327 2708 4382 utilia
2737 4329 2808 4383 ad
2839 4327 3207 4384 Anastasiani
3253 4330 3444 4398 operis
3473 4330 3832 4385 declaratio—

2175 4430 2302 4472 nem
2335 4417 2414 4472 ita
2460 4418 2814 4486 excerpenda
2845 4423 3222 4487 susceperunt
3250 4418 3360 4472 viri
3391 4419 3726 4489 clarissimi,
3763 4426 3831 4474 ut

402 4518 572 4560 suum
597 4505 744 4562 ratio
764 4506 978 4563 servari
1001 4505 1098 4560 vix
1119 4508 1328 4573 posset,
1351 4504 1402 4556 si
1429 4502 1740 4572 dispositio
1759 4501 2065 4556 ordinare—
2091 4495 2146 4556 D
2178 4505 2403 4562 modum
2433 4506 2578 4575 justi
2611 4505 2928 4562 voluminis
2954 4512 3212 4562 servent:
3263 4519 3444 4578 neque
3471 4507 3642 4562 aliter
3679 4507 3833 4562 seli—

404 4599 502 4648 tur
532 4607 631 4662 per
667 4595 986 4652 columnas.

478 4679 566 4736 Η.
599 4687 748 4742 Notae
777 4685 1025 4741 subinde
1054 4687 1482 4753 consequentur
1527 4683 1818 4737 Variorum
1847 4682 2062 4735 Aucto-

331 4791 340 4796 ·
402 4788 547 4836 rum,
581 4787 726 4844 quos
753 4773 1054 4844 pollicitus
1081 4779 1168 4828 est
1191 4771 1587 4842 typographus
1613 4771 1719 4826 hoc
1743 4775 1895 4826 tomo
1915 4784 2065 4826 com-

407 4861 602 4933 plecti,
629 4863 796 4931 juxta
825 4861 1084 4918 ordinem
1114 4859 1408 4930 alphabeti
1435 4859 1802 4930 singulorum
1830 4851 2061 4915 nomina

403 4955 462 5004 et
488 4949 784 5006 observata
817 4949 1204 5019 producendo.

473 5040 528 5093 Α
555 5039 910 5094 Schelestrate
935 5038 1160 5094 caeteris
1192 5042 1572 5110 praeponetur,
1607 5051 1720 5093 non
1747 5044 1859 5093 tam
1891 5051 2063 5094 occa-

408 5127 572 5184 sione
591 5127 914 5199 singularis
933 5126 1200 5182 litterzeA
1214 5126 1499 5196 principis
1518 5127 1577 5182 in
1597 5126 1919 5198 alphabeto,
1935 5143 2062 5198 qua}

405 5217 722 5272 dictionem
738 5216 1014 5286 integram
1029 5217 1078 5286 ej
1090 5231 1156 5272 us
1173 5213 1455 5286 gentilitii
1475 5216 1728 5272 nominis
1744 5219 2056 5289 antecedit;

411 5319 584 5376 quam
606 5319 674 5360 ex
701 5311 970 5361 notarum
997 5305 1162 5360 illius
1188 5309 1429 5358 natura:
1455 5319 1581 5375 qum
1605 5321 1734 5362 cum
1761 5307 1928 5364 verba
1952 5309 2061 5364 de—

409 5397 688 5450 monstret
727 5406 797 5447 ex
823 5393 1112 5464 Catalogis
1153 5392 1430 5448 translata
1475 5394 1535 5448 in
1564 5395 1954 5468 Anastasium,
1988 5396 2058 5452 ab

405 5495 545 5539 eoru
557 5480 736 5536 mdem
759 5479 1106 5550 scriptorum
1127 5485 1400 5537 contextu
1419 5495 1528 5538 non
1549 5485 2052 5558 estdisjungenda.

477 5568 771 5632 Altuserra
784 5566 898 5626 erit
913 5569 1230 5640 proximus.
1248 5570 1540 5630 Bcncinius
1563 5572 1718 5632 hunc
1735 5588 2062 5648 conseque-

2175 4598 2381 4666 gentur
2405 4593 2576 4648 etiam
2608 4607 2675 4648 ex
2706 4608 2874 4663 opere
2915 4596 3144 4650 erudito
3176 4597 3239 4650 Β.
3293 4597 3350 4649 Ρ.
3383 4598 3662 4650 Fraucisci
3688 4597 3830 4664 Pagi

2175 4688 2428 4738 recenter
2449 4683 2628 4752 edito,
2651 4683 2746 4738 cui
2776 4684 2987 4740 titulus
3008 4689 3124 4739 est:
3149 4685 3493 4738 Brevt'urium
3516 4687 3830 4739 Ilistorico—

2169 4773 2876 4840 Chronologico-Criticum,
2914 4776 3224 4828 illustriora
3257 4776 3578 4844 pontiﬁcum
3618 4775 3830 4828 Romu-

2171 4879 2364 4918 norum
2392 4867 2564 4930 gesta,
2598 4869 2729 4932 etc.,
2763 4865 3130 4934 complectens.
3166 4865 3395 4920 Necnon
3429 4877 3496 4918 ex
3529 4865 3830 4934 praeclaris

2172 4951 2680 5008 lucubrationibus
2708 4951 3013 5008 Illustriss.
3045 4951 3158 5008 viri
3185 4952 3244 5008 S.
3268 4950 3371 5006 Th.
3405 4953 3471 5006 D.
3500 4951 3628 5006 abb.
3657 4955 3820 5009 Joan.

2169 5039 2396 5096 Claudii
2427 5041 2706 5096 Sommier
2745 5041 3016 5097 sereniss.
3051 5040 3438 5113 Lotharingiaa
3465 5041 3634 5098 ducis
3662 5055 3694 5096 a
3727 5056 3831 5098 se-

2170 5130 2518 5186 cretioribus
2551 5129 2818 5186 consiliis
2849 5136 2905 5185 et
2934 5129 3182 5201 ablegati
3225 5131 3294 5186 ad
3323 5130 3592 5186 sanctiss.
3623 5132 3827 5186 domi-

2173 5233 2308 5275 num
2354 5226 2636 5291 nostrum,
2684 5219 2911 5275 Nanca3i
2966 5219 3145 5274 editis
3191 5232 3342 5275 anno
3398 5217 3554 5290 4716,
3608 5220 3826 5291 quibus

2170 5308 2549 5378 dogmaticam
2573 5309 2877 5365 historiam
2905 5309 2962 5364 S.
2985 5309 3148 5363 Sedis
3169 5308 3592 5378 complectitur.
3617 5311 3827 5367 Verum

2170 5399 2240 5454 de
2270 5398 2699 5471 chronologicis
2746 5412 2925 5468 pauca
2967 5404 3141 5454 erunt
3185 5397 3244 5453 in
3291 5398 3446 5454 notis
3492 5396 3824 5472 delibanda,

2171 5501 2335 5556 cum;
2355 5488 2439 5543 uti
2465 5487 2636 5557 paulo
2653 5493 2784 5544 ante
2803 5489 3025 5544 dictum
3043 5485 3176 5558 fuit,
3195 5486 3420 5556 plenior
3438 5487 3828 5561 chronOIOgize

2173 5577 2544 5647 pertractatio
2577 5578 2901 5636 reservetur
2931 5579 3084 5634 tomo
3115 5576 3288 5635 tertio
3319 5574 3496 5634 istius
3521 5575 3828 5640 editionis.
