3996 6478
152 480 167 536 4
1386 476 1744 535 ΡΒᾹΞΡΑΤΙΟ
1792 478 1886 533 ΑΙ)
1928 479 2094 535 ΤΟΜ.
2147 480 2243 535 ΠΙ.

3424 481 3527 539 HO

906 775 1361 925 EJUSDEII
1484 775 2019 925 FRANCISCI
2143 777 2689 927 BLANCHINI

1466 1038 2117 1146 PBJBFATIO

593 1222 710 1324 AD
780 1260 1164 1327 TERTIUM
1247 1251 1552 1327 ToMUM
1633 1263 2062 1331 EDITIQNIS
2136 1265 3002 1332 ROMANO-VATICANE.

194 1600 233 1657 l.
269 1603 558 1665 Professus
601 1607 822 1665 fueram
866 1610 923 1665 in
953 1609 1289 1680 prafatione
1330 1608 1505 1665 initio
1553 1606 1747 1677 aperis
1777 1603 1840 1662 A
1863 1606 2111 1675 expositi
2130 1609 2645 1681 complecterentur
2663 1626 2944 1699 summam
2964 1616 3254 1686 gestorum
3274 1626 3309 1668 a
3340 1613 3520 1670 maxi-

139 1694 322 1761 praﬁxa
364 1711 606 1755 numero
639 1695 706 1755 40
749 1705 1012 1756 acturum
1064 1714 1152 1756 me
1183 1699 1498 1773 generatim
1525 1699 1594 1753 de
1629 1698 1751 1751 ori-

136 1784 247 1851 gine,
291 1790 613 1843 auctoritate
645 1801 713 1844 ac
744 1790 851 1858 ﬁde
878 1789 1137 1845 historia
1164 1790 1225 1845 in
1263 1789 1424 1844 hisce
1461 1787 1615 1842 Vitis
1644 1800 1752 1841 ex—

136 1884 319 1940 pressa,
363 1882 487 1933 tum
533 1879 604 1934 de
636 1878 806 1935 illius
845 1880 1179 1934 documentis
1224 1884 1282 1935 et
1306 1877 1747 1950 probationibus.

132 1957 379 2031 Originem
409 1980 547 2023 vero
602 1968 846 2038 primam
878 1982 1002 2025 esse
1044 1967 1443 2025 arcessendam
1469 1980 1501 2021 a
1527 1964 1751 2021 catalo—

134 2050 215 2119 giS,
241 2056 554 2120 praesertim
581 2070 616 2111 a
655 2056 886 2113 duobus
917 2057 1039 2112 illis
1072 2056 1426 2127 antiquitate
1470 2060 1753 2124 prastan—

132 2139 252 2195 tibus
268 2156 436 2212 supra
469 2150 738 2209 cateros,
762 2160 1007 2217 quorum
1036 2145 1197 2216 prior
1226 2144 1335 2200 sub
1356 2142 1583 2199 Liberio
1610 2154 1753 2211 papa

138 2227 331 2287 refertur
355 2234 428 2289 ad
466 2242 751 2305 quartum
773 2250 899 2291 ara
922 2236 1270 2292 Christiana
1290 2234 1588 2303 saculum,
1609 2232 1755 2288 alter

135 2330 233 2372 vero
248 2321 341 2376 sub
363 2322 570 2379 Felice
593 2324 662 2379 IV
680 2324 750 2380 ad
781 2324 1033 2394 primum
1056 2325 1325 2380 trientem
1351 2322 1548 2379 saculi
1580 2320 1750 2389 sexti,

134 2418 287 2477 nempe
311 2411 376 2466 ad
429 2425 660 2467 annum
692 2412 927 2469 circiter
954 2411 1079 2470 530.
1114 2415 1193 2469 De
1223 2418 1466 2483 utroque
1496 2410 1753 2481 catalogo

128 2496 239 2551 satis
258 2500 477 2570 egimus
516 2507 642 2557 tum
673 2502 902 2558 concise
931 2503 991 2558 in
1024 2501 1363 2573 prafatione
1389 2500 1530 2557 tomi
1551 2502 1594 2570 Ι,
1631 2506 1750 2555 tum

130 2579 280 2641 iusius
322 2589 379 2645 in
438 2590 877 2662 prolegomenis
905 2592 1168 2663 secundi,
1201 2590 1303 2647 ubi
1356 2591 1747 2662 catalogorum

128 2667 273 2731 fontes
310 2691 373 2733 ac
414 2680 774 2736 documenta
815 2682 1152 2753 aperuimus
1201 2681 1263 2737 in
1312 2680 1585 2751 genuinis
1630 2679 1752 2735 Ro—

132 2772 271 2818 mana
301 2767 573 2824 Ecclesia
607 2772 1033 2842 monumentis;
1069 2777 1125 2827 et
1145 2770 1404 2841 exempla
1432 2768 1751 2825 vetustiora

135 2851 390 2926 atriusque
416 2858 614 2930 illius,
646 2874 749 2915 nec
770 2873 881 2917 non
907 2860 1159 2917 aliorum
1184 2860 1577 2932 catalogorum
1611 2871 1752 2928 pro-

1862 1694 1975 1750 mis
2001 1697 2376 1766 pontiﬁcibus
2395 1702 2701 1758 editorum.

1933 1782 1985 1839 3.
2020 1786 2309 1843 Fraudare
2340 1803 2451 1845 non
2481 1791 2658 1847 debeo
2683 1793 3085 1850 communione
3114 1794 3292 1864 hujus
3321 1792 3531 1857 laudis,

1860 1874 2136 1932 saculum
2184 1877 2404 1933 Christi
2448 1879 2735 1936 decimum
2781 1883 3048 1939 tertium:
3083 1884 3252 1952 cujus
3304 1896 3521 1940 monu—

1861 1970 2117 2021 mentum
2148 1966 2315 2036 plane
2334 1968 2627 2040 egregium
2656 1974 2713 2025 et
2732 1976 2928 2027 nostro
2957 1976 3295 2043 argumento
3323 1972 3382 2028 in
3405 1972 3522 2043 pri-

1862 2051 1975 2106 mis
2007 2053 2277 2110 idoneum
2303 2070 2487 2128 nuper
2505 2056 2777 2114 eﬁ‘ossum
2798 2059 2857 2115 in
2880 2059 3077 2116 tabula
3103 2074 3421 2117 marmorea
3448 2074 3531 2127 ex

1864 2142 2174 2200 ruderibus
2195 2146 2553 2203 suburbanis
2580 2149 2762 2204 vinea
2783 2162 2895 2205 non
2924 2149 3090 2222 longe
3104 2149 3175 2205 ab
3192 2149 3366 2206 Urbis
3390 2164 3528 2206 ma-

1864 2229 2039 2287 nibus
2063 2233 2154 2289 via
2191 2235 2429 2291 Aurelia
2466 2237 2799 2293 constituta
2850 2238 2910 2293 in
2937 2238 3189 2299 collibus
3226 2238 3522 2295 Vaticanis

1862 2316 2162 2379 lubentius
2190 2323 2358 2396 dabo,
2390 2340 2521 2381 cum
2550 2326 2804 2397 elogium
2839 2327 3131 2396 pontiﬁcis
3148 2327 3385 2384 Maximi
3415 2327 3518 2383 Ni-

1860 2407 2011 2463 colai
2038 2412 2197 2467 tertii
2219 2412 2434 2470 litteris
2459 2415 2810 2485 capitalibus
2840 2416 2900 2472 in
2935 2416 3037 2472 illo
3070 2431 3351 2473 marmore
3378 2417 3522 2473 inci-

1860 2511 1987 2553 sum
2038 2501 2118 2555 ita
2147 2503 2379 2559 accedat
2419 2505 2489 2559 ad
2546 2504 2757 2575 stylum
2790 2506 3210 2577 compendiosa
3251 2507 3516 2563 Vitarum

1857 2589 2276 2659 complexiouis
2308 2592 2366 2647 in
2398 2593 2678 2666 catalogis
2704 2600 3014 2665 usurpata,
3049 2602 3114 2652 ut
3145 2596 3337 2666 portio
3367 2609 3520 2667 qua-

1857 2678 1986 2734 dam
2026 2679 2274 2752 catalogi
2322 2681 2506 2738 videri
2540 2684 2743 2754 possit,
2785 2683 2901 2740 nisi
2933 2692 3274 2755 conspectus
3298 2685 3517 2757 lapidis

1858 2771 1915 2822 et
1941 2767 2262 2824 litterarum
2294 2771 2527 2827 Gothici
2552 2772 2784 2843 ductus,
2811 2787 2878 2830 ac
2910 2772 3093 2830 forma
3134 2774 3302 2831 illius
3325 2775 3516 2832 atatis

1860 2858 2093 2926 pr0pria
2148 2859 2566 2918 demonstraret
2624 2861 2804 2918 fuisse
2850 2863 3289 2934 inscriptionem
3348 2878 3516 2921 muro

133 2933 327 3011 hatiora,
347 2953 402 3001 et
427 2948 842 3005 universorum
860 2950 1245 3006 correctioues
1269 2963 1337 3004 ac
1356 2947 1752 3018 supplementa
1784 2938 1836 2999 B
1860 2944 2032 3002 Urbis
2072 2947 2212 3004 olim
2242 2948 2464 3006 aﬁixam
2497 2952 2560 3007 in
2606 2965 2672 3008 ea
2716 2958 2878 3023 parte
2920 2933 3184 3024 pomarii
3226 2955 3513 3026 Vaticani,

133 3031 454 3093 protulimus.
481 3037 648 3094 Satis
680 3038 863 3110 igitur
891 3040 1223 3096 consultum
1254 3037 1438 3094 fuisse
1459 3037 1752 3094 videretur

132 3113 238 3173 huic
281 3124 446 3181 etiam
511 3133 675 3184 tomo
724 3142 823 3199 per
869 3129 1268 3201 prolegomena
1312 3128 1577 3197 secundi,
1625 3141 1751 3198 qua

130 3205 380 3271 illustrant
402 3223 638 3274 atatem
670 3218 744 3274 ab
776 3226 1022 3291 utroque
1044 3220 1305 3291 catalogo
1322 3218 1619 3275 deﬁnitam
1649 3235 1663 3287 ;
1697 3217 1749 3273 si

130 3295 248 3355 ultra
282 3304 524 3363 Felicem
569 3307 645 3363 IV
680 3322 793 3364 non
826 3310 1198 3379 procederent
1224 3309 1368 3366 Vita
1408 3308 1548 3365 huic
1579 3307 1750 3363 tertio

129 3389 248 3445 tonio
281 3393 668 3454 includenda.
702 3397 911 3454 Verum
941 3412 1073 3454 cum
1102 3398 1216 3454 illa
1245 3402 1555 3455 excurrant
1596 3397 1749 3453 ultra

127 3488 268 3537 metas
284 3485 528 3560 catalogi
558 3487 843 3543 Feliciani
871 3488 941 3544 ad
966 3488 1134 3545 ﬁnem
1155 3487 1333 3544 ferme
1352 3487 1551 3544 saculi
1577 3486 1748 3557 sexti,

123 3578 147 3620 a
166 3570 304 3629 nobis
331 3576 579 3649 exigunt
615 3582 682 3632 ut
708 3576 804 3632 hic
832 3577 1107 3633 aﬁ'eratur
1131 3577 1419 3648 quidquid
1462 3576 1752 3647 peculiare

125 3664 341 3730 suppetit
376 3672 507 3736 post
531 3666 865 3738 catalogum
896 3667 1107 3723 Felicis
1136 3668 1207 3724 IV
1235 3668 1303 3723 ad
1345 3666 1751 3723 illustrandam

123 3747 540 3829 chronologiam,
578 3756 891 3815 historiam
921 3771 987 3813 ac
1014 3757 1360 3813 documenta
1399 3761 1687 3828 gestorum
1719 3768 1752 3810 a

124 3841 459 3903 pontiﬁcibus
492 3846 697 3902 atatis
728 3845 862 3901 inde
897 3852 1237 3901 consecuta.
1271 3846 1400 3900 Hac
1427 3858 1562 3900 vero
1585 3844 1757 3915 dige—

122 3938 216 3983 mm
244 3934 444 4001 partim
480 3935 542 3992 in
579 3933 940 4007 prafatione,
975 3936 1185 4006 partim
1219 3935 1279 3990 in
1312 3933 1753 4006 prolegomenis,

122 4020 295 4083 partim
333 4024 391 4078 in
428 4026 617 4097 notis,
648 4026 1127 4096 quemadmodum
1182 4024 1243 4080 in
1275 4024 1565 4097 superiori
1604 4030 1758 4080 tomo

124 4110 404 4171 praestitum
429 4112 571 4170 fuit.

1862 3050 2032 3107 quam
2082 3036 2329 3108 legimus
2353 3041 2526 3097 etiam
2571 3041 2722 3111 apud
2782 3041 3146 3099 Ptolemaum
3178 3045 3510 3116 Lucensem,

1859 3126 2160 3182 Iordanem
2191 3133 2248 3182 et
2276 3128 2557 3185 Platinam
2591 3128 2773 3187 fuisse
2797 3145 2831 3187 a
2851 3131 3088 3189 Nicolao
3111 3134 3188 3188 ΙΙΙ
3215 3131 3514 3191 fundatam

1861 3221 1963 3271 aut
2003 3224 2337 3286 reparatam.
2385 3220 2661 3289 Suspicor
2703 3223 2894 3277 autem
2925 3232 3053 3279 una’
3078 3236 3211 3279 cum
3253 3224 3518 3296 antiquis

1862 3305 2150 3363 moenibus
2194 3307 2469 3376 dejectam
2512 3307 2714 3381 fuisse,
2766 3310 2914 3365 etin
2958 3311 3283 3381 adjacentes
3320 3312 3518 3368 vineas

1859 3397 2071 3451 temere
2114 3396 2388 3465 perlatam
2418 3411 2450 3453 a
2494 3399 2898 3470 camentariis,
2933 3400 3162 3471 quando
3197 3415 3354 3458 nova
3384 3416 3522 3459 mu-

1862 3484 2116 3541 nitiones
2134 3500 2263 3542 cum
2287 3488 2738 3559 propugnaculis
2757 3489 2925 3558 juxta
2940 3489 3095 3561 leges
3117 3490 3522 3548 architectura

1864 3573 2142 3630 militaris
2189 3575 2481 3632 hodierna
2512 3583 2856 3633 constructa
2882 3575 3118 3634 fuerunt
3145 3579 3379 3634 sedente
3404 3579 3524 3634 Ur—

1863 3661 2011 3719 bano
2031 3671 2249 3733 octavo,
2274 3670 2331 3719 et
2358 3665 2545 3720 diruti
2576 3671 2794 3721 veteres
2824 3666 2976 3721 muri
3011 3680 3143 3722 cum
3172 3668 3301 3723 suis
3330 3667 3522 3723 turri-

1863 3750 1992 3822 bus,
2022 3753 2124 3821 qui
2147 3753 2405 3808 civitatis
2431 3754 2695 3809 Leonina
2724 3758 2781 3809 et
2809 3754 3073 3809 Vaticani
3106 3754 3308 3824 palatii
3329 3755 3526 3810 ambi-

1865 3846 1989 3898 tum
2019 3848 2187 3898 autea
2215 3841 2664 3897 constituebant.
2698 3842 2948 3897 Marmor
2966 3842 3112 3897 mihi
3146 3841 3397 3901 feliciter
3426 3845 3528 3902 iu-

1866 3932 2146 3999 dicatum,
2212 3934 2268 3985 et
2337 3944 2370 3985 a
2438 3930 2682 3999 scalpris
2734 3929 3117 4001 lapicidarum
3176 3940 3523 4007 exemptum,

1869 4019 2087 4091 quibus
2111 4019 2347 4088 jamjam
2377 4018 2786 4075 admovebatur
2813 4018 2873 4075 in
2904 4018 3090 4078 frusta
3121 4022 3523 4098 excidendum,

1868 4108 2198 4165 veli‘ornaci
2237 4107 2503 4164 calcaria
2545 4108 2753 4164 misere
2798 4108 3174 4185 destinatum,
3226 4120 3529 4172 numerato

173 4192 217 4249 2.
252 4197 500 4258 Observa
535 4203 732 4275 igitur
760 4204 1012 4273 primum
1052 4217 1167 4259 non
1206 4202 1453 4259 desiisse
1478 4216 1609 4259 cum
1648 4202 1761 4258 Fe—
1798 4268 1837 4275 _
1872 4200 2059 4269 pretio
2106 4199 2455 4269 quantocius
2486 4199 2722 4270 redemi,
2768 4204 2825 4254 et
2852 4199 3204 4258 oﬁ'erendum
3232 4217 3358 4260 esse
3386 4203 3529 4260 duxi

122 4280 208 4340 lice
238 4289 303 4343 IV
342 4305 546 4349 curam
565 4268 991 4363 “complurium
1021 4292 1288 4349 Romana
1331 4292 1601 4348 Ecclesia
1645 4292 1761 4348 mi—
1790 4268 1839 4330 Ο
1874 4268 2098 4345 Urbano
2124 4268 2514 4360 magistratui,
2552 4292 2617 4344 ut
2646 4268 2716 4343 in
2731 4287 3082 4358 Capitolinis
3103 4291 3327 4348 adibus
3354 4294 3531 4364 inpo—

117 4375 398 4437 nistrorum
420 4383 481 4437 in
505 4382 865 4454 colligendis
881 4388 937 4437 et
960 4382 1019 4437 in
1037 4381 1327 4452 epitoznen
1346 4381 1760 4437 contrahendis

119 4460 240 4521 Vitis
258 4472 627 4545 pontiﬁcum,
648 4471 1130 4543 quemadmodum
1150 4471 1273 4527 ﬁeri
1301 4476 1669 4541 perceperant
1688 4469 1760 4526 ab

115 4561 420 4619 auctoribus
434 4563 757 4634 utriusque
769 4561 1038 4633 catalogi,
1061 4560 1356 4618 Liberiani
1372 4574 1439 4617 ac
1454 4561 1757 4632 Feliciani,

119 4655 269 4715 usque
308 4652 375 4706 ad
428 4666 657 4709 annum
716 4650 847 4707 530.
896 4652 1042 4706 Vita
1072 4651 1211 4721 ipsa
1252 4651 1687 4723 subsequentes,
1727 4665 1760 4707 a

115 4731 558 4799 bibliothecariis
604 4747 821 4799 sancta
865 4743 1130 4798 Romana
1173 4742 1330 4797 sedis
1362 4756 1462 4812 pro
1508 4748 1761 4812 tempore

115 4829 460 4901 uincinnata,
487 4839 551 4889 et
593 4832 947 4904 posteriores
976 4831 1246 4904 catalogi,
1286 4832 1356 4888 ad
1388 4833 1677 4889 decimum
1702 4837 1761 4888 et

116 4919 453 4978 undecimum
472 4923 707 4978 Christi
739 4922 1013 4977 saculum
1050 4922 1334 4993 perducti,
1372 4922 1600 4977 abunde
1630 4934 1759 4977 ma—

112 5003 359 5065 nifestam
412 5012 600 5082 hujus
652 5011 1099 5068 consuetudinis
1148 5011 1610 5083 prosecutionem
1643 5023 1756 5066 non

110 5093 502 5157 intermissam.
532 5102 672 5158 Duo
715 5107 905 5158 tamen
942 5100 1173 5157 atteram
1221 5100 1540 5170 peculiaria
1567 5100 1756 5155 docu—

107 5193 290 5258 menta,
319 5205 449 5261 qua
473 5191 884 5261 comprobant,
908 5203 1022 5247 non
1042 5190 1210 5247 modo
1226 5191 1297 5245 ad
1326 5191 1587 5256 Magnum
1612 5188 1754 5243 Gre—

102 5279 311 5341 (torium,
345 5279 405 5335 in
436 5295 557 5351 quo
578 5280 807 5335 desinit
834 5280 1043 5336 tertius
1078 5277 1175 5334 hic
1199 5283 1411 5346 tomus,
1442 5276 1584 5347 quin
1607 5280 1665 5333 et
1683 5276 1751 5332 ad

102 5361 487 5425 duodecimum
520 5369 752 5426 Christi
776 5362 1071 5438 saculum,
1104 5369 1173 5425 ad
1208 5367 1359 5438 quod
1390 5363 1655 5421 nonnulli
1687 5380 1756 5421 ex

101 5457 356 5530 catalogis
376 5461 436 5515 in
454 5457 879 5529 superioribus
903 5458 1079 5515 tomis
1105 5456 1249 5513 editi
1270 5453 1627 5526 pertingunt,
1658 5454 1753 5511 sed

102 5546 253 5601 etiam
283 5550 350 5604 ad
385 5548 687 5606 inferiora
719 5552 995 5617 tempora,
1031 5546 1147 5603 imo
1176 5551 1233 5601 et
1252 5545 1321 5601 ad
1344 5547 1597 5600 nostram
1630 5548 1759 5599 ata-

1873 4384 2088 4435 sterum
2140 4382 2519 4449 praservetur
2568 4390 2682 4434 una
2733 4392 2864 4433 cum
2918 4380 3143 4434 cateris
3172 4393 3531 4438 summorum

1876 4469 2213 4540 pontiﬁcum
2243 4468 2654 4539 monumentis,
2689 4483 2817 4540 qua
2845 4468 3082 4538 posthac
3100 4470 3353 4527 evenerit
3372 4484 3403 4525 e
3428 4485 3533 4528 sua

1872 4558 2005 4614 sede
2055 4557 2287 4613 divulsa
2332 4557 2595 4629 reperiri.
2629 4557 2808 4612 Tanto
2837 4557 2992 4613 enim
3044 4558 3256 4629 potiori
3282 4560 3414 4630 jure
3446 4560 3530 4616 ibi

1869 4647 2079 4703 debent
2122 4651 2450 4702 nostrorum
2482 4646 2817 4716 pontiﬁcum
2864 4647 3154 4704 memoria
3186 4649 3448 4721 retineri,
3475 4656 3531 4707 et

1869 4736 1941 4791 ab
1974 4737 2213 4806 injuriis
2239 4740 2555 4805 temporum
2578 4736 2866 4792 vindicari
2899 4751 3013 4805 pra
3028 4738 3252 4793 cateris
3275 4740 3532 4809 antiqua

1869 4826 1956 4881 vel
1980 4825 2226 4881 recentis
2247 4824 2417 4879 Urbis
2440 4824 2768 4894 principum
2798 4830 2855 4878 et
2880 4827 3325 4897 magistratuum
3350 4827 3530 4881 nomi-

1870 4915 2044 4971 nibus
2078 4928 2144 4971 ac
2179 4912 2384 4985 fastis;
2413 4918 2628 4984 quanto
2662 4912 2848 4983 regale
2886 4913 3105 4969 Christi
3138 4913 3525 4970 sacerdotium

1869 5018 1968 5075 per
1997 5005 2149 5061 beati
2177 5003 2327 5060 Petri
2368 5004 2556 5057 sedem
2590 5002 2650 5056 in
2680 5001 2820 5057 urbe
2850 5002 3111 5057 omnium
3140 5000 3377 5055 domina
3419 5003 3528 5057 de-

1864 5091 2119 5148 dicatum
2137 5095 2576 5163 superatrerum
2596 5089 2978 5144 humanarum
2998 5086 3257 5154 subjecta
3269 5085 3527 5161 fastigia.

1864 5180 2047 5238 Velim
2090 5186 2365 5241 attamen.
2394 5183 2459 5233 ut
2490 5176 2865 5233 incitamento
2900 5176 2982 5229 sit
3007 5175 3343 5245 prascripta
3375 5178 3523 5235 mihi

1864 5273 2248 5328 Romanarum
2296 5266 2715 5334 antiquitatum
2745 5262 2818 5316 ab
2863 5262 3092 5318 excidio
3120 5277 3188 5317 ac
3231 5263 3524 5324 oblivione

1866 5357 2346 5418 vindicandarum
2372 5367 2530 5420 cura,
2563 5355 2622 5404 et
2650 5349 3236 5421 obsequentissimum
3259 5355 3519 5413 studium

1867 5464 2001 5522 erga
2048 5446 2255 5503 Urbem
2308 5446 2393 5498 tot
2442 5435 2783 5496 nominibus
2818 5439 3219 5497 universarum
3263 5445 3519 5515 gentium

1869 5552 2118 5595 amorem
2159 5531 2553 5607 promeritam,
2611 5538 2755 5595 quas
2806 5526 3052 5602 benigne
3093 5531 3520 5606 complectitur,

106 5638 198 5691 tem
244 5638 563 5696 identidem
614 5613 898 5708 viguisse,
929 5613 991 5693 et
1017 5635 1206 5693 adhuc
1256 5634 1452 5705 vigere
1483 5633 1637 5689 viros
1667 5640 1759 5689 te—
1789 5623 1841 5682 D
1867 5629 1995 5697 alit,
2021 5625 2187 5696 fovet,
2218 5623 2501 5687 honestat,
2543 5613 2733 5708 unica
2749 5629 2953 5708 parens
2988 5632 3055 5674 ac
3096 5620 3282 5688 patria
3311 5624 3529 5678 exteris

108 5736 250 5780 uaces
272 5729 503 5800 antiqui
542 5726 726 5785 illius
757 5725 957 5795 moris,
990 5725 1090 5797 qui
1123 5725 1241 5781 sive
1274 5724 1499 5795 privato
1538 5723 1753 5791 studio,

106 5814 207 5872 sive
252 5816 486 5889 publico
519 5814 872 5876 testimonio
911 5814 1244 5872 documenti
1276 5813 1538 5871 omnium
1570 5811 1762 5868 oculis

1872 5717 2114 5775 oﬁ’erens
2165 5728 2278 5771 non
2329 5708 2497 5766 modo
2553 5702 2887 5772 reipublica
2916 5721 3034 5765 sua
3079 5721 3316 5763 munera
3354 5709 3529 5764 etiam

1874 5818 2159 5876 suprema,
2199 5803 2297 5861 sed
2334 5792 2625 5871 quidquid
2676 5793 2819 5850 calo
2853 5798 3139 5867 terrisque
3166 5794 3529 5863 pretiosissi-
