3996 6402
455 412 551 468 Hi

1242 417 1335 472 AD
1380 416 1813 474 ANASTASIUM
1861 415 2374 475 PROLEGOMENA
2426 417 2605 473 EDIT.
2652 416 3084 474 ROM.—VATIC.

3749 422 3854 482 442

455 555 610 598 mum
641 545 744 610 est,
776 545 833 596 et
861 553 959 610 per
978 553 1099 596 eam
1131 541 1483 612 erogandum
1509 543 1661 598 Deus
1685 541 1955 612 Optimus
1981 543 2106 598 Ma-
2129 544 2184 604 A
2214 541 2339 610 ejus
2387 541 2666 597 virtutum
2693 542 2950 612 exempla
2972 543 3346 600 transmittat.
3395 545 3500 601 Sed
3539 546 3678 604 huic
3731 563 3885 619 pra:—

452 630 647 688 ximus
672 629 902 686 mortali
951 629 1146 702 generi
1177 629 1444 700 indulsit,
1491 630 1684 702 velim,
1732 632 1988 702 inquam,
2041 636 2106 688 ut

455 719 830 776 incitamento
872 718 952 773 sit
977 723 1137 790 grata
1167 717 1287 774 haec
1321 718 1380 773 in
1413 733 1769 776 communem
1819 725 2103 790 parentem

452 821 520 864 ac
545 807 741 864 debita
777 805 958 863 animi
989 805 1240 874 devotio,
1275 810 1340 862 ut
1371 813 1745 877 prmservetur
1783 807 2108 864 beneﬁcen-

454 895 698 953 tissimm
741 895 912 951 matri
958 907 1024 949 ac
1073 894 1361 966 magistrae
1402 895 1666 952 veritatis
1697 896 1978 966 quidquid
2008 895 2109 951 illa

452 985 580 1042 suis
608 997 639 1040 e
667 981 990 1040 visceribus
1008 981 1297 1052 depromit
1319 984 1548 1054 antiqui
1579 985 1896 1054 praesertim
1919 983 2110 1053 operis

455 1078 514 1130 et
547 1072 854 1142 scripturae
897 1071 968 1128 ad
1002 1083 1190 1126 rerum
1224 1076 1512 1142 gestarum
1541 1086 1895 1143 suorumque
1917 1072 2114 1127 domi-

456 1175 662 1218 norum
692 1166 749 1216 et
768 1159 1004 1230 civium,
1034 1165 1362 1216 sanctorum
1395 1168 1706 1232 martyrum
1735 1161 1792 1216 in
1823 1161 2029 1230 primis
2057 1165 2112 1217 et

454 1263 814 1308 summorum
863 1248 1225 1320 pontiﬁcum,
1263 1248 1551 1305 Caesarum
1607 1250 1837 1319 deinde,
1892 1263 2112 1321 regum,

455 1339 830 1409 dictatorum,
856 1337 1183 1408 consulum,
1219 1336 1614 1408 przefectorum
1647 1337 1809 1409 Urbi,
1842 1338 2121 1395 aliorum-

460 1443 572 1501 que
614 1429 1079 1501 magistratuum,
1127 1427 1338 1498 legum,
1389 1428 1839 1498 triumphorum,
1881 1433 1936 1484 et
1967 1427 2123 1484 insi—

459 1518 659 1592 gnium
701 1522 1012 1589 gestorum,
1056 1516 1392 1572 memoriam
1437 1517 1686 1586 posteris
1731 1516 2120 1588 ingerendam.

459 1607 671 1664 Verum
715 1606 832 1662 haec
860 1605 1028 1676 alias,
1058 1619 1160 1662 nec
1193 1611 1376 1661 tamen
1420 1605 1830 1676 inOpportuna,
1851 1605 2126 1662 dilectis-

461 1695 629 1752 sima:
658 1694 807 1750 mihi
835 1694 1038 1750 matris
1067 1694 1249 1764 pietas
1277 1698 1333 1749 et
1358 1707 1595 1750 suorum
1638 1694 2116 1750 monimentorum

462 1797 596 1840 cum
624 1782 856 1853 publico
877 1781 1025 1839 bono
1046 1787 1202 1838 arcta
1229 1782 1592 1838 necessitudo
1617 1794 1683 1837 ac
1711 1795 1892 1838 nexus
1918 1782 2116 1854 adegit

462 1873 532 1930 ad
541 1872 780 1945 precari.

534 1961 844 2033 Auspicato
876 1961 1059 2032 igitur
1091 1960 1338 2032 contigit
1370 1964 1434 2016 ut
1460 1959 1578 2016 hinc
1609 1959 1804 2016 tabula
1835 1959 2004 2016 nobis
2031 1973 2118 2017 os-

465 2050 722 2108 tenderet
776 2052 1176 2120 praeservatum
1233 2049 1389 2105 tutati
1445 2053 1654 2104 nostra:
1709 2049 2114 2104 documentum

462 2139 668 2211 optimi
709 2139 1001 2210 pontiﬁcis
1051 2151 1119 2194 ex
1175 2137 1390 2209 inclyta
1439 2139 1626 2209 gentis
1656 2137 1877 2194 Ursina:
1921 2138 2118 2194 sobole

460 2229 759 2286 Nicolaum
783 2228 908 2298 ejus
925 2226 1182 2284 nominis
1206 2227 1464 2297 tertium,
1483 2240 1613 2282 cum
1643 2227 1759 2282 haec
1779 2226 1923 2296 ipsa,
1945 2240 2115 2296 quam

463 2316 714 2374 feliciter
731 2317 1020 2388 degimus,
1043 2319 1181 2370 tetas
1207 2313 1491 2385 glorietur
1527 2314 1959 2370 sanctissimum
2004 2315 2119 2369 Pa—

462 2410 606 2462 trem
655 2417 722 2460 ac
746 2403 1042 2460 dominum
1095 2407 1354 2457 nostrum
1405 2401 1839 2456 BENEDICTUM
1891 2402 2021 2456 Xill
2049 2415 2118 2457 ex

461 2495 657 2549 eadem
689 2492 872 2560 stirpe
905 2488 1271 2560 progenitum
1302 2486 1570 2544 Ecclesiae
1612 2487 1762 2543 bono
1789 2488 2114 2557 pontiﬁcem

459 2579 750 2636 divinitus
777 2579 1000 2649 datum,
1021 2583 1080 2633 et
1101 2576 1206 2632 diu
1231 2577 1504 2647 sospitem
1535 2589 1601 2632 ac
1639 2577 1930 2632 ﬂorentem
1965 2590 2116 2646 pra:-

462 2682 588 2726 esse
611 2669 834 2741 ﬂagitet
853 2679 968 2740 quo
1002 2665 1272 2723 uberiora
1305 2679 1373 2722 ac
1396 2665 1678 2722 diuturna
1701 2664 1850 2722 seris
1870 2666 2118 2736 posteris

2217 631 2415 685 sertim
2444 631 2602 700 operi
2630 632 2760 700 jure
2791 631 2998 687 merito
3025 633 3475 701 praeservabatur
3495 635 3717 692 Nicolai
3749 652 3886 708 pon-

2220 717 2396 774 tiﬁcis
2419 718 2673 775 rediviva
2701 719 2994 790 memoria,
3020 733 3220 790 nempe
3244 721 3408 778 illius
3423 723 3731 794 antistitis,
3752 725 3880 796 qui,

2219 808 2582 864 decessorum
2623 822 2861 866 suorum
2907 809 3279 866 monimentis
3318 812 3387 866 ad
3424 819 3683 881 posteros
3717 815 3887 870 deri-

2219 897 2424 952 vandis
2473 896 2726 966 impense
2769 897 3056 968 addictus,
3083 898 3287 953 Seriem
3321 903 3643 970 pontiﬁcum
3680 900 3885 958 Roma—

2221 1001 2415 1039 norum
2462 987 2522 1039 in
2567 987 2808 1040 basilicis
2850 988 3321 1056 patriarchalibus
3377 995 3688 1045 sanctorum
3735 993 3887 1045 Petri

2224 1077 2274 1126 et
2309 1073 2474 1126 Pauli
2507 1086 2574 1128 ex
2605 1073 3019 1130 vetustissimis
3057 1075 3338 1145 exemplis
3382 1079 3544 1131 seriei
3579 1079 3680 1132 sub
3709 1079 3886 1133 Leone

2226 1159 2424 1226 Magno
2457 1174 2688 1229 superne
2716 1161 2881 1229 pictis
2911 1173 3024 1216 una
3045 1175 3174 1216 cum
3200 1161 3548 1230 ehronologia
3588 1180 3882 1229 annorum,

2226 1249 2492 1303 mensium
2534 1265 2599 1303 ae
2645 1249 2859 1303 dierum
2906 1249 3027 1304 sedi
3075 1250 3540 1322 uniuscujusque
3571 1253 3884 1310 tribuenda

2229 1337 2431 1391 ibidem
2468 1353 2742 1406 expressa,
2777 1338 2975 1394 iterari
3001 1339 3180 1408 jussit
3221 1353 3350 1395 cum
3395 1340 3750 1412 imaginibus
3776 1355 3886 1399 eo-

2233 1426 2490 1482 rumdem
2529 1426 2924 1495 pontiﬁcatum
2962 1427 3069 1484 sub
3117 1428 3408 1498 epistyliis
3436 1429 3871 1487 columnarum:

2235 1513 2712 1585 quemadmodum
2762 1516 3002 1586 exposui
3058 1516 3118 1571 in
3151 1516 3570 1587 prolegomenis
3606 1520 3745 1574 tomi
3783 1534 3886 1576 se-

2235 1603 2411 1658 cundi
2441 1616 2510 1658 ex
2541 1601 2680 1659 folio
2706 1616 2863 1659 Lxxu
2886 1605 2954 1660 ad
2979 1618 3150 1674 Lxxx,
3183 1605 3333 1674 quod
3356 1606 3530 1660 etiam
3553 1603 3734 1662 forma
3758 1608 3884 1679 ipsa

2227 1697 2286 1748 et
2315 1691 2498 1763 ﬁgura
2549 1691 2942 1748 characterum
2977 1691 3323 1748 manifestat.
3366 1695 3505 1748 Nam
3543 1700 3744 1750 veteres
3795 1698 3888 1750 illi

2226 1782 2511 1836 Leonianw
2548 1783 2710 1835 seriei
2741 1791 2852 1836 tam
2887 1781 2945 1836 in
2993 1782 3216 1838 musivo
3247 1795 3416 1852 qnam
3459 1783 3517 1839 in
3549 1784 3797 1854 picturis
3828 1790 3888 1842 et

2149 1864 2199 1925 B
2229 1867 2715 1940 inscriptionibus
2743 1869 3076 1938 pontiﬁcum
3100 1871 3365 1939 quadrati
3393 1877 3544 1934 sunt,
3573 1885 3684 1928 non
3715 1887 3887 1931 secus

2226 1971 2291 2014 ac
2312 1960 2368 2014 in
2387 1958 2900 2030 epigrammatibus
2921 1958 3189 2014 marmori
3211 1959 3420 2014 incisis
3443 1966 3648 2030 quarto
3663 1961 3888 2018 Christi

2227 2047 2437 2104 saeculo
2471 2047 2580 2104 sub
2609 2049 2871 2117 Damaso,
2911 2053 3013 2103 aut
3048 2047 3272 2103 labente
3314 2048 3519 2118 quinto
3566 2049 3674 2104 sub
3697 2050 3890 2106 Caele--

2227 2137 2404 2207 stino,
2463 2137 2648 2208 Sixto,
2698 2138 2882 2193 Leone
2935 2138 3158 2209 Magno.
3208 2135 3425 2206 Hilaro,
3473 2143 3606 2207 etc.,
3643 2137 3700 2192 in
3734 2140 3890 2195 serie

2226 2231 2415 2280 autem
2466 2237 2499 2280 a
2545 2224 2783 2280 Nicolao
2824 2225 2895 2280 lIl
2948 2225 3144 2279 addita
3199 2223 3380 2295 ﬁgura
3412 2224 3737 2281 litterarum
3770 2240 3889 2283 non

2229 2317 2379 2368 recta
2425 2312 2778 2380 observatur,
2829 2317 2887 2366 et
2945 2311 3222 2382 quadrata
3279 2318 3380 2368 aut
3434 2313 3742 2369 circularis
3792 2316 3893 2369 sed

2228 2401 2458 2466 oblonga
2523 2405 2574 2453 et
2647 2400 2874 2453 Gothica
2915 2383 3238 2466 inﬂexione
3304 2405 3531 2454 curvata
3570 2419 3588 2455 :
3657 2401 3893 2472 qualem

2229 2494 2552 2558 spectamus
2628 2487 2689 2542 in
2769 2486 2962 2542 tabula
3049 2499 3362 2542 marmorea
3443 2488 3554 2544 sub
3627 2490 3892 2560 ejusdem

2227 2575 2452 2632 Nicolai
2501 2574 2843 2646 pontiﬁcatu
2902 2573 3211 2644 insculpta,
3263 2588 3433 2644 quam
3491 2575 3585 2630 hic
3634 2577 3896 2636 ﬁdeliter

2231 2663 2425 2722 reddo.

549 2853 914 3078 mino
950 2851 2689 3078 citracotxxvxpsﬁssmvs
2740 2863 2999 3078 eiii
3037 2857 3280 3034 niis
3316 2897 3788 3038 autem

534 3067 1412 3264 vsPEIImeRI
1463 3071 2348 3264 F€ClTP31L§llel
2388 3067 2879 3260 ain/iii
2917 3085 3148 3262 sui:
3173 3098 3408 3255 om
3455 3116 3619 3239 ετ
3655 3081 3820 3247 cii

539 3260 3838 3480 reLiﬁferjitiﬁleomosﬁjaivhspﬁtlncﬁynponnn

527 3460 1171 3687 saw
1226 3451 1465 3687 illo
1493 3451 1807 3687 PS"?
1821 3451 2114 3687 iii?

2230 3451 2442 3617 380
2479 3451 3321 3666 PbTmcjiﬁVI
3365 3509 3838 3687 ﬁerine

1844 3633 1959 3661 Λ

529 3659 747 3835 ελ]
778 3659 982 3840 CLR
1003 3627 1417 3848 (ξπωῑί
1457 3627 2036 3848 vaQRV
2066 3672 2114 3790 ί

2231 3685 2441 3806 me
2467 3627 2646 3848 itu
2674 3627 3306 3848 nvNyw
3341 3627 3823 3848 Qui?

517 3820 772 3970 D‘C‘S
791 3820 1071 3972 5W.
1104 3820 1659 3976 P‘o-nrcx
1705 3829 2162 4010 11.}1TIOG
2201 3820 2646 4012 Romani
2673 3862 2864 3980 ex
2887 3820 3212 4000 Pi‘ae
3241 3820 3815 4035 priimam:

518 4035 899 4170 KVBGI
947 4038 1125 4153 ΒΕ
1169 4037 1554 4153 DOmO
1597 4048 2350 4178 VRSIROKVJR

533 4300 828 4359 NICOLAI
879 4303 986 4358 PP.
1050 4303 1135 4360 ΙΠ
1176 4302 1484 4373 inscriptio,
1542 4301 1639 4355 hoc
1685 4315 1830 4354 anno
1868 4297 2259 4354 MDCCXXVII
2295 4299 2531 4365 reperta,
2591 4301 2641 4351 et
2690 4298 2747 4351 in
2789 4295 3126 4366 Capitolinas
3171 4299 3331 4352 aedes
3367 4302 3646 4357 translata
3695 4320 3819 4360 cum

1752 4389 2004 4457 sequenti
2021 4385 2336 4456 Epipraphe
2357 4401 2424 4438 ea:
2449 4385 2506 4437 S.
2540 4385 2595 4441 Ο.

607 4551 687 4608 Νι
691 4551 904 4606 σθιΑι
929 4552 1015 4606 III
1023 4551 1169 4607 PON
1172 4551 1422 4606 TIFIClS
1453 4550 1723 4606 MAXIM!

677 4624 756 4676 De
779 4627 1068 4688 augmento
1097 4623 1286 4676 Divini
1309 4624 1490 4676 cultus

680 4693 1008 4747 Christiane
1032 4693 1365 4762 Reipubliew
1389 4709 1528 4763 pace

606 4765 786 4820 Italia:
813 4764 1062 4818 libertate
1085 4769 1135 4818 et
1157 4767 1444 4818 securitate

683 4835 908 4890 ditionis
937 4835 1330 4888 Ecclesiasticae
1358 4836 1587 4903 juribus

685 4922 750 4960 ac
779 4907 845 4961 de
876 4906 1035 4960 Urbis
1061 4907 1362 4974 tranquillo
1387 4911 1534 4960 statu

849 4980 1045 5047 optime
1089 4979 1271 5030 meriti

847 5051 1137 5117 antiquam
1178 5049 1508 5117 epig-Taphen

613 5123 841 5190 pomerii
873 5121 1128 5174 Vaticani
1154 5123 1328 5173 muris
1353 5121 1481 5173 olim
1501 5123 1731 5188 affixam

547 5194 603 5244 in
633 5193 944 5245 suburbano
978 5193 1092 5246 Via:
1119 5193 1360 5246 Aurelia:
1395 5193 1604 5259 prawlio
1625 5207 1797 5259 nuper
1829 5192 2116 5243 inveniam.

2228 4545 2557 4600 SEDENTE
2617 4546 2714 4602 SS.
2765 4549 2832 4601 D.
2889 4549 2958 4604 N.
3032 4549 3464 4606 BENEDICTIO
3504 4553 3700 4608 PAPA
3751 4555 3883 4609 XIII

2441 4631 2550 4670 non
2581 4621 2692 4671 tam
2721 4618 2907 4673 Gentis
2943 4621 3170 4674 Ursinae
3208 4623 3388 4676 decori

2443 4703 2608 4755 quam
2645 4690 2848 4743 Patriae
2871 4697 3186 4744 ornamento
3212 4694 3467 4758 futuram

2304 4758 2622 4826 Capitolinis
2650 4763 2827 4814 Fastis
2854 4763 3235 4830 apponendam
3259 4769 3528 4818 curarunt

2441 4830 2648 4884 Paulus
2676 4832 2884 4884 March.
2920 4834 2984 4885 de
3013 4835 3355 4887 Maeearanis

2443 4900 2705 4952 (‘amillus
2749 4903 3053 4970 Capranira

2445 4971 2673 5040 Prosper
2697 4974 2906 5026 March.
2945 4975 3010 5026 de
3040 4975 3348 5041 l‘a/[izrrllis

2299 5042 2590 5095 Lotharius
2634 5045 2841 5096 March.
2867 5045 2933 5099 de
2974 5045 3227 5098 Lotteriis
3255 5042 3411 5100 Prior
3441 5048 3571 5117 Cap.
3606 5050 3731 5116 Reg.

2479 5131 2668 5186 Idibus
2697 5133 3004 5186 Decembris
3040 5136 3447 5190 Ml)(‘CXXVII.

2801 5204 3008 5257 Obtulit
3047 5205 3312 5274 Capitolio

2590 5275 2911 5326 Franeiscus
2941 5275 3274 5330 Blanchinus
3313 5280 3632 5333 Veronensis

2611 5346 2709 5398 SS.
2735 5349 2798 5401 υ.
2822 5348 2885 5401 Ν.
2905 5362 3066 5415 papa:
3087 5349 3246 5401 I’rael
3274 5351 3502 5404 Domest.

3448 4904 3601 4960 Cons.

553 5510 604 5566 4.
637 5511 1043 5582 Unusquisque
1083 5511 1251 5568 facile
1283 5513 1560 5583 intelligit
1589 5520 1875 5570 auctorem
1911 5514 2124 5584 hujus—
2153 5508 2201 5569 C
2230 5519 2406 5574 siuna:
2433 5519 2570 5575 dum
2604 5521 2721 5578 lucc
2748 5522 2995 5579 dictaret
3025 5522 3154 5580 rudi
3188 5524 3460 5595 Minerva,
3506 5527 3878 5596 quemadmo—

481 5600 634 5658 tnodi
688 5598 1087 5667 inscriptionis
1129 5615 1240 5669 pra»
1265 5602 1454 5658 oculis
1487 5602 1756 5660 habuisse
1783 5603 1993 5674 stylum
2021 5619 2124 5660 ve-

481 5699 664 5747 terum
693 5686 1078 5754 catalogorum
1105 5696 1160 5744 et
1189 5689 1632 5761 biographorum
1659 5693 1846 5748 aetatis
1877 5693 2123 5749 Anasta—

2229 5609 2365 5664 dum
2399 5609 2652 5666 infelicis
2697 5611 2864 5668 illius
2906 5613 3101 5669 seculi
3133 5614 3392 5670 conditio
3431 5613 3667 5672 ferebat.
3717 5618 3876 5674 Sicut

2231 5697 2382 5752 enim
2407 5698 2518 5767 illi,
2554 5699 2668 5754 imo
2694 5705 2752 5754 et
2777 5702 3121 5758 vetustiores
3153 5701 3403 5758 scribere
3443 5715 3872 5773 consueverant,
