3996 6430
172 416 276 476 H3

1489 425 1850 484 ΡΒΛΕΕΑΤΙΟ
1900 428 1996 485 ΑΙ)
2044 428 2205 487 ΤΟΜ.
2247 432 2342 494 Ill,

3522 437 3627 497 4M

170 538 434 604 Vigilius,
467 545 698 597 natione
745 546 1048 611 Romanus,
1078 564 1147 604 eo:
1181 554 1344 619 patre
1367 552 1577 605 Joanne
1600 551 1927 617 eonsule;A
1960 554 2179 611 scimus
2220 569 2288 612 ex
2338 554 2678 614 collectione
2716 556 2929 616 veteris
2975 557 3199 616 codicis
3254 558 3624 619 bibliothecae

169 627 451 697 Pelagius,
506 636 734 688 natione
804 639 1104 705 Romanus,
1159 656 1229 693 ea:
1286 644 1449 710 patre
1498 640 1843 705 Vicariano;

167 716 491 791 Gregorius,
559 727 786 779 natione
839 729 1137 790 Romanus,
1197 745 1265 783 ea:
1310 734 1471 798 patre
1518 728 1843 795 Gordiano;

164 811 442 867 Nicotaus
501 814 579 877 ΙΙ,
630 816 855 869 natione
905 819 1180 872 Romanus
1232 834 1301 872 ea:
1352 822 1515 887 patre
1567 819 1844 873 Theodoro

166 907 509 971 regionario,
542 904 625 960 ita
677 908 735 959 et
780 905 1116 976 epigraphis
1162 911 1373 962 nostrae
1410 910 1615 963 auctor
1643 908 1844 964 consi-

165 997 470 1065 gnandum
505 1007 633 1051 esse
689 995 879 1065 duxit,
924 997 1214 1051 Nicolaum
1252 1000 1473 1052 tertium
1520 1000 1696 1066 fuisse
1735 1014 1849 1051 na—

165 1088 313 1139 tione
352 1088 681 1151 Romanum,
716 1100 784 1139 ea:
809 1089 967 1155 patre
1011 1087 1221 1140 domini
1269 1089 1515 1143 Matthxi
1555 1090 1646 1141 cui
1673 1070 1851 1143 But/ei

162 1187 453 1245 agnomen
486 1173 951 1244 superadditum,
991 1176 1056 1230 de
1106 1176 1265 1230 domo
1300 1178 1639 1231 Ursinorum.
1688 1176 1848 1230 Scri-

156 1266 401 1331 pserant
429 1268 633 1316 veteres
658 1261 747 1315 illi
775 1262 841 1316 de
883 1262 1056 1316 Felice
1084 1267 1282 1333 quarto
1300 1282 1318 1318 :
1351 1265 1455 1318 Hic
1482 1266 1613 1331 fecit
1645 1264 1847 1319 basili—

158 1366 281 1404 cam
328 1356 652 1405 sanctorum
711 1350 913 1405 Cosmaz
944 1355 997 1404 et
1038 1352 1319 1423 Damiani,
1366 1357 1416 1406 et
1457 1352 1740 1406 basilicam
1783 1351 1841 1406 S.

162 1439 471 1495 Saturnini
495 1457 530 1495 a
561 1442 674 1495 solo
694 1442 905 1508 refecit,
947 1444 1004 1496 et
1027 1440 1097 1496 de
1117 1442 1301 1497 Leone
1339 1443 1411 1497 III
1433 1441 1693 1497 civitatis
1718 1442 1848 1497 Leo-

163 1528 326 1583 ninaa
381 1528 459 1583 ab
509 1543 578 1585 eo
644 1529 1029 1585 denominata:
1076 1529 1298 1599 [utpote
1355 1525 1672 1601 conditore]
1720 1542 1847 1601 me:

165 1620 363 1673 morat
394 1618 640 1673 secundo
696 1633 841 1672 anno
883 1620 974 1673 sui
1022 1598 1377 1688 pontificatus
1416 1598 1722 1692 [sectiones
1749 1598 1843 1676 33]

160 1709 391 1776 cepisse
435 1711 780 1774 construere;
813 1713 965 1762 sexto
992 1712 1173 1761 autem
1198 1724 1345 1762 anno
1367 1709 1587 1775 magnis
1616 1723 1680 1761 ac
1725 1707 1840 1761 mi—

158 1795 443 1852 rabilibus
470 1797 701 1866 fabricis
726 1813 861 1867 Opus
902 1813 1320 1852 consummasse.
1353 1799 1436 1852 Ita
1464 1803 1520 1853 et
1552 1795 1837 1853 recentior

1956 643 2343 701 Einsildensis
2365 645 2425 701 in
2441 650 2592 702 tomo
2616 651 2820 717 quarto
2841 646 3246 706 Analectorum
3268 649 3618 725 Mabillonii,

1956 737 2013 789 et
2040 734 2290 790 eruditis
2317 734 2375 790 in
2416 737 2677 793 eamdem
2730 737 3127 794 collectionem
3160 739 3335 796 notis.
3389 741 3621 799 Patebat

1960 821 2144 894 igitur
2171 838 2332 895 seges
2354 838 2464 880 non
2489 825 2712 881 modica
2732 825 3205 883 documentorum
3229 828 3620 900 scriptoribus

1961 914 2356 981 prosecuturis
2385 913 2674 986 catalogos
2698 927 2765 971 ac
2789 915 2949 971 Vitas
2985 928 3343 973 summorum
3375 919 3621 989 pontiﬁ-

1959 1013 2111 1071 cum,
2141 1002 2279 1058 dum
2311 1003 2736 1073 perlustrabant
2782 1004 3066 1074 ejusmodi
3102 1005 3328 1078 titulos,
3380 1012 3445 1064 ut
3484 1009 3619 1065 inde

1958 1090 2296 1163 colligerent
2338 1106 2443 1148 sua
2496 1093 2819 1165 spicilegia.
2865 1092 3047 1165 Multo
3089 1100 3280 1149 autem
3328 1094 3618 1165 pleniores

1959 1179 2052 1237 t'on
2062 1186 2145 1236 tes
2157 1181 2419 1238 historiae
2436 1182 2601 1238 illisa
2610 1182 2978 1253 periebantur
2996 1182 3056 1237 in
3068 1183 3393 1239 earumdem
3413 1187 3617 1254 ponti-

1918 1344 1933 1349 _
1959 1263 2126 1323 ﬁcum
2145 1270 2432 1341 epistolis,
2460 1277 2517 1327 et
2536 1271 2918 1328 conciliorum
2939 1270 3118 1340 Actis,
3140 1271 3227 1328 uti
3246 1271 3611 1331 observatum

1953 1354 2069 1425 jam
2098 1357 2317 1426 pridem
2349 1356 2464 1415 fuit
2493 1360 2554 1415 in
2585 1358 3024 1430 praefationibus
3068 1359 3241 1431 primi
3274 1371 3340 1416 ac
3370 1362 3611 1420 secundi

1956 1445 2097 1501 tomi
2144 1452 2354 1504 nostra;
2378 1448 2677 1506 editionis.

2031 1535 2085 1592 6.
2130 1536 2232 1591 His
2261 1542 2450 1593 autem
2501 1537 2753 1595 breviter
2804 1538 3105 1610 indicatis,
3156 1542 3449 1612 praeterire
3496 1554 3611 1599 non

1955 1625 2133 1682 debeo
2160 1627 2406 1685 alterum
2427 1630 2600 1698 caput
2635 1628 3111 1686 documentorum
3140 1630 3613 1702 compendiario-

1953 1729 2102 1787 rum,
2129 1729 2256 1788 quae
2286 1729 2401 1773 non
2424 1717 2589 1774 modo
2619 1718 2933 1786 praeteritis
2961 1718 3231 1777 aetatibus
3257 1720 3609 1791 usurpaban-

1946 1809 2062 1876 tur,
2095 1806 2191 1863 sed
2224 1806 2399 1863 etiam
2430 1805 2535 1862 hac
2560 1810 2756 1863 nostra
2784 1806 2996 1879 vigent,
3028 1814 3086 1866 et
3114 1807 3372 1866 referunt
3414 1809 3614 1867 brevi-

157 1882 391 1938 Nicolai
444 1884 603 1939 tertii
649 1885 917 1941 laudator
943 1888 1063 1955 fieri
1099 1889 1249 1953 fecit,
1286 1886 1500 1957 inquit,
1527 1886 1746 1955 palatia
1785 1900 1817 1939 e.

1967 1902 2117 1954 atem
2137 1902 2194 1953 et
2210 1896 2468 1954 ordinem
2489 1896 2879 1968 catalogorum
2903 1902 2960 1953 et
2974 1897 3448 1970 biographorum.
3465 1903 3607 1957 Nam

154 1973 349 2026 aulam
406 1974 649 2043 majora,
682 1980 733 2029 et
762 1976 1050 2044 capellam,
1083 1981 1134 2028 et
1184 1976 1329 2029 alias
1360 1976 1542 2029 domos
1572 1977 1833 2044 antiquas

154 2062 527 2131 ampliﬁcavit
572 2066 928 2134 pontiﬁcatus
953 2065 1043 2117 sui
1079 2077 1224 2117 anno
1268 2065 1469 2132 primo,
1501 2068 1553 2118 et
1578 2078 1723 2117 anno
1744 2078 1836 2117 se—

157 2150 336 2204 cundo
372 2154 740 2221 pontiﬁcatus
783 2153 874 2205 sui
922 2153 1045 2220 ﬁeri
1069 2153 1201 2219 fecit
1238 2155 1290 2205 et
1317 2153 1607 2205 circuitum
1646 2166 1837 2205 muro—

159 2255 283 2294 rum
325 2242 577 2310 pomerii
627 2240 815 2309 hujus.
872 2239 1129 2310 Apparet
1169 2240 1355 2312 igitur
1393 2240 1536 2295 satis
1582 2240 1839 2311 viguisse

162 2327 440 2398 pluribus
472 2330 650 2385 etiam
700 2328 951 2399 steculis,
991 2332 1120 2399 post
1153 2333 1467 2400 utrumque
1512 2328 1836 2401 catalogum

157 2418 540 2475 Libet-ianum
573 2423 631 2474 et
658 2418 1011 2475 Felicianum
1038 2432 1166 2474 sero
1191 2418 1520 2475 consecutis
1548 2418 1839 2474 imitatio-

162 2522 286 2564 nem
351 2508 494 2579 styli
549 2509 763 2564 veteris
813 2509 1205 2579 catalogorum
1264 2512 1321 2564 et
1379 2507 1832 2579 biographorum

162 2599 321 2655 sedis
348 2600 713 2669 apostolicae,
746 2599 987 2669 perinde
1005 2597 1422 2655 annotantibus
1468 2598 1732 2669 patriam,
1766 2610 1833 2652 ac

160 2696 382 2759 patrem
427 2688 767 2759 pontiﬁcum
801 2688 1187 2761 singulorum,
1239 2693 1296 2744 et
1323 2701 1604 2744 summam
1635 2693 1833 2759 gesto-

159 2794 313 2849 rum,
338 2779 827 2850 quemadmodum
848 2778 908 2834 in
926 2778 1233 2835 matutinis
1252 2777 1600 2834 lectionibus
1612 2781 1832 2835 sancto-

163 2883 289 2925 rum
324 2867 665 2938 pontiﬁcum
712 2867 956 2923 recitare
985 2871 1362 2923 consueverat
1386 2866 1678 2923 Romanus
1705 2867 1831 2922 cle—

163 2972 287 3013 rus.
324 2957 472 3012 Mihi
524 2963 715 3013 autem
748 2954 921 3011 facile
954 2968 1289 3026 persuasum
1316 2961 1402 3011 est
1432 2954 1503 3011 ab
1532 2954 1731 3026 aliquo
1759 2969 1828 3012 ex

161 3045 317 3102 clero
358 3045 650 3115 ejusmodi
707 3044 1060 3101 lectionibus
1088 3048 1319 3101 assueto
1348 3045 1621 3101 dictatam
1644 3042 1828 3102 fuisse

155 3135 380 3190 Nicolai
427 3133 589 3190 tertii
623 3146 795 3204 quam
841 3134 1151 3190 retulimus
1184 3133 1641 3204 inscriptionem.
1671 3134 1830 3190 Unde

155 3224 330 3279 etiam
357 3222 720 3295 intelligitur
742 3222 900 3293 ipsos
920 3228 1137 3278 veteres
1158 3222 1382 3294 titulos,
1411 3228 1466 3278 et
1486 3223 1830 3295 epigraphes

154 3326 395 3382 operum
430 3326 463 3368 a
507 3312 755 3368 summis
801 3311 1179 3382 pontiﬁcibus
1224 3316 1688 3369 constructorum
1724 3317 1827 3369 aut

154 3408 579 3471 reparaturum,
623 3414 735 3457 non
768 3400 1063 3457 materiem
1097 3401 1282 3471 modo,
1315 3402 1411 3457 sed
1452 3402 1625 3457 etiam
1656 3401 1826 3457 verba

153 3493 508 3562 quandoque
531 3490 896 3547 ministrasse
918 3491 1186 3561 posteris,
1214 3490 1668 3561 producentibus
1688 3504 1825 3548 suos

152 3581 452 3653 catalogos
491 3586 551 3637 et
598 3580 888 3637 breviaria
937 3581 1201 3637 Vitarum
1251 3580 1321 3636 ad
1358 3580 1648 3650 propriam
1679 3586 1825 3637 zela-

153 3678 287 3727 tem.

216 3760 273 3818 5.
346 3760 614 3817 Accessit
661 3759 1002 3833 biOgrapbis
1067 3765 1124 3816 et
1173 3758 1602 3816 breviatoribus
1656 3758 1817 3815 aliud

150 3850 623 3920 promptuarium
646 3848 907 3919 proxime
928 3854 1054 3919 post
1082 3848 1405 3919 catalogum
1428 3846 1819 3918 Liberianum,

151 3940 303 3995 unde
346 3943 608 4009 peterent
638 3939 751 3995 ﬁda
790 3944 846 3994 et
894 3938 1127 4009 publica
1154 3938 1499 3994 documenta
1547 3950 1824 4007 compen-

146 4029 352 4084 diariae
382 4027 770 4096 chronologiw,
796 4028 1142 4099 genealogim,
1177 4031 1228 4082 et
1257 4027 1499 4081 historia:
1530 4026 1823 4081 uniuscu-

143 4118 359 4188 jusque
392 4117 708 4187 pontiﬁcis.
780 4119 920 4173 Nam
948 4117 1150 4173 beatus
1179 4119 1476 4181 Damasus,
1521 4116 1820 4187 proximus

148 4220 455 4262 successor
478 4205 721 4277 Liberii,
750 4218 878 4263 cum
902 4205 1168 4263 versibus
1191 4209 1497 4262 exornaret
1519 4205 1821 4276 plerasque

149 4296 462 4351 memorias
507 4301 825 4367 martyrum
854 4296 1221 4368 aliorumque
1262 4299 1614 4366 sanctorum,
1676 4296 1818 4366 quin

143 4385 319 4441 etiam
380 4385 739 4456 privatorum
790 4385 1045 4442 ﬁdelium
1099 4386 1324 4442 cineres
1368 4386 1450 4441 ita
1501 4385 1818 4456 aliquando

142 4475 579 4546 condecoraret,
615 4488 718 4546 pro
742 4487 806 4531 ea
831 4474 1115 4531 charitate
1145 4488 1258 4546 qua
1315 4474 1624 4545 piissimus
1652 4476 1817 4530 Pater

145 4563 610 4634 prosequebatur
686 4563 842 4620 ﬁlios
903 4563 1174 4622 Ecclesiae
1246 4564 1359 4620 sibi
1428 4563 1897 4636 concreditos,D

144 4654 412 4724 exempla
445 4653 656 4710 intulit
703 4655 885 4710 moris
918 4653 1053 4710 inde
1095 4654 1443 4734 continuati,
1484 4653 1811 4725 apponendi

144 4743 377 4799 scilicet
401 4743 473 4798 ad
499 4743 766 4813 sepulcra
792 4756 1187 4800 successorum
1219 4744 1556 4814 pontiﬁcum
1577 4743 1817 4815 epigra—

146 4833 285 4901 phes
317 4837 505 4887 metro
543 4832 836 4905 alligatas,
870 4832 931 4888 in
972 4832 1190 4903 quibus
1226 4835 1555 4891 eorumdem
1588 4846 1817 4904 praesu—

144 4920 261 4977 lum
286 4928 450 4994 gesta
478 4922 706 4992 potiora
732 4927 788 4978 et
813 4922 1192 4995 chronologia
1213 4923 1553 4994 plerumque
1576 4922 1815 4995 signiﬁ-

142 5016 374 5066 cantur.
425 5011 699 5081 Exempla
741 5011 1076 5081 bujusmodi
1107 5013 1490 5085 epigraphum
1540 5011 1814 5083 leguntur

144 5099 359 5169 passim
392 5099 452 5154 in
501 5099 737 5157 Baronii
767 5099 1114 5165 Annalibus,
1146 5106 1204 5157 et
1252 5101 1311 5157 in
1342 5100 1657 5172 appendice
1681 5099 1816 5156 the-

144 5190 301 5245 sauri
353 5190 718 5256 Gruteriani,
770 5202 990 5246 necnon
1044 5190 1103 5247 in
1134 5191 1525 5262 descriptione
1555 5190 1813 5247 basilica:

144 5278 432 5335 Vaticana?
459 5279 757 5335 Benedicti
787 5280 1086 5348 Canonici,
1133 5280 1290 5336 edita
1318 5294 1350 5335 a
1394 5281 1560 5335 Petro
1596 5280 1666 5336 de
1691 5280 1815 5336 An-

145 5368 303 5440 gelis.
358 5370 572 5426 Harum
613 5368 946 5439 complures
972 5370 1278 5440 descriptte
1308 5368 1545 5426 fuerunt
1566 5384 1599 5426 a
1624 5370 1815 5426 comi—

144 5464 263 5515 tatu
292 5460 483 5516 Caroli
538 5459 757 5531 Magni,
806 5459 953 5530 quin
982 5461 1157 5516 etiam
1202 5459 1275 5515 ab
1303 5460 1807 5530 ipsometCarOlo:

143 5550 239 5618 qui
274 5564 383 5606 non
432 5551 606 5607 modo
645 5549 913 5606 eruditos
959 5564 1154 5607 secum
1198 5549 1462 5617 ducebat,
1509 5565 1703 5607 verum
1757 5559 1815 5608 et.

146 5638 264 5709 ipse
311 5649 518 5714 suapte
553 5645 745 5698 marte
797 5641 1071 5711 procudit
1117 5641 1350 5713 elegans
1398 5640 1544 5698 illud
1577 5642 1814 5715 epigra-

146 5729 336 5798 pbium
361 5734 416 5791 8.
440 5730 704 5792 Adriani
730 5743 890 5801 papa:
911 5731 934 5788 Ι
958 5730 1184 5795 tumulo
1208 5728 1462 5803 aﬁixum,
1492 5732 1577 5789 uti
1609 5743 1815 5803 cogno-

1949 1986 2008 2043 in
2035 1985 2236 2044 funere
2263 1986 2506 2043 Romani
2535 1984 2830 2055 pontiﬁcis
2866 1987 3123 2043 curando
3155 1987 3364 2044 medici
3394 1993 3451 2045 et
3469 1989 3608 2046 chi-

1948 2076 2135 2148 rurgi,
2168 2075 2269 2147 qui
2291 2072 2551 2131 defuncti
2572 2073 2860 2129 cadavera
2897 2074 3294 2131 sacerdotibus
3317 2076 3610 2145 poeniten-

1948 2165 2146 2223 tiariis
2171 2164 2430 2220 basilicae
2460 2163 2751 2219 Vaticanis
2774 2162 2980 2232 lotum,
3017 2161 3273 2220 balsamo
3292 2170 3350 2221 et
3372 2177 3607 2222 aroma-

1950 2256 2111 2313 tibus
2153 2253 2540 2311 condiendum
2589 2251 2946 2323 suscipiunt,
2998 2252 3079 2307 ita
3127 2257 3507 2324 praeparatum
3549 2260 3609 2312 et

1951 2350 2255 2419 purgatum
2314 2344 2498 2401 sacris
2555 2342 2848 2399 ministris
2894 2342 3131 2399 tradunt
3173 2342 3608 2413 pontiﬁcalibus

1949 2435 2307 2492 indumentis
2333 2432 2690 2489 ornandum:
2714 2433 2864 2503 quod
2895 2431 3146 2488 subinde
3173 2444 3207 2487 a
3236 2434 3535 2490 canonicis
3549 2438 3608 2492 et

1945 2525 2098 2582 clero
2136 2524 2414 2580 Vaticano
2452 2522 2707 2579 delatum
2754 2522 2825 2578 ad
2869 2523 3176 2594 exsequias
3218 2524 3607 2582 novemdiales

1942 2616 2013 2672 de
2044 2628 2201 2672 more
2240 2612 2662 2685 persolvendas,
2699 2617 2999 2684 postquam
3051 2613 3249 2671 triduo
3273 2616 3601 2686 expositum

1944 2705 2041 2776 pio
2110 2705 2309 2761 studio
2379 2703 2575 2773 populi
2629 2704 3012 2769 accurrentis,
3064 2702 3265 2760 oscula
3333 2718 3602 2777 suprema

1943 2794 2186 2865 pedibus
2209 2793 2321 2849 viri
2352 2792 2656 2863 apostolici
2689 2792 3096 2849 venerabiliter
3127 2792 3370 2850 libautis
3391 2795 3601 2865 patuit,

1942 2884 2251 2940 includunt
2269 2896 2415 2939 arcte
2436 2882 2815 2952 cupressinaa:
2842 2882 2938 2939 cui
2960 2880 3134 2938 aliam
3152 2895 3380 2953 capsam
3406 2883 3604 2954 plum-

1939 2972 2101 3029 beam
2136 2972 2619 3044 superinducunt.
2654 2974 2715 3028 In
2742 2971 2917 3041 hujus
2946 2976 3138 3027 autem
3165 2972 3438 3042 operculo
3464 2973 3603 3031 bre-

1940 3076 2060 3119 vem
2075 3061 2426 3134 epigraphen
2449 3061 2793 3133 disponunt,
2811 3061 2988 3117 aeneis
3006 3060 3222 3117 litteris
3236 3062 3601 3120 exstantibus

1939 3160 2312 3229 compactam,
2345 3164 2590 3224 quarum
2617 3151 2864 3224 singulae
2885 3151 3078 3208 acutis
3104 3149 3472 3222 processibus
3492 3152 3606 3209 cla-

1854 3212 1903 3276 C
1938 3212 2139 3299 verum
2191 3212 2819 3313 more-assurgentib’us
2850 3212 3173 3315 inﬁguntur
3200 3244 3257 3298 et
3289 3246 3446 3298 arcte
3474 3247 3601 3299 sta-

1941 3333 2306 3389 tuminantur
2347 3345 2477 3387 cum
2528 3329 2750 3401 plumbi
2798 3328 3036 3400 lamina,
3084 3344 3154 3386 ne
3190 3329 3461 3387 excidant
3498 3335 3601 3387 aut

1940 3421 2386 3493 perturbentur;
2417 3421 2514 3478 sed
2545 3420 2823 3477 distincte
2855 3433 2961 3491 pep
2985 3432 3081 3475 eas
3112 3419 3338 3491 legatur
3367 3432 3593 3489 nomen,

1939 3512 2145 3582 patria,
2179 3514 2318 3567 aetas
2345 3514 2402 3566 et
2430 3508 2660 3579 epochae
2683 3508 2814 3565 vitae
2842 3521 2909 3565 ac
2934 3507 3308 3578 pontiﬁcatus
3335 3507 3595 3565 defuncti

1938 3599 2232 3671 praesulis.
2262 3599 2518 3669 Quartus
2541 3611 2719 3668 supra
2740 3597 3247 3669 quadragesimum
3266 3610 3458 3653 annus
3476 3596 3593 3666 jam

1937 3689 2157 3746 labitur
2173 3702 2242 3744 ex
2265 3701 2401 3757 quo,
2425 3689 2540 3741 Deo
2559 3686 2751 3755 dante,
2774 3686 2845 3742 ad
2866 3684 3073 3740 Urbem
3095 3683 3595 3746 feliciteraccessi.

1936 3780 2248 3835 Romanam
2287 3774 2615 3830 cathedram
2648 3772 2940 3829 insidente
2972 3770 3324 3828 venerabilis
3374 3784 3597 3828 memo—

1934 3868 2036 3925 riae
2066 3864 2335 3937 pontiﬁce
2374 3861 2708 3919 Innocentio
2733 3862 2830 3931 XI,
2865 3874 2980 3931 quo
3009 3874 3078 3917 ex
3122 3861 3394 3917 humanis
3424 3860 3597 3919 rebus

1932 3960 2195 4025 exempto
2227 3951 2416 4024 pridie
2438 3950 2575 4007 Idus
2603 3949 2850 4022 Augusti
2884 3947 3041 4020 4689,
3070 3949 3234 4006 Feria
3266 3963 3344 4021 v1,
3366 3950 3436 4007 ad
3466 3950 3596 4020 ejus

1932 4060 2144 4116 corpus
2187 4042 2602 4099 includendum
2632 4045 2840 4112 paratae
2878 4039 3158 4111 plumbeae
3194 4052 3380 4111 capsae
3417 4053 3593 4111 oper-

1930 4136 2064 4193 culo
2111 4133 2343 4190 inﬁxam
2387 4130 2505 4187 vidi
2537 4130 2714 4187 amcis
2749 4130 3186 4187 characteribus
3228 4130 3594 4187 exstantibus

1933 4226 2079 4282 hanc
2104 4222 2564 4293 inscriptionem,
2586 4233 2757 4291 quam
2785 4219 2845 4275 in
2866 4219 3243 4291 Ephemeride
3262 4232 3368 4276 sua
3389 4220 3594 4277 retulit

1930 4328 2224 4373 sacrarum
2264 4310 2738 4369 cteremoniarum
2772 4309 3044 4381 magister
3074 4308 3411 4381 pontiﬁcius
3437 4308 3590 4366 Can—

1926 4405 2103 4462 didus
2152 4402 2411 4459 basilicae
2452 4402 2508 4457 S.
2566 4398 2760 4455 Marica
2806 4397 3226 4455 Transtiberim
3269 4397 3589 4455 canonicus

1924 4493 2188 4550 Cassina.
2722 4563 2786 4627 ὦ

2603 4650 2665 4705 D.
2718 4647 2782 4704 Ο.
2826 4649 2900 4703 Μ.

2212 4753 2575 4797 INNOCEN‘I‘IIIS
2612 4752 2694 4795 XI.
2740 4751 3007 4794 PONTIFEX
3046 4750 3301 4793 MAXIIUS

2136 4826 2311 4869 ANTEA
2341 4823 2674 4867 BENEDIC’I‘US
2714 4822 3087 4865 ODESCALCIIUS
3105 4820 3369 4865 COIENSIS

2244 4898 2390 4940 OBIIT
2413 4898 2501 4940 DIE
2522 4897 2625 4939 XII.
2649 4894 2877 4937 AUGUSTI
2909 4891 3254 4936 HDCLXXXIX.

1996 4970 2204 5014 )ETATIS
2258 4968 2375 5012 SUE
2413 4971 2543 5012 ANN.
2594 4967 2838 5009 LXXVIII.
2877 4964 3044 5007 MENS.
3079 4962 3140 5004 II.
3173 4960 3319 5003 DIEB.
3346 4962 3508 5006 XXIV.

2138 5042 2293 5085 VIXIT
2329 5041 2385 5082 IN
2437 5037 2792 5084 PONTIFICATU
2829 5036 2958 5078 ANN.
2984 5032 3068 5075 XII
3108 5030 3274 5073 MENS.
3309 5031 3366 5074 Χ.

2596 5109 2723 5152 DIES
2759 5107 2880 5150 XXI.

1992 5193 2354 5262 Exceperunt
2411 5183 2795 5243 venerabilem
2863 5179 2963 5235 Dei
3042 5189 3272 5233 servum
3330 5177 3581 5249 proximi

1924 5293 2285 5339 successores
2307 5277 2361 5332 S.
2418 5275 2488 5328 Μ.
2523 5270 2846 5327 Alexander
2881 5268 3022 5323 Vlll.
3072 5266 3425 5321 Innocentius
3461 5266 3582 5328 XII.

1925 5371 2164 5427 Clemens
2218 5367 2311 5427 XI,
2358 5373 2604 5433 quorum
2657 5359 2716 5413 in
2749 5370 2837 5412 me
2880 5353 3269 5411 beneﬁcentiae
3306 5354 3359 5411 si
3403 5354 3585 5413 vicem

1926 5460 2162 5517 reddere
2201 5451 2508 5511 scribendo
2560 5448 2733 5519 nitar,
2776 5457 3054 5517 arrogans
3088 5443 3257 5514 plane
3306 5449 3361 5501 et
3408 5458 3586 5517 supra

1924 5549 2078 5606 vires
2116 5552 2460 5617 praesumere
2489 5543 2546 5594 et
2575 5535 2808 5607 aggredi
2838 5533 2981 5591 velle
3005 5544 3304 5603 coarguar.
3335 5535 3460 5591 Non
3490 5539 3588 5591 ta-

1926 5651 2052 5695 men
2084 5633 2385 5706 culpabor,
2416 5628 2467 5686 si
2500 5625 2975 5683 consuetudinem
3002 5621 3063 5677 in
3089 5619 3185 5677 his
3214 5636 3443 5696 quoque
3486 5627 3591 5679 tua

1926 5725 2222 5787 mutandis
2270 5716 2736 5798 [quemamodum
2786 5716 2847 5774 in
2897 5707 3251 5788 Innocentio]
3307 5716 3587 5769 servatam
