3996 6402
420 389 527 452 445

1203 397 1298 454 AD
1331 393 1769 453 ANASTASIUM
1805 392 2320 451 PROLEGOMENA
2375 395 2554 450 EDIT.
2594 394 3028 452 ROM.—VATIC.

3734 390 3849 448 446

421 519 590 576 testis
627 520 891 577 oculatus
945 532 1220 592 asseram,
1274 522 1489 592 quippe
1547 521 1647 592 qui
1678 534 1711 576 a
1740 519 2153 580 domesticisA
2186 519 2568 589 parochialem
2610 521 2700 576 SS.
2742 521 3032 578 Vincentii
3075 525 3131 577 et
3168 519 3482 588 Anastasii,
3523 519 3626 576 ubi
3660 532 3843 590 prope

425 607 724 679 obsequiis
762 607 1074 665 Alexandri
1121 613 1180 664 et
1218 609 1528 666 Clementis
1565 610 1822 679 ipsorum
1863 607 2076 679 digna—

420 694 577 751 tione
613 695 892 768 delectus,
941 697 1229 768 supremis
1277 698 1336 753 in
1367 711 1466 754 eos
1493 696 1699 753 oﬁlciis
1735 697 1932 752 deesse
1961 708 2074 751 non

423 783 617 840 debui.
646 783 809 842 Addo
831 786 1034 859 igitur,
1083 791 1286 857 prater
1313 787 1664 859 epigraphen
1692 786 1852 842 illam
1878 785 2071 856 plum-

422 871 526 929 beo
558 872 748 931 loculo
770 873 1027 946 inﬁxam,
1057 875 1403 946 peculiarem
1433 876 1672 932 alteram
1713 889 1784 932 ex
1813 888 1960 930 area
1984 874 2078 930 ia-

424 961 584 1018 mina
605 962 891 1021 inclusam
921 961 1105 1020 fuisse
1131 962 1442 1020 Alexandri
1469 964 1764 1037 pontiﬁcis
1791 977 1975 1033 capsa
2005 961 2077 1017 ab

423 1051 886 1110 eminentissimo
905 1065 974 1108 ac
994 1054 1470 1110 reverendissimo
1496 1059 1698 1124 nepote
1723 1054 1886 1108 Petro
1907 1051 2040 1107 card
2054 1091 2068 1104 .

424 1137 752 1197 Otthobono
772 1141 828 1197 S.
857 1141 920 1196 R.
947 1142 1008 1197 Ε.
1040 1143 1530 1215 vicecancellario,
1564 1157 1717 1200 nunc
1743 1143 1917 1198 etiam
1947 1140 2080 1210 epi-

427 1241 600 1298 scopo
649 1228 975 1302 Sabinensi,
1029 1232 1167 1288 dum
1213 1233 1404 1306 magni
1434 1234 1626 1304 patrui
1672 1233 1886 1302 optime
1913 1229 1983 1286 de
2018 1224 2080 1284 δε

427 1316 622 1372 meriti
661 1331 873 1389 corpus
911 1319 1250 1378 transferret
1281 1323 1350 1378 ad
1403 1323 1604 1378 cellam
1637 1321 1927 1392 magniﬁci
1954 1322 2085 1376 mo“

427 1407 712 1478 numenti,
755 1408 914 1480 regio
957 1415 1194 1480 sumptu
1238 1424 1272 1466 a
1319 1424 1380 1467 se
1425 1411 1686 1480 excitati,
1734 1411 1884 1480 quod
1931 1410 2082 1465 inter

426 1495 720 1565 pracipua
738 1495 996 1554 basilica
1020 1500 1305 1556 Vaticana
1345 1506 1676 1557 ornamenta
1705 1500 2076 1570 suspicimus.

426 1583 492 1638 In
537 1581 638 1639 illa
691 1585 908 1655 pariter
949 1587 1159 1644 tabella
1209 1603 1362 1645 anea
1409 1594 1660 1646 veterum
1691 1589 2078 1662 catalogorum

428 1671 746 1730 moderatio
777 1681 998 1734 servata
1022 1683 1128 1749 est,
1161 1677 1410 1734 breviter
1440 1679 1704 1735 indicans
1734 1693 1960 1752 nomen,
1988 1694 2079 1750 pa-

427 1759 621 1832 triam,
645 1776 846 1834 genus,
869 1770 926 1822 et
951 1767 1272 1837 pracipuas
1299 1768 1430 1824 vita
1458 1781 1524 1824 ac
1554 1782 1856 1825 munerum
1891 1771 1948 1824 in
1976 1770 2079 1825 Bo-

2182 623 2339 664 aram
2385 610 2689 666 maximam
2741 625 2810 666 ex
2857 611 3033 666 latere
3060 609 3356 682 Evangelii
3403 609 3465 664 in
3509 608 3843 678 pavimento

2185 698 2594 768 reconduntur,
2609 698 2968 755 brevissimis
3009 697 3493 768 inscriptionibus
3511 709 3843 754 emarmore

2186 788 2480 859 impositis
2530 789 2591 845 in
2640 789 2784 845 hanc
2813 789 3177 858 sententiam,
3206 801 3452 859 quarum
3481 787 3630 844 duas
3667 790 3843 842 tran-

2186 877 2433 935 scribam
2461 891 2492 934 e
2517 877 2785 949 pluribus
2806 877 2890 934 ibi
2921 877 3196 949 legendis.

2895 1033 2948 1074 D.
2976 1032 3027 1074 ο.
3057 1032 3117 1074 Ι.

2842 1102 3181 1145 PRECORDIA.

2721 1173 3024 1216 CLEMENTIS
3050 1174 3108 1215 Χ.
3159 1173 3209 1215 P.
3238 1173 3299 1214 Π.

2718 1245 2864 1287 OBIIT
2911 1246 2968 1287 IN
3018 1245 3301 1293 QUIBINALI

2616 1317 2708 1360 DIE
2756 1317 2878 1358 XXII
2910 1316 3051 1360 JULII
3104 1314 3409 1358 MDCLXXVI.

2893 1440 3028 1482 D.0.
3061 1438 3122 1481 ll.

2840 1511 3180 1554 PRECORDIA.

2694 1582 3006 1626 INNOCRNTII
3051 1582 3159 1624 XIII
3190 1581 3240 1623 P.
3275 1580 3335 1624 Π.

2721 1654 2868 1695 ΟΒΙΙΤ
2909 1653 2967 1695 IN
3019 1651 3301 1700 QUIRINALI

2613 1725 2706 1767 DIE
2744 1726 2844 1767 VII.
2885 1725 3050 1767 MART.
3107 1721 3406 1765 MDCCXXIV.

427 1861 594 1905 mana
616 1850 872 1910 Ecclesia
898 1853 970 1909 ab
989 1855 1186 1911 eodem
1217 1855 1484 1925 pontiﬁce
1515 1863 1804 1927 gestorum
1829 1857 2077 1926 epochas
2107 1852 2160 1913 B
2254 1853 2308 1912 7.
2355 1855 2628 1912 Videmus
2677 1855 2891 1926 itaque,
2916 1868 3100 1926 neque
3129 1855 3190 1910 in
3217 1853 3432 1910 Liberii
3473 1853 3702 1922 saculo,
3731 1865 3848 1909 ne-

427 1935 510 1992 ita
557 1939 868 2012 complexa,
915 1943 1146 2013 praﬁxo
1187 1944 1502 2001 Dominica
1543 1945 1739 2002 crucis
1789 1946 1956 2018 signo
2007 1947 2078 2002 de

425 2038 599 2082 more.

1231 2147 1272 2159 Oi.

1245 2159 1259 2193 4

1099 2227 1165 2282 D.
1216 2227 1280 2283 Ο.
1328 2229 1404 2286 M.

815 2345 1143 2388 ALEXANDIW
1194 2347 1320 2388 VIII.
1349 2347 1506 2388 PONT.
1553 2349 1691 2390 MAI.

749 2415 923 2458 PETRO
953 2417 1286 2471 .OTTHOBONO
1331 2416 1498 2460 HARCI
1542 2419 1764 2466 EQUITIS

707 2485 936 2528 VENETE
982 2486 1130 2527 REIP.
1169 2487 1336 2529 MAGNI
1371 2487 1623 2530 CANCELL.
1650 2490 1796 2532 FILIO

777 2554 850 2596 EX
890 2555 1142 2597 νισι-σιω
1182 2556 1455 2598 TORNIELA
1497 2558 1724 2600 CONIUGE

709 2623 968 2666 VENETIIS
1016 2625 1154 2666 ΝΛΤο
1203 2627 1348 2669 XXII.
1395 2627 1578 2670 APRIL.
1621 2630 1790 2672 IDCX.

710 2695 877 2738 INTER
921 2696 1258 2738 CARDINALES
1289 2698 1554 2740 COOPTATO
1584 2701 1790 2744 MDCLII.

849 2767 922 2809 AD
945 2767 1213 2809 BOIANAII
1243 2769 1421 2811 SEDEH
1447 2769 1654 2812 ενιζετο

708 2835 858 2879 PRID.
893 2837 1067 2880 NONAS
1108 2839 1330 2883 OCTOBR.
1364 2840 1784 2886 MDCLXXXVIIII.

892 2909 950 2951 IN
1013 2908 1239 2952 CHRISTO
1291 2911 1612 2960 QUIESCENTI

922 2979 1045 3022 ΚΑΙ..
1089 2981 1228 3024 FEBR
1255 2983 1576 3026 MDCLXXXXI

849 3051 1058 3092 PETRUS
1099 3051 1254 3096 CARD.
1297 3053 1649 3099 OTTHOBONUS

747 3121 792 3162 S.
823 3120 879 3164 Β.
923 3121 976 3164 Β.
1006 3123 1282 3165 VICECANC.
1329 3126 1561 3168 FRATRIS
1587 3129 1757 3172 NEPOS

780 3193 990 3234 PATRUO
1039 3194 1218 3236 MAGNO
1255 3195 1454 3238 OPTIMO
1478 3198 1717 3243 PBINCIPI

855 3263 1046 3306 POSUIT
1095 3265 1240 3308 ANNO
1273 3267 1437 3310 (UBIL.
1491 3269 1644 3311 MDCC.

420 3442 426 3446 .
499 3391 778 3449 Clementi
808 3408 941 3451 vero
969 3397 1049 3451 XI
1069 3398 1567 3458 eminentissimus
1587 3416 1650 3458 ac
1680 3407 2083 3464 reverendissi-

433 3491 562 3536 mus
599 3481 666 3536 D.
695 3479 944 3539 Annibal
969 3485 1406 3546 card.Albanus
1435 3490 1488 3545 S.
1524 3491 1588 3544 Β.
1636 3493 1698 3546 Ε.
1731 3496 2084 3552 camerarius

433 3567 498 3623 in
539 3567 810 3640 hypogao
850 3571 1013 3628 chori
1049 3572 1307 3632 basilica
1343 3578 1649 3650 Vaticana,
1679 3582 1828 3652 quod
1861 3583 2088 3640 solum—

431 3655 600 3712 modo
628 3658 816 3726 patuit
849 3659 1102 3717 industri
1130 3663 1257 3732 ejus
1296 3666 1497 3734 pietati
1528 3667 1597 3723 ad
1630 3672 1949 3727 ornandum
1983 3688 2084 3744 pro

427 3745 717 3818 dignitate
739 3759 805 3802 ac
826 3748 1021 3804 studio
1043 3752 1188 3806 tanti
1214 3754 1507 3822 pontiﬁcis
1524 3757 1832 3828 tumulum,
1858 3770 2084 3821 vetante

430 3836 557 3905 ipso
591 3850 673 3928 ne
692 3839 870 3894 moles
895 3840 1196 3910 magniﬁca
1223 3843 1336 3898 sibi
1367 3845 1670 3903 demortuo
1707 3851 2079 3928 excitaretur,

430 3932 634 4015 prater
663 3927 1099 3998 inscriptionem
1121 3945 1267 3986 arca
1295 3933 1542 4002 plumba
1558 3937 1632 3992 de
1657 3953 1810 3995 more
1834 3940 2078 4015 aﬁixam,

431 4012 656 4071 brevem
704 4016 850 4073 hanc
895 4022 952 4073 et
1001 4020 1229 4090 antiqui
1263 4023 1441 4079 moris
1501 4025 1712 4082 tabula
1755 4012 2082 4090 marmorea

421 4105 860 4162 commendavit.

857 4244 1123 4290 CLEMENTI
1170 4249 1252 4290 XI.
1305 4250 1463 4292 PONT.
1517 4252 1648 4293 NAX.

856 4315 1009 4360 οιικ.
1054 4319 1107 4362 IO
1132 4320 1423 4362 FRANCISCO
1445 4323 1655 4364 ALBANO

1061 4390 1252 4432 CAROLI
1285 4392 1450 4433 FILIO.

713 4457 954 4500 ANNIBAL
975 4459 1128 4501 CARD.
1160 4461 1407 4503 ALBANUS
1430 4464 1475 4504 S.
1502 4465 1557 4505 R.
1586 4465 1640 4506 E.
1664 4466 1789 4510 (ΖΑΗ.

823 4530 888 4570 ΕΤ
916 4531 1093 4570 VATIC.
1124 4531 1383 4573 BASlLlC/B
1421 4535 1678 4580 ARCHIPB.

834 4599 1046 4642 PATRUO
1069 4600 1590 4650 BENEFICENTISSIMO
1614 4609 1664 4650 P.

962 4670 1107 4712 ANNO
1139 4673 1253 4714 SAL.
1281 4674 1538 4720 MDCCXXII

495 4780 798 4837 Ponuntur
807 4781 1004 4838 etalia
1020 4783 1371 4842 brevissima
1385 4789 1794 4861 inscriptiones
1805 4795 2076 4855 Romanis

422 4869 799 4940 pontiﬁcibus
829 4885 1162 4942 supremum
1193 4875 1342 4930 diem
1379 4877 1437 4933 in
1471 4879 1618 4936 Urbe
1641 4882 2072 4956 claudentibus,

424 4958 656 5029 quando
675 4973 874 5016 eorum
905 4963 1222 5031 pracordia
1259 4965 1320 5020 in
1351 4970 1608 5025 curando
1632 4975 1689 5026 et
1715 4975 2074 5032 aromatibus

421 5048 744 5105 condiendo
773 5050 1044 5106 cadavere
1069 5065 1100 5107 e
1121 5067 1358 5124 corpore
1385 5065 1644 5129 exempta
1676 5060 1735 5116 in
1763 5075 1926 5119 sacro
1950 5065 2074 5122 loco

425 5135 740 5193 honoriﬁce
773 5140 1182 5196 reconduntur.
1201 5142 1260 5200 Si
1279 5145 1429 5200 enim
1465 5146 1522 5202 in
1558 5149 1773 5218 palatio
1801 5153 2074 5212 Vaticano

421 5226 730 5296 contigerit
749 5229 1073 5296 pontiﬁcem
1096 5234 1262 5300 mori,
1285 5233 1386 5292 illa
1407 5235 1468 5294 in
1485 5239 1794 5296 secretario
1818 5241 2075 5301 basilica

421 5312 476 5378 ὃ,
509 5314 662 5380 Patri
691 5315 877 5380 locum
900 5317 1161 5382 obtinent
1187 5321 1244 5380 in
1270 5323 1592 5391 pavimento
1614 5341 1787 5398 prope
1803 5329 1985 5388 altare
2011 5332 2071 5390 in

420 5400 666 5486 anicula
678 5416 779 5470 ξθιι
793 5406 1128 5486 appellanti
1144 5415 1470 5472 sanctorum
1487 5414 1766 5486 reliquias
1781 5433 2073 5480 asservane

417 5485 525 5576 dii!
543 5493 890 5576 sensimus.
915 5492 1015 5558 Sin
1040 5502 1230 5561 autem
1259 5497 1317 5564 in
1347 5485 1640 5568 Quirinali
1659 5503 1874 5567 abierit
1893 5507 1909 5566 (
1917 5507 2066 5576 quod

419 5573 713 5644 plerisque
730 5579 1002 5647 περίιθι
1030 5595 1146 5651 quo
1170 5584 1447 5652 palatium
1474 5589 1740 5656 incolunt
1760 5591 1842 5656 ibi
1868 5607 1901 5656 ε
1931 5573 2070 5656 i’aue

415 5661 474 5734 ιθ
501 5664 546 5734 ν
573 5662 918 5737 fundatum).
944 5668 1286 5738 deteruntur
1317 5677 1636 5742 amoma
1659 5679 1730 5744 ad
1762 5680 2066 5746 ecclesiam

2188 1958 2300 2016 que
2331 1943 2392 2000 in
2419 1943 2628 2000 Felicis
2659 1945 2851 2016 quarti
2891 1948 3056 2000 atate
3090 1943 3566 2000 consuetudinem
3595 1941 3847 1997 desiisse

2188 2033 2401 2104 stylum
2417 2033 2811 2105 catalogorum
2833 2033 3097 2089 servandi
3127 2033 3188 2088 in
3209 2031 3480 2088 brevibus
3493 2046 3561 2087 ac
3586 2029 3847 2100 publicis

2191 2122 2524 2192 bujusmodi
2543 2123 2930 2178 monumentis
2953 2140 2968 2192 ;
2990 2122 3086 2177 sed
3116 2122 3282 2177 illum
3305 2119 3487 2177 fuisse
3509 2121 3568 2175 in
3589 2120 3848 2175 Romana

2189 2211 2444 2267 Ecclesia
2473 2216 2800 2268 constanter
2827 2213 2897 2268 ad
2934 2224 3039 2266 nos
3081 2210 3484 2266 transmissum
3525 2208 3732 2278 partim
3782 2208 3848 2262 in

2190 2300 2373 2355 sacris
2395 2300 2456 2354 di
2465 2300 2709 2369 ptychis,
2736 2301 2944 2370 partim
2965 2301 3024 2355 in
3045 2299 3323 2369 catalogis
3341 2304 3398 2354 et
3421 2296 3730 2354 breviariis
3753 2295 3854 2352 Vi-

2191 2392 2407 2457 tarum,
2458 2401 2678 2442 necnon
2715 2388 2775 2442 in
2823 2387 3160 2442 marmoreis
3208 2386 3424 2442 tabulis
3447 2392 3504 2442 et
3535 2383 3853 2441 metallicis

2191 2489 2374 2545 usque
2402 2477 2472 2532 ad
2506 2481 2759 2532 nostram
2779 2480 3022 2538 atatem,
3052 2475 3132 2530 ita
3161 2479 3224 2530 ut
3245 2479 3432 2530 ratum
3461 2475 3614 2545 apud
3645 2487 3852 2530 omnes

2193 2563 2389 2619 haberi
2420 2564 2641 2632 debeat,
2664 2569 2928 2620 constare
2958 2563 3126 2619 ﬁdem
3151 2563 3538 2635 chronologia
3568 2577 3634 2617 ac
3665 2563 3855 2618 histo-

2189 2653 2292 2709 ria
2312 2653 2646 2723 pontiﬁcum
2666 2654 3050 2710 Romanorum
3071 2653 3164 2708 his
3181 2653 3353 2708 etiam
3366 2665 3433 2707 ex
3458 2651 3851 2722 documentis,

2191 2748 2319 2812 post
2343 2741 2632 2813 cataIOgos
2661 2741 2876 2798 Liberii
2908 2749 2964 2797 et
2994 2741 3204 2797 Felicis
3233 2741 3427 2811 quarti
3459 2745 3623 2796 atate
3653 2740 3852 2796 colle-

2187 2838 2330 2900 ctos,
2350 2845 2417 2886 ex
2446 2833 2836 2887 monumentis
2862 2844 2973 2888 non
2995 2830 3392 2887 dissimilibus
3409 2829 3848 2900 diptychorum,

2187 2920 2658 2990 inscriptionum,
2698 2925 2756 2975 et
2774 2920 3043 2976 Actorum
3065 2920 3293 2990 publice
3320 2921 3699 2990 signatorum,
3727 2923 3852 2975 tam

2185 3010 2306 3066 vita
2337 3023 2534 3065 eorum
2584 3014 2882 3065 constante
2913 3010 2974 3064 in
3022 3010 3312 3078 conciliis,
3347 3007 3847 3077 ordinationibus,

2182 3097 2650 3154 dedicationibus
2693 3099 2985 3169 gestisque
3042 3097 3311 3168 pluribus
3364 3099 3424 3153 in
3477 3095 3847 3182 pontiﬁcatu,

2103 3177 2152 3239 Ο
2189 3201 2359 3257 quam
2392 3187 2649 3257 ipsorum
2685 3188 2742 3242 in
2783 3187 2982 3243 funere
3011 3201 3076 3243 ac
3113 3186 3516 3243 tumulatione.

2259 3275 2316 3331 8.
2347 3277 2522 3331 Erant
2565 3276 2746 3344 igitur
2779 3277 2836 3331 in
2882 3276 3214 3345 pralatione
3253 3275 3600 3346 attingenda
3631 3275 3855 3344 hujus-

2193 3365 2348 3420 modi
2380 3365 2828 3420 consuetudines
2872 3365 3023 3435 apud
3067 3379 3173 3421 nos
3202 3365 3478 3436 vigentes,
3512 3379 3640 3434 qua
3664 3377 3850 3434 gene—

2195 3455 2366 3510 ratim
2418 3453 2659 3523 probant
2704 3454 2963 3525 origines
3022 3468 3088 3510 ac
3133 3453 3319 3510 fontes
3365 3453 3658 3509 consecuti
3701 3466 3846 3522 ope-

2196 3543 2281 3598 ris
2316 3542 2682 3598 Anastasiani
2716 3549 2842 3613 post
2887 3543 3177 3613 duplicem
3217 3543 3546 3614 catalogum
3583 3541 3691 3598 sub
3741 3542 3853 3598 Li—

2196 3631 2356 3686 berio
2377 3636 2433 3686 et
2479 3632 2665 3687 Felice
2694 3634 2763 3686 ιν
2790 3632 3034 3702 editum,
3077 3646 3208 3688 cum
3242 3633 3500 3688 indicent
3521 3631 3681 3701 pium
3716 3629 3856 3686 oﬁi-

2193 3721 2349 3776 cium
2400 3735 2511 3801 non
2553 3721 2948 3801 intermissum
2979 3722 3250 3793 signandi
3279 3735 3507 3790 nomen,
3541 3735 3741 3793 genus,
3781 3733 3853 3774 ac

2194 3796 2452 3880 tempora
2469 3796 2831 3882 singulorum
2863 3811 3013 3866 beati
3042 3811 3191 3866 Petri
3223 3811 3506 3866 cathedra
3543 3824 3856 3867 successo—

2194 3914 2342 3958 rum.
2369 3901 2720 3970 Generatim,
2745 3900 3002 3969 inquam,
3034 3897 3295 3968 prafatio
3321 3905 3516 3956 nostra
3542 3900 3747 3956 debuit
3767 3904 3854 3954 at.

2194 3990 2416 4062 tingere
2441 3990 2542 4044 has
2572 3988 2958 4058 probationes,
2983 4001 3111 4043 nam
3145 3993 3347 4043 catera
3374 3989 3693 4058 peculiaria
3721 4008 3854 4062 qua

2193 4077 2538 4150 singillatim
2583 4077 2981 4132 demonstrant
3041 4076 3504 4147 uniuscujusque
3549 4081 3852 4148 pontiﬁcis

2193 4167 2552 4224 characteres
2596 4163 3054 4235 chronologicos,
3112 4170 3168 4220 et
3211 4165 3498 4235 potiorum
3553 4175 3848 4238 gestoru

2193 4257 2598 4324 indicationes,
2625 4254 2722 4310 illa
2752 4259 3116 4310 reservantur
3144 4255 3301 4312 notis
3323 4256 3393 4312 ad
3417 4258 3700 4315 sectiones
3727 4260 3853 4318 sin-

2191 4345 2358 4417 gulas
2384 4345 2455 4400 de
2476 4357 2631 4400 more
2658 4342 2983 4400 afferendis.

2261 4433 2313 4490 9.
2363 4432 2666 4490 Perfuncta
2704 4447 2834 4490 cum
2871 4435 2951 4490 sit
2995 4433 3254 4505 prafatio
3299 4443 3494 4493 nostra
3521 4438 3628 4494 hoc
3657 4439 3846 4508 priori

2104 4509 2160 4571 D
2192 4538 2446 4593 munere,
2494 4525 2645 4594 quod
2691 4525 2908 4579 versari
2940 4525 3200 4582 diximus
3230 4527 3387 4582 circa
3431 4527 3846 4586 iudicationem

2187 4614 2481 4684 originum
2509 4614 2702 4684 operis
2731 4615 3022 4670 consecuti
3057 4628 3088 4670 a
3112 4615 3358 4672 termino
3381 4616 3568 4672 atatis
3597 4621 3848 4687 utroque

2185 4703 2444 4774 catalogo
2491 4717 2561 4758 ex
2605 4703 2834 4760 duobus
2881 4703 3320 4774 antiquioribus
3373 4704 3646 4775 deﬁnita,
3696 4719 3848 4764 con—

2186 4793 2375 4849 tendit
2423 4794 2492 4850 ad
2547 4793 2707 4850 aliud
2759 4793 3009 4851 oﬁicium
3075 4795 3482 4864 prastandum,
3530 4807 3730 4864 nempe
3777 4803 3846 4854 ut

2188 4889 2467 4952 proponat
2491 4884 2789 4953 opuscula,
2825 4898 2950 4954 qua
2980 4884 3181 4940 censui
3227 4897 3352 4939 esse
3383 4884 3442 4938 in
3473 4884 3848 4956 Prolegome—

2187 4972 2280 5028 nis
2327 4972 2683 5044 proferenda.
2728 4973 2861 5028 Tria
2899 4986 3032 5030 vero
3064 4973 3200 5030 huic
3228 4981 3380 5030 tomo
3409 4971 3669 5030 suﬁicere
3687 4975 3849 5043 judi-

2187 5076 2334 5118 δᾶνι.

2254 5155 2316 5208 In
2349 5153 2518 5225 longa
2543 5153 2692 5210 serie
2719 5152 3056 5222 pontiﬁcum
3106 5152 3474 5222 implentium
3519 5153 3632 5208 tria
3663 5153 3849 5211 ferme

2184 5241 2393 5300 sacula
2412 5256 2446 5297 a
2471 5242 2635 5300 beato
2660 5241 2936 5301 Silvestre
2957 5242 3028 5298 ad
3054 5243 3396 5312 Gregorium
3421 5244 3712 5313 Magnum,
3737 5244 3842 5312 qui

2186 5329 2293 5387 hoc
2317 5334 2470 5389 tomo
2493 5331 2841 5390 exhibentur
2855 5331 2964 5388 sub
2987 5331 3338 5400 Christianis
3365 5329 3752 5400 principibus,
3778 5339 3846 5402 ut

2185 5418 2522 5488 plurimum,
2551 5420 2609 5476 in
2637 5433 2775 5490 pace
2794 5421 3005 5478 ﬂorens
3024 5421 3285 5480 Ecclesia
3315 5419 3619 5478 videbatur
3638 5419 3844 5476 oﬁ‘errc

2181 5507 2273 5569 sui
2309 5508 2612 5577 regiminis
2644 5509 3035 5568 ministerium
3080 5507 3318 5566 facilius
3341 5509 3586 5565 summis
3615 5509 3845 5578 pontiﬁ-

2179 5592 2347 5658 cibus
2367 5609 2488 5658 eam
2529 5599 2964 5660 moderantibus
3010 5603 3287 5669 potestate
3313 5597 3530 5655 Christi
3561 5599 3622 5654 in
3667 5599 3846 5669 terris

2177 5685 2395 5750 Vicaria
2420 5701 2435 5754 ε
2461 5700 2594 5746 cum
2615 5686 2708 5748 vis
2735 5692 2934 5757 aperta
2967 5687 3536 5760 persecutorumjam
3570 5699 3687 5745 non
3717 5687 3842 5745 im..-
