3996 6396
155 401 233 461 ΗἹ
1408 406 1766 464 PREFATIO
1814 407 1911 463 AD
1948 405 2114 464 TOM.
2158 407 2249 464 III.

3440 397 3548 460 “8

155 528 329 596 peteret
373 524 758 582 sacerdotalis
796 526 1027 583 ordinis
1072 526 1249 598 viros,
1290 527 1772 598 quemadmodum
1794 524 1855 585 Α
1870 519 2257 587 decretalibus
2283 529 2613 586 eorumdem
2641 530 2932 601 epistolis,
2963 543 3079 587 non
3109 528 3378 601 indigent
3394 527 3449 585 el
3473 556 3488 573 ι

150 612 425 685 impetebat
454 612 566 670 sub
594 614 769 670 Decio
797 620 854 671 et
880 616 1256 673 Diocletiano.
1296 619 1504 674 Verum
1536 616 1637 675 ubi
1667 616 1776 674 de-

152 716 371 760 cumana
416 702 586 760 illius
625 705 1046 774 persecutionis
1085 706 1332 775 procella
1372 706 1683 775 deferbuit,
1719 710 1777 761 et

152 792 275 847 Petri
303 792 491 847 navim
522 807 654 857 cum
687 794 970 850 uavarcho
1005 795 1312 851 absorbere
1335 796 1455 866 jam
1487 809 1601 852 non
1631 808 1778 851 cou-

154 880 325 951 tendit,
374 881 694 938 intestiuus
741 881 1017 940 haresum
1068 891 1257 942 motus
1294 890 1351 941 et
1395 876 1775 942 schismatum

153 971 457 1044 navigantes
483 973 800 1042 concussit,
833 979 889 1029 et
916 987 947 1029 e
976 975 1137 1032 clavo
1171 975 1480 1033 deturbare
1511 977 1779 1032 modera-

153 1067 300 1117 torem
329 1061 524 1132 ipsum
550 1064 830 1119 ronnisus
857 1068 963 1121 est.
990 1065 1296 1122 Tumultus
1324 1066 1492 1124 illius
1511 1072 1775 1124 auctores

146 1152 277 1220 justa
305 1151 666 1221 expulsione,
703 1158 767 1210 ut
796 1166 899 1223 par
926 1159 1067 1227 erat,
1100 1169 1132 1211 e
1159 1160 1309 1213 coetu
1336 1156 1594 1214 fidelium
1635 1171 1777 1228 pro-

147 1240 279 1309 jecti,
319 1240 741 1311 degenerarunt
791 1256 861 1299 ex
907 1244 1087 1303 sociis
1136 1245 1371 1305 itineris
1421 1246 1481 1302 in
1534 1246 1769 1315 piratas.

150 1329 523 1386 Haresiarcha
568 1337 729 1387 extra
775 1332 1086 1391 Ecclesiam
1132 1335 1297 1404 ejecti
1349 1335 1591 1393 hostiles
1636 1335 1776 1391 ani—

152 1432 252 1472 mos
288 1418 676 1492 manifestaut,
720 1421 1103 1480 intruduntur
1144 1438 1292 1495 sape
1321 1439 1352 1480 a
1384 1425 1771 1496 principibus,

147 1519 308 1563 secum
336 1508 395 1564 iu
421 1522 675 1566 errorem
707 1513 1032 1582 pertractis,
1066 1514 1136 1569 ad
1160 1516 1523 1585 occupandos
1547 1514 1774 1572 eosdem

150 1597 374 1668 thronos,
406 1613 441 1654 a
474 1598 692 1670 quibus
722 1599 951 1658 fuerant
975 1605 1251 1674 depositi.
1284 1606 1418 1662 Inde
1446 1610 1637 1662 autem
1667 1605 1779 1661 de-

150 1692 317 1742 tonant
356 1693 561 1744 contra
605 1690 914 1747 Romanam
960 1692 1126 1750 ﬁdem
1171 1708 1236 1750 ac
1269 1696 1455 1755 sedem
1486 1713 1500 1750 :
1528 1695 1678 1766 quod
1716 1695 1774 1750 in

146 1775 775 1849 ConstantinOpolitanis
805 1795 916 1837 non
947 1784 1120 1840 semel
1153 1785 1438 1857 contigit:
1499 1783 1634 1840 freti
1667 1798 1776 1855 po-

1886 619 2179 677 cidatione
2229 623 2331 676 aut
2393 616 2732 689 probatione
2786 617 2907 675 ulla
2950 618 3012 674 in
3075 617 3523 690 prolegomenisr

1885 722 2016 764 cum
2044 723 2159 781 pra
2181 708 2448 766 manibus
2470 709 2729 765 omnium
2755 708 2876 765 sint
2900 708 3251 763 Collectiones
3270 723 3539 766 canonum

1885 802 2108 860 veteres,
2160 799 2478 869 prasertim
2522 798 2739 853 Latina
2778 814 2792 851 :
2846 809 3090 868 quarum
3134 796 3548 853 collectionum

1885 886 2125 942 exordia
2164 886 2427 957 plerique
2466 886 2778 955 scriptores
2818 885 3008 940 atatis
3040 889 3252 940 nostra
3290 881 3550 939 referunt

1885 974 1955 1030 ad
1979 975 2258 1045 quintum,
2275 975 2551 1032 saculum
2575 973 2817 1045 Christi,
2840 977 2899 1030 et
2919 977 3226 1044 augmenta
3247 972 3549 1042 reperiunt

1888 1064 1948 1120 in
1988 1069 2151 1121 sexto
2187 1079 2288 1135 per
2324 1067 2649 1134 Dionysium
2690 1068 3067 1137 cognomento
3104 1064 3406 1130 Exiguum,
3444 1064 3549 1117 aut

1888 1152 1948 1209 iu
1988 1152 2272 1224 proximis
2308 1155 2580 1211 atatibus
2606 1158 2807 1212 curata
2846 1167 2946 1224 per
2975 1152 3317 1208 Cresconium
3346 1152 3405 1207 et
3428 1151 3546 1205 Isi-

1884 1243 2096 1299 dorum.
2151 1244 2257 1300 Sed
2305 1247 2371 1300 et
2409 1244 2756 1300 recentiores
2807 1243 3195 1299 illustratores
3237 1240 3395 1310 juris
3443 1252 3549 1295 ca-

1884 1333 2081 1390 nonici
2110 1332 2338 1391 abunde
2376 1335 2753 1393 cumularunt
2789 1336 3042 1390 veterum
3082 1330 3448 1403 diligentiam
3480 1329 3544 1385 in

1884 1422 2267 1492 amplissimis
2291 1424 2584 1495 Operibus,
2607 1424 2728 1480 acri
2751 1422 2979 1494 judicio
3000 1421 3259 1480 subactis
3282 1424 3340 1476 et
3357 1418 3544 1475 casti—

1887 1512 2076 1583 gatis:
2107 1514 2257 1584 quod
2291 1514 2526 1584 perinde
2550 1514 2739 1570 evenit
2768 1515 2831 1569 in
2857 1510 3204 1583 colligendis
3230 1508 3547 1566 decretali-

1887 1600 1997 1657 bus
2024 1603 2311 1672 epistolis,
2356 1617 2423 1660 ac
2451 1605 2603 1660 inter
2645 1616 2742 1660 eas
2770 1601 3143 1661 secernendis
3184 1597 3458 1673 genuinis
3484 1602 3543 1654 et

1886 1692 2038 1747 veris
2064 1691 2136 1748 ab
2165 1694 2511 1763 apocrypbis
2532 1698 2592 1749 et
2613 1692 3010 1764 supposititiis
3031 1710 3046 1763 ;
3071 1693 3154 1747 ita
3179 1694 3247 1747 ut
3269 1704 3403 1760 pars
3424 1688 3544 1744 hac

1887 1787 2181 1853 gestorum
2209 1782 2630 1851 pontificalium
2662 1782 2886 1839 nullius
2915 1780 3184 1853 Opusculi
3216 1778 3416 1849 indiga
3446 1778 3545 1835 vi-

146 1867 295 1921 tentia
319 1868 521 1923 saculi
551 1869 851 1926 catholica
877 1871 1183 1944 religionis
1211 1874 1416 1945 dogma
1446 1873 1778 1930 subvertere
1807 1858 1861 1919 Β
1885 1873 2110 1928 deatur.

146 1960 188 2009 et
211 1957 516 2026 apostolica
540 1960 677 2028 jura
706 1961 1025 2018 convellere
1053 1976 1119 2018 ac
1149 1963 1429 2020 subruere
1457 1964 1779 2020 connitun-

148 2048 238 2100 tur.
281 2046 574 2104 Infractus
624 2050 860 2105 interim
902 2051 1136 2106 animus
1176 2052 1329 2107 Petri
1380 2066 1778 2109 successorum

147 2137 504 2193 concreditum
554 2138 673 2193 sibi
723 2140 1123 2195 auctoritatem
1174 2145 1391 2213 tuetur,
1434 2147 1490 2198 et
1531 2140 1599 2195 ad
1647 2142 1778 2198 fidei

148 2226 501 2282 constantiam
543 2227 923 2299 retinendam,
966 2234 1022 2284 et
1061 2231 1308 2286 unitatis
1346 2245 1411 2287 ac
1451 2232 1781 2303 disciplina

146 2314 364 2371 ordinem
396 2317 749 2373 servandum
775 2318 925 2373 alios
954 2319 1255 2390 episcopos
1277 2321 1484 2377 firmat.
1514 2324 1576 2377 In
1598 2323 1780 2378 variis

148 2409 337 2460 atatum
366 2404 615 2461 vicibus
656 2406 901 2477 aqualis
929 2421 995 2464 ac
1034 2408 1150 2463 sibi
1184 2414 1457 2466 constans
1487 2412 1781 2468 Romano—

148 2507 244 2548 rum
273 2493 586 2564 prasulum
616 2495 780 2567 vigor
811 2497 1152 2565 promissam
1181 2498 1294 2554 sibi
1334 2499 1623 2556 divinitus
1663 2502 1777 2557 vim

149 2582 462 2655 manifestat,
497 2590 555 2640 et
584 2589 759 2656 petra
792 2585 956 2643 illius
987 2587 1339 2657 firmitatem,
1372 2594 1573 2645 contra
1602 2604 1775 2661 quam

147 2678 288 2738 porta
308 2672 486 2730 inferi
515 2687 628 2730 non
653 2675 1060 2745 pravalebunt.
1090 2677 1434 2747 Hujusmodi
1456 2683 1648 2735 autem
1675 2694 1777 2736 so—

148 2758 358 2820 liditatis
383 2764 641 2835 aqualis
670 2765 732 2820 in
753 2769 911 2821 tanta
936 2766 1213 2823 varietate
1240 2766 1650 2825 discriminum
1679 2783 1779 2840 per

146 2850 234 2905 tria
253 2851 344 2908 illa
371 2853 590 2909 sacula
613 2867 645 2910 a
673 2859 879 2926 quarto
903 2855 971 2911 ad
1001 2860 1225 2912 sextum
1257 2872 1383 2915 ara
1406 2857 1774 2931 Christiana,

150 2953 249 3009 qua
294 2942 612 3001 Romanum
660 2944 968 3015 imperium
1015 2946 1224 3003 misere
1264 2947 1660 3005 dilacerarunt
1710 2963 1777 3007 ac

148 3035 452 3104 everterunt,
483 3034 824 3104 percelleret
845 3034 1041 3092 minus
1070 3037 1364 3099 evidenter
1383 3038 1620 3095 lectoris
1639 3041 1780 3096 ani--

150 3130 295 3189 mum,
325 3121 371 3176 si
400 3120 793 3193 membratim,
817 3128 882 3179 ut
904 3123 983 3179 ita
1007 3124 1219 3196 dicam,
1250 3125 1501 3182 dissecta
1530 3128 1591 3183 iu
1617 3132 1777 3184 textu

1960 1960 2046 2017 ll.
2079 1961 2240 2032 Quod
2274 1964 2464 2017 autem
2506 1956 2755 2031 pertinet
2781 1960 2850 2017 ad
2883 1965 3099 2031 partem
3129 1960 3365 2016 alteram
3395 1972 3548 2029 pou-

1888 2050 2060 2106 tiﬁcii
2086 2050 2364 2121 muneris,
2393 2054 2449 2105 et
2474 2050 2542 2105 ad
2574 2049 2794 2119 praxim
2819 2048 3009 2105 divini
3034 2049 3230 2105 cultus
3254 2049 3365 2104 rite
3396 2062 3549 2119 pra—

1890 2140 2154 2196 standam
2186 2154 2287 2210 per
2316 2138 2689 2196 fundationes
2717 2151 3012 2194 sacrorum
3043 2137 3302 2194 locorum
3331 2150 3398 2193 ac
3427 2151 3551 2194 ca—

1892 2236 2079 2299 tuum,
2101 2242 2417 2299 eorumque
2444 2228 2773 2284 dotationes
2796 2240 2863 2283 ac
2881 2227 3295 2298 dedicationes,
3330 2240 3549 2284 necnon

1892 2334 1991 2390 per
2047 2319 2450 2375 institutiones
2501 2323 2557 2373 et
2603 2317 3001 2372 ordinationes
3057 2316 3440 2388 sacerdotum,
3494 2320 3555 2373 et

1889 2409 2096 2466 seriem
2130 2406 2444 2464 ministerii
2476 2407 2744 2463 decenter
2765 2406 2839 2462 ab
2865 2406 2942 2462 iis
2970 2405 3245 2478 obeundi,
3275 2407 3396 2463 hac
3420 2421 3554 2463 om-

1890 2501 1989 2556 nia
2005 2498 2234 2556 utiliter
2249 2497 2567 2553 admittunt
2581 2496 2863 2553 delectum
2888 2496 3300 2566 opusculorum
3323 2497 3553 2568 aliquot

1890 2590 1984 2647 bis
2027 2586 2450 2659 prolegomenis
2494 2586 2935 2642 inserendorum
2973 2586 3043 2643 ad
3096 2585 3549 2643 illustrationem

1885 2683 1987 2735 aut
2006 2676 2529 2747 comprobationem
2552 2675 2813 2735 historia
2838 2675 2897 2731 in
2916 2675 3066 2731 Vitis
3085 2674 3342 2747 digestae.
3365 2675 3553 2735 Annis

1886 2768 2040 2823 enim
2085 2764 2261 2823 ferme
2308 2766 2583 2822 tercentis
2610 2766 2683 2822 ab
2719 2770 2886 2822 atate
2925 2765 3291 2822 Constantini
3331 2770 3391 2822 et
3416 2765 3552 2837 Syl-

1887 2856 2060 2914 vestri
2087 2857 2157 2912 ad
2182 2859 2447 2929 Magnum
2473 2855 2817 2927 Gregorium
2839 2859 2896 2911 et
2915 2855 2984 2910 ad
3011 2855 3321 2925 imperium
3347 2855 3549 2912 Phoca

1890 2948 2147 3018 proxime
2170 2945 2509 3016 numeratis,
2533 2959 2660 3017 qua
2683 2943 2950 3001 materies
2969 2947 3056 3000 est
3079 2944 3254 3015 hujus
3273 2944 3438 3017 tomi,
3463 2958 3553 3002 oc-

1888 3043 2133 3093 currunt
2162 3035 2465 3105 praecipua
2490 3033 2879 3102 fundationes,
2907 3047 2977 3089 ac
2992 3034 3319 3090 dotationes
3346 3034 3553 3091 Eccle-

1887 3126 2130 3195 siarum,
2150 3138 2326 3181 sacra
2342 3123 2725 3195 supellectilis
2742 3137 2947 3196 genera
2963 3123 3187 3180 adibus
3201 3124 3321 3180 Deo
3336 3123 3552 3181 dicatis

145 3220 196 3262 ac
221 3209 272 3265 in
297 3212 447 3268 uotis
475 3211 845 3270 solummodo
872 3227 971 3284 per
1000 3221 1189 3285 partes
1217 3216 1606 3274 exhiberetur.
1640 3218 1780 3275 Col-
1807 3204 1855 3267 C
1890 3214 2073 3285 illata,
2096 3217 2269 3286 atque
2297 3215 2681 3270 instrumenta
2708 3212 2934 3285 reliqua
2954 3212 3142 3270 divini
3165 3213 3381 3282 cultus,
3404 3212 3558 3271 auti-

147 3294 339 3367 ligenda
382 3310 506 3359 erat
547 3303 891 3360 continuata
940 3305 1185 3376 quadam
1241 3306 1631 3365 delincatione
1672 3324 1778 3367 ve-

145 3384 233 3441 luti
257 3390 309 3445 in
332 3406 508 3448 unum
532 3407 749 3463 corpus
775 3392 1036 3450 historia
1060 3412 1073 3449 :
1100 3395 1251 3466 quod
1275 3410 1405 3452 cum
1438 3399 1777 3467 prastiterit

150 3474 215 3530 ill.
260 3492 320 3534 ac
364 3495 478 3537 rev.
531 3484 603 3538 D.
653 3483 1130 3555 archiepiscopus
1183 3486 1566 3543 Casareensis
1610 3490 1770 3545 Joan.

143 3563 385 3626 Claudius
426 3572 719 3629 Sommier
750 3573 809 3627 in
842 3572 1177 3643 prafatione
1206 3576 1277 3631 ad
1311 3580 1528 3632 tomum
1559 3591 1775 3634 secun—

146 3654 258 3711 dum
275 3672 385 3716 sua
408 3661 686 3718 Historia
709 3663 1045 3734 dogmatica
1066 3664 1121 3719 S.
1145 3664 1329 3734 Sedis,
1353 3666 1685 3723 curavimus
1713 3668 1773 3723 in

147 3745 531 3819 prolegomenis
553 3751 799 3821 hujusce
820 3754 959 3808 tomi
980 3754 1232 3823 primum
1254 3768 1323 3809 ex
1344 3740 1646 3824 opusculis
1678 3755 1771 3811 edi

145 3845 275 3891 num.
299 3836 345 3892 l.
376 3840 523 3897 illud
549 3854 623 3897 ex
641 3840 867 3899 Gallico
891 3841 1165 3899 idiomate
1196 3842 1257 3898 in
1283 3844 1549 3899 Latinum
1580 3849 1778 3900 trans-

143 3923 259 3980 tulit
291 3929 352 3983 V.
392 3930 451 3985 C.
495 3932 566 3987 D.
606 3932 916 4001 Cajetanus
949 3932 1151 4002 Cenni,
1192 3933 1264 3989 ab
1306 3933 1642 4004 hujusmodi
1684 3934 1777 3989 la—

145 4011 256 4070 bore
284 4031 363 4074 me
393 4020 677 4092 relevans,
712 4024 1023 4093 cateroqui
1056 4029 1398 4094 occupatum
1431 4024 1490 4080 in
1524 4024 1679 4080 notis
1708 4037 1777 4079 ex

142 4103 361 4172 ejusdem
383 4111 660 4181 prasulis
685 4111 841 4169 libro
861 4111 1064 4169 Latine
1086 4115 1414 4185 reddendis,
1439 4119 1494 4171 et
1517 4114 1577 4171 in
1600 4115 1781 4171 chro—

146 4194 341 4267 nologia
363 4203 788 4273 continuanda,
813 4217 942 4274 qua
967 4208 1317 4273 postremum
1341 4204 1530 4262 locum
1554 4205 1615 4261 in
1640 4218 1780 4276 pro—

143 4280 424 4355 legomenis
453 4295 631 4348 tenet.

202 4374 276 4432 l0.
315 4381 573 4441 Primum
623 4385 809 4456 igitur
846 4384 1193 4455 opusculum
1237 4385 1385 4442 illud
1429 4386 1677 4456 pertinet
1706 4386 1776 4442 ad

141 4464 554 4537 dilucidaudum
589 4481 960 4545 conspectum
987 4475 1273 4533 Historia.
1301 4476 1511 4532 Catera
1545 4476 1604 4533 in
1637 4490 1778 4546 pro-

1888 3306 2023 3376 quis
2052 3304 2389 3361 nominibus
2413 3303 2506 3360 hic
2531 3304 2789 3360 indicata
2817 3317 2916 3376 per
2939 3300 3419 3359 bibliothecarios
3446 3314 3549 3372 pro

1887 3400 2139 3465 tempore
2183 3412 2195 3448 :
2250 3408 2377 3465 qua
2431 3393 2708 3450 vocabula
2767 3406 2951 3463 neque
3006 3399 3139 3449 ante
3195 3391 3550 3448 admiserant

1885 3486 2101 3542 Latina
2131 3484 2346 3557 lingua
2375 3484 2707 3554 scriptores,
2744 3496 2847 3539 nec
2877 3482 3092 3552 posteri
3122 3482 3193 3538 ad
3226 3481 3374 3538 hanc
3403 3486 3550 3538 ata-

1885 3580 1997 3631 tem
2024 3576 2410 3631 retiuueruut.
2439 3575 2577 3630 Erat
2603 3574 2787 3645 igitur
2812 3572 3163 3628 illustranda
3189 3572 3308 3628 hac
3333 3570 3551 3627 obscu-

1888 3665 2033 3721 ritas
2066 3677 2171 3734 Ope
2216 3662 2663 3719 nomenclatoris
2692 3660 2936 3731 eruditi,
2970 3660 3071 3732 qui
3113 3658 3292 3716 facem
3332 3673 3552 3730 oppor-

1888 3757 2026 3809 tune
2070 3750 2380 3822 praferret.
2428 3749 2768 3805 Pratulerat
2799 3761 2931 3803 vero
2972 3747 3249 3817 providus
3288 3747 3550 3804 historia

1888 3846 2183 3911 reparator
2201 3824 2539 3907 Panv‘inius,
2561 3837 2699 3893 dum
2715 3835 3062 3907 opusculum
3079 3835 3348 3893 conderet
3368 3841 3550 3893 trans-

1890 3932 2131 3987 missum
2162 3928 2472 3985 Laurentio
2495 3927 2678 3999 Celso,
2711 3926 3048 3999 editumque
3072 3926 3226 3998 typis
3249 3940 3381 3983 cum
3413 3926 3552 3983 Pla-

1889 4021 2014 4078 tina
2051 4020 2120 4077 de
2156 4020 2310 4076 Vitis
2351 4017 2687 4090 pontificum
2725 4016 2978 4076 Colonia
3019 4017 3170 4088 apud
3210 4017 3548 4076 Scholinum

1889 4125 2041 4168 anno
2095 4107 2254 4181 4574,
2307 4110 2404 4167 cui
2452 4108 2663 4166 titulus
2716 4107 2984 4178 pratixus
3030 4111 3121 4164 est
3162 4109 3551 4179 Interpretatio

1889 4218 2080 4258 uocum
2134 4202 2625 4256 ecclesiasticarum
2691 4213 2813 4267 qua
2867 4198 3105 4253 obscura
3156 4198 3242 4251 uel
3302 4190 3553 4266 barbara

1888 4295 2165 4349 videntur.
2195 4291 2468 4348 Animum
2496 4289 2856 4356 induxeram,
2893 4290 2956 4343 ut
2986 4286 3094 4343 hoc
3121 4288 3310 4358 ipsum
3337 4289 3584 4343 Panvi—'

1889 4387 1973 4441 nii
2023 4382 2369 4456 opusculum
2401 4381 2497 4437 hic
2529 4379 2859 4438 recuderem
2881 4383 3154 4449 tanquam
3176 4374 3389 4436 fontem
3420 4379 3553 4450 pri—-

1890 4489 2046 4531 mum
2077 4474 2563 4534 Hieroleaicorum,
2595 4475 2652 4527 et
2681 4474 3070 4541 Opportunum
3112 4468 3258 4525 satis
3282 4468 3354 4525 ad
3385 4482 3553 4526 voces

144 4554 426 4626 legomenis
465 4564 712 4621 collecta
758 4564 1089 4622 referuntur
1134 4566 1202 4622 ad
1249 4567 1773 4636 comprobationem
1803 4551 1859 4613 D
1890 4563 2184 4620 Anastasii
2213 4561 2610 4631 elucidandas,
2654 4559 2920 4630 illudque
2959 4571 3072 4614 non
3105 4558 3289 4647 nimis."
3314 4557 3549 4616 obvium

142 4655 395 4715 gestorum
430 4670 565 4726 qua
600 4656 658 4710 in
690 4655 885 4711 eadem
930 4656 1184 4711 Historia
1216 4670 1317 4713 seu
1356 4657 1505 4712 Vitis
1535 4657 1777 4727 pontifi-

141 4750 243 4794 cum
272 4750 684 4802 memorantur.
709 4745 880 4802 Gesta
900 4760 1033 4803 vero
1057 4747 1345 4818 pracipua
1367 4753 1669 4804 versantur
1690 4747 1775 4803 vel

142 4824 187 4882 in
209 4836 525 4892 statuendis
557 4836 783 4907 regulis
811 4836 940 4893 fidei
971 4851 1038 4893 ac
1070 4852 1315 4906 morum,
1343 4838 1427 4893 vel
1463 4838 1523 4894 in
1550 4837 1779 4909 legibus

139 4917 485 4982 decernendis
527 4928 604 4981 de
653 4928 776 4994 ritu
818 4927 1007 4997 divini
1058 4928 1254 4984 cultus
1300 4933 1569 4987 accurate
1612 4942 1783 4995 exer—

140 5011 311 5082 cendo,
332 5016 627 5097 etcausis,
648 5022 703 5075 et
718 5016 967 5095 judiclis
991 5016 1416 5089 pertinentibus
1432 5018 1500 5074 ad
1520 5018 1779 5085 eumdem

139 5100 364 5171 cultum:
393 5121 510 5181 quo
536 5106 599 5163 in
629 5121 807 5171 censu
828 5105 1069 5179 veniunt
1093 5106 1423 5179 electiones,
1452 5105 1784 5175 ordinatio—

141 5200 240 5259 nes,
266 5199 319 5251 et
344 5198 822 5254 enumerationes
858 5198 1220 5255 sacerdotum
1254 5197 1537 5267 majorum
1568 5210 1633 5253 ac
1664 5198 1783 5253 mi—

142 5292 338 5351 norum,
391 5298 458 5341 ac
508 5286 944 5355 ministrorum,
995 5286 1385 5353 fundationes,
1436 5286 1779 5358 dotationes,

140 5367 502 5445 dedicationes
535 5389 838 5445 sacrarum
860 5377 1093 5447 adium.
1129 5376 1425 5448 totiusque
1449 5374 1636 5445 diVini
1666 5377 1785 5449 mi-

142 5459 339 5521 nisterii
371 5480 561 5525 canon
595 5472 660 5523 et
687 5467 827 5525 ordo
856 5469 925 5524 ad
958 5478 1023 5523 ea
1056 5466 1395 5538 peragenda.

197 5548 255 5606 Et
284 5552 380 5619 illa
409 5556 663 5627 quidem
704 5570 830 5626 qua
878 5556 1167 5639 pertinent
1194 5554 1264 5610 ad
1300 5554 1527 5635 regulas
1560 5553 1689 5625 fidei
1721 5566 1787 5610 ac

145 5651 332 5707 morum
356 5644 444 5701 vel
482 5646 543 5715 in
579 5642 860 5715 conciliis
884 5644 1201 5713 constituta
1231 5657 1331 5718 per
1355 5656 1609 5715 summos
1639 5657 1791 5725 ι)οη-

144 5726 299 5787 titices
326 5732 575 5793 indictis
603 5740 669 5791 et
698 5732 1050 5806 approbatis,
1080 5736 1166 5792 vel
1197 5742 1359 5792 extra
1384 5728 1698 5792 concilium
1728 5734 1788 5790 iu

1889 4669 2003 4725 pra
2022 4654 2259 4710 raritate
2279 4652 2690 4723 exemplorum.
2718 4651 2927 4708 Verum
2944 4663 3075 4707 cum
3087 4646 3205 4721 jam
3225 4646 3552 4721 prodierint

1889 4745 1950 4801 in
1983 4744 2165 4801 lucem
2189 4745 2385 4807 leaica,
2415 4743 2598 4799 multo
2620 4743 2913 4814 ampliora,
2937 4745 2995 4797 et
3016 4740 3209 4798 omnis
3232 4740 3337 4798 avi
3360 4738 3554 4795 erudi-

1890 4836 2047 4893 tione
2072 4834 2298 4907 referta,
2325 4836 2500 4889 Macri
2521 4834 2838 4905 prasertim
2859 4836 2917 4888 et
2936 4832 3153 4899 Cangit',
3176 4844 3303 4900 qua
3325 4827 3556 4884 iteratis

1892 4926 2378 4997 impressionibus
2393 4925 2508 4993 jam
2534 4936 2644 4985 non
2665 4921 2979 4993 difﬁculter
3005 4910 3301 5005 parantur,
3331 4920 3555 4999 tempe,—

1894 5018 2012 5093 ravi
2027 5015 2336 5085 aPanvinii
2355 5013 2656 5097 opusculo,
2676 5010 2928 5097 aliisque
2944 5004 3416 5097 similibusinter
3430 5016 3556 5097 pro-

1894 5090 2186 5187 legomena
2204 5102 2588 5173 recensendis.
2608 5090 2811 5167 Visum
2830 5090 2979 5187 mihi
2994 5099 3082 5187 {itit
3096 5096 3387 5187 evastare,
3403 5090 3556 5165 uitii"

1894 5180 2097 5254 ferrem
2117 5196 2345 5265 aliquot
2359 5191 2590 5261 publica
2606 5189 2950 5245 documenta
2967 5182 3136 5251 illius
3149 5181 3341 5244 atatis
3353 5180 3425 5237 de
3442 5195 3557 5252 qun

1896 5289 1993 5357 hic
2025 5286 2274 5357 animus,
2310 5282 2369 5345 in
2407 5278 2623 5351 quibus
2652 5274 3028 5349 ecclesiarum
3055 5270 3322 5345 fundatis
3348 5283 3417 5341 ac
3443 5270 3558 5339 do—

1899 5376 2043 5441 tatio
2069 5373 2391 5433 sociaretur
2414 5381 2543 5431 eum
2571 5363 2941 5435 expresﬁiane
2970 5374 3146 5429 sacra
3176 5357 3561 5432 supponentu-

1898 5465 1993 5534 lis,
2012 5458 2279 5519 obscuris
2299 5470 2364 5511 ac
2386 5452 2650 5510 barbaris
2670 5450 2910 5508 vocibus
2929 5448 3363 5529 bibliothecarii
3385 5448 3559 5525 etiam

1897 5554 1958 5608 in
1989 5556 2149 5617 textu
2180 5544 2514 5607 enuntiata.
3294 5595 3303 5600 ο

1977 5638 2061 5696 42.
2104 5633 2459 5695 Praferenda
2503 5645 2636 5687 vero
2677 5627 2791 5687 fuit
2831 5628 3057 5685 cateris
3094 5629 3286 5684 charta
3325 5625 3429 5703 illa
3462 5622 3570 5695 Ti—

1907 5730 2131 5788 burtini
2166 5724 2388 5785 archivi
2421 5722 2763 5780 Cornutiana
2800 5717 3087 5790 appellat“
3112 5730 3147 5787 η
3176 5706 3569 5791 scriptoribus
