3996 6402
419 408 524 468 449

1197 415 1292 472 AD
1353 415 1792 478 ANASTASIUM
1831 419 2346 482 PBOLEGOMENA
2386 425 2560 481 EDIT.
2619 421 3065 484 ROM.-VATIC.

3736 423 3845 483 120

419 532 846 606 diplomaticis:
876 549 1003 608 quae
1028 537 1280 608 primum
1307 539 1368 596 in
1395 541 1578 598 lucem
1607 543 1882 612 producta
1907 542 2151 606 fuitaA
2179 545 2443 602 Contenti
2482 548 2672 602 autem
2715 546 2936 604 erimus
2973 545 3078 602 illo
3119 543 3288 617 quasi
3327 547 3644 618 specimine
3685 545 3846 604 illu—

420 625 485 682 V.
523 624 581 679 C.
624 625 867 696 Josepho
905 626 1192 699 Suaresio,
1241 631 1380 684 tunc
1421 630 1651 687 erudito
1692 631 2069 703 adolescente,

421 713 778 783 postmodum
795 714 1198 772 illustrissimo
1211 717 1480 788 episcopo
1492 719 1849 791 Vasionensi,
1864 721 2072 776 deinde

420 813 618 857 recusa
669 815 703 858 a
746 803 830 858 rei
876 804 1266 874 diplomaticaa
1321 808 1579 864 omnium
1636 810 2073 867 consultissimo

415 890 776 962 Mabillonio,
803 897 861 947 et
879 893 1104 949 caeteris
1127 894 1346 950 chartis
1373 896 1432 952 in
1459 911 1628 967 cpere
1653 897 1756 954 illo
1783 899 1948 968 plane
1975 900 2076 956 in-

420 979 798 1050 comparabili
847 981 1107 1038 collectis
1161 984 1292 1052 jure
1345 986 1658 1055 praemissa.
1715 987 1869 1043 Satis
1919 990 2072 1045 enim

418 1065 598 1123 fuerit
625 1081 694 1124 ex
729 1067 1064 1139 hujusmodi
1090 1071 1432 1130 documento
1463 1073 1631 1131 illius
1655 1077 1843 1132 attatis
1866 1077 1937 1133 de
1961 1091 2074 1148 qua

419 1153 518 1212 hic
548 1156 798 1228 agimus,
825 1162 882 1214 et
906 1158 974 1215 in
1006 1159 1267 1229 publicas
1293 1161 1520 1219 tabulas
1550 1163 1729 1221 relato
1755 1165 1928 1220 Leone
1956 1166 2074 1222 Au-

419 1249 578 1312 gusto
623 1251 886 1315 quartum
912 1253 963 1302 et
1003 1249 1276 1304 Probiano
1317 1251 1460 1307 Coss.
1493 1251 1714 1323 (nempe
1742 1267 1869 1308 aera!
1905 1255 2082 1310 Chri-

419 1331 632 1390 stiana;
657 1347 808 1432 anno
833 1332 976 1410 474),
1010 1339 1174 1407 satis,
1206 1339 1462 1410 inquam,
1491 1341 1604 1396 erit
1625 1341 1761 1397 inde
1787 1343 2090 1432 ostendere

423 1424 904 1484 consuetudinem
944 1427 1324 1484 donationum
1375 1442 1442 1485 ac
1482 1429 1843 1486 dotationum
1895 1424 2092 1503 sacri;

423 1514 648 1572 aedibus
674 1517 1084 1587 praestitarum,
1113 1522 1171 1573 et
1190 1517 1465 1574 vocabula
1489 1520 1782 1590 complura
1815 1535 2086 1592 generum

423 1617 491 1660 ac
511 1605 832 1676 specierum
856 1621 1034 1663 sacrae
1059 1607 1464 1678 supellectilis,
1488 1609 1547 1664 in
1569 1615 1727 1666 textu
1756 1610 2089 1668 Bibliothe-

426 1693 574 1749 carii
617 1698 676 1750 et
709 1695 769 1751 in
793 1694 992 1752 charta
1028 1695 1383 1753 Cornutiana
1422 1697 1657 1768 perinde
1696 1701 2079 1758 occurrentia.

2183 640 2366 690 strare
2393 634 2787 706 prolegomena
2818 635 2976 691 tertii
3005 635 3182 705 hujus
3207 636 3370 706 tomi,
3399 650 3530 692 cum
3556 636 3672 692 alia
3699 651 3848 706 pro-

2185 722 2296 778 lata
2323 725 2443 779 sint
2463 737 2530 778 ex
2558 723 3040 794 inscriptionibus
3069 724 3312 781 vetustis
3330 725 3390 781 in
3415 727 3750 796 praefatione
3771 727 3844 782 ad

2183 817 2399 868 tomum
2435 813 2684 882 primum
2715 825 2952 870 numero
2982 810 3051 869 45
3078 817 3134 869 et
3167 827 3326 885 seqq.

2257 897 2343 956 43.
2395 901 2563 956 Hisce
2617 900 2796 973 igitur
2843 902 3146 972 Opusculis
3191 903 3591 974 prolegomene
3641 907 3845 961 nostra

2183 1003 2313 1045 cum
2373 989 2841 1062 instruxerimus,
2897 993 3090 1047 eadem
3148 991 3566 1062 complebimus
3618 995 3848 1064 adjecta

2185 1078 2558 1150 chron010gia
2597 1079 2914 1151 pontiﬁcia,
2953 1080 3205 1136 Caesarea
3237 1085 3294 1136 et
3327 1081 3620 1137 consulari
3662 1082 3852 1138 trium

2187 1166 2528 1223 saeculorum
2556 1167 2693 1224 huic
2715 1173 2866 1224 tomo
2887 1169 3412 1224 commendatorum
3439 1188 3452 1224 :
3481 1183 3651 1240 quam
3679 1171 3858 1228 ador-

2193 1255 2436 1311 nandam
2467 1256 2662 1312 curavi
2693 1257 2762 1312 ad
2793 1257 2976 1312 instar
3007 1257 3379 1327 praecedentis
3407 1263 3560 1314 tomo
3590 1261 3854 1316 secundo

2193 1344 2490 1415 disposita:
2512 1360 2608 1416 per
2630 1359 2811 1402 annos
2831 1344 3093 1417 Singulos
3113 1361 3242 1402 cum
3263 1347 3624 1403 documentis
3649 1349 3859 1404 moni-

2200 1441 2520 1490 mentorum
2569 1439 2820 1490 veterum
2870 1435 3122 1490 eamdem
3175 1435 3670 1505 comprobantium
3718 1455 3732 1492 :
3785 1441 3858 1494 ut

2197 1522 2406 1578 deinde
2455 1523 2525 1579 ad
2571 1524 2854 1579 sectiones
2895 1527 3085 1578 textus
3132 1523 3631 1594 bibliothecarius,
3675 1529 3732 1581 et
3776 1526 3854 1582 ad

2199 1625 2392 1670 earum
2421 1616 2584 1668 notas
2615 1613 2911 1684 ingressus
2932 1613 3003 1669 de
3029 1625 3183 1669 more
3210 1617 3416 1684 pateat,
3443 1620 3499 1669 et
3526 1614 3682 1686 regia
3711 1628 3859 1670 mu—

2198 1701 2397 1758 niatur
2423 1702 2536 1759 via.

1072 1942 1662 2095 annosus
1755 1945 2370 2098 numen!
2478 1949 3207 2100 ιιοιιιιιθιιιιιι

1227 2163 1432 2237 Quem
1463 2164 1844 2243 Cuspianus
1872 2166 2085 2226 totum
2116 2165 2189 2226 in
2219 2166 2453 2228 Festos
2481 2184 2636 2229 suos
2663 2165 3036 2230 transtulit.

435 2303 553 2368 Ea:
583 2304 868 2384 Egidz’i
893 2303 1228 2384 Eucherii
1274 2303 1764 2368 Commentario
1815 2309 1896 2368 in
1955 2307 2294 2370 Cononem
2336 2307 2738 2370 Paschalem
2775 2307 3082 2384 Victorii,

3181 2323 3294 2386 ag.
3332 2311 3452 2369 269
3491 2307 3863 2371 Editionis

582 2382 1066 2449 Ριὶιηιίηἱαπω
1089 2382 1486 2464 Δηιυθγρὶω
1510 2387 2014 2463 MDC’XXXIV,
2047 2403 2197 2449 cum
2223 2387 2406 2450 notis
2433 2386 2786 2466 marginal
2793 2387 2940 2451 ibus
2967 2382 3270 2465 emam
3294 2387 3684 2452 Bac/terret.

1928 2527 2346 2542 ——_——-—

503 2617 822 2686 Imperante
843 2610 1550 2686 TiberioCaesare‘pas‘sus
1574 2619 1659 2669 est
1675 2613 1956 2686 Dominus
1977 2627 2090 2670 no-
2113 2612 2164 2672 B
2267 2617 2659 2686 TELESPBCRUS
2709 2615 2880 2670 annis
2933 2613 3247 2686 undecim,
3277 2613 3574 2686 mensibus
3632 2615 3864 2685 tribus,

429 2694 552 2747 nter
571 2681 737 2744 .l'esus
762 2685 1032 2741 Christus
1057 2681 1286 2739 duobus
1307 2681 1568 2740 Geminis
1593 2685 1953 2750 consulibus,
1983 2699 2086 2741 vm

431 2759 718 2818 Kalendas
741 2755 981 2826 Aprilis,
1008 2759 1066 2810 et
1091 2759 1220 2824 post
1243 2767 1540 2811 ascensum
1563 2755 1688 2824 ejus
1717 2755 2090 2812 beatissimus

431 2834 635 2890 Petrus
676 2827 1071 2899 episcOpatum
1108 2827 1411 2899 _suscepit._
1437 2827 1516 2882 Ex
1556 2841 1670 2899 quo
1710 2835 1961 2897 tempore
1991 2841 2090 2898 per

433 2897 856 2962 successionem
882 2897 1272 2970 dispositum,
1316 2897 1450 2969 quis
1491 2897 1816 2970 episcopus,
1858 2905 1914 2955 et
1951 2897 2090 2970 quot

436 2974 610 3032 annis
641 2969 892 3042 praefuit,
924 2969 1011 3042 vel
1043 2982 1159 3042 quo
1191 2969 1525 3042 imperante.

507 3040 729 3100 Persas
748 3041 922 3098 annis
947 3040 1160 3110 viginti
1195 3040 1470 3110 quinque,
1506 3053 1697 3096 mense
1723 3055 1858 3105 uno,
1886 3041 2092 3098 diebus

439 3129 662 3174 novem.
691 3113 828 3169 Fuit
857 3111 1214 3181 temporibus
1241 3110 1460 3166 Tiberii
1490 3112 1750 3180 Caesaris,
1782 3119 1839 3167 et
1860 3113 2006 3176 Caii,
2037 3117 2093 3168 et

438 3186 660 3244 Tiberii
699 3183 952 3251 Claudii,
983 3187 1041 3238 et
1067 3181 1313 3238 Neronis
1339 3200 1352 3236 :
1382 3195 1416 3237 a
1446 3183 1751 3238 consulatu
1788 3183 2006 3240 Vinicii
2038 3189 2095 3239 et

441 3255 685 3330 Longini
715 3267 902 3330 usque
930 3253 1174 3330 Neronis
1194 3258 1259 3330 _et
1286 3252 1648 3330 Veterisfb).
1670 3255 1887 3330 Passus
1905 3260 2092 3330 autem

441 3321 772 3386 cum'Paulo
791 3321 886 3380 die
911 3325 1082 3381 tertia
1107 3323 1390 3380 Kalendas
1411 3321 1616 3394 Julias,
1641 3325 1981 3383 consulibus
1998 3326 2088 3382 SS.

443 3401 764 3470 imperante
793 3398 1034 3470 Nerone.

517 3465 692 3528 Linus
715 3467 888 3524 annis
913 3466 1240 3536 duodecim,
1270 3465 1565 3522 mensibus
1594 3473 1862 3537 quatuor,
1889 3469 2098 3525 diebus

446 3541 774 3600 duodecim.
822 3539 960 3595 Fuit
1007 3537 1361 3608 temporibus
1404 3538 1666 3608 Neronis,
1717 3552 1748 3594 a
1793 3540 2098 3596 consulatu

443 3611 743 3672 Saturnini
785 3613 842 3664 et
872 3610 1184 3678 Scipionis,
1210 3623 1392 3676 usque
1407 3609 1680 3678 Capitone
1710 3616 1766 3665 et
1787 3609 1952 3667 Rufo.

513 3681 1036 3750 CLEMEns(c)annis
1048 3694 1266 3748 novem,
1284 3680 1578 3751 mensibus
1592 3681 1878 3751 undecim,
1892 3681 2100 3738 diebus

443 3754 768 3813 duodecim.
811 3752 944 3808 Fuit
980 3751 1337 3822 temporibus
1373 3750 1565 3806 Galbze
1593 3757 1650 3806 et
1678 3753 2035 3822 Vespasiani,
2066 3765 2099 3808 a

445 3825 753 3884 consulatu
775 3823 1040 3880 Trachali
1061 3821 1119 3879 et
1137 3821 1346 3893 Italici,
1375 3836 1559 3893 usque
1584 3824 1931 3894 Vespasiano
1954 3826 2022 3881 VI
2043 3828 2102 3880 et

448 3899 596 3954 Tito.

521 3969 736 4024 CLETUS
761 3965 933 4021 annis
971 3978 1089 4033 sex,
1131 3963 1426 4020 mensibus
1467 3964 1715 4034 duobus,
1757 3965 1966 4021 diebus
1993 3966 2102 4022 de~

453 4051 596 4095 cem.
638 4037 771 4092 Fuit
809 4035 1164 4105 temporibus
1205 4036 1542 4104 Vespasiani
1579 4040 1636 4090 et
1669 4037 1808 4102 Titi,
1840 4045 1896 4092 et
1929 4037 2100 4092 initio

449 4107 790 4175 Domitiani,
805 4105 1189 4163 aconsulihus
1205 4107 1552 4176 Vespasiano
1569 4107 1686 4163 VIII
1701 4112 1759 4163 et
1771 4107 2102 4164 Domitiano

447 4181 706 4250 Viusque
741 4177 1069 4250 Domitiano
1098 4179 1177 4234 IX
1200 4185 1261 4250 iet
1290 4178 1454 4250 Rufo.

523 4247 844 4307 ANACLETUS
868 4249 1039 4306 annis
1061 4249 1388 4316 duodecim,
1417 4247 1714 4321 mensibus
1736 4249 1948 4321 decem,
1973 4249 2106 4306 die-

453 4321 562 4378 bus
583 4321 791 4378 tribus.
815 4321 948 4377 Fuit
973 4321 1330 4391 temporibus
1349 4318 1686 4388 Domitiani,
1709 4333 1741 4375 a
1766 4318 2106 4377 consulibus

454 4393 788 4450 Domitiano
849 4391 896 4448 X
951 4397 1008 4448 et
1035 4392 1270 4462 Sabino,
1303 4405 1488 4462 usque
1512 4391 1845 4448 Domitiano
1869 4392 2018 4449 XVII
2049 4397 2106 4448 et

449 4465 758 4522 Clemente.

529 4539 841 4592 Evanxsrus
880 4533 964 4604 (d)
995 4533 1168 4588 annis
1197 4532 1494 4604 tredecim,
1534 4532 1829 4590 mensibus
1867 4539 2106 4604 septem,

453 4607 666 4664 diebus
693 4603 943 4662 duobus.
973 4604 1108 4660 Fuit
1141 4603 1499 4674 temporibus
1541 4605 1875 4661 novissimis
1902 4603 2109 4662 Domi-4

389 4731 403 4744 ,
453 4677 627 4749 tiani,
658 4681 716 4733 et
743 4677 1048 4749 Nervae,“
1076 4675 1328 4749 Trajani,
1359 4688 1392 4730 a
1421 4676 1728 4732 consulatu
1768 4676 2025 4734 Valentis
2051 4682 2109 4734 et

452 4717 627 4814 ἰίἓιῖἳῗ
641 4717 1109 4818 ἄξειίἰέἁέἰιῖεῐ
1123 4717 1370 4804 Ἐὲἔᾶἱιέιξ

523 4822 863 4876 ALEXAnnsn
905 4819 1075 4874 annis
1115 4822 1350 4886 septem,
1389 4818 1683 4874 mensibus
1722 4818 1970 4876 duobus.
2009 4819 2106 4874 die

453 4907 587 4948 uno.
622 4892 758 4948 Fuit
781 4887 1140 4959 tempd'ribus
1161 4891 1413 4958 Trajani,
1440 4904 1470 4944 a
1497 4890 1801 4946 consulatu
1827 4891 2031 4946 Palmm
2049 4897 2105 4946 et

449 4964 625 5030 Tulli,
661 4977 844 5034 usque
875 4962 1110 5034 Veliano
1137 4961 1210 5031 (e)
1241 4968 1298 5016 et
1322 4962 1536 5034 Vetere.

521 5035 724 5091 Surus
751 5032 925 5089 annis
951 5033 1166 5089 decem.
1209 5033 1504 5088 mensibus
1533 5033 1742 5102 tribus,
1773 5032 1980 5088 diebus
2008 5033 2104 5088 vi-

451 5107 599 5174 ginti
619 5120 752 5163 uno.
768 5106 902 5161 Fuit
918 5103 1276 5176 temporibus
1293 5104 1555 5164 Adriani.
1569 5118 1602 5160 a
1615 5104 1918 5176 consulatu
1942 5104 2100 5176 Nigri

447 5182 506 5233 et
533 5177 872 5248 Aproniani,
905 5189 1090 5248 usque
1118 5175 1263 5232 Vero
1293 5177 1365 5232 III
1393 5181 1449 5232 et
1477 5175 1804 5232 Ambibulo.

2198 2686 2407 2744 diebus
2436 2684 2644 2742 tribus.
2681 2686 2813 2741 Fuit
2842 2685 3198 2754 temporibus
3220 2683 3498 2756 Antonini
3526 2687 3799 2756 Macrini,
3831 2683 3871 2744 a

2198 2757 2506 2814 consulatu
2532 2757 2747 2813 Titiani
2773 2761 2831 2812 et
2856 2755 3165 2826 Gallicani,
3193 2768 3376 2826 usque
3393 2755 3612 2812 Carsare
3639 2763 3698 2812 et
3719 2755 3870 2815 Bal-

2199 2830 2357 2886 bino.

2270 2902 2519 2955 chmus
2539 2899 2708 2955 annis
2732 2899 3056 2970 duodecim,
3086 2897 3380 2970 mensibus
3405 2897 3625 2970 tribus,
3643 2898 3865 2956 diebus

2201 2985 2317 3027 sex.
2348 2971 2482 3026 Fuit
2512 2970 2865 3040 temporibus
2896 2971 3047 3039 Veri,
3081 2983 3112 3024 a
3143 2969 3448 3026 consulatu
3479 2969 3767 3026 Gallicani
3802 2977 3868 3026 et

2199 3043 2442 3104 Veteris,
2476 3057 2660 3112 usque
2693 3044 2969 3097 Praesente
2997 3047 3053 3096 et
3083 3041 3305 3112 Ruﬁno.

2275 3116 2410 3168 PIUS
2436 3111 2605 3168 annis
2635 3113 2866 3183 viginti,
2902 3111 3196 3167 mensibus
3222 3115 3491 3183 quatuor,
3523 3111 3869 3183 diebusvi—

2245 3184 2352 3240 inti
2378 3197 2512 3239 uno.
2537 3185 2668 3240 Fuit
2690 3181 3044 3253 temperibus
3062 3181 3337 3239 Antonini
3364 3181 3472 3248 Pii,
3496 3194 3527 3236 a
3543 3181 3868 3253 consulatu

2245 3202 2352 3240 mu
2378 3202 2512 3239 uno.
2537 3202 2567 3238 r
2583 3202 2668 3240 un.
2690 3202 3044 3253 temporibus
3062 3202 3337 3239 Αῐιιοῐιιιιι
3367 3202 3472 3248 ru,
3496 3202 3527 3236 a
3544 3202 3868 3240 CUIISIIIalll

2201 3202 2354 3311 (ᾗπὶ
2387 3260 2442 3310 et
2469 3255 2680 3324 Severi,
2715 3269 2896 3324 usque
2933 3254 3161 3310 duobus
3199 3253 3496 3324 Augustis.
3529 3251 3644 3324 sub
3666 3251 3870 3324 hujus

2203 3326 2537 3396 episcopatu
2558 3325 2734 3381 frater
2753 3323 2878 3394 ejus
2899 3327 3130 3380 Hermes
3152 3323 3362 3380 librum
3384 3323 3641 3396 scripsit,
3662 3323 3719 3378 in
3742 3339 3868 3396 quo

2206 3395 2512 3452 mandatur
2551 3399 2994 3467 contineturque
3025 3397 3174 3466 quod
3207 3396 3259 3450 ei
3296 3395 3566 3465 praecepit
3593 3395 3865 3467 angelus,

2205 3483 2334 3525 cum
2368 3468 2522 3523 venit
2550 3469 2618 3524 ad
2652 3481 2781 3523 eum
2815 3467 2872 3522 in
2908 3467 3111 3522 habitu
3144 3467 3409 3536 pastoris.

2279 3540 2348 3608 (Γ)
2383 3541 2558 3594 Somn
2598 3539 2767 3594 annis
2807 3552 3026 3605 novem,
3068 3537 3362 3593 mensibus
3401 3535 3608 3605 tribus,
3649 3535 3870 3608 diebus

2207 3602 2454 3666 duobus.
2493 3610 2624 3665 Fuit
2669 3602 3024 3678 temporibus
3062 3609 3337 3664 Antonini
3374 3613 3432 3663 et
3468 3602 3786 3677 Commodi,
3831 3622 3867 3663 a

2207 3681 2514 3810 flensulatu
2545 3682 2674 3738 Veri
2706 3689 2762 3738 et
2791 3680 3124 3751 Erenniani,
3159 3694 3341 3751 usque
3370 3680 3610 3734 Paterno
3633 3683 3691 3733 et
3717 3679 3870 3734 Bra-

2251 3767 2342 3809 ua.

2251 3767 2342 3809 ua.

2281 3825 2359 3892 (g)
2383 3826 2584 3880 Vicroa
2615 3824 2786 3880 annis
2811 3837 3029 3892 novem,
3055 3822 3351 3878 mensibus
3372 3820 3620 3890 duobus,
3651 3820 3873 3878 diebus

2208 3895 2421 3964 decem,
2455 3909 2486 3950 a
2517 3896 2825 3951 consulatu
2864 3893 3164 3950 Saturnini
3195 3900 3252 3949 et
3277 3892 3453 3963 Galli,
3488 3905 3672 3962 usque
3700 3893 3874 3948 Prae-

2209 3973 2365 4022 sente
2395 3973 2450 4022 et
2477 3967 2786 4022 Extricato.

2281 4039 2361 4107 (h)
2394 4039 2696 4092 Camsrus
2731 4049 2912 4107 annos
2953 4034 3229 4107 quinque,
3267 4045 3508 4107 menses
3522 4031 3694 4107 duos,
3729 4033 3874 4107 dies

2209 4103 2423 4164 decem.
2470 4109 2600 4163 Fuit
2646 4103 3000 4176 temporibus
3041 4104 3280 4160 Macrini
3319 4109 3376 4158 et
3414 4103 3796 4176 Heliogabali,
3839 4119 3873 4161 a

2212 4179 2517 4236 consulatu
2537 4175 2814 4234 Antonini
2835 4184 2892 4234 et
2914 4176 3178 4248 Adventi,
3203 4188 3386 4247 usque
3404 4175 3696 4232 Antonino
3717 4177 3793 4232 III
3814 4185 3876 4234 et

2213 4251 2552 4306 Alexandro.

2285 4322 2550 4376 URBANUS
2577 4334 2758 4376 annos
2795 4323 2941 4376 octo.
2978 4332 3198 4374 menses
3231 4317 3520 4387 undecim,
3553 4317 3679 4373 dies
3707 4319 3878 4374 duo-

2213 4392 2418 4448 decim.
2487 4393 2620 4448 Fuit
2679 4391 3036 4460 temporibus
3086 4389 3416 4457 Alexandri,
3471 4403 3500 4444 a
3557 4389 3875 4446 consulatu

2215 4462 2449 4520 Maximi
2475 4469 2532 4518 et
2559 4463 2792 4530 IEliani,
2826 4476 3008 4532 usque
3035 4461 3300 4533 Agricola
3330 4465 3388 4516 et
3412 4460 3791 4533 Clementino.

2287 4536 2599 4590 Pomm/mus
2625 4534 2796 4589 annis
2827 4531 3104 4604 quinque,
3134 4531 3702 4604 mensibusduobus,
3729 4532 3877 4604 die—

2215 4605 2325 4684 bus
2348 4613 2580 4684 septem.
2611 4602 3126 4684 Fuitutemporihus
3144 4603 3480 4684 Alexandri,
3503 4615 3535 4656 a
3557 4602 3874 4684 consulatu

2217 4675 2545 4747 Pompeiani
2578 4683 2634 4732 et
2660 4676 3004 4747 Peligniani.
3039 4677 3113 4731 Eo
3139 4681 3390 4747 tempore
3419 4675 3876 4747 Nepotianusfi.)

2216 4744 2520 4818 episcopus
2548 4754 2606 4805 et
2634 4744 2975 4818 Hippolytus
3016 4745 3309 4818 presbyter
3328 4745 3730 4818 exsulesgsunt
3755 4744 3874 4800 de—

2217 4816 2426 4890 portati
2474 4821 2533 4876 in
2579 4816 3132 4890 insu’lam‘nocivam
3176 4817 3524 4890 Sardiniam,
3567 4816 3770 4890 Severo
3814 4823 3875 4873 et

2213 4886 2528 4960 Quintiano
2545 4891 2902 4946 consulibus.
2928 4892 2988 4944 In
3010 4889 3203 4944 eadem
3230 4886 3874 4960 insuladiscinctusest

2217 4957 2270 5018 Iv
2300 4964 2579 5019 Kalendas
2607 4962 2892 5028 Octobris,
2920 4967 2976 5015 et
3003 4961 3124 5015 loco
3153 4961 3278 5028 ejus
3303 4959 3607 5013 ordinatus
3632 4964 3719 5013 est
3741 4957 3874 5014 An—

2214 5041 2365 5090 teros
2395 5049 2451 5089 x1
2488 5035 2766 5090 Kalendas
2797 5031 3140 5098 Decembris,
3175 5029 3512 5085 consulibus
3541 5029 3631 5083 SS.

2284 5106 2539 5160 AN'I'Enos
2565 5118 2753 5160 mense
2783 5119 2913 5174 uno,
2941 5102 3148 5174 diebus
3171 5101 3383 5155 decem.
3411 5100 3631 5174 Dormit
3653 5114 3722 5154 ιιι
3746 5101 3874 5156 No-

2215 5190 2315 5232 nas
2339 5178 2621 5241 Januarii,
2655 5171 2908 5231 Maximo’
2930 5178 2985 5229 et
3013 5171 3283 5228 Africano
3313 5171 3674 5228 consulibus.

521 5299 600 5369 (α)
623 5299 928 5371 Catalogus
955 5298 1056 5371 hic
1073 5299 1143 5371 ad
1173 5299 1477 5356 Callistum
1513 5315 1694 5366 usque
1723 5299 2022 5358 confusior
2045 5305 2102 5356 et
2128 5311 2182 5370 1)
2281 5301 2352 5370 (ε)
2386 5301 2568 5368 Forte,
2603 5301 2818 5356 Elimia

449 5371 698 5426 vitiosus
726 5375 814 5442 est
830 5369 857 5440 ξ
887 5375 1016 5440 post
1045 5369 1211 5427 illum
1248 5372 1422 5442 paulo
1457 5372 1814 5439 distinctior,
1857 5373 2102 5428 maxime

453 5446 583 5512 post
612 5441 871 5496 Lucium.

515 5511 595 5580 (ὁ)
626 5512 731 5564 Ms.
764 5523 924 5566 meus
955 5511 1123 5566 habet
1150 5515 1343 5569 Nerua:
1369 5519 1420 5568 et
1453 5515 1598 5569 Veri.

487 5580 955 5710 οῗέιηίέιεπιεηιειη
1003 5582 1291 5641 Eusebius
1331 5590 1390 5641 et
1426 5585 1709 5642 Baronius
1752 5585 1894 5642 Cleto
1939 5590 2102 5655 post—

446 5669 688 5729 9099"}:

515 5723 598 5801 (ἁ)
625 5724 756 5795 Ms,
785 5719 1031 5783 Aristus.

2282 5369 2352 5440 (Γ)
2383 5373 2548 5427 Deest
2583 5372 2677 5426 hic
2711 5372 2996 5432 Anicetus,
3037 5370 3132 5425 cui
3173 5369 3314 5425 dant
3345 5380 3527 5424 annos
3566 5380 3708 5438 pene
3739 5374 3870 5424 octo

2285 5445 2361 5512 {g}
2393 5445 2556 5569 Degst
2582 5457 2786 5499 rursus
2813 5443 3183 5505 Eleutherius,
3219 5454 3386 5510 quem
3417 5440 3620 5496 volunt
3645 5440 3872 5496 sedisse

2293 5529 2394 5569 nos
2509 5556 2520 5568 .

2213 5527 2394 5570 annos
2437 5527 2520 5569 ’ID.

2286 5586 2366 5653 (ἢ)
2396 5588 2562 5640 Deest
2593 5587 2727 5640 item
2756 5587 3108 5656 Zepherinus,
3142 5583 3237 5639 cui
3269 5583 3409 5638 dant
3437 5595 3619 5656 annos
3654 5579 3739 5656 ιβ.

2285 5652 2352 5726 (i)
2379 5657 2770 5728 Cuspinianus
2799 5652 2940 5730 legit
2967 5657 3309 5722 Pontianus;
3337 5653 3527 5746 credo,
3564 5652 3790 5712 melius.
