3996 6450
233 440 331 501 424

1519 444 1881 505 DEPOSITIO
1926 445 2422 506 BPISCOPORUM.

3564 441 3671 502 132

303 570 595 626 Faunus
650 581 835 643 annos
884 572 1340 642 quatuordecim,
1393 585 1639 628 mensem
1698 586 1899 642 unum,
1928 574 1986 634 A
2079 572 2250 629 CAIUS
2271 571 2442 628 annis
2463 569 2790 643 duodecim,
2822 571 3121 643 mensibus
3159 574 3427 643 quatuor,
3458 568 3668 643 diebus

231 640 362 697 dies
388 643 608 696 decem.
640 641 777 698 Fuit
795 640 1153 712 temporibus
1176 640 1500 713 Maximini,
1527 651 1583 699 et
1596 640 1900 712 Gordiani,

231 717 286 766 et
309 713 588 781 Philippi.
620 712 666 768 A
687 714 992 770 consulatu
1016 716 1314 770 Maximini
1333 723 1389 771 et
1407 715 1690 782 Africani,
1720 729 1904 782 usque

228 784 406 839 Decio
428 784 758 841 lletGrato.
782 786 991 841 Passus
1020 799 1101 840 χιι
1134 786 1416 841 Kalendas
1447 786 1765 842 Februarii.
1800 784 1904 842 Hic

236 856 506 926 regiones
541 856 752 927 divisit
788 856 1156 926 diaconibus,
1202 864 1258 912 et
1284 857 1496 913 multas
1522 856 1775 913 fabricas
1805 872 1903 927 per

230 926 564 999 cremeteria
596 926 722 981 tieri
758 928 954 999 jussit.
982 929 1114 983 Post
1140 928 1461 997 passionem
1501 929 1646 998 ejus,
1681 926 1900 999 Moyses

227 1004 288 1051 et
316 998 608 1053 Maximus
626 998 965 1069 presbyteri,
988 1005 1045 1054 et
1063 999 1425 1054 Nicostratus
1445 1000 1727 1055 diaconus
1753 998 1902 1054 com-

231 1069 507 1137 prehensi
559 1074 697 1124 sunt
739 1068 895 1125 etin
943 1082 1225 1125 carcerem
1279 1070 1466 1125 missi.
1511 1072 1591 1127 Eo
1645 1076 1897 1139 tempore

226 1140 572 1209 supervenit
596 1142 849 1197 Novatus
877 1154 943 1196 ex
981 1139 1173 1196 Africa
1205 1145 1261 1196 et
1286 1141 1574 1211 separavit
1601 1142 1673 1197 de
1711 1142 1896 1197 Eccle—

229 1211 323 1283 sia
358 1211 762 1283 Novatianum,
791 1212 1144 1283 etquosdam
1175 1212 1554 1283 confessores,
1590 1217 1893 1282 postquam

226 1281 459 1355 Moyses
493 1282 553 1338 in
579 1296 808 1355 carcere
826 1281 1136 1340 defunctus
1153 1288 1258 1354 est,
1281 1284 1381 1355 qui
1408 1282 1523 1340 fuit
1556 1281 1637 1339 ibi
1671 1297 1895 1340 menses

231 1353 531 1421 undecim,
560 1354 689 1410 dies
718 1354 1006 1410 undecim.

299 1424 625 1481 CORNELIUS
658 1439 842 1481 annos
880 1427 1048 1495 duos,
1096 1439 1320 1482 menses
1363 1431 1502 1495 tres,
1526 1426 1654 1483 dies
1676 1428 1889 1483 decem.

226 1494 275 1568 ,Α
302 1496 650 1552 consulibus
679 1497 851 1553 Decio
896 1498 963 1552 lV
992 1494 1052 1553 et
1088 1498 1259 1553 Decio
1298 1499 1364 1567 ll,
1416 1494 1600 1568 usque
1635 1498 1802 1554 Gallo
1839 1503 1897 1554 et

232 1566 570 1623 Volusiano.
605 1568 723 1624 Sub
752 1569 1087 1639 episcopatu
1109 1570 1236 1639 ejus
1251 1566 1681 1625 Novatus—extra
1712 1570 1897 1625 Eccle-

224 1638 381 1693 siam
407 1639 703 1709 ordinavit
728 1638 1110 1696 Novatianum
1153 1641 1211 1695 in
1234 1640 1378 1696 urbe
1408 1642 1602 1709 Roma,
1634 1646 1691 1695 et
1715 1641 1897 1695 Nico-
1944 1644 1953 1650 '

228 1714 482 1765 stratum
531 1711 590 1765 in
631 1708 849 1765 Africa.
896 1712 1011 1766 Hoc
1055 1710 1229 1774 facto,
1277 1708 1655 1775 confessores,
1704 1712 1896 1782 quise

229 1788 649 1853 separaverunt
686 1794 718 1836 a
750 1782 1043 1853 Cornelio,
1086 1798 1214 1838 cum
1250 1785 1498 1839 Maximo
1543 1782 1892 1853 presbytero,

226 1852 334 1923 qui
358 1866 489 1907 cum
519 1855 707 1923 Moyse
738 1852 871 1923 fuit,
903 1854 972 1909 ad
1003 1854 1311 1909 Ecclesium
1337 1860 1475 1909 sunt
1497 1852 1710 1909 reversi
1732 1872 1747 1922 ;
1772 1859 1897 1923 post

230 1921 341 1977 hoc
370 1921 782 1981 Centumcellis
811 1921 1063 1995 expulsi.
1091 1925 1176 1981 lbi
1208 1938 1339 1981 cum
1366 1925 1552 1997 gloria
1580 1921 1897 1983 dormitio-

230 2006 360 2049 nem
390 1995 637 2050 accepit.

228 2006 360 2049 nem
390 2006 637 2065 accepit.

300 2066 512 2121 Lucrus
548 2080 733 2121 annos
766 2070 904 2135 tres,
935 2080 1157 2121 menses
1188 2070 1336 2135 octo,
1361 2065 1490 2122 dies
1517 2067 1731 2122 decem.
1764 2068 1899 2124 Fuit

229 2140 340 2191 tem
351 2138 598 2205 poribus
621 2136 777 2193 Galli
806 2143 863 2191 et
882 2136 1203 2205 Volusiani,
1224 2150 1407 2206 usque
1430 2137 1729 2193 Valeriano
1754 2142 1828 2194 Ill
1844 2145 1899 2194 et

227 2207 499 2277 Gallieno
521 2210 572 2264 ll
625 2208 730 2262 llic
770 2208 933 2263 exsul
956 2207 1108 2263 fuit:
1144 2212 1199 2262 et
1228 2214 1420 2277 postea
1444 2214 1587 2264 nutu
1617 2209 1717 2263 Dei
1749 2211 1901 2266 inco-

231 2276 410 2334 lumis
457 2281 529 2335 ad
585 2279 896 2350 Ecclesiam
945 2292 1205 2334 reversus
1234 2276 1354 2350 est,
1395 2278 1469 2350 (α)
1508 2281 1679 2336 tertio
1710 2284 1900 2339 Nonas

227 2350 496 2415 Martias,
535 2349 880 2405 consulibus
907 2350 982 2404 SS

296 2422 632 2477 STEPHANUS
669 2434 852 2476 annos
880 2426 1149 2490 quatuor.
1192 2433 1412 2475 menses
1453 2420 1622 2486 duos,
1650 2422 1778 2479 dies
1800 2423 1897 2479 vi—

226 2493 379 2565 ginti
411 2492 789 2565 un‘um._Fuit
818 2491 1178 2565 temporibus
1200 2492 1487 2565 Valeriani
1522 2494 1891 2565 etiGallieni,

225 2562 257 2619 εἰ
288 2563 609 2619 consulatu
630 2562 935 2619 Volusiani
957 2569 1014 2617 et
1032 2562 1357 2632 Maximini,
1393 2576 1575 2633 usque
1593 2562 1897 2621 Valeriano

228 2637 298 2691 Ill
330 2641 391 2690 et
418 2634 688 2690 Gallieno
711 2636 783 2689 Il.

297 2707 509 2763 SIXTUS
532 2706 705 2761 annis
730 2705 981 2775 duobus,
1015 2704 1313 2760 mensibus
1353 2704 1643 2773 undecim,
1689 2707 1898 2763 diebus

224 2792 351 2833 sex.
382 2777 576 2846 Coepit
603 2790 636 2832 a
673 2777 980 2833 consulatu
1006 2777 1239 2832 Maximi
1265 2782 1321 2832 et
1352 2776 1688 2833 Glabrionis
1716 2793 1899 2849 usque

223 2850 418 2905 Tusco
449 2854 508 2903 et
548 2849 740 2917 Basso,
791 2856 848 2904 et
897 2862 1100 2917 passus
1138 2854 1226 2903 est
1276 2861 1380 2902 vm
1437 2849 1573 2903 Idus
1624 2850 1894 2919 Augusti,

223 2935 256 2976 a
295 2920 614 2975 consulatu
638 2921 808 2975 Tusci
828 2926 884 2975 et
899 2920 1080 2986 Bassi,
1112 2932 1295 2989 usque
1319 2919 1376 2973 in
1394 2919 1491 2974 die
1511 2932 1593 2975 xu
1614 2921 1899 2977 Kalendas

221 2992 506 3062 Augusti,
561 2991 871 3046 dimiliano
918 2997 975 3045 et
1005 2992 1174 3046 Basso
1207 2989 1566 3062 consulibus.

294 3061 616 3118 DIONYSIUS
663 3062 835 3117 annis
878 3068 1027 3130 octo,
1064 3061 1361 3117 mensibus
1397 3061 1650 3131 duobus,
1692 3062 1901 3118 diebus

222 3140 507 3217 quatuor.
544 3133 680 3217 Fuit
708 3132 1443 3217 temporibusGallien‘inex
1469 3133 1565 3187 die
1596 3135 1901 3217 undecimo

222 3203 618 3261 Kalendarum
647 3204 918 3275 Augusti,
948 3204 1332 3276 Aimilianoiet
1350 3203 1520 3259 Basso
1536 3205 1897 3276 consulibus,

222 3292 413 3347 usque
434 3277 505 3332 ad
540 3276 694 3331 diem
726 3274 1037 3345 septimum
1064 3274 1348 3331 Kalendas
1374 3275 1657 3348 Januarii,
1681 3274 1901 3332 consu-é

226 3349 389 3404 libus
418 3348 670 3403 Claudio
690 3353 746 3402 et
777 3349 1036 3403 Paterno.

298 3422 475 3474 FELix
510 3419 686 3473 annis
716 3419 995 3488 quinque,
1034 3416 1329 3472 mensibus
1374 3417 1661 3484 undecim,
1693 3418 1902 3475 diebus

220 3491 438 3563 viginti
456 3490 738 3563 quinque.
758 3488 1495 3563 FuittemporihusClaudii
1510 3490 1897 3563 etAureliani,

225 3576 258 3617 a
290 3560 610 3618 consulatu
636 3562 865 3616 Claudii
884 3568 939 3616 et
965 3560 1216 3629 Paterni,
1247 3573 1430 3631 usque
1452 3560 1511 3615 in
1534 3561 1900 3618 consulatum

227 3632 540 3691 Aureliani
576 3634 622 3687 II
650 3638 707 3687 et
736 3632 1072 3702 Capitolini.

296 3705 683 3759 Eunenuxus
720 3704 893 3759 annis
921 3708 1069 3763 octo.
1120 3702 1416 3757 mensibus
1448 3702 1735 3771 undecim,
1768 3703 1904 3758 die-

225 3775 336 3832 bus
364 3775 583 3831 tribus.
615 3775 751 3829 Fuit
780 3774 1140 3844 temporibus
1164 3773 1492 3844 Aureliani,
1533 3786 1565 3827 a
1594 3773 1902 3829 consulatu

223 3846 533 3903 Aureliani
566 3847 638 3901 Ill
678 3851 736 3901 et
758 3843 1104 3913 Marcellini,
1142 3858 1325 3915 usque
1376 3843 1632 3915 inidiem
1664 3857 1740 3899 vn
1768 3845 1904 3902 ldus

222 3918 586 3988 Decembris,
619 3918 765 3974 Caro
797 3916 848 3973 ll
882 3924 940 3973 et
966 3916 1180 3973 Carino
1211 3914 1575 3986 consalibus,

294 4025 366 4097 (α)
410 4025 655 4097 Videtur
680 4024 780 4097 hic
802 4024 1001 4097 deesse
1030 4024 1277 4097 decessit.

293 4091 377 4165 (Ii)
415 4096 664 4152 Videtur
698 4096 1006 4166 legendum
1038 4094 1236 4157 tribus,
1268 4108 1338 4150 ex
1367 4091 1672 4149 consulum
1725 4093 1897 4165 serie,

224 4184 351 4241 qua:
386 4173 578 4241 tamen
609 4167 715 4241 hic
736 4165 881 4241 conf
883 4179 1001 4222 usa.

293 4242 366 4309 (1:)
396 4239 640 4294 Videtur
663 4240 762 4296 hic
792 4238 992 4296 deesse
1020 4237 1133 4294 VII.
1164 4236 1280 4293 Alii
1311 4237 1604 4310 leguntlx
1628 4242 1678 4292 et
1708 4239 1903 4293 Mami—

220 4326 492 4365 minuma.

2011 650 2245 714 septem.
2280 643 2414 699 Fuit
2445 641 2802 714 temporibus
2827 642 2957 714 Cari
2995 648 3052 698 et
3078 641 3298 712 Carini,
3345 641 3421 698 ex
3443 642 3540 698 die
3567 652 3663 696 xvr

2009 713 2294 771 Kalendas
2310 713 2594 784 Januarii,
2625 713 2970 770 consulibus
2988 714 3131 769 Caro
3154 716 3205 769 II
3233 719 3290 769 et
3312 714 3542 773 Carino.
3577 725 3668 767 us-

2009 799 2121 856 que
2151 786 2210 841 in
2237 800 2273 840 x
2306 785 2590 856 Kalendas
2618 784 2779 855 Maii,
2810 785 3172 841 Diocletiano
3200 786 3270 841 VI
3294 791 3353 841 et
3379 785 3666 841 Constan—

2009 857 2093 913 tio
2118 858 2166 913 Il
2195 855 2555 912 consulibus.

2080 930 2475 983 MARCELLINUS
2502 927 2674 982 annis
2702 931 2851 995 octo,
2885 927 3185 982 mensibus
3216 926 3425 989 tribus,
3455 924 3666 981 diebus

2007 998 2215 1066 viginti
2232 999 2511 1068 quinque.
2533 998 2785 1053 Fuittem
2796 996 3034 1066 poribus
3052 998 3397 1053 Diocletiani
3415 1003 3472 1051 et
3493 995 3666 1068 Maxi-

2008 1070 2209 1137 miani,
2249 1066 2324 1124 ex
2344 1083 2347 1085 ί
2368 1066 2465 1124 die
2496 1069 2682 1138 pridie
2712 1069 2995 1124 Kalendas
3025 1069 3230 1131 Julias,
3263 1082 3296 1123 a
3321 1066 3668 1123 consulibus

2004 1141 2364 1196 Diocletiano
2388 1140 2459 1194 Vl
2488 1137 2545 1194 et
2565 1140 2902 1195 Constantio
2932 1141 3178 1211 Ilusque
3211 1140 3269 1194 in
3297 1137 3663 1211 consulatum

2001 1211 2346 1266 Diocletiani
2371 1212 2449 1266 IX
2469 1216 2524 1266 et
2539 1211 2940 1266 Maximiniani
2966 1205 3103 1265 VlllI
3129 1210 3253 1280 Quo
3274 1215 3529 1276 tempore
3551 1205 3667 1280 fuit

2006 1282 2328 1352 persecutio
2354 1299 2367 1336 :
2396 1288 2451 1337 et
2479 1282 2723 1338 cessavit
2753 1282 3119 1352 episcopatus
3138 1277 3309 1337 annis
3329 1285 3542 1350 septem
3560 1277 3661 1348 (ὁ),

2004 1353 2301 1409 mensibus
2330 1366 2452 1423 sex,
2472 1353 2681 1409 diebus
2709 1353 2918 1424 viginti
2952 1354 3229 1424 quinque.

2075 1427 2407 1480 MARCELLUS
2440 1420 2604 1480 anno
2644 1420 2797 1494 uno,
2828 1420 3133 1480 mensibus
3167 1428 3402 1494 septem.
3453 1420 3662 1494 diebus

2003 1496 2243 1568 viginti.
2280 1495 2416 1553 Fuit
2440 1492 2797 1568 temporibus
2821 1496 3117 1568 Maxentii,
3150 1508 3180 1549 a
3203 1492 3511 1568 consulatu
3540 1492 3665 1568 xet

2005 1562 2353 1624 Maximiano
2404 1566 2472 1640 (ο)
2520 1562 2703 1638 usque
2734 1573 2863 1638 post
2893 1562 3260 1623 consulatum
3305 1567 3359 1621 X
3387 1570 3445 1621 et
3479 1562 3665 1633 septi-

2006 1652 2181 1694 ΠΠΙΙΠΊ.

2075 1711 2354 1782 Eussmus
2394 1723 2616 1782 menses
2658 1715 2926 1782 quatuor,
2973 1710 3100 1766 dies
3150 1708 3461 1782 sexdecim.
3502 1718 3663 1782 a_xiv

2005 1780 2292 1906 ἑῗὲἰηᾳδε
2332 1781 2513 1837 Maias
2547 1779 2727 1853 usque
2760 1782 2830 1837 ad
2860 1782 3013 1838 diem
3047 1794 3143 1836 xvr
3200 1779 3490 1837 Kalendas
3518 1779 3667 1848 Sep—

2166 1867 2268 1906 l‘lS.
3158 1894 3169 1904 .

2006 1853 2268 1909 tembris.

1926 1897 1980 1958 Β
2009 1897 2386 1979 "Minimum
2420 1923 2592 1979 annis
2664 1923 2875 1993 tribus,
2940 1922 3237 1980 mensibus
3284 1936 3403 1990 sex,
3457 1918 3667 1993 diebus

2005 2007 2243 2050 novem:
2305 2007 2374 2049 ex
2421 1994 2517 2049 die
2567 1999 2726 2050 sexto
2770 1991 2961 2049 Nonas
3001 1994 3206 2061 Julias,
3260 2006 3292 2049 a
3335 1991 3665 2062 consulatu,

2005 2066 2355 2121 Maximiano
2407 2067 2539 2136 VIII,
2557 2066 2715 2134 solo;
2763 2066 2913 2136 quod
2946 2063 3063 2120 fuit
3094 2077 3284 2120 mense
3323 2061 3665 2136 Septembri,

2006 2136 2325 2192 Volusiano
2340 2140 2399 2192 et
2423 2135 2654 2206 Rutlno,
2687 2133 2872 2207 usque
2898 2138 2957 2192 in
2990 2148 3055 2191 lli
3084 2136 3221 2191 ldus
3238 2133 3523 2203 Januarii,
3548 2134 3668 2188 Vo—

2010 2208 2244 2264 lusiano
2272 2213 2330 2263 et
2356 2207 2623 2263 Anniano
2653 2207 3014 2264 consulibus.

2076 2280 2396 2335 Svasern
2434 2281 2607 2335 annis
2636 2279 2843 2350 viginti
2878 2292 3012 2348 uno,
3048 2278 3343 2335 mensibus
3379 2274 3666 2350 undecim.

2007 2348 2909 2421 FuittemporibusConstantini,
2928 2363 2960 2405 a
2977 2350 3285 2421 consulatu
3301 2348 3599 2404 Volusiani
3613 2352 3671 2421 et

2005 2419 2285 2491 Anniani,
2314 2436 2383 2477 ex
2406 2422 2501 2477 die
2522 2420 2708 2491 pridie
2729 2420 3015 2477 Kalendas
3034 2420 3360 2489 Februarii,
3397 2433 3585 2491 usque
3609 2419 3670 2491 in

2006 2495 2159 2551 diem
2209 2489 2597 2548 Kalendarum
2625 2493 3059 2563 Januariarum,
3089 2491 3429 2549 Constantio
3476 2489 3535 2548 et
3561 2489 3669 2546 Al—

2007 2565 2146 2621 bino
2176 2563 2539 2620 consulibus.

2078 2636 2307 2691 MARCUS
2332 2649 2552 2690 menses
2578 2638 2725 2702 octo,
2757 2634 2884 2691 dies
2909 2632 3141 2707 viginti.
3170 2637 3240 2691 Et
3263 2635 3358 2707 hic
3390 2632 3504 2690 fuit
3534 2638 3670 2707 tem-

2045 2707 2249 2763 oribus
2276 2706 2661 2775 Constantini,
2700 2704 3018 2776 Nepotiane
3044 2710 3101 2762 et
3126 2706 3392 2763 Facundo
3417 2704 3670 2762 consuli-

2048 2793 2136 2845 us,
2165 2792 2233 2833 ex
2262 2778 2358 2833 die
2383 2790 2457 2832 xv
2494 2777 2778 2833 Kalendas
2808 2778 3177 2849 Februarias,
3205 2790 3391 2849 usque
3422 2777 3481 2833 in
3512 2776 3667 2832 diem

2005 2852 2297 2906 Nonarum
2327 2849 2685 2918 Octobrium,
2731 2848 3075 2906 consulibus
3106 2851 3199 2907 SS.

2076 2922 2271 2976 Juuus
2298 2934 2479 2976 annos
2503 2920 2858 2991 quindecim,
2892 2934 3141 2977 mensem
3176 2933 3376 2989 unum,
3402 2920 3531 2976 dies
3548 2932 3671 2991 un-

2006 2992 2214 3047 decim.
2264 2991 2399 3048 Fuit
2451 2990 2812 3060 temporibus
2837 2992 3227 3059 Constantini,
3277 3006 3309 3047 a
3354 2990 3669 3047 consulatu

2010 3062 2286 3119 Feliciani
2321 3068 2378 3117 et
2426 3062 2669 3129 Titiani,
2715 3076 2783 3118 ex
2812 3064 2909 3118 die
2935 3076 3038 3119 vm
3073 3063 3208 3119 Idus
3247 3061 3572 3131 Februarii,
3607 3061 3668 3116 in

2009 3135 2159 3190 diem
2196 3134 2384 3203 pridie
2408 3135 2543 3190 Idus
2566 3134 2789 3205 Aprilis
2808 3134 3147 3191 Constantio
3178 3135 3223 3190 V
3254 3140 3311 3190 et
3333 3132 3671 3205 Constantio

1931 3226 1979 3287 ρ
2008 3207 2235 3287 Caesare.
2254 3203 2753 3287 con_sulnibus.‘llic
2780 3205 2991 3287 multas
3022 3204 3441 3287 fabri-casfecjt
3456 3224 3469 3259 :
3502 3203 3671 3287 basi-

2010 3277 2180 3333 licam
2223 3276 2281 3332 in
2312 3277 2404 3332 via
2437 3279 2702 3333 Portense
2733 3277 3014 3333 milliario
3044 3278 3240 3346 tertio,
3272 3277 3575 3334 basilicam
3608 3274 3668 3330 in

2008 3349 2101 3404 via
2133 3348 2435 3414 Flaminia,
2466 3349 2745 3404 milliario
2775 3349 3047 3418 secundo,
3078 3362 3205 3419 qua:
3220 3348 3548 3419 appellatur
3573 3346 3672 3402 Va-

2011 3418 2312 3491 lentini(d)
2333 3419 2880 3488 basilicamJuliam,
2904 3417 3136 3491 quaeest
3153 3420 3385 3490 regione
3401 3417 3667 3491 septima,

2005 3492 2173 3561 juxta
2206 3489 2393 3546 forum
2423 3491 2543 3546 divi
2566 3491 2797 3561 Trajani
2822 3510 2837 3558 ;
2874 3489 3175 3547 basilicam
3205 3489 3366 3547 trans
3389 3489 3667 3561 Tiberim,

2013 3559 2246 3646 regione
2266 3567 2472 3686 quarta
2494 3559 2713 3645 decima
2728 3564 2893 3645 juxta
2915 3562 3219 3645 Callistum
3245 3561 3585 3645 ;_basilicam
3610 3559 3670 3616 in

2013 3648 2102 3686 vna
2133 3633 2284 3686 Aure
2316 3646 2465 3686 lana.
2502 3632 2781 3686 milllarlo
2830 3639 3005 3686 tertio
3033 3634 3103 3686 ad
3129 3632 3456 3686 Callistum.

2010 3632 2102 3689 via
2133 3632 2465 3700 Aureliana,
2502 3632 2781 3689 milliario
2830 3634 3005 3688 tertio
3033 3634 3103 3688 ad
3129 3632 3456 3689 Callistum.

2083 3706 2353 3758 LIBERIUS
2395 3702 2510 3757 fuit
2558 3702 2921 3772 temporibus
2969 3703 3327 3772 Constantii,
3354 3716 3423 3757 ex
3468 3701 3565 3757 die
3612 3713 3673 3756 χι

2011 3774 2297 3829 Kalendas
2320 3774 2543 3839 lunias,
2579 3774 2639 3827 in
2666 3774 2935 3827 diem.....
2970 3787 3003 3829 a
3029 3772 3376 3829 consulibus
3403 3772 3680 3828 Constan-

2012 3845 2097 3902 tio
2117 3845 2162 3901 V
2192 3849 2249 3900 et
2273 3843 2615 3900 Constantio
2649 3844 2873 3900 Caesare
2904 3844 2995 3915 (ε).
3498 3854 3507 3865 '

2081 4020 2156 4095 (ά)
2184 4022 2267 4108 An
2302 4021 2563 4108 τοι-φρει
2602 4024 2948 4096 Valentinus,
2998 4024 3095 4081 cui
3127 4022 3542 4081 Kalendarium
3573 4036 3673 4079 se-

2011 4108 2196 4168 quens
2228 4095 2596 4151 inscribitur.
2938 4095 2941 4096 ⁷

2015 4238 2028 4250 .
2080 4165 2146 4253 (9)
2175 4167 2554 4253 omnium
2578 4166 3000 4253 Ριξείξρρηιξεομὲεξ
3029 4167 3311 4253 ﬂamma
3338 4167 3438 4253 ωε
3466 4167 3671 4253 ο.οεξ-ς

2176 4244 2412 4310 apparet
2449 4250 2601 4295 anno
2627 4239 2740 4295 isto
2764 4236 2995 4297 Christi
3038 4236 3145 4297 354
3174 4241 3393 4311 scripta
3420 4244 3523 4298 aut
3546 4240 3674 4297 cir-

1168 4582 1766 4654 DEPOSITIO
1841 4577 2624 4652 EPISCOPORUM
2678 4545 2753 4609 ‘”’

1532 4734 1672 4812 (Ea:
1718 4730 1941 4796 eodem
1989 4730 2383 4812 Eucherio.)

1736 4862 2154 4878 ῃ

288 4980 461 5033 Sexto
492 4977 786 5034 Kalendas
810 4975 1140 5046 Ianuarias,
1174 4974 1437 5045 Dionysii
1485 4974 1540 5029 in
1572 4972 1825 5046 Callisti.

286 5051 486 5105 Tertio
526 5050 820 5105 Kalendas
847 5044 1135 5114 Januarii,
1166 5044 1374 5102 Felicis
1426 5047 1485 5101 in
1528 5044 1779 5099 Callisti.

292 5122 490 5176 Pridie
512 5122 804 5177 Kalendas
823 5119 1107 5184 Januarii,
1131 5118 1404 5188 Sylvestri
1435 5117 1492 5171 in
1524 5115 1823 5170 Priscillae.

287 5196 511 5263 Quarto
542 5194 675 5248 ldus
698 5189 993 5263 Januarii,
1018 5190 1311 5263 Miltiadis
1340 5188 1679 5263 in_Cailisti.

290 5257 526 5348 Decimo
555 5274 763 5321 octavo
812 5257 1100 5316 Kalendas
1125 5260 1449 5329 Februarii,
1479 5257 1802 5314 Marcellini
1837 5258 1896 5313 in

222 5337 523 5392 Priscilla:
566 5350 573 5357 °
1540 5396 1547 5404 ~

288 5409 484 5465 Tertio
514 5410 713 5464 Nonas
753 5402 978 5474 Martii,
1009 5404 1089 5474 (ὁ)
1129 5404 1187 5459 in
1216 5401 1466 5458 Callisti.

292 5515 370 5583 (ιι)
395 5518 608 5587 Nempe
637 5517 1053 5587 Romanorum
1074 5526 1103 5565 a
1134 5510 1310 5587 Lucio
1340 5508 1679 5587 adﬂJulium.

292 5578 366 5657 (ὁ)
393 5578 612 5646 Lucius
658 5584 877 5641 lio’rum
904 5582 1206 5657 duodecim
1246 5580 1602 5657 pontiﬁcum
1626 5578 1900 5657 est_anti-

220 5652 556 5739 quisSimus,
591 5658 806 5716 Julius
839 5655 1295 5711 recentissimus.
1323 5654 1543 5709 Desunt
1569 5652 1686 5709 duo
1720 5652 1899 5708 inter-

1931 4972 1986 5034 D
2085 4974 2320 5031 Decimo
2345 4973 2630 5032 Kalendas
2656 4976 2789 5045 Mai,
2815 4976 2940 5032 Caii
2976 4977 3038 5031 in
3063 4973 3313 5045 Callisti.

2081 5046 2296 5113 Quarto
2326 5048 2512 5102 Nonas
2535 5042 2804 5116 Augusti,
2832 5044 3107 5116 Stephani
3134 5044 3196 5116 in
3225 5042 3481 5116 Callisti.

2078 5112 2248 5172 Sexto
2280 5117 2564 5172 Kalendas
2594 5112 2881 5186 Octobris,
2934 5112 3175 5186 Eusebii
3224 5113 3282 5168 in
3312 5112 3561 5168 Callisti.
3632 5178 3635 5183 ι

2080 5190 2263 5243 Nonis
2284 5187 2574 5255 Octobris,
2608 5187 2784 5239 Marci
2812 5188 2871 5240 in
2895 5185 3168 5255 Balbinae.

2078 5260 2251 5312 Sexto
2294 5258 2431 5311 ldus
2459 5253 2809 5321 Decembris,
2846 5253 3190 5323 Eutychiani
3221 5253 3279 5308 in
3308 5254 3563 5310 Callisti.

2084 5329 2275 5382 l’ridie
2300 5328 2437 5380 ldus
2462 5324 2708 5394 Aprilis,
2728 5324 2872 5379 Julii
2897 5326 2955 5381 in
2983 5323 3077 5378 via
3103 5324 3361 5397 Aurelia,
3393 5324 3674 5382 milliario

2009 5399 2083 5455 Ill
2118 5397 2176 5452 in
2201 5396 2449 5451 Callisti.

2118 5397 2176 5452 in
2201 5397 2449 5451 Callisti.

2012 5503 2209 5575 medii,
2236 5502 2441 5561 Sixtus
2459 5505 2517 5556 et
2541 5497 2865 5556 Marcellus.
2909 5501 3109 5558 Sixtus
3149 5506 3238 5559 est
3268 5503 3420 5560 inter
3454 5510 3677 5575 marty—

2011 5590 2122 5634 res.

1798 5785 2114 5817 -ῄι-ι-
