3996 6398
385 410 490 470 493

1164 415 1258 472 ΑΙ)
1296 414 1733 472 ANASTASIUM
1779 415 2023 474 PROLE(

2192 417 2297 474 INA
2337 417 2517 473 EDIT.
2567 413 3000 471 ROM.—VATIC.

3689 412 3801 470 42‘»

1436 676 2040 746 DEPOSITIO
2133 675 2736 746 MARTYRUM.

1655 835 1796 915 {Ea
1855 835 2073 898 eodem
2121 834 2514 907 Baciwrio.)

446 1096 658 1188 pcta-vo
691 1098 1000 1188 'Kaluendas
1063 1102 1367 1159 ianuarias
1416 1107 1588 1160 natus
1633 1103 1902 1159 Christus
1963 1103 2022 1159 in
2049 1101 2110 1160 A
2139 1181 2150 1188 Δ
2205 1105 2458 1188 Septimo
2478 1106 2620 1188 ldus
2645 1105 2914 1188 Augusti,
2941 1105 3209 1188 Secundi,
3231 1101 3616 1188 ‘Carpophori,
3651 1101 3801 1157 Vie-

375 1167 660 1226 Bethleem
683 1170 860 1226 Iudae.

945 1258 1123 1300 MENSE
1151 1259 1419 1302 ιΑΝυΑιιιο
1432 1286 1444 1299 .

447 1311 680 1368 Decimo
705 1315 877 1372 tertio
901 1315 1183 1372 Kalendas
1209 1317 1530 1381 Februarii,
1555 1317 1792 1373 Fabiani
1820 1318 1878 1374 in
1906 1317 2026 1374 Cal-

377 1380 504 1438 listi
529 1388 586 1438 et
617 1383 937 1442 Sebastiani
972 1387 1032 1442 in
1059 1388 1453 1451 Catacumbas.

380 1454 797 1580 taIll)auodecimo
812 1457 1096 1514 Kalendas
1121 1459 1443 1531 Februarii,
1458 1459 1697 1532 Agnetis
1713 1462 1772 1517 in
1787 1463 2028 1525 Nomen:

910 1613 1092 1657 IENSB
1147 1616 1477 1660 FEBRUARIO.

381 1683 658 1811 thgﬂgvo
711 1686 994 1746 Kalendas
1057 1690 1274 1762 Martii,
1342 1691 1540 1748 Natale
1595 1695 1744 1749 Petri
1789 1695 1860 1750 de
1909 1694 2024 1749 Ca-

979 1846 1158 1890 IENSE
1195 1848 1416 1890 MARTIO.

447 1917 628 1974 Nonis
655 1920 872 1992 Martii,
915 1920 1204 1993 Perpetua:
1256 1930 1310 1980 et
1341 1923 1661 1981 Felicitatis
1688 1923 1914 1981 Africae.

1013 2025 1192 2068 HENSE
1225 2026 1379 2068 MAIO.

441 2095 674 2173 Decimo
699 2102 906 2173 quarto
925 2100 1210 2158 Kalendas
1247 2102 1427 2173 Junii,
1461 2102 1727 2158 Parthini
1771 2107 1828 2159 et
1851 2104 2025 2159 Calo-

374 2167 514 2294 ἓξ)ἒέ
545 2167 604 2222 in
634 2167 882 2239 Callisti,
921 2173 1282 2230 Diocletiano
1308 2175 1387 2230 IX
1417 2167 1478 2230 et
1521 2174 1870 2232 Maximiano
1909 2177 2026 2231 Vlll

993 2345 1174 2387 IENSE
1216 2345 1394 2388 IUNIO.

2136 1175 2338 1246 torini,
2371 1183 2428 1233 et
2477 1175 2790 1245 Severiani,
2818 1178 3039 1232 Albano
3063 1182 3120 1230 et
3147 1175 3430 1230 Ostiense.

2203 1244 2373 1330 Sexto
2403 1249 2730 1330 Ballistaria
2754 1249 2855 1330 (ἀλ,
2882 1247 3129 1330 Cyriaci,
3159 1247 3348 1317 Largi,
3370 1244 3793 1314 Crescentiani,

2133 1319 2430 1386 Memmiaz,
2461 1320 2701 1376 Julianae
2729 1325 2786 1375 et
2813 1318 3130 1389 Smaragdi.

2203 1389 2418 1458 Quarto
2450 1391 2601 1460 ldus,
2635 1391 2928 1446 Laurentii
2968 1387 3033 1444 in'
3065 1387 3391 1460 Tiburtina.

2143 1532 2156 1544 .
2207 1457 2691 1545 Idibus‘Augu'sti,
2714 1461 3006 1532 Hippolyti
3026 1461 3086 1516 in
3102 1459 3428 1528 Tiburtina,
3450 1462 3508 1514 et
3525 1457 3797 1514 Pontiani

2141 1532 2518 1661 '"gﬁiggﬁ'ﬁo
2531 1604 2812 1660 Kalendas
2829 1601 3198 1674 Septembris,
3211 1599 3792 1674 TimotheiOstiense.

2207 1674 2420 1743 Quinto
2445 1675 2748 1745 Kalendas,
2772 1671 3056 1730 llermetis
3077 1673 3136 1729 in
3169 1672 3447 1740 Bassillae,
3473 1671 3692 1728 Salaria
3709 1684 3807 1727 ve-

2144 1749 2283 1800 tere.

2709 1831 2888 1873 HENSE
2917 1829 3220 1873 SEPTEIBBI
3231 1859 3244 1869 .

2207 1926 2387 1980 Nonis
2428 1925 2798 1996 Septembris,
2849 1923 3138 1981 Acontiiu
3167 1925 3354 1991 Porto,
3396 1925 3453 1977 et
3485 1919 3696 1991 Nonni,
3741 1923 3802 1976 et

2135 1997 2464 2066 Herculani,
2492 2005 2548 2052 et
2593 1997 2856 2052 Taurini.

2205 2067 2420 2136 Quinto
2451 2065 2603 2130 Idus,
2636 2067 2914 2139 Gorgonii
2959 2067 3016 2122 in
3041 2065 3364 2139 Labicana.

2205 2135 2397 2194 Tertio
2428 2141 2580 2209 ldus,
2615 2135 2781 2195 Proti
2796 2145 2852 2195 et
2879 2137 3184 2209 Hyacinthi
3209 2138 3266 2192 in
3301 2135 3573 2209 Bassillaz,

2206 2209 2437 2266 Decimo
2466 2203 2662 2266 octavo
2691 2203 2976 2265 Kalendas
2999 2208 3284 2277 Octobris,
3307 2206 3599 2278 Cypriani,
3627 2203 3800 2260 Afri-

2136 2293 2237 2342 cae,
2265 2281 2454 2335 Romae
2483 2280 2810 2336 celebratur
2841 2281 2901 2334 in
2929 2279 3183 2334 Callisti.

2209 2351 2438 2406 Decimo
2479 2351 2763 2405 Kalendas
2808 2349 3095 2419 Octobris,
3127 2348 3386 2403 Bassillae
3420 2348 3643 2404 Salaria
3690 2359 3798 2402 ve—

443 2415 972 2504 lertilo‘iKalendag
997 2420 1376 2504 Julii,.l:mm
1426 2421 1485 2504 in
1543 2421 1942 2504 Caltacumbas,
1970 2427 2028 2478 et
2055 2445 2108 2504 Β
2140 2423 2278 2489 tere,
2305 2419 2661 2476 Diocletiano
2693 2421 2770 2475 IX
2811 2426 2869 2474 et
2897 2415 3244 2474 Maximiano
3270 2421 3387 2474 Vill
3415 2420 3574 2475 Coss.

373 2487 541 2542 PAULI
593 2487 880 2558 Ostiense,
931 2491 1114 2545 Tusco
1142 2496 1199 2546 et
1223 2492 1399 2546 Basso
1422 2492 1577 2547 Coss.
1611 2492 1701 2563 (a).

1005 2591 1187 2633 MENSE
1223 2591 1402 2634 εῐυιιιο.

447 2663 619 2736 Sexto
639 2663 776 2719 Idus
801 2663 902 2734 (ὁ),
931 2665 1144 2722 Felicis
1163 2672 1220 2722 et
1246 2666 1500 2736 Philippi
1536 2668 1596 2722 in
1627 2667 1938 2723 Priscillae:
1973 2675 2028 2724 et

381 2734 443 2808 in
479 2735 860 2808 Jordaporum
881 2737 1206 2808 Martialis,
1257 2734 1484 2808 Vital‘is,
1513 2739 1846 2806 Alexandri,
1879 2745 1936 2794 et
1966 2740 2026 2795 in

378 2805 613 2880 Maximi
639 2804 824 2880 Silani
870 2806 1044 2880 (hunc
1084 2804 1345 2864 Silanum
1375 2804 1677 2880 martyrcm
1708 2812 1780 2880 (ο)
1825 2804 2024 2866 Novati

381 2874 560 2932 furati
594 2876 747 2948 sunt)
787 2883 844 2933 et
880 2874 947 2933 in
978 2880 1325 2946 Praetextati,
1357 2874 1643 2936 Januarii.

449 2947 642 3023 Tertio
685 2947 966 3023 Kalendas
1002 2950 1273 3023 Augusti,
1312 2951 1535 3021 Abdon,
1567 2959 1623 3007 et
1673 2952 1914 3023 Sennen,
1965 2954 2026 3009 in

379 3018 668 3089 Pontiani,
695 3020 845 3089 quod
873 3027 961 3077 est
1001 3023 1071 3078 ad
1100 3018 1311 3078 Ursum
1335 3018 1632 3092 pileatum.

969 3122 1148 3166 IENSE
1176 3123 1435 3166 AUGUSTO.

449 3195 664 3275 Octavo
683 3198 836 3275 Idus,
871 3199 1010 3275 Sisti
1049 3199 1110 3255 in
1140 3199 1388 3268 Callisti,
1421 3206 1478 3256 et
1507 3201 1854 3273 Praetextati,
1889 3202 2029 3275 Aga-

380 3269 511 3341 piti,
539 3275 596 3324 et
624 3268 990 3326 Felicissimi.

452 3394 532 3463 (a)
554 3395 756 3468 Nescio
782 3394 921 3468 quid
965 3395 1061 3451 hic
1098 3395 1214 3452 sibi
1248 3396 1427 3452 velint
1474 3396 1534 3451 hi
1566 3397 1854 3468 consules,
1885 3398 2028 3455 forte

379 3465 618 3521 aliunde
645 3467 848 3521 luxati.

451 3537 530 3606 (ὁ)
559 3537 705 3592 Sunt
745 3544 958 3606 septem
1009 3537 1116 3593 lilii
1147 3539 1202 3594 S.
1237 3539 1576 3594 Felicitatis.
1624 3541 2024 3608 Jordanorum,

379 3609 613 3662 Maximi
655 3616 710 3664 et
763 3610 1085 3665 Praetextati
1128 3613 1452 3666 cmmeteria
1479 3617 1643 3666 erant
1671 3611 1882 3666 Romae.

2743 2539 2923 2580 XENSE
2947 2537 3194 2580 OCI'OBBI.

2137 2709 2162 2761 ι
2208 2633 2402 2760 Pridie
2449 2631 2601 2703 ldus,
2651 2630 2899 2701 Callisti,
2943 2631 3002 2686 in
3064 2631 3158 2686 via
3200 2629 3456 2694 Aurelia,
3511 2630 3800 2689 milliario

2163 2718 2224 2761 er
2255 2718 2329 2760 ιο.

2163 2718 2329 2761 ertlo.

2699 2805 2879 2848 MENSE
2918 2803 3221 2848 NOVEMBRI.

2207 2882 2422 2952 Quinto
2475 2882 2631 2950 Idus,
2681 2882 3013 2951 Clementis,
3076 2879 3496 2949 Semproniani,
3563 2879 3794 2950 Claudi,

2137 2953 2451 3010 Nicostrati
2499 2954 2560 3008 in
2601 2953 2968 3009 Comitatum.

2206 3025 2399 3081 Tertio
2443 3024 2727 3080 Kalendas
2750 3023 3101 3096 Decembris,
3138 3022 3461 3092 Saturnini,
3505 3023 3564 3078 in
3603 3022 3799 3078 Thra-

2139 3098 2317 3153 sonis.

2706 3198 2886 3240 MENSE
2928 3197 3195 3240 DECEMBRI
3206 3225 3218 3236 .

2209 3273 2430 3345 Idibus,
2458 3273 2691 3330 Ariston
2725 3274 2786 3330 in
2832 3274 2892 3329 in
2922 3274 3163 3329 Pontum
3197 3272 3286 3342 (ε’).

2213 3400 2283 3468 (c)
2315 3401 2468 3453 Ferte
2496 3399 2820 3454 Novatiani.

2210 3472 2292 3541 (Il)
2330 3472 2412 3526 An
2443 3471 2586 3525 forte
2609 3473 2701 3523 via
2730 3470 3002 3523 Salvaria.

2209 3545 2281 3610 (ρ)
2311 3542 2395 3596 An
2429 3541 2572 3598 forte
2603 3543 2880 3595 Pontiani.

1397 3919 2022 4025 FRANCISCI
2127 3919 2786 4024 BLANCHINI

1736 4119 2102 4194 BREVES
2175 4123 2453 4192 NOTE

382 4252 474 4313 In
510 4250 1008 4334 claronologiam
1068 4256 1392 4334 Catalogi
1439 4258 1895 4320 Romanorum
1950 4255 2357 4334 ponti/lcum
2399 4255 2670 4334 ductam
2705 4271 2786 4316 ea
2827 4253 3069 4333 epocaa
3113 4251 3472 4316 Passionis
3528 4249 3801 4316 Christi

1051 4333 1333 4398 Domini
1380 4353 1498 4396 VIII
1554 4334 1909 4398 Kalendas
1951 4333 2226 4414 Aprilis
2287 4333 2542 4396 duobus
2594 4335 2896 4399 Geminis
2951 4335 3133 4396 Coss.

451 4599 836 4656 Celeberrimo
862 4601 1000 4656 huic
1029 4599 1310 4670 opusculo
1330 4599 1658 4656 exornando
1689 4602 1774 4656 tot
1802 4599 2037 4672 vigilias
2064 4599 2114 4666 C
2147 4600 2489 4670 productum
2517 4599 2598 4656 ibi
2633 4601 2692 4656 in
2723 4601 3140 4657 Dissertatione
3164 4602 3419 4671 ejusdem
3460 4600 3798 4671 argumenti

384 4689 822 4758 insumpserunt
840 4689 1160 4745 Bucherius
1182 4689 1405 4759 primus
1425 4689 1632 4760 editor,
1659 4689 1882 4760 aliique
1910 4703 2037 4745 eru-

379 4778 491 4834 diti
519 4778 654 4846 viri,
680 4781 747 4834 ut
771 4791 945 4834 novas
973 4777 1182 4834 addere
1212 4777 1649 4834 lucubrationes
1686 4791 2036 4848 supervaca—

383 4881 550 4924 neum
583 4868 766 4924 videri
792 4868 993 4938 possit.
1031 4868 1183 4923 Satis
1209 4868 1362 4924 enim
1385 4873 1473 4923 est
1497 4867 1796 4924 consulere
1825 4868 2038 4924 disser-

382 4957 654 5012 tationem
693 4957 1084 5020 Schelestratii,
1115 4956 1267 5013 infra
1299 4971 1578 5027 recusam,
1610 4962 1675 5014 ut
1707 4957 1871 5013 illius
1899 4971 2034 5036 pre-

382 5045 528 5119 tium
577 5045 960 5123 intelligatur,
1015 5045 1343 5113 vindicetur
1398 5047 1737 5117 auctoritas,
1789 5045 2034 5112 obscura

383 5133 506 5189 loca
538 5134 676 5192 ﬁant
709 5137 1021 5206 apertiora,
1064 5135 1398 5206 laeuumque
1427 5136 1771 5206 detegantur
1793 5148 1858 5192 ac
1888 5149 2035 5204 sup—

385 5221 664 5292 pleantur.

453 5309 654 5366 Breves
713 5314 1108 5370 tantummodo
1153 5316 1320 5369 notas
1358 5325 1640 5383 apponam
1669 5312 1739 5382 ad
1777 5312 2031 5388 ejusdem

383 5398 647 5466 opusculi
676 5399 1107 5471 Chronologiam,
1140 5403 1359 5456 ductam
1398 5418 1466 5455 ea:
1504 5401 1722 5471 Epeo/ia
1751 5402 2030 5455 Passionis

384 5481 606 5544 Christi,
634 5490 925 5541 constituta
955 5489 1030 5542 ad
1054 5489 1196 5543 diem
1224 5503 1328 5544 vm
1361 5490 1640 5543 Kalendas
1664 5489 1881 5557 Aprilis
1903 5487 2031 5542 duo-

385 5574 484 5628 bus
513 5573 753 5627 Geminis
780 5578 1110 5631 consulibus.
1138 5579 1215 5632 De
1248 5579 1352 5633 hac
1382 5592 1514 5632 vero
1540 5577 1588 5632 si
1619 5578 1821 5646 cupias
1841 5578 2030 5632 docu-

386 5666 573 5717 menta
617 5661 905 5733 uberiora,
961 5679 1126 5734 spero
1164 5666 1353 5734 ampla
1399 5666 1545 5720 satis
1569 5671 1628 5719 et
1670 5671 1824 5720 certa
1866 5679 1899 5720 a
1941 5679 2028 5720 me

2144 4703 2315 4760 quam
2365 4687 2518 4745 infra
2569 4689 3007 4759 imprimendam
3056 4703 3301 4759 reservo,
3369 4694 3566 4759 utpote
3602 4688 3802 4743 dicato

2145 4779 2469 4834 Christianae
2507 4777 2894 4846 Chronologiae,
2944 4779 3113 4848 cujus
3163 4777 3360 4834 clavus
3403 4783 3460 4833 et
3511 4777 3683 4833 cardo
3711 4782 3806 4833 est

2143 4868 2339 4937 epocha
2360 4868 2636 4921 Passionis
2681 4868 2883 4924 Christi
2910 4870 3146 4940 Domini,
3173 4868 3476 4924 statuenda
3500 4881 3629 4922 cum
3661 4868 3805 4923 Vic-

2145 4956 2295 5012 torio
2321 4957 2612 5028 Aquitano
2641 4959 2889 5025 vulgaris
2913 4973 3034 5012 arra
3072 4973 3216 5014 anno
3240 4955 3312 5015 28
3334 4957 3624 5024 ὸίεεοωίἰιί,
3652 4957 3804 5012 duo—

2145 5047 2242 5117 bus
2281 5046 2522 5105 Geminis
2563 5047 2912 5114 consulibus:
2961 5061 3072 5118 quo
3109 5061 3260 5114 anno
3303 5061 3430 5116 ξιπω
3475 5048 3804 5115 communis

2141 5134 2232 5205 28,
2266 5137 2361 5192 sed
2394 5136 2523 5193 vita:
2574 5136 2791 5194 Christi
2823 5136 3056 5194 Domini
3101 5133 3192 5205 33,
3247 5135 3518 5192 inchoato
3569 5148 3638 5192 ex
3665 5142 3805 5200 ante

2139 5225 2295 5280 diem
2310 5238 2411 5280 vm
2435 5223 2718 5280 Kalendas
2735 5225 2996 5278 Januarli
3019 5222 3169 5294 (nam
3186 5223 3374 5280 solido
3397 5225 3804 5298 quinquennio

2141 5318 2273 5368 ante
2301 5325 2468 5368 :eram
2499 5325 2856 5384 communem
2902 5325 3031 5367 eum
3065 5317 3264 5382 patum
3289 5310 3473 5382 fuisse
3498 5325 3662 5378 nemo
3680 5307 3800 5396 lam

2139 5400 2389 5469 dubitat,
2417 5400 2516 5470 qui
2550 5414 2846 5456 nummum
2879 5397 3121 5456 Herodis
3149 5401 3378 5472 Antipa:
3401 5399 3741 5472 inspexerit,
3769 5416 3804 5458 a

2139 5487 2292 5552 card.
2319 5487 2552 5543 Norisio
2575 5487 2826 5556 feliciter
2848 5487 3200 5556 declaratum
3228 5495 3357 5560 post
3373 5475 3620 5560 epochas
3640 5489 3806 5560 Syro-

2138 5575 2527 5654 Macedonum,
2555 5593 2756 5648 ausum
2788 5578 2898 5646 sub
2929 5578 2984 5639 C.
3015 5579 3286 5653 Caligula.
3316 5585 3374 5646 αι
3397 5577 3803 5652 consignatum

2137 5665 2390 5734 ejusdem
2418 5679 2650 5721 HERODIS
2674 5679 3008 5722 mmmam
3037 5680 3182 5722 ANNO
3213 5681 3375 5737 xLut,
3412 5665 3501 5722 die
3528 5681 3630 5722 vm
3677 5669 3805 5724 Ka-
