3996 6406
216 372 327 432 425

1195 439 1213 451 κ
1330 378 1535 437 Hom
1575 378 1650 433 IN
1686 374 2108 434 CATALOGUM
2152 375 2322 432 nou.
2363 376 2564 434 rom.

3559 378 3665 441 426

220 500 418 556 lendas
460 502 703 573 Aprilis,
749 506 897 573 feria
936 520 994 574 v,
1042 508 1226 576 primo
1272 520 1398 560 vero
1438 505 1771 573 Azymorum
1817 502 1968 561 dieA
2000 505 2321 566 auctoritas,
2340 509 2529 559 octauo
2547 505 2827 560 Kalendas
2852 508 3070 577 Aprilis
3088 511 3373 579 conceptus
3392 508 3658 572 traditur,

218 590 486 646 Dominus
514 598 699 647 noster
729 596 888 649 Iesus
928 595 1176 650 Christus
1200 610 1415 650 ccenans
1449 610 1569 648 cum
1594 592 1883 661 discipulis

214 680 355 742 suis,
388 686 686 751 postquam
724 686 815 738 sui
846 687 1087 753 corporis
1129 690 1180 739 et
1206 684 1498 751 sanguinis
1536 686 1884 737 sacramenta

207 772 498 836 patefecit,
536 772 614 825 ad
648 776 883 827 montem
917 773 1131 837 Oliveti,
1177 776 1319 829 sicut
1351 772 1655 840 Evangelia
1692 773 1884 824 sancta

212 861 510 922 testantur,
548 876 899 930 progressus,
939 863 1126 931 ibique
1168 863 1417 917 detentus
1461 865 1541 915 est
1581 876 1617 913 a
1649 860 1878 922 Iudaeis,

213 949 470 1003 tradente
495 950 785 1021 discipulo.
817 952 1023 1007 Dehinc
1046 956 1204 1006 sea-ta
1233 954 1378 1019 feria
1408 950 1789 1019 subsequente,
1816 948 1880 1003 id

213 1041 296 1090 est
333 1051 412 1093 vu
449 1040 734 1095 Kalendas
775 1042 1014 1110 Aprilis,
1056 1044 1350 1111 crucifixus
1384 1044 1462 1096 est
1499 1043 1551 1093 et
1591 1037 1876 1109 sepultus;

212 1129 383 1180 tertia
410 1128 520 1191 die,
551 1130 649 1184 hoc
678 1135 758 1185 est
786 1145 819 1183 v
850 1131 1131 1186 Kalendas
1159 1131 1400 1199 Aprilis,
1431 1129 1715 1185 Dominica
1742 1141 1880 1180 sur—

209 1217 361 1270 rexit
376 1234 412 1271 a
426 1221 673 1275 mortuis.
693 1219 875 1276 Verba
890 1224 1027 1276 sunt
1042 1219 1285 1276 Victorii
1303 1220 1374 1276 ad
1391 1219 1673 1288 Hilarum,
1693 1215 1877 1272 sancti

209 1303 426 1362 Leonis
447 1307 638 1377 Magni
662 1312 802 1364 tunc
824 1308 1322 1376 archidiaconum,
1349 1306 1558 1364 deinde
1577 1316 1881 1362 successo-

210 1405 357 1464 rem,
407 1394 467 1449 in
509 1394 843 1465 praefatione
888 1396 1177 1467 paschalis
1218 1397 1393 1468 Festi,
1431 1396 1585 1453 edita
1624 1407 1725 1465 per
1760 1394 1881 1447 Bu—

210 1481 504 1552 cherium,
539 1497 669 1556 pag.
700 1484 735 1541 9

281 1574 366 1628 Ne
416 1579 603 1630 tamen
653 1574 915 1633 diﬁ'eram
963 1576 1252 1648 specimen
1294 1576 1533 1647 aliquod
1584 1574 1881 1630 ﬁrmitatis

206 1662 352 1718 dare
377 1662 557 1733 hujus
584 1664 994 1738 chronol0gia2,
1029 1667 1181 1723 unde
1212 1667 1361 1723 ratio
1390 1671 1713 1735 temporum
1744 1675 1881 1734 pon-

206 1752 452 1808 tiﬁcalis
493 1753 755 1812 historiae
793 1755 1033 1813 initium
1073 1757 1259 1824 ducit,
1298 1756 1358 1811 in
1391 1754 1643 1812 medium
1679 1751 1878 1823 profe-

1995 607 2109 660 qua
2141 597 2193 645 et
2220 607 2441 662 passus.
2477 593 2636 648 Licet
2664 607 2798 650 vero
2839 596 3164 663 passionem
3209 595 3534 653 inchoatam
3561 596 3660 652 die

1995 693 2102 734 vm
2148 680 2430 737 Kalendas
2480 678 2625 737 feria
2670 682 2897 753 quinta,
2946 683 3006 739 in
3051 685 3221 741 horto
3262 685 3653 756 Gethsemanl,

1992 766 2325 825 confuderit
2346 774 2484 826 aetas
2503 771 2791 840 posterior
2807 786 2938 828 cum
2968 772 3236 842 passione
3257 773 3319 829 in
3339 786 3512 830 cruce
3529 786 3661 830 con-

1991 865 2277 915 summata
2300 859 2398 915 die
2421 873 2502 916 vn
2529 859 2834 931 Kalendas,
2864 859 3009 917 feria
3035 876 3116 933 v1,
3147 863 3208 917 in
3234 866 3427 919 monte
3449 863 3659 920 Calva-

1995 947 2097 1002 rize
2128 965 2144 1015 ;
2174 951 2422 1004 attemen
2471 948 2788 1018 Victorius,
2844 951 2934 1005 uti
2987 949 3265 1020 vidimus,
3317 955 3376 1007 et
3415 966 3547 1008 cum
3590 963 3658 1008 eo

1986 1035 2323 1106 chronologi
2350 1036 3139 1111 diligentioresdistinguunt
3155 1038 3309 1094 diem
3331 1053 3435 1095 vm
3458 1040 3659 1097 Kalen-

1987 1125 2091 1180 das
2120 1125 2419 1181 Passionis
2460 1126 2700 1183 initium
2734 1127 2795 1182 in
2828 1127 3016 1197 horto,
3048 1141 3082 1183 a
3110 1128 3208 1184 die
3235 1141 3313 1183 vn
3345 1129 3651 1198 Kalendas,

1989 1214 2285 1271 Passionis
2348 1216 2594 1272 termino
2650 1217 2712 1272 in
2770 1216 3074 1288 Golgotha.
3122 1218 3194 1272 Et
3247 1217 3654 1287 castigatiores

1989 1303 2275 1383 Lactantii
2309 1304 2599 1362 editiones
2632 1304 2743 1378 (uti
2783 1307 3194 1378 Lugdunenses
3230 1307 3380 1375 duae,
3416 1307 3655 1363 Joannis

1988 1394 2288 1465 Tornaesii,
2316 1407 2468 1451 anno
2495 1391 2653 1464 4587,
2681 1400 2741 1452 et
2763 1395 2993 1452 Thomas
3018 1394 3279 1453 Soubron
3305 1407 3457 1451 anno
3489 1392 3649 1466 4594,

1990 1498 2117 1554 qua:
2151 1485 2431 1541 dicuntur
2457 1501 2527 1539 ea:
2560 1487 2669 1555 ﬁde
2698 1489 2750 1539 et
2785 1487 3111 1540 auctoritate
3149 1485 3415 1540 librorum
3445 1501 3654 1541 manu—

1989 1576 2315 1643 scriptomm
2363 1575 2679 1638 emendatae,
2724 1575 2829 1631 lib.
2876 1588 2954 1646 ιν,
2998 1588 3126 1645 cap.
3179 1572 3266 1643 40,
3317 1573 3651 1631 divinarum

1990 1662 2433 1719 lnstitutionum
2483 1663 2603 1720 haec
2642 1663 2853 1721 habent
2887 1682 2904 1720 :
2938 1664 3159 1719 Exinde
3201 1665 3504 1718 tetrarchas
3542 1664 3655 1717 ha—

1990 1751 2226 1807 buerunt
2253 1749 2473 1824 (Judmi)
2496 1767 2665 1822 usque
2694 1753 2769 1808 ad
2788 1754 3072 1820 Herodem,
3096 1755 3195 1823 qui
3210 1754 3326 1820 fuit
3342 1753 3445 1807 sub
3469 1755 3651 1824 impe—

208 1854 353 1913 ram,
403 1843 491 1899 vel
534 1844 805 1902 indicabo
843 1859 1067 1902 summa
1106 1845 1309 1902 saltem
1346 1845 1536 1915 capita
1576 1842 1877 1913 probatio—
1903 1826 1957 1887 Β
1986 1843 2072 1896 rio
2106 1842 2311 1895 Tiberii
2337 1840 2591 1904 Cwsaris,
2626 1843 2784 1910 cujus
2818 1857 2963 1896 anno
3001 1844 3193 1912 quinto
3224 1842 3448 1906 decimo,
3478 1842 3543 1897 id
3571 1848 3653 1899 est

206 1945 370 2001 num,
396 1931 616 2002 quibus
636 1934 971 1990 Victoriana
994 1934 1370 1991 chronotaxis
1388 1947 1453 1989 ac
1478 1938 1672 1990 nostra
1692 1931 1879 1987 solide

207 2020 514 2093 innititur,
560 2026 618 2078 et
661 2029 943 2094 quantum
988 2024 1211 2094 patitur
1257 2024 1518 2080 historia:
1557 2022 1729 2092 ratio,
1772 2021 1879 2077 de—

206 2115 590 2168 monstratur.

272 2201 336 2256 In
360 2201 591 2270 epocba
625 2201 917 2271 passionis
945 2201 1164 2257 Christi
1197 2201 1567 2271 stabilienda,
1598 2201 1715 2257 duo
1744 2204 1882 2256 sunt

206 2290 564 2347 auctoritate
603 2291 804 2347 divina
836 2291 1005 2348 nobis
1044 2292 1248 2347 traditi
1273 2292 1648 2347 characteres
1677 2303 1881 2347 neces-

204 2380 359 2436 sario
389 2378 767 2443 observandi,
801 2394 1005 2451 nempe
1044 2378 1342 2437 Paschalis
1367 2380 1696 2436 Iudaeorum
1727 2379 1874 2448 dies,

204 2481 303 2525 seu
331 2469 549 2523 decima
593 2473 797 2537 quarta
821 2470 938 2523 dies
978 2470 1122 2523 lunas
1162 2471 1362 2523 mensis
1392 2471 1588 2539 primi,
1629 2481 1741 2538 qua
1771 2481 1880 2523 ne—

203 2571 360 2615 cesse
384 2564 513 2615 erat
535 2571 752 2630 agnum
785 2559 1073 2614 immolari
1100 2577 1116 2628 ;
1142 2564 1199 2614 et
1223 2556 1368 2614 feria
1387 2571 1444 2627 v,
1474 2572 1648 2614 omna:
1673 2557 1879 2613 Domi-

204 2649 348 2705 nica:
365 2653 617 2719 tempus,
636 2661 703 2703 ac
722 2648 1012 2719 passionis
1034 2648 1295 2717 initium,
1315 2661 1442 2719 quae
1456 2648 1666 2704 deinde
1683 2648 1878 2719 passio

202 2738 597 2809 compleretur
628 2739 911 2808 postridie
944 2739 1003 2794 in
1029 2752 1199 2794 cruce
1231 2737 1374 2794 feria
1406 2751 1486 2808 v1,
1520 2744 1605 2810 ut,
1630 2738 1877 2795 Sabbato

205 2828 393 2899 quieti
425 2829 581 2898 dato,
612 2828 785 2883 tertia
813 2827 934 2898 die,
962 2841 1089 2898 qua:
1110 2832 1233 2883 erat
1254 2827 1580 2895 Dominica,
1606 2827 1878 2884 Christus

200 2930 234 2972 a
266 2918 522 2974 mortuis
555 2921 900 2989 resurgeret.

272 3005 378 3061 llis
402 3004 635 3062 duobus
662 3006 907 3063 iudiciis
933 3010 1276 3078 temporum,
1304 3006 1505 3063 divina
1528 3006 1875 3062 auctoritate

1990 1931 2204 1985 duobus
2235 1930 2478 1985 Geminis
2517 1931 2852 1994 consulibus,
2883 1935 3009 1985 ante
3036 1932 3182 1987 diem
3219 1934 3505 2003 septimam
3528 1934 3654 1987 Ka-

1991 2020 2184 2075 lendas
2247 2020 2466 2090 Aprilis
2528 2019 2709 2074 Judzei
2769 2019 3042 2076 Christum
3103 2022 3255 2074 cruci
3327 2024 3649 2090 affuerunt.

1990 2109 2288 2166 Betuleius
2320 2122 2571 2183 quoque,
2606 2122 2825 2165 necnon
2853 2109 2959 2165 alii
2991 2108 3304 2178 scriptores
3327 2109 3651 2181 observant,

1992 2200 2052 2255 in
2086 2198 2431 2256 melioribus
2470 2199 2754 2255 Lactantii
2798 2197 3161 2255 editionibus
3188 2198 3323 2270 legi,
3356 2204 3484 2253 ante
3515 2199 3656 2255 diem

1989 2292 2276 2360 septimam
2312 2290 2637 2357 Kalendas;
2665 2289 2804 2345 licet
2837 2288 2943 2345 alii
2982 2286 3288 2360 praeferant
3325 2301 3422 2345 eas
3460 2302 3587 2360 qua:
3616 2303 3655 2346 χ

1990 2377 2275 2434 Kalendas
2313 2378 2696 2449 perscriptum
2734 2377 2946 2433 habent

2059 2468 2104 2523 Ε
2134 2467 2403 2524 Patribus
2444 2473 2636 2524 autem
2677 2468 2895 2524 Graacis
2920 2467 2976 2523 S.
3019 2467 3265 2523 Joannes
3300 2468 3653 2539 Chrysosto—

1989 2571 2117 2612 mus
2142 2558 2201 2613 in
2227 2557 2468 2615 homilia
2486 2558 2557 2613 de
2577 2557 2765 2613 Nativ.
2783 2557 2840 2635 S.
2861 2557 3102 2614 Joannis
3117 2556 3388 2627 Baptista:
3408 2556 3652 2628 loquens

1986 2649 2057 2705 de
2086 2648 2550 2705 Annuntiatione
2576 2648 2837 2719 Deipara:
2864 2647 3132 2720 Virginis
3161 2647 3246 2703 ait
3277 2665 3290 2701 :
3324 2648 3454 2703 Fuit
3480 2650 3655 2716 igitur

1987 2738 2210 2810 quando
2263 2738 2374 2793 haec
2428 2738 2658 2805 angelus
2711 2737 2788 2792 ad
2835 2738 3080 2793 Mariam
3133 2740 3491 2792 annuntiavit
3544 2750 3650 2795 vui

1984 2828 2266 2885 Kalendas
2303 2828 2540 2899 Aprilis,
2576 2842 2756 2882 mense
2791 2829 3016 2889 Martio,
3051 2827 3150 2896 qui
3182 2830 3262 2881 est
3290 2827 3406 2881 dies
3434 2828 3656 2882 Pascha

1986 2920 2207 2973 Domini
2220 2921 2271 2972 et
2294 2918 2655 2987 conceptionis
2675 2917 2816 2986 ejus.
2841 2917 2909 2971 In
2929 2932 3041 2986 qua
3064 2917 3208 2970 enim
3227 2915 3317 2971 die
3341 2920 3651 2986 conceptus,

1986 3011 2047 3063 in
2073 3009 2262 3063 eadem
2290 3012 2344 3062 et
2360 3023 2563 3078 passus
2599 3012 2694 3062 est.
2724 3006 2781 3063 S.
2815 3005 3113 3062 Proterius
3137 3018 3206 3061 ex
3237 3003 3653 3061 Alexandrinis

202 3094 454 3154 ﬁrmatis
503 3096 564 3151 in
607 3096 940 3169 Evangelio,
990 3097 1107 3153 duo
1150 3095 1267 3152 alia
1309 3097 1608 3163 accedunt,
1651 3108 1764 3153 non
1810 3108 1876 3151 ea
1925 3167 1944 3169 _
1990 3099 2050 3153 in
2072 3097 2318 3169 epistola
2348 3096 2633 3165 Paschali,
2665 3097 2736 3154 ad
2758 3096 2814 3153 S.
2840 3097 3081 3152 Leonem
3111 3096 3380 3167 Magnum
3413 3095 3657 3165 perscri-

202 3184 441 3255 quidem
476 3183 825 3240 revelatione
864 3167 1149 3255 percepta,
1192 3185 1290 3241 sed
1326 3184 1539 3241 tradita
1582 3185 1875 3241 communi
1911 3167 1960 3229 Ο
1990 3167 2187 3261 ιηιιξθι
2216 3188 2367 3259 apud
2392 3187 2737 3244 Bucherium
2763 3186 2920 3243 edita
2950 3200 3079 3258 pag.
3100 3182 3172 3242 83
3191 3185 3344 3242 diem
3373 3188 3654 3257 susceptae

201 3274 544 3331 testimonio
556 3276 810 3345 Patrum,
828 3276 1114 3346 praecipue
1128 3275 1360 3331 illorum
1376 3275 1880 3346 quiaccuratiores

204 3364 444 3421 fuerunt
486 3365 548 3420 in
579 3369 903 3433 temporum
935 3365 1163 3422 ratione
1199 3364 1546 3437 colligenda,
1580 3369 1639 3421 et
1666 3363 1880 3421 saeculo

199 3455 423 3511 Christi
456 3455 860 3525 proximiores.
893 3455 1042 3510 Sunt
1069 3468 1202 3511 vero
1234 3455 1584 3509 Geminorum
1613 3456 1877 3510 consula-

201 3552 309 3605 tus,
343 3543 495 3599 Fuﬁi
527 3544 756 3600 scilicet
775 3558 843 3601 ac
871 3543 1126 3601 Rubellii
1150 3540 1323 3616 (quod
1356 3548 1445 3600 est
1482 3544 1754 3615 primum)
1781 3560 1797 3615 ;
1821 3548 1880 3600 et

200 3633 327 3688 dies
362 3645 470 3687 vui
508 3632 794 3689 Kalendas
829 3632 1054 3703 Aprilis
1093 3632 1361 3703 passione
1397 3632 1629 3688 Domini
1671 3645 1879 3688 conse—

198 3726 357 3779 crata
408 3721 582 3793 (quod
636 3725 725 3777 est
779 3722 1135 3795 secundum).
1196 3721 1470 3777 Paschaie
1524 3719 1755 3791 festum,
1815 3722 1876 3777 in

199 3814 458 3869 eamdem
523 3824 812 3883 vesperam
868 3812 1154 3881 incidens,
1207 3825 1320 3882 qua
1372 3814 1498 3880 post
1546 3823 1873 3881 supremam

198 3915 421 3959 scenam
450 3902 724 3959 Christus
742 3901 1025 3959 Dominus
1056 3902 1381 3973 passionem
1409 3901 1792 3957 inchoaturus
1811 3901 1873 3956 in

197 3992 436 4050 hortum
462 3991 836 4048 Gethsemani
868 3992 1175 4061 concessit,
1218 3989 1564 4062 pariandum
1591 4002 1716 4046 esse
1739 4004 1871 4048 cum

196 4089 409 4154 quarta
450 4082 679 4140 decima
714 4083 812 4139 die
854 4082 1027 4153 lunae,
1064 4086 1122 4138 et
1159 4095 1263 4138 vm
1306 4082 1590 4138 Kalendas
1624 4082 1867 4153 Aprilis,

194 4170 438 4245 collegit
464 4172 813 4243 Hippolytus
844 4176 1079 4243 martyr,
1125 4172 1205 4227 ita
1238 4171 1489 4227 incisum
1534 4170 1871 4242 relinquens

191 4274 349 4318 anno
374 4275 506 4316 απαξ
530 4261 793 4333 vulgaris
815 4258 925 4317 222
942 4262 1204 4318 ordinem
1228 4258 1568 4317 Paschatum
1594 4261 1871 4332 superio-

192 4365 321 4408 rum
357 4352 421 4408 in
450 4364 562 4408 suo
586 4351 758 4423 Cyclo

304 4442 360 4496 H
402 4442 570 4497 ΚΑΛ.
614 4440 863 4497 ΑΠΡΕΙ
1077 4442 1196 4497 DIE
1235 4440 1359 4497 VIII
1389 4441 1530 4497 KAL
1559 4441 1765 4497 APRIL

416 4530 690 4586 ΠΛΘΟΣ
730 4530 814 4585 XC
1068 4529 1308 4588 PASSIO
1357 4530 1640 4587 CHRISTI.

261 4622 442 4679 Plura
472 4620 546 4676 ad
578 4634 711 4676 eum
738 4619 973 4692 Cyclum
1014 4620 1238 4678 contuli
1272 4620 1332 4675 in
1361 4620 1773 4677 dissertatione
1799 4622 1871 4679 de

188 4711 363 4784 Cyclo
392 4711 448 4767 S.
476 4709 747 4781 Hippolyi
777 4711 1075 4781 tmartyris
1100 4724 1222 4780 cap.
1252 4708 1306 4781 2,
1337 4724 1464 4782 pag.
1494 4706 1617 4767 407.
1644 4712 1871 4783 Hippo—

193 4803 311 4874 lyto
378 4800 750 4873 synchronus
814 4799 1215 4871 Tertullianus
1271 4801 1330 4855 in
1388 4800 1541 4857 libro
1593 4801 1872 4858 adversus

188 4892 423 4948 Iudaeos
446 4887 707 4945 eamdem
731 4886 888 4943 diem
922 4888 1182 4944 Paschati
1208 4888 1485 4946 attribuit
1512 4888 1732 4945 Christi
1760 4904 1870 4946 su-

193 4995 394 5053 premo
430 4981 557 5051 (vm
598 4981 881 5035 Kalendas
919 4980 1180 5049 Aprilis),
1222 4979 1566 5051 eosdemque
1599 4978 1871 5037 consules

190 5073 355 5139 (duos
389 5072 688 5140 Geminos).
731 5071 927 5127 Patres
956 5077 1013 5126 et
1039 5072 1353 5139 scriptores
1383 5070 1481 5139 qui
1515 5068 1766 5140 proximi
1795 5068 1870 5125 ab

194 5161 290 5219 bis
316 5161 666 5228 ﬂoruerunt.
700 5165 875 5232 atque
900 5160 943 5219 ii
974 5159 1341 5232 potissimum
1372 5158 1589 5231 quires
1613 5157 1872 5227 chrono—

194 5250 417 5323 logicas
460 5251 698 5321 penitus
741 5250 1137 5329 inspexerunt,
1182 5248 1411 5313 eosdem
1451 5247 1719 5317 consules
1759 5248 1870 5319 Ge-

190 5346 367 5403 minos
410 5339 791 5411 eamdemque
823 5340 976 5405 diem
1021 5354 1124 5403 rm
1167 5338 1445 5403 Kalendas
1482 5339 1698 5409 Aprilis
1737 5352 1867 5409 cum

188 5428 410 5493 Christi
447 5430 723 5500 passiam:
752 5434 1125 5499 componunt.

260 5521 303 5577 Ε
335 5518 610 5591 patribus
656 5517 886 5583 Latinis
913 5518 969 5581 8.
1010 5517 1380 5590 Augustinus
1411 5516 1491 5583 sit
1524 5517 1710 5583 instar
1738 5531 1871 5583 om—

194 5608 355 5687 nium
386 5608 447 5666 in
475 5607 578 5671 lib.
617 5622 674 5664 ιν
700 5607 777 5667 de
800 5607 1103 5677 Trinitate,
1138 5621 1265 5676 cap.
1292 5603 1329 5669 ii
1356 5624 1367 5665 :
1391 5608 1542 5671 Sicut
1570 5624 1604 5671 α
1632 5608 1873 5675 majori-

196 5697 313 5760 bus.
376 5699 598 5771 inquit,
651 5697 930 5754 traditum
972 5699 1273 5766 suscipiens
1325 5697 1578 5763 Ecclesia;
1631 5696 1873 5777 custqdit

1989 3279 2185 3334 carnis
2224 3292 2258 3334 a
2290 3278 2492 3333 divino
2530 3276 2714 3333 Verbo
2752 3291 2882 3333 cum
2921 3276 3020 3332 die
3057 3288 3233 3332 ciente
3269 3274 3380 3331 sub
3416 3288 3654 3345 vespera

1990 3368 2282 3440 passionis
2303 3366 2373 3423 ab
2394 3380 2460 3423 eo
2482 3365 2778 3423 celebratae
2808 3365 3000 3437 pariat
3019 3364 3114 3421 his
3136 3363 3328 3421 verbis
3352 3383 3365 3419 :
3389 3365 3654 3419 Dominus

1981 3458 2272 3530 plenitudo
2321 3458 2455 3526 legis
2498 3458 2757 3519 existens,
2804 3454 3026 3526 quando
3069 3455 3332 3522 dignatus
3375 3458 3455 3509 est
3497 3452 3653 3509 homo

1986 3551 2127 3618 ﬁeri,
2156 3550 2354 3617 quinta
2380 3548 2546 3617 feria,
2579 3547 2789 3600 decima
2824 3549 3026 3616 quarta
3062 3545 3197 3598 luna
3224 3545 3428 3598 mensis
3458 3544 3650 3613 primi,

1988 3641 2048 3692 in
2073 3637 2345 3697 caenaculo
2374 3652 2495 3691 cum
2532 3636 2820 3706 discipulis
2844 3634 3057 3689 Pascha
3093 3632 3458 3693 manducans,
3477 3631 3653 3701 paulo

1980 3732 2109 3798 post
2137 3743 2171 3780 a
2199 3726 2348 3780 Iuda
2387 3725 2634 3779 traditur
2658 3742 2677 3790 ;
2705 3728 2756 3779 et
2783 3723 3031 3792 sequenti
3069 3722 3179 3784 die,
3217 3722 3414 3790 quinta
3443 3720 3655 3775 decima

1987 3818 2125 3871 luna
2161 3816 2524 3882 cruci/igitur,
2556 3812 2616 3866 id
2649 3817 2730 3866 est
2775 3817 2932 3866 sexta
2969 3811 3135 3878 feria,
3174 3814 3280 3865 etc.
3318 3810 3591 3880 Tempero
3620 3823 3654 3868 a

1988 3904 2259 3977 pluribus
2292 3901 2642 3971 referendis;
2672 3914 2803 3958 cum
2838 3898 3173 3956 iudicentur
3193 3898 3344 3970 apud
3376 3900 3454 3955 La
3482 3899 3653 3955 Barre

1987 3996 2045 4050 in
2071 3993 2226 4050 notis
2256 3992 2325 4048 ad
2358 3989 2703 4047 Tertulliani
2737 3988 2927 4046 locum
2957 3986 3092 4044 libr.
3126 3987 3405 4045 adversus
3424 3987 3653 4045 Judaeos

1983 4098 2110 4158 pag.
2151 4080 2254 4139 HO
2285 4081 2452 4138 illius
2475 4079 2757 4137 editionis
2780 4098 2797 4149 ;
2820 4083 2876 4136 et
2895 4080 3048 4150 apud
3069 4079 3135 4134 R.
3168 4080 3228 4135 Ρ.
3264 4079 3318 4136 le
3337 4080 3565 4150 Nourry
3588 4078 3649 4134 in

1983 4175 2140 4231 notis
2160 4173 2230 4231 ad
2257 4172 2473 4229 librum
2503 4170 2666 4227 Lucii
2689 4168 2909 4226 Caecilii
2930 4170 3003 4226 de
3020 4168 3307 4226 Mortibus
3327 4173 3655 4241 persecute.

1981 4278 2133 4332 rum,
2180 4276 2303 4333 cap.
2348 4259 2401 4321 4,
2456 4274 2580 4333 pag.
2634 4256 2759 4326 459,
2801 4272 2929 4330 quae
2976 4256 3170 4316 fusius
3219 4271 3539 4330 prosequor
3585 4270 3651 4314 ac

1981 4354 2328 4428 diligentius
2357 4351 2620 4423 expende
2643 4350 2703 4406 in
2734 4347 3158 4405 Dissertatione
3176 4348 3247 4403 de
3275 4347 3505 4418 Epocha
3526 4347 3649 4401 Do-

1984 4444 2215 4502 minicaa
2258 4442 2558 4499 Passionis
2603 4440 2886 4497 inchoatae
2927 4442 3077 4495 recte
3115 4436 3522 4494 constituenda
3555 4435 3652 4493 die

1898 4523 1953 4584 D
1984 4548 2088 4591 vm
2121 4532 2426 4602 Kalendas,
2449 4537 2507 4588 et
2528 4530 2820 4602 passionis
2840 4531 3271 4597 consummatae,
3301 4527 3424 4584 sive
3443 4526 3645 4583 cruci-

1984 4624 2240 4691 ﬁxionis,
2273 4623 2370 4680 die
2399 4636 2480 4678 v11
2513 4620 2799 4678 Kalendas
2828 4618 3070 4691 Aprilis,
3113 4616 3343 4675 duobus
3386 4615 3650 4675 Geminis

1983 4712 2347 4783 consulibus,
2409 4725 2562 4769 anno
2617 4709 2877 4783 vulgaris
2935 4723 3063 4766 terte
3117 4704 3208 4778 948,
3265 4707 3455 4765 aetatis
3517 4718 3650 4762 vero

1980 4802 2199 4858 Christi
2230 4802 2461 4859 Domini
2492 4798 2565 4857 33
2595 4800 2839 4857 labente.

2053 4895 2315 4965 Quatuor
2338 4893 2523 4967 igitur
2545 4892 2907 4948 characteres
2924 4891 3042 4947 diei
3075 4892 3132 4945 et
3161 4886 3299 4945 anni
3333 4885 3650 4943 Dominicm

1985 4984 2277 5057 passionis
2298 4998 2364 5038 ac
2386 4980 2611 5050 mortis,
2636 4980 2783 5035 duos
2815 4980 3052 5051 quidem
3076 4974 3278 5032 divina
3300 4973 3649 5033 revelatione

1981 5080 2187 5144 certos,
2212 5073 2360 5129 duos
2381 5075 2573 5135 autem
2594 5081 2664 5123 ex
2686 5066 3000 5139 traditioni!
3020 5078 3087 5123 ac
3106 5062 3393 5135 sententia
3413 5063 3647 5133 Patrum

1981 5167 2261 5233 receptos,
2285 5166 2406 5227 tum
2433 5159 2493 5214 in
2520 5155 2774 5225 Oriente,
2808 5158 2930 5221 tum
2960 5155 3020 5226 in
3049 5150 3382 5225 Occidente,
3411 5150 3649 5229 student

1978 5248 2318 5319 chronologi
2340 5242 2679 5317 conciliare.
2702 5241 2807 5304 Sed
2842 5242 3013 5315 irrito
3042 5244 3254 5311 conatu
3278 5252 3366 5297 res
3391 5239 3514 5301 illis
3536 5238 3648 5317 ba-

1979 5337 2185 5405 btenus
2223 5338 2445 5402 tentata
2491 5334 2599 5400 est,
2641 5342 2709 5385 ex
2753 5343 2868 5402 quo
2918 5333 3280 5404 recesserunt
3315 5342 3349 5401 a
3388 5327 3647 5403 Victorio

1983 5430 2043 5493 in
2076 5424 2378 5498 pariandis
2423 5417 2636 5485 duobus
2681 5418 2921 5489 Geminis
2958 5418 3274 5491 consulibus
3317 5431 3449 5491 cum
3494 5429 3648 5493 anno

1981 5512 2270 5583 bissextili
2294 5506 2558 5580 vulgaris
2576 5517 2701 5575 arae
2721 5505 2941 5583 Christi
2964 5506 3055 5581 28.
3080 5508 3192 5582 ﬂos
3215 5506 3369 5581 enim
3396 5505 3495 5581 ille
3515 5518 3647 5577 cum

1980 5612 2131 5673 νβοιθ
2161 5598 2438 5693 "Medi
2466 5592 2654 5693 eid}???
2689 5609 2860 5693 ante,
2889 5598 3170 5673 Merum
3200 5596 3316 5669 ipsi
3351 5596 3411 5669 in
3439 5604 3650 5693 selige;-

1980 5700 2272 5768 quoniam.
2299 5704 2334 5759 δ
2353 5680 2653 5765 bissexti“
2685 5686 3033 5765 pessimum.
3056 5702 3184 5763 ere
3205 5679 3534 5761 summania
3553 5674 3646 5749 29.
