3996 6396
387 399 490 458 427

1164 405 1259 462 AD
1305 403 1744 461 ANASTASIUM
1793 401 2303 462 PROLEGOMENA
2355 402 2540 458 EDIT.
2582 401 3012 460 ROM.—VATIC.

3685 403 3797 462 428

385 531 442 582 et
488 526 737 584 retinent
787 527 1054 597 epocham
1114 529 1404 599 passionis
1449 528 1546 584 die
1590 541 1694 583 vui
1743 525 2110 589 KalendasA
2141 530 2198 582 et
2237 526 2567 584 memoriam
2617 527 2906 596 passionis
2951 525 3258 583 instituit:
3293 539 3465 597 quam
3517 526 3575 582 in
3624 525 3792 582 horto

384 614 604 684 Aprilis
637 633 650 683 ;
687 629 810 685 quae
841 616 966 672 dies
995 617 1261 687 componi
1293 630 1653 688 nequaquam
1687 620 1872 686 potest
1898 629 2028 672 cum

385 707 632 774 quatuor
656 703 928 761 indicatis
945 705 1394 775 characteribus,
1413 707 1463 762 si
1481 706 1748 762 consules
1765 706 1845 761 ita
1862 704 2033 762 collo-

383 797 602 848 centur.
646 794 785 848 Nam
829 794 880 848 si
923 795 1246 864 passionem
1285 793 1580 851 conferant
1613 796 1671 850 in
1710 808 1923 850 annum
1959 791 2032 848 28

383 879 742 937 bissextilem
773 883 909 952 (quo
942 882 1078 939 luna
1111 887 1316 954 quarta
1357 885 1576 940 decima
1610 883 1898 954 paschalis
1925 883 2032 936 Ju-

381 967 632 1025 daeorum
664 978 814 1025 recte
847 970 1107 1040 pariatur
1135 985 1264 1028 cum
1286 987 1363 1028 vn
1394 972 1674 1028 Kalendas
1703 971 1944 1040 Aprilis,
1978 976 2034 1025 et

381 1070 513 1112 cum
546 1060 885 1128 prmeedenti
918 1074 1147 1132 vespere
1175 1061 1292 1117 diei
1325 1075 1426 1116 vui
1460 1062 1764 1131 Kalendas,
1799 1065 1860 1115 ut
1883 1057 2032 1114 intra

383 1148 720 1218 ostendam),
752 1149 1026 1206 deserunt
1049 1151 1164 1220 jam
1204 1151 1587 1206 characterem
1622 1149 1786 1206 illius
1815 1163 2035 1204 consu—

385 1233 560 1308 latus,
623 1245 904 1294 assertum
962 1253 995 1294 a
1048 1238 1426 1307 Tertulliano,
1485 1239 1800 1307 Lactantio,
1860 1235 2034 1292 Lucio

381 1323 634 1395 Caecilio,
651 1325 993 1398 Augustino,
1008 1327 1268 1397 Sulpicio
1279 1328 1501 1395 Severo,
1519 1327 1773 1384 Victorio
1785 1326 2036 1396 aliisque

383 1413 652 1468 Patribus
673 1421 726 1470 et
749 1415 1116 1488 chronologis
1139 1435 1150 1471 :
1179 1417 1416 1488 insuper
1437 1419 1637 1484 feriam
1659 1420 1886 1477 sextam,
1909 1429 2036 1486 quae

385 1505 578 1557 certus
594 1510 681 1558 est
699 1503 994 1560 character
1011 1505 1323 1561 Dominicae
1343 1504 1763 1568 cruciﬁxionis,
1785 1504 1844 1558 in
1864 1504 2036 1558 Evan-

385 1588 537 1660 gelio
557 1592 932 1662 perscriptus,
954 1606 1066 1650 non
1091 1594 1358 1664 retinent,
1378 1594 1427 1648 si
1447 1595 1745 1664 assignant
1760 1593 1911 1648 diem
1930 1604 2032 1646 vm

382 1678 672 1735 Kalendas
693 1681 914 1750 Aprilis
935 1683 1071 1738 anni
1096 1682 1420 1738 bissextilis
1434 1681 1506 1737 28
1525 1683 1670 1754 (qua:
1691 1679 1804 1738 fuit
1822 1680 1966 1738 feria
1981 1682 2036 1754 v)

383 1769 697 1825 conﬁxioni
743 1770 1036 1842 Unigeniti
1082 1773 1178 1827 Dei
1234 1773 1291 1826 in
1335 1785 1524 1827 cruce.
1569 1771 1669 1828 Sin
1712 1784 1843 1826 vero
1889 1770 2036 1825 hanc

2141 615 2421 671 inchoans
2465 617 2656 672 eadem
2703 621 2866 672 nocte
2909 615 3030 672 diei
3073 613 3162 685 25,
3215 619 3555 686 prosecutus
3597 620 3684 670 est
3729 615 3790 671 in

2141 706 2410 776 przetorio
2455 705 2823 761 illucescente
2869 703 3012 761 feria
3053 719 3110 761 vr
3159 710 3215 760 et
3255 705 3352 760 die
3393 703 3485 774 26,
3531 704 3602 760 ab
3651 705 3791 762 hora

2140 799 2299 852 sexta
2328 795 2398 850 ad
2430 808 2636 851 nonam
2671 795 2728 850 in
2761 808 2930 850 cruce
2961 795 3232 864 pendens,
3265 799 3319 849 et
3351 796 3795 849 Consummatum

2141 882 2219 938 est
2266 883 2670 954 pronuntians,
2725 889 2960 939 mortem
3014 882 3278 938 obeundo
3329 882 3658 952 complevit,
3708 895 3790 936 vn

2139 973 2422 1028 Kalendas
2466 971 2687 1042 Aprilis
2731 972 3170 1028 numerantibus
3214 972 3486 1026 Romanis
3533 971 3595 1026 in
3641 983 3796 1026 anno

2137 1061 2366 1131 juliano
2395 1061 2685 1116 bissextili
2716 1075 2843 1116 term
2870 1061 3088 1117 Christi
3118 1061 3443 1115 communis
3473 1057 3564 1114 28.

2212 1149 2637 1206 Ostendendum
2676 1149 2808 1217 erit,
2855 1150 3106 1204 secundo
3152 1147 3294 1218 loco,
3327 1149 3474 1204 duos
3517 1148 3796 1204 Geminos

2143 1239 2410 1294 consules
2432 1252 2543 1294 non
2569 1239 2854 1308 pertinere
2872 1238 2941 1293 ad
2970 1250 3182 1292 annum
3206 1234 3294 1307 29,
3322 1241 3387 1292 ut
3409 1237 3796 1293 communiter

2144 1327 2941 1399 Opinanturchronologi,sed
2957 1327 3026 1384 ad
3040 1339 3255 1382 annum
3268 1324 3358 1394 28,
3379 1326 3466 1382 uti
3486 1325 3798 1382 collocavit

2143 1416 2456 1473 Victorius.

2215 1506 2524 1577 Utramque
2547 1506 2919 1562 assertionem
2944 1506 3183 1575 ejusque
3207 1505 3546 1560 documenta
3571 1510 3796 1561 contra-

2145 1594 2275 1650 ham
2305 1609 2374 1650 ex
2415 1593 2709 1650 diﬁusiori
2753 1593 3265 1660 demonstratione,
3313 1606 3484 1662 quam
3524 1591 3696 1648 attuli
3731 1593 3794 1647 in

2143 1684 2560 1740 Dissertatione
2601 1685 2854 1740 indicata
2893 1683 2962 1739 de
2995 1683 3209 1754 epocha
3248 1682 3539 1753 passionis
3573 1681 3797 1738 Christi

2144 1774 2533 1843 componenda
2576 1787 2705 1829 cum
2755 1786 2906 1828 anno
2949 1772 3206 1844 vulgaris
3253 1785 3378 1828 terte
3425 1769 3515 1842 28,
3564 1769 3798 1827 duobus

383 1855 662 1914 diﬁ'erunt
690 1859 759 1915 ad
791 1873 893 1915 VIII
928 1861 1209 1916 Kalendas
1239 1860 1458 1930 Aprilis
1487 1860 1625 1916 anni
1658 1859 1910 1931 proximi
1940 1856 2031 1929 29,
2062 1846 2114 1907 Β
2144 1863 2406 1918 Geminis
2444 1863 2806 1919 consulibus.

385 1958 551 2016 quem
563 1946 1669 2019 signantduobusGeminisconsulibus,
1686 1949 1790 2005 hos
1803 1949 2031 2020 quidem

385 2035 652 2106 retinent,
682 2044 741 2093 et
769 2038 1151 2094 characterem
1183 2037 1340 2094 ierim
1371 2052 1449 2109 vr,
1482 2040 1578 2094 sed
1612 2039 1792 2094 alium
1824 2039 2036 2095 chara—

383 2130 590 2182 cterem
650 2126 886 2196 perinde
951 2131 1172 2184 certum
1233 2127 1292 2182 in
1351 2127 1679 2199 Evangelio,
1737 2127 2034 2184 Paschatis

382 2214 608 2272 scilicet
633 2217 978 2288 Judaeorum,
1007 2231 1120 2275 non
1146 2219 1311 2274 modo
1340 2225 1536 2274 arcent
1556 2233 1588 2274 a
1607 2219 1703 2274 die
1720 2215 1791 2273 25
1816 2217 2030 2284 Martii,

381 2309 478 2366 sed
501 2324 531 2365 a
559 2315 678 2366 toto
711 2323 902 2367 mense
921 2311 1262 2366 excludunt.
1295 2309 1621 2366 Ostendunt
1639 2310 1792 2364 enim
1825 2308 2034 2366 fabulae

382 2405 640 2458 motuum
664 2401 1096 2471 lunisolarium,
1115 2400 1255 2456 totis
1273 2401 1539 2456 undecim
1555 2401 1762 2457 diebus
1778 2405 1910 2456 ante
1929 2415 2030 2456 vm

379 2490 665 2546 Kalendas
678 2489 898 2560 Aprilis
910 2489 1104 2545 lunam
1123 2495 1385 2559 quartam
1397 2489 1674 2545 decimam
1699 2490 2034 2558 praeessis-

382 2592 444 2634 se
455 2579 660 2634 Martio
674 2578 1055 2634 Julianoanni
1071 2575 1163 2646 29,
1180 2591 1283 2634 nec
1297 2583 1590 2649 propterea
1605 2577 1787 2634 fuisse
1799 2577 2034 2634 Pascha-

382 2666 490 2723 lem
529 2683 545 2732 ;
575 2680 703 2723 cum
735 2681 799 2722 ea
829 2667 968 2723 luna
997 2667 1412 2738 aequinoctium
1443 2668 1800 2724 antecederet
1827 2669 2033 2727 diebus

383 2756 516 2827 plus
547 2769 716 2828 quam
760 2757 975 2812 decem.
1019 2756 1204 2825 Quare
1241 2757 1462 2813 decima
1492 2761 1698 2828 quarta
1742 2758 2034 2815 Paschalis

382 2846 564 2917 quaeri
594 2845 762 2902 debet
799 2859 948 2902 anno
986 2844 1076 2910 29,
1123 2847 1278 2903 circa
1324 2846 1456 2902 ldus
1485 2847 1724 2917 Aprilis.
1772 2847 2037 2905 Retinere

384 2934 568 3007 igitur
579 2935 1032 3006 nequeuntdiem
1047 2948 1149 2991 Vill
1165 2935 1447 2992 Kalendas
1459 2935 1568 2992 sub
1584 2936 1660 2992 iis
1671 2936 2033 2994 consulibus,

385 3038 528 3095 quos
557 3023 843 3080 collocant
869 3025 929 3080 in
957 3025 1142 3080 Fastis
1167 3025 1236 3081 ad
1265 3039 1481 3082 annum
1505 3023 1576 3080 29
1595 3039 1722 3081 aera:
1750 3025 2032 3096 vulgaris.

381 3113 567 3186 Quare
585 3113 944 3184 impossibile
961 3114 1196 3171 omnino
1213 3114 1478 3170 redditur
1489 3121 1738 3187 quatuor
1756 3114 1892 3171 illos
1908 3114 2036 3170 cha-

2219 1953 2468 2009 Priorem
2493 1953 2650 2009 illam
2673 1953 3044 2010 assertionem
3069 1953 3150 2010 ita
3167 1955 3497 2010 demonstro
3517 1952 3577 2008 in
3599 1952 3798 2008 eadem

2143 2041 2571 2114 dissertatione,
2603 2044 2858 2098 sectione
2885 2041 2939 2112 3,
2975 2056 3132 2099 num.
3168 2039 3221 2098 4.

2214 2131 2484 2187 Rationes
2517 2131 2666 2187 lunae
2693 2132 2930 2187 decimae
2972 2136 3191 2202 quarta:
3221 2131 3516 2187 Paschalis
3547 2143 3698 2185 anno
3725 2126 3804 2184 28

2141 2234 2266 2276 atrae
2297 2221 2619 2277 communis
2648 2222 2727 2276 ita
2753 2228 2892 2278 sunt
2915 2226 3144 2291 apertas,
3175 2226 3238 2276 ut
3265 2221 3364 2291 qui
3391 2219 3615 2276 tabulas
3641 2231 3705 2274 ea
3727 2218 3803 2274 de

2143 2324 2203 2366 re
2220 2311 2664 2381 concinnarunt,
2688 2317 2800 2365 tam
2827 2315 3044 2366 veteres
3065 2324 3234 2381 quam
3261 2315 3534 2378 recentes,
3557 2309 3628 2364 de
3649 2305 3803 2364 festo

2144 2401 2460 2467 Paschatis,
2512 2407 2632 2456 tum
2681 2400 2907 2456 Iudaici
2960 2404 3080 2454 tum
3133 2398 3476 2469 Christiani,
3525 2412 3592 2454 eo
3643 2411 3804 2453 anno

2143 2491 2296 2545 inter
2333 2506 2393 2546 se
2433 2505 2544 2547 non
2583 2490 2958 2545 dissentiant.
2991 2487 3208 2544 Victori
3239 2489 3428 2543 Canon
3474 2487 3802 2557 Paschalis,

2145 2582 2277 2640 inde
2307 2599 2546 2641 exorsus
2578 2584 2900 2652 Periodum,
2933 2582 3207 2638 attribuit
3234 2583 3352 2640 diei
3382 2585 3698 2639 Dominicaa
3727 2581 3807 2638 28

2144 2675 2335 2731 Martii
2366 2679 2586 2729 aetatem
2626 2671 2778 2728 lunae
2806 2673 3042 2728 decima
3070 2678 3261 2738 sextae,
3295 2676 3352 2727 et
3383 2676 3808 2740 consequenter

2145 2763 2340 2819 lunam
2368 2771 2629 2834 quartam
2659 2762 2938 2818 decimam
2970 2760 3171 2832 alligat
3201 2759 3358 2816 ferite
3388 2774 3443 2816 v1
3479 2759 3670 2817 Martii
3703 2759 3802 2830 26,

2146 2866 2258 2924 qua
2279 2852 2561 2908 Dominus
2584 2852 2642 2906 in
2665 2865 2889 2906 crucem
2913 2855 3076 2907 actus
3101 2852 3421 2921 passionem
3449 2854 3628 2906 morte
3647 2863 3807 2907 com-

2147 2943 2355 3014 plebat,
2391 2943 2714 2998 inchoatam
2756 2955 2987 3011 vespere
3033 2941 3394 3011 praecedenti,
3425 2947 3482 2996 et
3523 2943 3803 3010 mysterio

2145 3032 2437 3090 incruenti
2482 3029 2757 3087 sacriﬁcii
2807 3044 2838 3085 a
2885 3043 2947 3086 se
2993 3029 3358 3085 dedicatam:
3394 3042 3521 3100 quae
3564 3042 3803 3098 vespera

2146 3121 2304 3190 licet,
2335 3122 2720 3178 Romanorum
2753 3132 2924 3188 more,
2951 3119 3378 3175 numerantium
3406 3117 3532 3174 dies
3553 3132 3586 3174 a
3608 3118 3802 3175 media

381 3207 630 3258 racteres
673 3215 1011 3274 componere
1039 3216 1170 3259 cum
1199 3179 1573 3262 Geminorum
1614 3203 1921 3262 consulatu
1954 3202 2034 3258 ita
2061 3179 2110 3242 Ο
2147 3179 2311 3267 nocte
2352 3211 2410 3266 in
2446 3210 2686 3266 mediam
2731 3208 2838 3278 (uti
2879 3179 3165 3265 testantur
3196 3207 3516 3264 Macrobius
3559 3205 3800 3263 Saturn.

378 3291 581 3349 dilato.

451 3383 736 3438 Retractis
749 3397 881 3439 vero
895 3383 1098 3439 iisdem
1112 3383 1374 3440 Geminis
1386 3384 1726 3441 consulibus
1746 3385 1803 3440 in
1819 3398 2034 3443 annum

383 3471 812 3540 praecedentem.
862 3485 1108 3542 eumque
1157 3471 1537 3536 bissextilem,
1583 3473 1842 3546 vulgaris
1886 3489 2030 3546 serae,

380 3559 598 3616 Christi
619 3558 709 3629 28,
739 3573 867 3616 cum
894 3559 1174 3632 Victorio,
1202 3575 1292 3616 res
1317 3575 1514 3620 omnes
1533 3563 1719 3619 nitide
1744 3577 1809 3618 ac
1833 3579 2033 3634 mqua-

380 3647 582 3704 biliter
605 3650 938 3720 procedunt,
963 3653 1020 3706 et
1038 3649 1294 3721 singulis
1315 3665 1382 3706 ex
1409 3657 1658 3722 quatuor
1675 3651 2033 3708 characteri-

379 3737 489 3795 bus
510 3752 614 3795 sua
637 3738 775 3795 ﬁdes
796 3744 1040 3795 constat.
1063 3740 1202 3795 Cum
1219 3741 1373 3796 enim
1397 3739 1540 3796 feria
1557 3755 1590 3794 v
1612 3754 1762 3797 anno
1782 3739 1854 3797 28
1875 3741 2033 3797 inci—

379 3830 479 3886 dat
505 3829 564 3884 in
594 3829 745 3885 diem
771 3826 844 3885 25
870 3829 1087 3898 Martii,
1115 3843 1217 3886 seu
1246 3843 1348 3886 vui
1378 3830 1660 3886 Kalendas
1688 3831 1949 3902 Aprilis;
1976 3837 2034 3886 et

380 3930 510 3973 cum
537 3917 756 3973 decima
785 3921 989 3988 quarta
1015 3918 1153 3974 luna
1182 3919 1396 3974 mensis
1426 3920 1602 3975 Nisan
1629 3933 1696 3975 eo
1722 3933 1874 3976 anno
1896 3919 2034 3976 refe-

382 4009 546 4060 ratur
582 4011 775 4061 exacte
811 4005 880 4060 ad
919 4005 1072 4061 diem
1116 4004 1188 4062 26
1227 4007 1419 4063 Martii
1463 4009 1585 4064 sive
1621 4021 1700 4062 vn
1747 4007 2032 4064 Kalendas

382 4093 603 4164 Aprilis
633 4093 777 4150 feria
817 4109 873 4150 vx
905 4095 989 4166 (ut
1019 4108 1148 4152 mox
1190 4096 1504 4167 ostendam)
1544 4097 1674 4166 jure
1702 4095 1828 4150 dies
1857 4109 2033 4151 cinna:

379 4182 694 4239 Dominicaa
723 4188 780 4239 et
810 4183 1098 4253 passionis
1131 4185 1188 4239 in
1223 4184 1388 4240 horto
1421 4185 1701 4240 inchoatae
1731 4182 1944 4238 incidit
1971 4183 2030 4237 in

384 4269 582 4327 feriam
609 4283 664 4343 ν,
689 4269 797 4327 sub
823 4285 1055 4342 vespera
1078 4273 1196 4328 diei
1223 4269 1295 4328 25
1319 4271 1533 4334 Martii,
1557 4284 1659 4326 seu
1689 4283 1792 4326 vni
1817 4269 2034 4325 Kalen-

381 4359 484 4415 das
512 4361 753 4432 Aprilis,
787 4361 872 4418 uti
907 4361 1134 4432 praefert
1159 4361 1351 4416 Canon
1400 4357 1693 4414 Paschalis
1722 4360 1776 4413 S.
1811 4359 2032 4428 Hippo-

381 4450 508 4522 lyti,
532 4463 875 4506 enumerans
896 4455 1155 4519 quartam
1175 4448 1452 4503 decimam
1474 4446 1667 4502 lunam
1693 4447 2030 4504 Paschatum

2143 3315 2266 3370 cap.
2303 3298 2357 3369 3,
2399 3305 2456 3354 et
2483 3300 2667 3354 Aulus
2695 3298 2938 3366 Gellius,
2980 3299 3140 3352 Noct.
3177 3297 3517 3364 Atticarum,
3557 3295 3659 3352 lib.
3705 3311 3801 3368 in,

2143 3404 2267 3460 cap.
2299 3388 2354 3459 2,
2378 3394 2436 3444 et
2463 3393 2595 3446 ante
2623 3388 2725 3444 hos
2751 3387 2975 3443 Plinius
3007 3386 3107 3442 lib.
3144 3401 3206 3454 ll,
3241 3402 3362 3456 cap.
3395 3382 3504 3454 77),
3537 3385 3803 3454 pertine-

2145 3485 2230 3534 ret
2257 3478 2327 3534 ad
2358 3478 2508 3533 diem
2538 3475 2629 3547 25,
2651 3482 2900 3532 attamen
2933 3475 3294 3530 Hebraeorum
3329 3474 3554 3546 legibus
3579 3472 3804 3530 refere—

2141 3566 2314 3623 batur
2341 3567 2410 3623 ad
2446 3566 2683 3622 initium
2718 3565 2838 3621 diei
2865 3563 3295 3635 subsequentis,
3323 3563 3401 3618 ita
3429 3563 3807 3632 praecipiente

2139 3655 2384 3711 Domino
2410 3653 2646 3710 Levitici
2669 3666 2842 3719 xxm,
2863 3649 2969 3708 32:
2995 3653 3041 3708 Α
3070 3667 3293 3720 uespera
3320 3666 3490 3719 usque
3515 3651 3574 3702 in
3600 3665 3804 3718 vespe-

2140 3758 2261 3796 ram
2280 3742 2619 3796 celebrabitis
2645 3740 2889 3795 Sabbata
2912 3743 3112 3793 vestra.
3149 3739 3192 3792 E
3219 3735 3640 3794 recentioribus
3666 3749 3804 3792 vero

2139 3830 2199 3885 P.
2251 3829 2593 3886 Franciscus
2643 3829 2962 3896 Bordonus,
3015 3827 3302 3898 generalis
3351 3825 3512 3881 tertii
3565 3823 3804 3880 ordinis

2140 3919 2194 3974 S.
2229 3919 2520 3974 Francisci
2554 3918 2612 3972 in
2641 3915 2880 3971 Tabulis
2914 3913 3284 3970 Paschalibus
3315 3913 3386 3967 ab
3413 3927 3565 3968 anno
3598 3913 3804 3968 incar—

2141 4006 2400 4062 nationis
2446 4003 2762 4060 Dominicaa
2809 4001 3099 4058 ordinatis
3145 4001 3215 4056 ad
3266 4012 3450 4055 annos
3495 3999 3588 4054 bis
3637 4001 3807 4060 mille

2141 4096 2553 4162 consequentes
2575 4091 2738 4160 juxta
2764 4101 2978 4144 annum
3005 4088 3297 4142 lulianum
3323 4091 3453 4141 ante
3477 4089 3807 4146 correctio-

2143 4194 2268 4236 nem
2316 4179 2607 4250 Gregorii,
2658 4183 2715 4232 et
2759 4179 2926 4247 juxta
2974 4176 3392 4248 Gregorianum
3447 4182 3572 4246 post
3621 4177 3805 4248 hujus

2143 4267 2436 4340 pontiﬁcis
2452 4266 2926 4334 emendationem,
2949 4265 3154 4320 iisdem
3180 4265 3346 4335 plane
3361 4265 3620 4321 numeris
3637 4265 3808 4322 eﬁ‘ert

2141 4362 2394 4428 epactam
2435 4369 2532 4412 xvr
2577 4360 2633 4412 et
2671 4354 2883 4410 Pascha
2926 4354 3320 4410 Christianum
3365 4354 3462 4410 die
3494 4355 3802 4412 Dominica

2141 4445 2213 4503 28
2243 4445 2456 4514 Martii,
2489 4457 2640 4500 anno
2670 4444 2930 4515 vulgaris
2961 4457 3087 4499 arae
3115 4443 3333 4498 Christi
3365 4441 3456 4498 28.

380 4537 824 4609 praecedentium
869 4539 1089 4591 aetatem
1139 4549 1324 4602 suam,
1375 4547 1589 4590 annum
1634 4534 1860 4592 scilicet
1905 4537 2110 4598 mraeD
2215 4535 2432 4591 Ezedem
2463 4539 2614 4588 certe
2647 4533 2896 4589 rationes
2943 4533 3202 4603 apprime
3234 4533 3578 4602 respondent
3617 4532 3804 4589 moti—

377 4625 595 4682 Christi
618 4622 744 4691 222,
772 4637 887 4695 quo
911 4621 1234 4680 scribebat:
1260 4629 1314 4678 et
1329 4623 1460 4692 jure
1477 4622 1603 4678 dies
1625 4631 2032 4682 consummatae

383 4714 674 4786 passionis
719 4713 777 4768 in
817 4725 989 4770 cruce
1028 4710 1274 4768 refertur
1310 4711 1378 4767 ad
1431 4710 1630 4768 feriam
1676 4726 1732 4768 vr
1776 4714 2032 4784 proxime

381 4809 846 4875 consequentem,
881 4815 1007 4873 qua:
1045 4813 1196 4857 anno
1224 4799 1296 4856 28
1325 4801 1440 4858 fuit
1467 4799 1539 4856 26
1565 4802 1757 4857 Martii
1786 4803 2026 4874 Juliani,

381 4892 502 4948 sive
546 4905 627 4948 vn
677 4889 960 4948 Kalendas
1002 4889 1243 4958 Aprilis,
1295 4889 1381 4946 uti
1429 4889 1724 4946 Victorius
1771 4891 1935 4948 docet
1975 4898 2032 4950 et

381 4981 650 5039 iudicatae
677 4981 964 5038 editiones
991 4979 1274 5036 Lactantii
1308 4977 1635 5050 praeferunt.

452 5071 967 5126 Demonstrandum
1015 5068 1160 5124 mihi
1191 5071 1278 5123 est
1309 5068 1491 5139 igitur
1521 5068 1726 5140 primo,
1770 5075 2031 5140 quartam

381 5158 658 5224 decimam
699 5159 849 5214 diem
896 5158 1047 5214 lunae
1091 5158 1302 5213 mensis
1347 5158 1544 5228 Nisan,
1593 5171 1694 5213 seu
1740 5159 2032 5214 Paschalis

381 5249 702 5304 Iudaeorum
736 5247 968 5317 mensis,
993 5247 1273 5302 incidisse
1293 5260 1444 5302 anno
1469 5245 1539 5301 28
1563 5261 1688 5302 {Bm}
1710 5248 2035 5304 communis

386 5335 446 5390 in
473 5333 624 5390 diem
652 5332 724 5392 26
751 5335 964 5400 Martii,
998 5335 1066 5390 ad
1103 5349 1270 5406 quam
1303 5335 1530 5391 scilicet
1557 5349 1687 5391 cum
1721 5324 2035 5406 pertineret

385 5436 616 5492 vespera
639 5425 960 5492 prmcedens
985 5425 1101 5480 diei
1123 5423 1195 5480 235
1219 5424 1304 5496 (ex
1329 5425 1602 5482 instituto
1627 5425 1769 5496 legis
1789 5425 2034 5482 Sabbata

387 5511 747 5566 numerantis
789 5525 821 5565 a
863 5525 1096 5581 vespera
1137 5514 1194 5568 in
1239 5513 1554 5584 vesperam)
1597 5515 1708 5568 rite
1751 5513 2033 5569 celebrata

387 5611 549 5655 caena
579 5597 740 5653 Feria
777 5611 809 5644 ν
849 5599 917 5655 ad
940 5613 1226 5668 vesperam
1252 5601 1740 5658 diei25Christus
1755 5604 2035 5658 Dominus

387 5691 744 5745 sacramenta
757 5687 1018 5757 corporis
1031 5691 1088 5746 et
1103 5689 1409 5762 sanguinis
1424 5691 1514 5748 sui
1531 5692 1669 5762 juge
1683 5691 2035 5748 sacriﬁcium

2141 4623 2250 4680 bus
2280 4622 2683 4691 luminarium,
2718 4626 2782 4690 ut
2807 4621 3015 4678 calculi
3049 4621 3372 4690 ostendent,
3412 4620 3689 4677 subducti
3725 4634 3799 4676 ex

2141 4712 2359 4769 tabulis
2387 4713 2812 4779 astronomicis,
2844 4711 2913 4766 ad
2937 4719 3110 4781 caput
3132 4710 3270 4766 anni
3299 4709 3525 4766 Judaici
3555 4710 3634 4767 ita
3659 4710 3802 4766 red-

2139 4801 2412 4859 dentibus
2443 4801 2797 4856 neomeniam
2842 4800 3035 4856 Thisri
3069 4814 3169 4856 seu
3203 4799 3376 4870 primi
3412 4799 3625 4855 mensis
3655 4800 3796 4855 anni

2140 4890 2336 4948 civilis
2349 4889 2673 4946 Judazorum
2695 4903 2793 4960 per
2807 4902 3020 4945 annum
3041 4889 3174 4961 vulg
3193 4891 3294 4944 «ris
3311 4903 3435 4944 aera:
3450 4889 3800 4945 Christiana:

2139 4977 2231 5052 27,
2259 4994 2292 5036 a
2320 4993 2434 5052 qua
2456 4979 2756 5035 neomenia
2783 4977 2977 5034 Thisri
3007 4979 3134 5034 dies
3165 4975 3266 5034 477
3297 4979 3558 5050 proxime
3586 4991 3799 5034 conse-

2143 5083 2325 5140 quens
2354 5068 2610 5124 ostendit
2643 5066 2995 5123 neomeniam
3026 5067 3206 5124 Nisan
3236 5067 3355 5136 (sex
3386 5066 3798 5124 lunationibus

2142 5158 2212 5212 ab
2245 5159 2346 5213 illa
2380 5158 2668 5225 dissitam,
2717 5161 2774 5210 et
2804 5169 2930 5224 quae
2968 5162 3141 5226 caput
3171 5164 3257 5212 est
3284 5158 3422 5211 anni
3468 5156 3642 5222 sacri,
3693 5170 3797 5210 seu

2143 5247 2442 5303 exordium
2462 5248 2660 5300 mensis
2674 5247 2865 5315 primi,
2888 5245 2967 5300 ita
2984 5245 3254 5314 appellati
3283 5246 3341 5301 in
3360 5246 3542 5302 sacris
3561 5245 3797 5312 litteris)

2143 5336 2238 5392 die
2261 5331 2327 5390 43
2349 5335 2539 5390 Martii
2559 5335 2798 5404 Juliani,
2825 5333 2885 5388 in
2911 5347 3125 5389 annum
3153 5333 3508 5390 bissextilem
3535 5332 3605 5388 28
3629 5335 3797 5403 ejus-

2143 5425 2270 5480 dem
2312 5437 2437 5478 azrae
2476 5423 2820 5478 Christiana:
2862 5435 2923 5478 se
2963 5423 3364 5479 diﬁundentis.
3410 5422 3794 5478 Consulamus

2146 5524 2414 5567 numeros
2462 5511 2826 5581 lunisolares,
2862 5511 2922 5566 in
2972 5511 3208 5568 Tabulis
3237 5513 3303 5566 D.
3335 5512 3405 5567 de
3450 5511 3503 5566 la
3535 5511 3690 5580 Hire,
3723 5511 3794 5565 ab

2146 5600 2301 5672 regia
2325 5599 2708 5659 Scientiarum
2734 5599 3028 5656 academia
3048 5600 3302 5670 aliisque
3331 5600 3545 5670 passim
3577 5614 3797 5670 appro-

2145 5687 2318 5760 batis,
2349 5689 2432 5746 ita
2460 5687 2833 5761 colligendos.
