3996 6398
194 369 305 428 129

1286 368 1490 426 ΝΟΤΛΕ
1537 370 1608 426 IN
1663 369 2087 428 CATALOGUM
2136 369 2304 427 ROM.
2364 370 2563 428 PONT.

3536 326 3639 432 130

194 493 424 544 RADIX
447 492 755 543 EPOCll/‘E
783 453 1162 543 COMMUl‘IlS
1192 491 1543 543 ANNORUM
1576 491 1860 543 CHRISTI
1892 491 2220 542 INISUNTIS
2246 493 2593 545 KALENDIS
2627 496 2961 547 JANUARU
2985 498 3077 547 AD
3112 497 3365 548 MERID.
3402 498 3637 549 PARIS.

1092 596 1239 632 SOLIS
1275 596 1500 632 [ONGITU
1510 596 1573 630 D0

1796 594 2016 630 APOG:EU
2026 596 2065 630 Μ
2100 595 2247 632 SOLIS

2469 599 2629 633 LUNIE
2661 599 2958 638 LONGITUDO
3182 602 3453 638 APOGIEUM
3485 602 3641 636 LUNE

1090 678 1159 711 AB
1182 676 1381 712 ΙΝΙΤΙΟΛ
1415 675 1607 710 RIETIS.
1833 675 1902 709 ΑΒ
1935 675 2152 710 ΛΠῙΕΤΕ.
2514 679 2582 713 AB
2618 666 2644 712 θ
2678 679 2915 719 ARIETIS.
3235 682 3304 715 AB
3333 681 3544 717 ARIETE.

1085 750 1143 800 S.
1211 752 1275 802 G.
1343 750 1418 800 M.
1489 751 1545 801 S.
1744 749 1800 799 S.
1867 750 1931 800 G.
1999 748 2072 799 M.
2140 748 2196 799 S.
2393 751 2447 802 S.
2517 752 2581 803 G.
2650 752 2723 802 M.
2796 755 2868 815 S..
3046 756 3102 806 S.
3170 756 3233 806 G.
3302 755 3375 805 M.
3443 755 3499 805 S.

551 843 578 889 0
1112 840 1548 889 984340
1774 839 1803 885 2

2025 840 2179 887 52
2401 843 2835 891 415189
3040 845 3517 895 911438

193 904 443 954 Anuixx
472 903 746 966 completi.
820 938 832 950 .
903 937 915 953 .
971 943 1002 966 _.
1108 903 1135 950 0
1233 904 1261 949 0
1388 905 1418 951 9
1483 904 1543 951 20
1987 902 2052 966 20
2114 901 2173 966 30
2397 906 2425 951 4
2524 905 2580 952 13
2645 905 2704 952 34
2800 906 2828 952 0
3046 908 3075 954 3
3227 910 3254 955 3
3332 909 3390 957 50
3458 910 3513 955 51

193 968 434 1015 Annivr
470 962 737 1027 completi.
817 1001 831 1015 .
905 1002 918 1015 .
968 962 1000 1014 ’.
1073 966 1125 1012 11
1196 966 1255 1013 29
1353 968 1413 1014 33
1480 966 1534 1012 11

2028 964 2181 1011 69
2404 968 3516 1019 292850“8-4555

194 1031 480 1087 Augustus
507 1029 818 1090 completus.
886 1057 904 1075 .
977 1062 990 1076 .
1094 1029 1120 1076 7
1190 1030 1248 1077 29
1346 1030 1404 1077 30
1474 1028 1532 1074 44

2116 1027 2176 1090 to
2318 1030 2427 1076 ·10
2526 1029 2834 1079 215150
3206 1032 3265 1078 27
3363 1034 3389 1079 4
3458 1032 3553 1077 21.

194 1089 328 1140 Dies
364 1089 780 1153 xvncompleti.
887 1126 900 1139 .
973 1124 986 1138 .
1189 1092 1246 1140 16
1344 1091 1401 1137 45
1468 1089 1528 1135 22

2154 1089 2183 1137 3
2396 1092 2425 1139 7
2524 1092 2581 1139 13
2647 1093 2706 1139 59
2773 1093 2831 1139 55
3238 1094 3391 1143 153
3457 1094 3517 1140 39

196 1153 362 1201 Hora
398 1153 552 1206 VIII.
632 1192 645 1204 .
719 1186 734 1202 .
808 1188 823 1202 .
888 1189 900 1200 .
976 1191 991 1205 .
1339 1153 1397 1199 19
1462 1155 1522 1199 4:1

2550 1155 2703 1202 423
2769 1155 2828 1202 32
3360 1155 3514 1202 214

196 1214 401 1264 Minuti
436 1230 560 1264 xxxv
593 1213 716 1263 hor.
803 1251 815 1263 .
885 1252 897 1264 .
971 1253 985 1266 .
1373 1215 1400 1260 0
1466 1214 1525 1262 59

2643 1218 2701 1264 13
2768 1219 2825 1264 10
3487 1218 3515 1263 8

1088 1277 1241 1326 525
1371 1276 1525 1324 259
1758 1273 1788 1322 2

2009 1273 2161 1323 224
2387 1276 2823 1328 5184926
3079 1279 3517 1331 918146

1082 1338 1520 1387 293224
2393 1340 2828 1389 918146

1090 1402 1119 1448 3
1188 1404 1242 1450 15
1342 1400 1401 1447 30
1469 1401 1527 1448 35
1749 1400 1851 1448 Ant

2004 1397 2174 1446 ssolis
2390 1402 2418 1449 8
2547 1403 2574 1449 0
2642 1403 2700 1451 47
2767 1405 2824 1452 40
2953 1405 3225 1454 Anomalia
3256 1403 3395 1454 lunae

1216 1467 1239 1530 ι
1339 1465 1400 1530 52
1466 1464 1525 1530 se
1746 1461 1851 1511 Pro

2004 1459 2176 1508 usubr.
2399 1527 2419 1530 μ
2536 1464 2577 1530 4Δ
2634 1467 2698 1530 2t
2787 1467 2820 1530 2
2948 1468 3225 1530 Prostaph.
3272 1468 3392 1517 add.

1090 1526 1242 1574 525
1371 1525 1526 1572 259
2397 1527 2836 1578 5184926

466 1589 637 1638 Locus
660 1603 815 1639 verus
845 1589 989 1639 solis.
1087 1590 1115 1637 5
1181 1588 1241 1638 23
1339 1589 1396 1637 10
1463 1589 1521 1638 17

2396 1591 2425 1637 5
2518 1590 2579 1639 23
2647 1592 2705 1638 10
2770 1592 2830 1639 28
2895 1591 3070 1641 Locus
3103 1607 3256 1641 verus
3286 1593 3447 1644 lunas.

280 1680 429 1734 Vera
480 1679 679 1749 itaque
724 1680 980 1750 synodus
1020 1678 1399 1736 luminarium
1445 1676 1694 1748 contigit
1722 1675 1951 1734 annoA
1980 1674 2201 1731 Juliani
2240 1674 2413 1747 (unde
2439 1679 2589 1748 apud
2634 1681 2904 1738 Joannem
2946 1682 3230 1740 dicuntur
3259 1668 3404 1738 feria
3430 1695 3486 1738 v1
3531 1695 3643 1738 non

202 1766 274 1823 27
306 1782 440 1824 mra:
467 1768 685 1825 Christi
721 1769 996 1840 vulgaris,
1027 1768 1124 1824 die
1155 1766 1222 1823 18
1250 1765 1602 1837 Septembris
1628 1763 1870 1833 Juliani,

207 1857 375 1913 horis
402 1855 441 1912 8
464 1865 523 1913 et
553 1858 801 1915 minutis
824 1855 895 1914 24
923 1863 1051 1928 post
1076 1857 1350 1913 meridies
1372 1855 1636 1924 Parisiis,
1660 1856 1870 1923 Romae,

203 1959 343 2002 vero
394 1946 561 2002 horis
610 1944 646 2000 9
684 1944 759 2015 5⁷,
809 1951 939 2016 post
985 1945 1308 2016 meridiem,
1361 1948 1418 2000 et
1463 1941 1877 2013 Hierosolymis

209 2034 353 2113 hora
399 2040 533 2103 post
580 2035 883 2090 meridiem
931 2030 1000 2090 10
1042 2032 1150 2103 10’,
1197 2047 1327 2090 cum
1370 2032 1760 2102 Hierosolyma
1799 2030 1880 2086 sit

206 2123 564 2180 orientalior
597 2136 768 2192 quam
803 2122 1028 2179 Lutetia
1052 2122 1409 2179 Parisiorum
1439 2120 1717 2193 gradibus
1746 2119 1883 2177 lon-

208 2212 515 2281 gitudinis
543 2210 615 2267 34
638 2208 745 2281 40’,
774 2211 896 2268 sive
925 2211 1087 2269 boris
1109 2207 1147 2269 2
1165 2216 1222 2267 et
1249 2211 1494 2267 minutis
1516 2209 1767 2266 horariis
1794 2206 1875 2264 16.

279 2300 365 2356 Ab
395 2313 464 2355 ea
498 2301 717 2371 synodo
746 2300 1040 2370 auspicari
1070 2300 1399 2357 debuerunt
1418 2299 1603 2355 Judaei
1634 2311 1881 2354 mensem

207 2390 410 2446 Thisri
432 2394 491 2445 et
509 2402 682 2445 suum
707 2390 1173 2455 Roscheaschana,
1204 2403 1305 2446 seu
1329 2388 1503 2458 Caput
1527 2390 1665 2442 anm’
1687 2386 1884 2443 civilis

210 2479 489 2549 Lunaris,
528 2492 643 2549 quo
675 2477 1006 2551 utebantur,
1039 2477 1299 2548 exemplo
1340 2476 1880 2549 Syromacedonum,

210 2567 281 2623 ab
300 2571 593 2624 autumno
613 2567 832 2637 pariter
851 2567 1276 2625 exordientium
1291 2606 1305 2621 .
1334 2566 1473 2623 Cum
1500 2565 1886 2636 itaquenovi—

214 2656 453 2714 iunium
468 2656 661 2713 Thisri
673 2656 858 2727 ,juxta
870 2660 1059 2714 motus
1072 2670 1236 2713 veros
1249 2654 1883 2726 lunisolares,parietur

212 2759 347 2802 cum
382 2744 484 2801 die
517 2741 585 2799 18
615 2744 967 2815 Septembris
992 2744 1212 2803 Juliani
1243 2744 1380 2801 anni
1409 2741 1480 2799 27
1510 2757 1636 2799 teras
1659 2742 1878 2799 Christi

213 2833 504 2904 vulgaris,
556 2846 786 2890 necesse
828 2837 915 2891 est
959 2838 1024 2890 ut
1055 2835 1115 2890 in
1158 2834 1312 2891 diem
1358 2829 1480 2904 177,
1518 2836 1880 2889 numeratum

218 2928 351 2991 post
383 2918 455 2976 18
481 2922 852 2992 Septembris,
888 2923 1112 2980 incidat
1140 2922 1356 2979 mensis
1388 2921 1681 2979 Paschalis
1710 2920 1884 2976 novi—

1987 1763 2264 1820 introisse
2278 1767 2697 1838 praetorium,ut
2707 1770 3103 1825 manducarent
3113 1770 3366 1841 Pascha),
3384 1770 3522 1826 licet
3532 1770 3638 1826 alii

1984 1865 2116 1908 cum
2141 1852 2373 1911 Christo
2393 1855 2636 1912 Domino
2659 1870 2867 1928 agnum
2899 1858 3282 1915 comedissent
3310 1858 3641 1915 Paschalem

1984 1942 2055 1998 ad
2086 1956 2379 2013 vesperam
2402 1941 2560 1999 feriae
2584 1958 2638 2013 v,
2667 1944 2763 2001 die
2790 1943 2863 2002 25
2885 1946 3166 2003 Romana.
3194 1947 3379 2004 Causa
3409 1948 3646 2004 utrius-

1990 2044 2101 2101 que
2130 2031 2433 2087 sententiae
2475 2031 2724 2089 obscura
2761 2046 2887 2089 esse
2921 2047 3035 2090 non
3080 2038 3266 2105 potest
3312 2049 3381 2092 ex
3417 2035 3643 2105 duplici

1992 2120 2294 2188 putatione
2335 2125 2392 2174 et
2433 2132 2765 2177 commensu
2810 2121 2897 2177 vel
2941 2122 3129 2178 solius
3169 2122 3289 2179 diei
3330 2122 3643 2194 Paschalis,

1990 2207 2078 2263 vel
2111 2208 2229 2264 diei
2262 2209 2440 2266 simul
2466 2214 2524 2266 et
2555 2211 2846 2282 horarum,
2877 2210 2938 2267 in
2959 2224 3102 2282 quas
3134 2211 3458 2268 inciderant
3482 2213 3650 2281 juxta

1995 2301 2186 2353 motus
2211 2311 2374 2353 veros
2406 2299 2720 2355 neomenia:
2747 2298 2944 2355 Thisri
2966 2304 3024 2355 et
3052 2300 3249 2356 Nisan.
3278 2300 3472 2356 Thisri
3506 2313 3651 2357 neo-

1994 2386 2182 2441 menia
2208 2386 2305 2442 die
2326 2384 2394 2441 18
2411 2387 2763 2456 Septembris
2788 2388 3098 2445 commissa
3122 2388 3285 2445 horis
3307 2386 3374 2445 10
3400 2388 3489 2461 40,
3520 2395 3651 2460 post

1992 2474 2289 2531 meridiem
2332 2474 2552 2532 ferebat
2590 2480 2721 2548 post
2764 2473 2868 2533 177
2905 2477 3032 2535 dies
3072 2478 3438 2535 novilunium
3469 2480 3648 2535 Nisan

1988 2563 2087 2619 die
2109 2561 2176 2620 13
2198 2564 2392 2621 Martii
2418 2564 2744 2622 bissextilis
2768 2566 2987 2623 Juliani
3020 2570 3076 2623 et
3100 2566 3316 2638 civilis,
3345 2567 3395 2623 si
3418 2567 3647 2624 dierum

1990 2654 2387 2710 tantummodo
2408 2653 2729 2710 solidorum
2750 2653 2922 2727 (quod
2955 2656 3013 2711 in
3044 2654 3207 2711 civili
3237 2656 3538 2726 putatione
3567 2655 3648 2727 ﬁt)

1991 2755 2273 2799 annorum
2316 2748 2375 2800 et
2417 2745 2703 2802 mensium
2744 2745 2894 2801 ratio
2937 2743 3231 2801 habeatur.
3266 2746 3341 2801 At
3377 2746 3427 2801 si
3470 2745 3650 2802 hora-

1992 2845 2121 2888 rum
2151 2832 2324 2888 etiam
2357 2836 2608 2903 quatuor
2631 2837 2688 2889 et
2714 2834 3070 2890 minutorum
3094 2831 3167 2890 24
3190 2834 3650 2891 additamentum

1992 2934 2280 2992 curemus,
2308 2923 2458 2993 quod
2481 2926 2686 2993 praeter
2706 2922 2927 2980 solidos
2953 2922 3080 2980 dies
3102 2920 3204 2979 177
3231 2923 3542 2996 requirunt
3566 2923 3653 2980 lu-

218 3009 456 3066 lunium
486 3023 640 3065 anno
676 3008 763 3066 28.
800 3012 907 3067 Sex
936 3011 1090 3067 enim
1120 3010 1472 3079 lunationes,
1506 3024 1633 3081 qua:
1673 3021 1885 3065 nume-
1909 2994 1961 3056 Β
1993 3010 2259 3067 nationes
2283 3011 2483 3067 mediae
2510 3026 2631 3083 sex,
2659 3025 2692 3067 a
2716 3011 2909 3068 Thisri
2932 3011 3001 3068 ad
3024 3013 3240 3083 Nisan;
3271 2994 3409 3070 tunc
3430 3013 3652 3071 additis

218 3100 419 3155 renda:
447 3104 589 3156 sunt
611 3113 645 3156 a
682 3099 878 3156 Thisri
909 3101 979 3156 ad
1008 3100 1209 3171 Nisan,
1247 3105 1332 3156 tot
1373 3099 1502 3157 dies
1551 3099 1881 3171 requirunt.

216 3188 383 3244 Adde
426 3188 581 3244 enim
612 3188 742 3245 dies
788 3186 856 3245 12
884 3190 1230 3259 superstites
1277 3189 1492 3245 mensis
1534 3187 1886 3258 Septembris

221 3280 355 3347 post
397 3276 554 3333 diem
597 3277 891 3334 novilunii
944 3276 1011 3333 18
1049 3278 1119 3334 ad
1171 3278 1340 3334 ﬁnem
1379 3278 1639 3347 Mensis;
1675 3277 1885 3334 deinde

217 3364 494 3421 Octobris
521 3364 741 3421 Juliani
772 3365 898 3422 dies
936 3364 1027 3437 31,
1060 3365 1397 3423 Novembris
1433 3364 1524 3435 30,
1555 3365 1887 3422 Decembris

194 3451 315 3524 .31,
347 3453 590 3511 totidem
615 3455 881 3511 Januarii
907 3473 923 3526 ;
954 3454 1253 3511 Februarii
1286 3454 1610 3511 bissextilis
1637 3455 1764 3510 dies
1790 3452 1883 3523 29,

220 3548 278 3598 et
307 3540 376 3598 13
402 3543 632 3599 Martii:
668 3544 784 3601 erit
812 3557 1035 3601 summa
1060 3543 1287 3600 dierum
1322 3539 1448 3615 177,
1479 3542 1888 3615 qua3_complet

221 3644 321 3687 sex
352 3631 690 3689 lunationes
715 3632 940 3703 civiles,
971 3632 1215 3689 alternis
1242 3646 1410 3688 cavas
1436 3636 1494 3687 et
1525 3631 1738 3701 plenas.

293 3722 767 3778 Demonstratum
823 3726 911 3778 est
960 3722 1144 3794 igitur
1196 3724 1558 3791 assumptum
1614 3721 1887 3791 primum,

221 3822 432 3881 nempe
478 3815 669 3867 motus
700 3822 867 3866 veros
906 3809 1291 3867 luminarium
1322 3821 1474 3864 anno
1520 3822 1647 3864 terte
1670 3808 1889 3866 Christi

219 3894 293 3953 27
321 3898 629 3955 ostendere
658 3898 1027 3955 novilunium
1066 3898 1263 3954 Thisri
1306 3897 1402 3954 die
1435 3894 1503 3952 18
1542 3897 1892 3968 Septembris

219 3986 448 4044 Juliani
493 3987 660 4045 horis
701 3985 769 4044 10
799 3984 887 4057 40,
924 3992 1053 4059 post
1096 3987 1398 4044 meridiem
1436 3985 1885 4057 Hierosolymis:

220 4090 411 4148 eoque
436 4078 673 4134 nomine
701 4078 857 4133 diem
903 4076 1154 4135 eamdem
1202 4074 1270 4131 18
1314 4075 1666 4146 Septembris
1709 4074 1892 4132 fuisse

218 4170 403 4236 caput
449 4166 591 4221 anni
638 4164 871 4223 Iudaici
919 4164 1145 4221 labente
1187 4178 1338 4220 anno
1383 4161 1454 4219 27
1500 4178 1626 4220 serae
1669 4164 1888 4220 Christi

220 4254 598 4311 communis:
634 4268 815 4325 quare
858 4254 1012 4310 diem
1056 4249 1158 4308 177
1191 4253 1324 4309 inde
1360 4259 1713 4309 numeratam
1743 4251 1889 4324 (qua)

1997 3099 2156 3155 hisce
2186 3099 2312 3156 hor.
2346 3097 2380 3155 4
2404 3105 2462 3156 et
2492 3101 2633 3156 min.
2666 3097 2757 3173 24,
2791 3101 3021 3171 epochze
3050 3101 3297 3159 horariae
3325 3102 3652 3160 lunationis

1993 3187 2187 3244 Thisri
2236 3188 2357 3245 hor.
2405 3186 2474 3245 10
2506 3193 2563 3246 et
2606 3189 2748 3245 min.
2782 3186 2851 3246 40
2896 3194 3025 3261 post
3062 3190 3360 3248 meridiem
3409 3191 3529 3248 diei
3584 3188 3653 3246 18

1993 3277 2152 3347 Sept.
2194 3276 2343 3334 ﬁunt
2369 3278 2495 3335 hor.
2526 3275 2593 3335 15
2621 3283 2679 3335 et
2707 3278 2850 3350 min,
2878 3276 2912 3334 4
2942 3284 3075 3349 post
3105 3280 3404 3349 meridiem
3434 3280 3554 3335 diei
3580 3277 3653 3336 26

1997 3366 2189 3422 Martii
2222 3366 2461 3423 initium
2496 3371 2715 3438 quartae
2750 3367 2989 3424 decimae
3031 3368 3346 3440 Paschalis,
3392 3369 3653 3439 adeoque

1994 3455 2328 3513 extenditur
2357 3455 2510 3512 ultra
2534 3457 2846 3513 terminum
2872 3457 3075 3514 media:
3107 3458 3297 3515 nectis
3324 3457 3654 3514 claudentis

1997 3556 2153 3599 more
2180 3545 2435 3600 Romano
2463 3533 2617 3601 diem
2645 3542 2718 3600 26
2747 3548 2804 3601 et
2833 3545 3181 3615 aperientem
3210 3546 3366 3602 diem
3394 3541 3465 3601 27
3495 3548 3654 3602 Mar—

1996 3632 2090 3687 tii.
2121 3631 2397 3703 Apertum
2423 3632 2620 3703 itaque
2649 3633 2732 3688 sit
2750 3647 2855 3689 cur
2877 3632 3205 3689 Judaaorum
3227 3634 3332 3689 alii
3358 3634 3656 3703 potuerint

2000 3719 2113 3775 rite
2148 3734 2217 3775 ex
2249 3720 2554 3776 novilunio
2584 3733 2717 3776 vero
2748 3721 2966 3775 mensis
2994 3720 3214 3790 Thisri,
3259 3726 3315 3775 et
3355 3720 3655 3790 putatione

1999 3807 2165 3864 civili
2196 3808 2424 3863 dierum
2448 3807 2847 3863 tantummodo
2867 3808 3187 3864 solidorum
3213 3806 3477 3879 quartam
3496 3807 3654 3865 deci-

2001 3909 2152 3953 mam
2185 3895 2509 3966 paschalem
2533 3893 2745 3952 referre
2772 3897 2843 3953 ad
2865 3897 3015 3953 diem
3035 3894 3106 3952 26
3127 3897 3319 3953 Martii
3344 3896 3546 3954 feriam
3571 3898 3667 3971 v1,

2000 3990 2059 4042 et
2086 3999 2377 4056 vesperam
2410 3986 2817 4058 praacedentem
2847 3986 2967 4043 diei
2997 3984 3069 4043 25
3089 3985 3247 4043 feria:
3272 4001 3305 4042 v
3336 4001 3468 4044 cum
3492 3987 3658 4044 Chri-

2001 4079 2092 4132 sto
2110 4074 2356 4130 Domino
2376 4089 2442 4131 ac
2462 4073 2811 4144 discipulis;
2834 4074 2939 4131 alii
2971 4089 3099 4132 vero
3126 4090 3257 4133 cum
3280 4076 3496 4134 ludatis
3520 4091 3656 4148 prae-

2002 4164 2216 4221 torium
2268 4177 2380 4221 non
2428 4164 2864 4221 introeuntibus
2908 4163 3054 4221 feria
3102 4179 3158 4221 v1
3203 4164 3275 4223 26
3322 4167 3539 4234 Martii,
3591 4174 3659 4222 ut

2003 4253 2417 4310 manducarent
2454 4253 2671 4308 Pascha
2699 4253 2895 4309 eadem
2935 4267 3189 4324 vespera,
3223 4268 3395 4324 quam
3438 4253 3656 4310 refere-

223 4344 443 4400 incidit
488 4344 547 4399 in
576 4324 733 4400 diem
773 4341 840 4399 13
866 4343 1061 4399 Martii
1103 4343 1242 4398 anni
1280 4342 1606 4399 bissextilis
1643 4340 1735 4412 28)
1766 4356 1892 4399 esse
1921 4324 1973 4389 α
2002 4341 2142 4399 bant
2170 4343 2240 4399 ad
2271 4343 2427 4399 diem
2456 4339 2547 4405 27.
2588 4341 2949 4398 attendentes
2982 4340 3153 4398 horas
3182 4339 3217 4397 3
3248 4346 3377 4412 post
3408 4343 3655 4399 mediam

223 4434 476 4504 primam
522 4433 680 4489 diem
729 4433 882 4490 lunae
924 4434 1124 4499 Nisan,
1170 4445 1272 4488 seu
1317 4432 1534 4488 mensis
1572 4432 1887 4489 Paschalis.

219 4522 385 4578 Adde
400 4522 532 4578 dies
555 4518 780 4578 13solid
790 4534 855 4577 os
868 4520 1005 4578 huic
1021 4521 1140 4577 diei
1162 4518 1229 4576 13
1244 4522 1460 4592 Martii,
1481 4526 1546 4577 ut
1559 4521 1894 4592 assequaris

222 4610 471 4667 initium
496 4616 719 4681 quarta:
736 4610 975 4667 decima:
1002 4609 1247 4678 lunaris,
1275 4624 1379 4666 seu
1399 4611 1551 4666 diem
1574 4610 1893 4683 legitimam

220 4699 535 4757 Paschatis
551 4701 897 4757 indecorum.
937 4700 1118 4756 Istius
1149 4699 1430 4757 terminus
1455 4700 1711 4757 ostendit
1738 4699 1891 4756 diem

219 4786 297 4845 26
324 4790 553 4856 Martii,
599 4803 713 4862 qua
749 4790 1022 4845 Christus
1064 4788 1366 4858 Dominus,
1407 4791 1606 4861 Agnus
1642 4789 1744 4845 Dei
1790 4789 1892 4859 qui

222 4879 390 4935 tollit
422 4884 720 4949 peccatum
756 4879 980 4949 mundi,
1017 4877 1156 4933 feria
1200 4892 1251 4932 v1
1290 4880 1345 4933 in
1377 4892 1548 4933 cruce
1588 4893 1689 4947 pro
1725 4877 1895 4933 nobis

226 4968 665 5038 immolabatur,
690 4982 757 5024 ex
785 4968 1024 5023 Victorii
1049 4968 1336 5023 sententia
1364 4973 1421 5021 et
1445 4972 1659 5035 nostra,
1686 4966 1782 5022 die
1812 4981 1890 5022 vn

225 5057 356 5114 Kal.
390 5058 619 5127 Aprilis
646 5077 661 5128 ;
694 5071 825 5114 cum
851 5070 1080 5128 vespera
1115 5055 1452 5128 praecedenti
1484 5056 1575 5125 (ex
1602 5056 1722 5111 ritu
1750 5056 1896 5129 legis

226 5147 497 5202 Mosaicae
513 5146 583 5201 ad
608 5147 757 5202 hanc
788 5147 971 5217 ipsam
993 5145 1146 5202 diem
1171 5144 1489 5216 referenda,
1518 5144 1616 5200 sed
1641 5144 1894 5203 Romano

229 5250 388 5291 more
429 5236 499 5291 ad
544 5249 647 5291 vin
686 5234 813 5290 Kal.
861 5233 1103 5305 Aprilis,
1150 5248 1252 5289 seu
1298 5231 1372 5288 25
1416 5233 1631 5299 Martii)
1682 5236 1895 5291 Pascha

229 5314 502 5395 ipse'cum
514 5322 837 5393 discipulis
852 5321 1217 5391 celebrasset,
1230 5325 1284 5375 et
1300 5320 1620 5389 passionem
1637 5322 1895 5379 inchoas-

225 5420 333 5486 set,
365 5414 543 5489 cujus
566 5418 929 5469 sacramenta
959 5410 1313 5467 instituerat.

294 5504 555 5576 Colligas
588 5503 767 5560 etiam
801 5500 938 5556 licet
964 5514 1033 5558 ex
1066 5498 1312 5558 (uiculis
1345 5498 1627 5559 indicatis
1648 5516 1755 5558 cur
1778 5500 1898 5558 aii-

229 5594 329 5665 qui
363 5593 635 5650 dixerint
689 5589 1056 5648 Hebraeorum
1102 5589 1413 5646 nonnullos
1456 5589 1760 5648 distulisse
1794 5604 1899 5645 eo-

2005 4434 2226 4487 noctem
2258 4444 2386 4503 quas
2416 4431 2655 4488 initium
2689 4434 2908 4502 quarta:
2937 4430 3173 4486 decimae
3206 4430 3285 4486 ita
3315 4435 3657 4501 comparatae

2003 4520 2347 4578 diﬁ‘erebant
2375 4521 2445 4578 ad
2475 4521 2629 4577 diem
2671 4518 2738 4576 27
2776 4534 2928 4577 more
2961 4522 3213 4578 Romano
3240 4520 3559 4590 deﬁnitam,
3590 4536 3658 4578 eo

2005 4623 2173 4681 quem
2194 4609 2450 4666 dicimus
2471 4624 2621 4667 anno
2642 4609 2958 4680 bissextili,
2985 4611 3310 4669 communis
3334 4626 3461 4668 tera:
3481 4610 3657 4667 Chri—

2005 4701 2081 4756 sti
2112 4714 2315 4771 xxvm,
2348 4701 2559 4756 duobus
2589 4700 2829 4757 Geminis
2854 4701 3186 4758 consulibus.

2074 4790 2397 4847 Secundum
2419 4791 2526 4847 hoc
2544 4795 2829 4847 assertum
2849 4790 2921 4846 de
2936 4790 3243 4848 consulatu
3262 4789 3408 4845 Fuﬁi
3426 4787 3655 4843 Gemini

2002 4884 2060 4935 et
2076 4880 2328 4935 Rubellii
2347 4880 2576 4937 Gemini
2599 4880 2873 4950 pariendo
2895 4893 3024 4934 cum
3044 4892 3196 4934 anno
3216 4892 3341 4933 term
3360 4875 3656 4933 Christia—

2006 4982 2091 5025 nas
2119 4968 2212 5036 28,
2242 4975 2330 5025 est
2373 4970 2617 5026 alterum
2648 4982 2717 5023 ex
2747 4966 3215 5023 demonstrandis
3256 4964 3408 5035 quod
3444 4977 3658 5035 propo-

2004 5072 2251 5129 sueram,
2285 5064 2519 5115 secutus
2563 5054 2995 5124 chronologiam
3028 5053 3294 5123 Victorii,
3326 5052 3553 5107 eosdem
3585 5053 3661 5108 si-

2004 5149 2225 5206 militer
2251 5145 2599 5204 ascribentis
2624 5156 2776 5199 anno
2806 5140 3099 5196 bissextili
3129 5139 3223 5214 28,
3258 5156 3401 5212 quos
3443 5141 3655 5213 reliqui

2005 5236 2339 5306 chronologi
2358 5233 2641 5291 differunt
2655 5230 2724 5284 ad
2744 5241 2959 5284 annum
2977 5229 3302 5297 proximum
3317 5244 3348 5285 a
3363 5230 3659 5286 bissextili

2004 5337 2131 5377 seras
2157 5322 2374 5377 Christi
2402 5317 2729 5375 communis
2747 5315 2838 5371 29.
2859 5317 2941 5371 Ita
2970 5329 3103 5371 vero
3126 5331 3159 5373 a
3186 5332 3274 5374 me
3293 5320 3665 5375 demonstra-

2006 5417 2127 5467 tum
2158 5407 2342 5464 fuisse
2364 5405 2568 5478 judico
2601 5402 2660 5457 in
2690 5404 3100 5460 dissertatione
3130 5404 3407 5463 indicata.

2076 5499 2315 5554 Cbnstai.
2380 5496 2521 5550 duos
2592 5490 2781 5545 Sestos
2852 5494 3119 5557 consules,
3189 5495 3421 5552 Sextum
3490 5495 3665 5548 Ροιῃ-

2011 5589 2201 5661 peium
2258 5594 2314 5643 et
2353 5587 2591 5642 Sextum
2644 5579 2953 5651 Apuleium
3006 5582 3144 5654 (quo
3192 5597 3345 5641 anno
3394 5579 3664 5639 historici

229 5683 353 5738 dem
386 5696 540 5740 anno
570 5678 1030 5737 immolationem
1061 5679 1205 5749 Λςηί
1238 5679 1307 5734 ad
1342 5692 1631 5749 vesperam
1660 5680 1780 5735 diei
1827 5678 1899 5734 26
1934 5672 1986 5732 D
2010 5691 2205 5734 omnes
2222 5672 2570 5744 consignant
2590 5674 2823 5725 mortem
2846 5671 3113 5744 Augusti,
3136 5671 3390 5729 Velleius
3417 5667 3663 5731 scilicet,
