3996 6392
342 393 436 456 434

1141 398 1237 454 ΑΙ)
1263 397 1700 456 ANASTASIUM
1737 393 2256 453 PROLEGOMENA
2309 396 2485 454 EDIT.
2537 397 2965 456 ROM.—VAT1C.

3655 396 3773 458 432

338 521 596 593 Tacitus,
643 520 976 585 Suetonius,
1021 519 1130 576 Dio
1173 519 1499 592 cazterique)
1541 521 1760 577 distare
1802 515 1989 586 spatio
2016 509 2076 568 A
2107 511 2364 576 indicato
2421 519 2706 577 Orcadum
2764 521 3086 578 insularum
3157 519 3403 591 spectari
3463 520 3766 577 debuisse.

339 623 622 666 annorum
665 609 998 680 quindecim
1043 622 1077 664 a
1121 610 1333 664 duobus
1373 611 1612 666 Geminis
1653 606 1987 666 consulibus,

336 698 497 754 Fuﬁo
527 696 768 752 Gemino
794 703 853 752 ct
882 697 1150 754 Rubellio
1179 697 1442 754 Gemino.
1473 697 1658 753 Series
1691 696 1844 752 enim
1877 707 1990 748 non

339 787 663 856 interrupta
711 786 958 842 istorum
992 786 1326 856 quindecim
1357 799 1641 842 annorum
1687 785 1900 856 legitur
1930 782 1989 836 in

334 879 638 933 Fastorum
665 875 1142 946 Collectionibus,
1177 891 1304 947 qua:
1335 877 1578 932 resultat
1605 877 1780 931 etiam
1810 889 1878 930 ex
1910 872 1993 928 hi-

338 965 576 1022 storicis
597 965 786 1022 aetatis
806 965 1075 1038 Augusti.
1101 967 1244 1022 Nam
1265 965 1540 1036 Velleius,
1572 965 1672 1036 qui
1694 965 1881 1020 Marco
1901 962 1993 1018 Vi-

334 1054 496 1112 nicio
522 1055 775 1126 eonsuli,
810 1061 938 1125 post
960 1056 1108 1112 duos
1134 1055 1392 1127 geminos
1422 1067 1638 1110 annum
1663 1053 1989 1124 proximum

333 1145 642 1216 aperienti,
675 1158 846 1202 suum
885 1159 1032 1215 opus
1063 1149 1378 1214 nuncupat,
1411 1157 1541 1199 cum
1585 1141 1723 1197 libr.
1765 1156 1829 1210 ιι,
1863 1155 1986 1210 cap.

337 1230 462 1305 423,
492 1235 743 1304 Pompeio
763 1234 1104 1303 Apuleioque
1131 1233 1443 1287 consulibus
1466 1230 1716 1302 Augusti
1750 1232 1990 1284 mortem

337 1323 652 1394 retulisset,
679 1327 736 1378 et
756 1321 996 1378 initium
1025 1321 1256 1392 imperii
1279 1319 1518 1390 Tiberii,
1541 1331 1665 1388 cap.
1697 1314 1819 1387 426,
1842 1317 1990 1385 ejus-

332 1411 462 1468 dem
493 1411 634 1468 libri
686 1411 915 1466 sedecim
945 1425 1118 1465 annos
1157 1411 1372 1466 diserte
1420 1409 1554 1464 inde
1601 1411 1872 1464 numerat
1916 1405 1986 1460 ad

335 1501 628 1558 consulem
659 1500 976 1556 Vinicium.
1009 1498 1352 1566 Quindecim
1385 1503 1682 1567 propterea
1721 1495 1927 1551 statuit
1955 1508 1988 1550 a

334 1589 564 1647 duobus
584 1589 774 1646 Sextis
794 1588 864 1644 ad
897 1589 1044 1644 duos
1073 1587 1369 1656 Geminos,
1391 1601 1535 1658 quos
1559 1585 1827 1640 Vinicius
1844 1597 1990 1639 con-

334 1679 589 1734 tinenter
630 1677 1028 1748 consequitur.
1075 1677 1262 1746 Quare
1304 1675 1356 1730 si
1401 1675 1509 1728 duo
1551 1675 1704 1728 Sexti
1743 1671 1988 1726 consules

333 1767 631 1838 pertinent
654 1767 724 1822 ad
764 1780 980 1822 annum
1020 1779 1146 1820 aarae
1183 1763 1400 1820 Christi
1433 1762 1691 1832 vulgaris
1723 1761 1991 1815 decimum

333 1865 612 1926 quartum,
664 1857 772 1911 duo
816 1856 1030 1910 Gemini
1071 1859 1209 1910 sunt
1249 1851 1572 1908 necessario
1609 1849 1988 1919 componendi

331 1960 463 2004 cum
493 1959 646 2004 anno
675 1947 928 2015 ejusdem
961 1958 1086 2000 aera:
1116 1940 1206 2010 29,
1243 1941 1329 1998 uti
1362 1954 1562 1997 omnes
1602 1939 1720 1996 fere
1749 1939 1992 1995 chrono-

329 2037 447 2107 logi
469 2036 716 2107 pariant.
739 2035 874 2092 Sine
891 2036 1000 2089 duo
1025 2034 1179 2089 Sexti
1199 2035 1320 2089 sint
1339 2032 1633 2088 evidenter
1654 2027 1982 2085 retrahendi

329 2139 459 2182 cum
491 2128 672 2181 morte
699 2125 945 2196 Augusti
977 2123 1046 2178 ad
1079 2135 1294 2178 annum
1317 2135 1443 2176 tera;
1463 2118 1810 2189 communis,
1833 2117 1983 2172 Chri-

327 2217 402 2270 sti
427 2215 574 2277 ΧΠΙ,
617 2212 994 2282 consequitur
1020 2215 1077 2266 et
1105 2212 1242 2266 duos
1287 2198 1538 2265 Geminos
1583 2207 1868 2278 pertinere
1911 2206 1980 2260 ad

328 2321 537 2360 annum
567 2303 896 2358 bissemtile-m
923 2299 1013 2372 28,
1045 2301 1131 2356 uti
1157 2299 1452 2356 Victorius
1483 2296 1812 2354 constituit.
1845 2297 1984 2349 Esse

329 2401 520 2452 autem
551 2393 634 2448 ita
664 2391 1038 2447 retrahendos
1065 2390 1213 2445 duos
1244 2393 1434 2444 sextos
1463 2387 1732 2443 consules
1770 2391 1827 2440 et
1856 2384 1984 2440 Au-

330 2483 488 2556 gusti
535 2485 770 2537 mortem
814 2479 884 2535 ad
930 2491 1145 2534 annum
1209 2474 1276 2532 43
1318 2491 1444 2532 aeria
1503 2475 1868 2544 Christianae,
1913 2486 1983 2527 ex

329 2571 660 2628 charactere
689 2567 966 2639 temporis
997 2567 1058 2622 in
1079 2565 1283 2622 Dionis
1299 2565 1554 2620 Historia
1569 2563 1749 2619 relato
1767 2563 1832 2618 ﬁt
1854 2562 1983 2616 evi—

328 2662 490 2718 dens.

398 2752 508 2807 Dio
551 2749 702 2806 libro
730 2762 818 2804 LVI
854 2747 1006 2802 inter
1043 2744 1307 2816 prodigia
1352 2757 1476 2816 qua!
1505 2748 1560 2798 et
1605 2741 1978 2813 prmjudicata

326 2840 486 2912 vulgi
512 2839 787 2910 opinione
807 2851 873 2892 ac
895 2834 1313 2904 superstitione
1330 2837 1566 2888 mortem
1585 2829 1832 2902 Augusti
1853 2842 1980 2899 por-

2174 606 2319 676 Quis
2351 609 2546 681 itaque
2574 625 2779 683 negare
2811 611 2995 681 possit
3034 611 3418 666 characterem
3450 610 3605 665 hune
3636 624 3768 666 cae-—

2104 696 2339 754 lestium
2372 705 2658 770 motuum,
2689 701 2894 756 Dionis
2917 701 2976 756 in
3009 699 3264 756 Historia
3291 700 3508 755 diserte
3538 713 3768 754 memo—

2104 791 2293 843 ratum
2361 787 2621 845 indicare
2673 790 2969 845 evidenter
3021 789 3386 846 consulatum
3445 788 3766 859 utriusque

2101 874 2257 931 Sexti
2289 889 2414 932 esse
2444 877 2786 948 pariandum
2813 893 2943 934 cum
2973 891 3124 934 anno
3153 877 3414 950 vulgaris
3440 891 3567 932 aera:
3597 879 3765 932 tertio

2103 965 2356 1020 decimo?
2401 967 2646 1036 duosque
2693 968 2943 1022 Geminos
2985 981 3110 1024 esse
3151 967 3572 1037 componendas
3621 979 3762 1022 cum

2101 1065 2254 1109 anno
2282 1053 2576 1110 hissextili
2606 1056 2863 1126 ejusdem
2893 1070 3020 1111 aarae
3045 1053 3136 1125 28,
3171 1056 3259 1111 uti
3287 1055 3583 1113 Victorius
3608 1067 3764 1111 con—

2100 1141 2346 1197 stituit?

2171 1229 2403 1299 Quaeres
2435 1247 2570 1289 num
2598 1232 2830 1290 duobus
2857 1233 3118 1291 Geminis
3144 1233 3484 1290 consulibus
3515 1245 3615 1304 per
3640 1246 3763 1288 an—

2101 1332 2237 1374 num
2271 1321 2557 1393 retractis,
2601 1323 2782 1379 series
2814 1336 3046 1394 quoque
3077 1323 3383 1378 consulum
3418 1322 3761 1393 praeceden—

2099 1405 2247 1463 tium
2280 1423 2466 1480 usque
2488 1411 2559 1466 ad
2577 1411 2900 1466 Caesariana
2925 1415 3033 1466 tem
3045 1425 3182 1482 pora
3197 1411 3248 1467 si
3268 1410 3623 1467 tantumdem
3651 1410 3762 1465 in-

2099 1488 2276 1553 simul
2322 1499 2709 1555 retrahenda‘?
2741 1499 2801 1555 Id
2834 1513 2966 1556 vero
2998 1504 3187 1569 ipsum
3219 1499 3553 1555 asserimus.
3593 1497 3756 1567 Quin

2099 1584 2272 1640 etiam
2303 1601 2512 1643 novum
2543 1593 2944 1660 argumentum
2973 1602 3040 1644 ac
3069 1590 3579 1644 demonstrationem
3611 1600 3760 1657 pro—

2096 1673 2131 1728 d
2142 1674 2369 1731 ucimus
2383 1676 2666 1745 ejusmodi
2683 1677 3124 1734 retrocessionis
3137 1678 3462 1734 necessario
3476 1676 3545 1732 ad
3556 1674 3760 1730 hiben-

2095 1763 2182 1818 da;
2227 1763 2286 1818 in
2331 1764 2715 1834 disponendis
2743 1766 3150 1822 consulatibus
3193 1767 3253 1822 C.
3295 1766 3438 1822 Julii
3467 1763 3750 1822 Caasaris:

2097 1854 2266 1922 cujus
2295 1868 2482 1910 comes
2514 1855 2855 1912 individuus
2875 1855 3269 1926 expeditionis
3291 1855 3618 1925 Hispanicae
3636 1854 3757 1911 Au-

2099 1943 2190 2016 lus
2216 1943 2460 2015 Hirtius,
2484 1944 2751 2014 idemque
2769 1945 3088 2000 historicus
3104 1944 3620 2015 diligentissimus,
3646 1957 3756 2014 per

2094 2032 2220 2088 dies
2249 2032 2514 2104 singulos
2551 2046 2898 2090 enumerans
2935 2033 3269 2089 obsidiones
3313 2033 3658 2102 oppidorum
3681 2039 3756 2105 et

2096 2121 2375 2176 militaria
2407 2126 2562 2192 gesta
2591 2122 2685 2178 sui
2714 2122 3098 2192 imperatoris,
3131 2122 3427 2177 ministrat
3451 2122 3511 2178 in
3535 2122 3752 2176 castris

2093 2211 2243 2280 apud
2271 2211 2555 2280 Hispalim
2581 2211 2754 2266 motis
2785 2211 2880 2266 die
2906 2224 2969 2265 Ili
2994 2213 3178 2266 Nonas
3202 2213 3416 2276 Martii,
3447 2210 3587 2266 hora
3617 2211 3754 2266 cir-

2092 2297 2238 2354 citer
2259 2304 2415 2353 searta
2432 2303 2701 2353 nocturna
2728 2298 2958 2368 quando
2982 2297 3121 2354 luna
3151 2305 3453 2368 conspecta
3473 2296 3609 2368 fuit,
3640 2298 3756 2354 in—

2091 2385 2314 2442 dicium
2338 2385 2708 2442 manifestum
2735 2386 2895 2455 anni,
2925 2400 3094 2456 quem
3124 2391 3326 2441 vocant
3355 2384 3748 2456 confusionis,

2093 2475 2360 2544 pariandi
2390 2489 2520 2530 cum
2551 2475 2656 2530 hac
2686 2474 3050 2543 expeditione
3074 2474 3478 2544 Hispaniensi:
3514 2480 3570 2530 et
3597 2474 3752 2529 alli—

2091 2565 2265 2636 gandi
2283 2577 2499 2620 annum
2516 2564 2758 2620 Caesaris
2796 2563 3172 2620 emortualem
3196 2578 3327 2620 cum
3353 2563 3597 2621 Julianze
3621 2578 3752 2620 cor-

2091 2653 2366 2709 rectionis
2394 2653 2581 2723 primo
2610 2658 2742 2708 ante
2770 2667 2940 2709 seram
2969 2653 3188 2710 Christi
3221 2651 3290 2708 45
3311 2671 3326 2724 ;
3351 2653 3503 2710 unde
3531 2665 3750 2708 cense-

2090 2742 2294 2810 quitur
2327 2747 2384 2798 et
2407 2743 2554 2799 duos
2591 2742 2789 2798 Sextos
2822 2742 3082 2798 obtinere
3107 2745 3332 2797 tertium
3363 2741 3652 2802 decimum,
3683 2745 3750 2796 et

2086 2831 2232 2886 duos
2242 2831 3069 2888 Geminosduodetricesimum
3091 2846 3215 2887 aera:
3235 2831 3513 2902 vulgaris.
3527 2829 3746 2885 Fusius

326 2930 560 2986 tendere
588 2927 986 2996 credebantur,
1017 2925 1186 2980 Sexto
1215 2921 1461 3024 Apuleio
1490 2921 1758 3024 etHSexto
1802 2920 1978 3024 Pom-
2005 2961 2054 3024 Ο
2090 2919 2530 3021 haecdisputata
2559 2926 2615 2976 et
2645 2921 2716 2976 ab
2745 2921 2901 2976 omni
2927 2919 3267 2976 difﬁcultate
3291 2920 3556 2990 expedita
3583 2919 3741 2990 leges

327 3021 461 3092 peio
493 3016 854 3086 consulibus,
889 3017 1188 3070 enumerat
1226 3011 1455 3068 totalem
1485 3008 1748 3079 eclipsim
1791 3007 1970 3064 solis:

323 3111 488 3166 Anno
514 3107 844 3176 insequenti,
887 3104 990 3173 ait,
1032 3104 1192 3159 Semto
1230 3101 1488 3171 Apuleio,
1533 3099 1694 3153 Sexto
1723 3099 1974 3166 Pompeio

325 3198 659 3261 consulibus,
680 3197 742 3249 in
761 3193 1120 3262 Campaniam
1133 3192 1414 3260 profectus
1434 3187 1742 3255 Augustus,
1771 3185 1976 3240 exhibi-

325 3293 377 3342 to
403 3287 634 3356 Neapoli
674 3283 1001 3354 spectaculo,
1031 3281 1184 3338 Nolae
1209 3281 1374 3334 morti
1403 3279 1680 3332 concessit.
1713 3276 1975 3341 Prodigia

324 3392 446 3446 quae
481 3377 544 3430 id
583 3376 632 3428 ei
669 3373 1030 3444 pradicerent
1055 3385 1230 3438 neque
1256 3369 1504 3430 minima,
1541 3381 1714 3434 neque
1747 3365 1975 3418 obscura

326 3468 632 3520 euenerant.
681 3477 777 3518 sor.
806 3474 977 3516 rorus
1017 3471 1344 3513 panaceam.
1392 3455 1522 3511 Ὅτε
1566 3452 1661 3525 γὰρ
1703 3455 1842 3521 ἥλιος
1879 3454 1974 3511 πᾶς

326 3554 534 3624 ἐξέλιπε,
557 3558 665 3608 etc.
696 3552 946 3621 Torquet
984 3547 1214 3619 ingenia
1242 3545 1724 3616 chron010gorum
1759 3541 1976 3612 pariter

323 3649 380 3700 et
409 3648 872 3699 astronomorum
901 3637 1182 3708 eclipseos
1210 3636 1386 3690 istius
1411 3632 1708 3704 indagatio
1735 3644 1834 3702 per
1862 3643 1978 3686 an—

324 3747 462 3788 num
507 3735 767 3802 quartum
809 3730 1076 3783 decimum
1116 3740 1242 3780 aera:
1281 3723 1628 3779 Christinaiz
1663 3735 1779 3792 quo
1821 3723 1974 3776 certe

325 3823 486 3876 nulla
525 3820 809 3891 ejusmodi
855 3816 1092 3886 eclipsis
1125 3817 1294 3884 juxta
1334 3825 1708 3884 quascunque
1745 3809 1972 3868 tabulas

323 3910 642 3966 ccclestium
687 3913 947 3962 motuum
976 3903 1225 3972 spectari
1268 3902 1477 3972 potuit.
1510 3901 1584 3956 At
1611 3901 1663 3956 si
1697 3901 1844 3955 hanc
1891 3901 1975 3954 in-

325 4000 565 4070 quirant
601 3997 768 4066 juxta
809 3993 1033 4048 easdem
1078 3990 1306 4046 tabulas
1349 4003 1498 4045 anno
1543 3987 1802 4058 vulgaris
1847 4001 1974 4041 aera;

324 4088 483 4140 tertio
513 4085 736 4153 decimo,
772 4079 1033 4136 collectis
1073 4078 1332 4134 numeris
1358 4080 1704 4150 cognoscent
1733 4074 1974 4129 eviden—

324 4181 429 4243 ter,
460 4173 557 4228 die
585 4169 898 4240 28Aprilis
916 4167 1196 4225 defectum
1230 4168 1375 4224 solis
1399 4167 1456 4220 in
1488 4163 1760 4234 pluribus
1781 4163 1975 4216 Euro—-

326 4277 409 4333 pa:
441 4261 756 4334 provinciis
785 4258 1151 4329 spectabilem
1182 4255 1516 4324 contigisse,
1545 4253 1685 4304 dum
1715 4252 1972 4318 vergeret

325 4353 394 4408 ad
425 4365 710 4408 occasum.
741 4348 994 4405 Totalem
1022 4347 1174 4402 disci
1207 4340 1670 4400 obscurationem
1716 4335 1837 4392 sole
1867 4351 1974 4391 oe—

322 4442 548 4497 cidente
567 4440 750 4495 visam
781 4437 972 4506 parvis
994 4433 1211 4488 insulis
1241 4430 1313 4483 ab
1337 4440 1544 4482 occasu
1568 4425 1970 4495 adjacentibus

321 4529 634 4585 Britanniae
678 4527 832 4578 circa
863 4521 1147 4576 borealem
1193 4520 1490 4572 Scotorum
1539 4519 1805 4586 tractum,
1838 4516 1971 4570 dis-

319 4624 452 4675 cent
479 4631 549 4672 ex
591 4611 1005 4682 supputatione
1035 4621 1100 4661 ac
1135 4606 1547 4676 diagrammate
1579 4603 1636 4657 in
1681 4604 1965 4658 disserta—

319 4709 479 4764 tione
499 4709 692 4760 nostra
713 4699 891 4755 relato
918 4715 930 4750 :
959 4695 1209 4752 similem
1227 4692 1396 4748 alteri
1418 4693 1620 4762 eclipsi
1644 4693 1966 4762 spectandae

319 4798 416 4853 die
442 4795 514 4852 22
537 4793 696 4864 Maii,
725 4802 878 4846 anno
910 4783 1068 4855 4724,
1101 4785 1220 4841 sole
1249 4785 1465 4854 pariter
1485 4783 1798 4852 occidente,
1833 4797 1969 4852 spe-

322 4885 640 4940 ctatoribus
658 4879 869 4952 positis
901 4877 958 4933 in
983 4876 1177 4932 littore
1235 4872 1479 4929 occiduo
1515 4872 1784 4952 Etruriae,
1812 4873 1968 4926 circa

325 4948 764 5028 Liburnum.—Ex
793 4968 997 5024 iisdem
1019 4963 1257 5019 Tabulis
1277 4948 1966 5032 Cassinianis,‘Hirianis,

323 5061 785 5116 Bononiensibus
800 5063 856 5113 et
871 5053 1224 5111 Britannicis
1248 5055 1492 5122 utraque
1511 5049 1750 5120 eclipsis
1771 5048 1970 5104 totalis

326 5151 561 5218 perinde
579 5149 880 5218 colligitur
901 5166 916 5201 :
941 5161 1068 5218 qum
1091 5142 1376 5214 partialis,
1397 5146 1463 5197 ut
1481 5153 1708 5196 necesse
1727 5144 1815 5195 est
1833 5152 1970 5194 eve—

326 5237 470 5300 nire,
495 5237 674 5293 fuerit
689 5242 970 5292 terrarum
993 5233 1277 5290 tractibus
1297 5232 1354 5286 in
1372 5229 1588 5286 vicinia
1608 5230 1814 5299 positis
1831 5229 1966 5283 Bri-

223 5325 226 5329 λ
322 5325 557 5394 tanniae,
591 5323 888 5380 inferioris
916 5324 1256 5394 Germanias,
1287 5320 1490 5377 Galliae
1519 5333 1586 5375 ac
1610 5317 1956 5388 Lusitaniae;

322 5413 419 5468 sed
453 5412 656 5482 phases
686 5411 950 5482 partialis
977 5411 1284 5469 observatis
1317 5411 1410 5465 his
1457 5409 1512 5462 in
1556 5408 1830 5479 regionis,
1865 5412 1961 5462 to—

285 5509 288 5512 ’
321 5499 490 5556 talem
519 5501 915 5557 demonstrant
940 5500 1001 5556 in
1027 5501 1287 5570 proximo
1321 5497 1553 5554 climate
1589 5511 1654 5551 ac
1680 5495 1956 5550 meriiano

2089 3007 2148 3063 in
2165 3008 2574 3064 dissertatione
2595 3017 2790 3064 nostra
2809 3014 3137 3079 memorata,
3163 3009 3224 3064 in
3248 3022 3363 3078 qua
3386 3008 3591 3063 horum
3615 3020 3746 3062 coe—

2087 3096 2320 3152 lestium
2349 3103 2606 3153 motuum
2632 3103 2805 3166 atque
2827 3097 3133 3166 eclipsium
3159 3096 3418 3152 calculos
3445 3099 3738 3166 accurate,

2087 3190 2152 3240 ut
2187 3200 2375 3256 spero,
2407 3185 2724 3241 subductos
2749 3185 3064 3240 ostendam.

2155 3274 2432 3330 Constant
2456 3273 2636 3344 igitur
2662 3274 2720 3328 in
2742 3273 3116 3343 chronologia
3144 3273 3388 3327 Victorii
3417 3286 3483 3328 ac
3513 3278 3742 3346 nostra,

2084 3363 2459 3433 consignante
2481 3360 2626 3417 feria
2654 3374 2711 3430 v,
2737 3361 2834 3416 die
2857 3359 2928 3416 25
2955 3359 3150 3415 Martii
3169 3358 3412 3430 Juliani,
3439 3373 3591 3416 anno
3608 3376 3743 3416 tera)

2085 3451 2341 3523 vulgaris
2355 3449 2427 3506 28
2447 3464 2627 3520 eoque
2644 3448 2962 3518 bissextili,
2981 3445 3208 3504 duobus
3228 3436 3490 3503 Ge'minis
3511 3461 3746 3504 consu—

2085 3541 2242 3597 libus
2259 3554 2478 3600 cmnam
2494 3540 2852 3597 Dominicam
2872 3544 2930 3594 et
2951 3537 3238 3608 passionis
3257 3537 3582 3609 exordium,
3599 3539 3746 3594 die-
3793 3577 3797 3579 λ

2085 3646 2200 3704 que
2237 3632 2500 3702 proximo
2532 3627 2603 3686 26
2642 3629 2858 3698 Martii,
2899 3627 3044 3684 feria
3073 3640 3152 3696 v1,
3203 3625 3636 3682 cruciﬁxionem
3667 3642 3741 3684 ac

2087 3728 2324 3779 mortem
2341 3721 2592 3793 Domini,
2620 3725 2869 3792 quatuor
2892 3718 2980 3774 illi
2999 3717 3355 3773 characteres
3371 3717 3554 3773 amice
3569 3731 3741 3774 com—

2084 3811 2256 3883 positi
2283 3831 2296 3868 :
2319 3827 2466 3883 quos
2491 3813 2548 3867 in
2570 3811 2752 3867 dilato
2769 3809 3142 3882 Geminorum
3163 3807 3405 3878 collegio
3421 3807 3489 3861 ad
3512 3821 3732 3863 annum

2081 3901 2154 3958 29
2183 3901 2400 3957 frustra
2433 3900 2803 3970 requirebant
2843 3895 3202 3967 chronologi,
3234 3896 3382 3950 duos
3412 3895 3640 3951 scilicet
3671 3896 3733 3951 in

2083 3990 2302 4045 sanctis
2331 3987 2656 4058 Evangeliis
2685 3986 2886 4041 divina
2916 3984 3027 4038 ﬁde
3056 3983 3310 4038 ﬁrmatos
3341 3984 3637 4038 Paschatis
3666 3997 3735 4039 ac

2081 4077 2398 4145 Passionis,
2425 4088 2600 4130 ciente
2622 4080 2680 4128 et
2708 4072 2983 4127 feriarum
3015 4086 3049 4126 v
3071 4076 3130 4126 et
3157 4085 3212 4126 v1
3244 4085 3376 4128 cum
3405 4073 3530 4142 ejus
3559 4071 3736 4127 initio

2083 4177 2149 4218 ac
2179 4163 2424 4217 termino
2453 4161 3012 4230 componendarum;
3053 4159 3200 4215 duos
3233 4174 3362 4216 vero
3392 4175 3426 4215 a
3466 4159 3734 4215 Patribus

1998 4283 2053 4344 D
2081 4251 2236 4306 aetati
2267 4248 2596 4320 apostolicae
2617 4247 2917 4318 proximis,
2945 4253 3002 4302 et
3029 4261 3063 4302 a
3089 4248 3458 4320 chronologis
3485 4248 3736 4318 peritio—

2083 4339 2246 4395 ribus
2267 4352 2396 4394 cum
2422 4338 2679 4393 Victorio
2701 4342 3059 4405 memoratos,
3085 4337 3204 4392 diei
3232 4336 3460 4392 scilicet
3478 4334 3550 4392 25
3574 4336 3736 4392 Mar-

2080 4428 2152 4483 tii
2179 4440 2308 4482 cum
2330 4439 2491 4481 caena
2509 4423 2832 4494 Dominica,
2860 4427 2918 4478 et
2939 4423 3176 4479 exordio
3199 4424 3509 4493 passionis,
3531 4428 3587 4478 et
3609 4424 3733 4478 diei

2077 4515 2148 4572 26
2171 4515 2426 4582 ejusdem
2451 4513 2665 4568 mensis
2686 4527 2816 4568 cum
2843 4511 3111 4568 aﬁixione
3129 4512 3523 4581 Redemptoris
3545 4511 3730 4567 nostri

2080 4607 2138 4660 in
2161 4619 2348 4672 cruce,
2377 4607 2434 4658 et
2452 4608 2844 4658 consummata
2869 4603 3134 4672 passione
3157 4601 3580 4670 componendae.

2149 4693 2248 4749 His
2279 4705 2408 4747 vero
2437 4690 3037 4746 animadversionibus
3059 4690 3314 4760 Catalogi
3349 4689 3530 4744 nostri
3565 4689 3734 4745 chro-

2079 4782 2366 4853 nologiam
2395 4780 2468 4835 ab
2507 4779 2721 4849 epocha
2755 4779 3044 4848 passionis
3083 4778 3361 4834 similiter
3390 4777 3730 4848 consignata

2081 4871 2368 4928 illustrari
2393 4875 2448 4926 et
2477 4868 2836 4938 comprobari
2863 4868 3234 4924 conﬁdimus.

2150 4961 2354 5014 Essent
2380 4971 2610 5029 quoque
2633 4961 2779 5012 nota:
2801 4955 3142 5012 adhibenda:
3171 4956 3240 5010 ad
3271 4955 3498 5025 aliquot
3527 4957 3730 5024 ponti-

2081 5050 2250 5104 ﬁcum
2283 5047 2365 5102 ibi
2397 5047 2830 5116 recensitorum,
2853 5051 2909 5100 et
2934 5046 3004 5100 ad
3033 5045 3379 5099 omissorum
3401 5057 3570 5098 teram
3597 5049 3730 5100 sta-

2078 5137 2414 5192 biliendam.
2463 5137 2669 5191 Verum
2712 5135 2838 5190 suis
2870 5135 3012 5188 locis
3046 5134 3242 5203 aptius
3285 5131 3730 5188 collocabantur

2077 5226 2162 5280 vel
2191 5225 2573 5295 disponentur
2615 5225 2676 5279 in
2705 5223 3113 5279 dissertatione
3150 5224 3216 5276 de
3251 5223 3523 5288 Catalogis
3567 5225 3731 5276 anti—

2075 5316 2197 5383 quis
2216 5317 2536 5383 pontificum
2565 5315 2947 5374 Romanorum,
2980 5325 3151 5382 quam
3185 5311 3358 5380 paulo
3387 5307 3540 5364 infra
3568 5313 3730 5366 atte-

2069 5417 2219 5470 xam,
2255 5408 2382 5471 post
2407 5401 2568 5457 illam
2598 5417 2726 5472 qua:
2746 5414 2779 5458 a
2805 5400 3050 5471 praesule
3077 5398 3486 5456 Schelestratio
3517 5403 3726 5468 peten-

2067 5494 2140 5548 da
2169 5496 2272 5545 est.
