3996 6396
449 405 550 466 447

1217 405 1312 462 ΑΒ
1350 403 1785 461 ANASTASIUM
1824 402 2338 461 PROLEGOMENA
2374 403 2552 459 EDIT.
2592 401 3040 460 ROM.-VATIC.

3754 399 3858 460 448

447 539 3838 566 MM

1485 657 2110 832 FRANCISCI
2196 727 2846 832 BLANCHINI

1828 951 2470 1016 ADNOTATIONES

523 1141 635 1205 Ad
666 1139 1027 1222 Catalogos
1053 1139 1459 1221 superiores,
1485 1154 1740 1201 necnon
1765 1137 1856 1199 ad
1875 1135 2248 1217 specimina
2272 1136 2634 1216 scriptum
2655 1138 2938 1202 secundi
2963 1137 3404 1215 Corbeiensz’s,
3437 1141 3501 1201 et
3531 1137 3780 1200 codicis

1717 1233 2158 1311 Famesiam’,
2193 1233 2360 1297 libri
2388 1237 2590 1298 Ροηί.

517 1599 763 1658 Consilii
797 1603 981 1658 nostri
1008 1603 1155 1659 ratio
1192 1602 1474 1659 reddenda
1501 1607 1604 1671 est,
1641 1616 1745 1657 cur
1778 1600 2001 1656 scilicet
2038 1612 2106 1654 ex
2143 1599 2434 1658 Attalicis
2471 1603 2757 1660 ﬁdendum
2799 1619 2921 1659 esse
2951 1604 3240 1674 colligam,
3265 1608 3323 1659 et
3354 1603 3694 1659 nominatim
3724 1602 3865 1658 huic

459 1690 727 1761 pluribus
749 1693 1010 1763 antiquis
1031 1693 1319 1762 CataIOgis
1342 1692 1673 1762 pontiﬁcum
1697 1692 2101 1746 Romanorum:

453 1796 597 1852 quos
622 1781 918 1852 proferunt
937 1783 1150 1839 eruditi
1167 1783 1496 1852 scriptorcs,
1519 1795 1613 1836 eos
1631 1796 1752 1836 esse
1768 1781 2103 1850 deligendos

453 1872 793 1942 putaverim,
829 1886 972 1942 quos
1019 1873 1112 1926 hic
1145 1871 1361 1927 inserui
1409 1875 1526 1926 tres
1561 1885 1759 1940 nempe
1799 1885 1830 1925 a
1867 1869 2100 1925 Schele-

445 1961 671 2026 stratio,
711 1962 858 2016 duos
899 1976 926 2016 a
960 1961 1294 2016 Mabillonio
1326 1960 1556 2030 petitos.
1591 1960 1830 2032 Congeri
1867 1959 2098 2030 quidem

451 2049 892 2118 poterantmulti
909 2049 1120 2118 plures,
1135 2050 1184 2105 si
1203 2050 1434 2104 animus
1446 2047 1655 2105 fuisset
1670 2049 2096 2119 multiplicitati

445 2139 678 2194 studere
700 2138 893 2208 potius
922 2152 1091 2210 quam
1123 2138 1394 2194 delectui.
1419 2140 1498 2194 Ex
1530 2139 1844 2208 appendice
1864 2139 2100 2196 Schele—

443 2227 634 2283 stratii
658 2227 726 2282 ad
750 2242 896 2298 opus
916 2227 1387 2300 chronologicum
1415 2232 1544 2283 octo
1575 2229 1790 2284 diversi
1825 2232 2098 2299 suppete—

443 2316 600 2386 bant,
625 2332 769 2388 quos
805 2317 906 2372 ille
938 2317 1217 2372 distinxit
1254 2317 1514 2371 numeris
1543 2316 1595 2384 6,
1637 2313 1722 2384 l8,
1755 2315 1844 2385 22,
1876 2316 1966 2378 ‘26.
2003 2315 2094 2388 27,

442 2404 533 2477 29,
557 2404 648 2471 34,
670 2404 759 2475 32,
795 2420 862 2461 ex
883 2405 1178 2460 Vaticanis
1207 2404 1510 2460 codicibus
1532 2404 1896 2460 bibliotheca
1928 2407 2102 2461 Pala—

444 2495 600 2561 tina,
629 2495 928 2549 Urbinatis
946 2492 1368 2560 Alexandrina,
1392 2492 1643 2562 aliisque
1667 2507 1764 2562 per
1787 2495 1972 2563 ipsum
2001 2495 2100 2549 in-

447 2583 678 2639 dicatis.
721 2584 842 2637 Non
870 2582 1105 2636 deerant
1136 2581 1195 2637 in
1239 2581 1557 2637 Galliarum
1601 2582 1816 2650 pluteis
1842 2583 2097 2654 Catalogi

448 2670 812 2742 spectabiles,
854 2676 1056 2740 prater
1085 2671 1231 2725 duos
1261 2684 1290 2724 a
1325 2669 1664 2726 Mabillonio
1701 2673 2097 2743 transcriptos,

445 2773 575 2817 cum
598 2759 768 2815 unica
790 2758 1142 2814 bibliotheca
1161 2758 1487 2814 Colbertina
1516 2766 1642 2815 octo
1661 2761 1918 2816 diversos
1938 2761 2103 2817 mini-

446 2849 718 2906 straverit
746 2848 940 2920 Pagio,
963 2862 1203 2904 excusos
1236 2849 1294 2903 in
1323 2850 1572 2904 secunda
1598 2849 1852 2905 editione
1875 2851 2102 2906 Critica

2216 1691 2597 1762 Bergomensi,
2635 1696 2907 1750 Romanis
2938 1695 3060 1749 illis
3101 1694 3428 1764 archetypis
3459 1700 3628 1749 tanta
3659 1699 3869 1748 aucto—

2215 1782 2406 1836 ritatis
2441 1784 2699 1852 apprime
2722 1784 3131 1853 respondenti';
3157 1783 3254 1839 ubi
3288 1789 3509 1839 constet
3548 1796 3868 1838 consensus

2210 1870 2472 1927 codicum
2499 1878 2579 1928 tot
2614 1877 2744 1927 ante
2765 1872 2974 1928 sacula
3004 1871 3420 1942 descriptorum
3443 1886 3572 1928 cum
3607 1871 3870 1926 numeris

2209 1961 2624 2030 superstitibus
2644 1963 3124 2018 monimentorum
3149 1962 3466 2018 illustrium
3483 1964 3745 2017 Romana
3763 1961 3872 2014 Ec-

2208 2050 2416 2120 clesia,
2451 2065 2513 2106 ea
2539 2066 2650 2122 qua
2691 2053 2813 2108 dixi
2847 2057 3011 2108 atate
3053 2052 3394 2121 positorum.
3426 2051 3715 2106 Delectum
3756 2062 3874 2104 n0—

2207 2144 2389 2195 strum
2421 2141 2644 2212 egregie
2662 2141 3025 2197 conﬁrmabit
3060 2154 3375 2198 consensus
3409 2139 3575 2210 plane
3606 2137 3876 2194 admira—

2205 2227 2348 2284 bilis
2384 2230 2630 2286 duorum
2676 2232 3005 2288 Italicorum
3053 2233 3316 2288 codicum
3358 2234 3414 2286 et
3465 2229 3873 2300 Catalogorum

2207 2317 2346 2372 huic
2385 2317 2647 2375 afﬁnium
2682 2321 2865 2389 pretio
2901 2321 3276 2391 antiquitatis
3319 2324 3375 2375 et
3413 2319 3631 2375 vicinia
3672 2317 3874 2387 Urbis,

2207 2419 2452 2474 quorum
2499 2407 2743 2462 alterum
2777 2409 2894 2476 jam
2925 2410 3082 2463 edidi
3127 2409 3317 2477 priore
3349 2415 3501 2462 tomo
3545 2421 3670 2477 pag.
3709 2403 3766 2470 4,
3808 2420 3878 2460 ex

2205 2493 2442 2548 Cavensi
2478 2495 2674 2550 codice
2720 2510 2818 2565 per
2868 2497 3230 2551 Franciscum
3275 2497 3503 2549 Peniam
3557 2496 3881 2565 diligenter

2208 2582 2582 2651 descriptum,
2618 2583 2861 2640 alterum
2900 2599 3031 2640 vero
3056 2599 3123 2639 ex
3159 2585 3356 2638 codice
3380 2583 3596 2653 insigni
3625 2583 3881 2638 abbatia

2210 2669 2499 2726 Farfensis
2534 2673 2694 2727 edam
2737 2673 2907 2744 infra,
2953 2673 3049 2728 cui
3093 2672 3396 2728 tribuenda
3425 2677 3511 2725 est
3547 2671 3884 2740 antiquitas

2211 2760 2702 2831 septingentorum
2725 2768 2780 2816 et
2811 2763 2963 2818 ultra
2993 2775 3296 2817 annorum.
3333 2760 3648 2815 Concordia
3689 2761 3881 2815 trium

2214 2848 2454 2904 istorum
2491 2851 2752 2906 codicum
2796 2857 2951 2906 tanta
2980 2851 3329 2921 antiquitate
3363 2850 3789 2919 prastantium,
3823 2858 3880 2905 et

445 2939 800 3009 Baroniana,
833 2918 970 2993 iuna
1015 2952 1140 2993 cum
1178 2937 1406 2994 duobus
1446 2939 1748 2995 denarium
1801 2955 2100 2997 numerum
2134 2918 2186 2979 Β
2214 2953 2436 2994 summo
2469 2954 2750 2995 consensu
2785 2947 2900 2996 tum
2941 2941 3054 2996 sibi
3091 2918 3332 2994 invicem
3367 2918 3878 3008 respondentium,

452 3027 850 3097 implentibus,
876 3040 986 3082 uno
1005 3027 1308 3082 scilicetex
1330 3027 1545 3097 Regiis,
1565 3029 1744 3084 altero
1760 3042 1828 3084 ex
1843 3029 2103 3084 Thuanis

453 3115 754 3172 codicibus
790 3115 1226 3184 manuscriptis.
1271 3115 1533 3187 Anglicis
1570 3132 1796 3188 quoque
1827 3133 1894 3173 ex
1923 3118 2106 3173 colle-

453 3205 748 3262 ctionibus
786 3209 988 3275 prasto
1022 3209 1185 3261 erant
1223 3206 1402 3260 series
1444 3206 1777 3276 pontiﬁcum
1817 3208 2109 3263 Romano—

459 3309 607 3364 rum,
635 3295 732 3350 illa
754 3295 1068 3364 prasertim
1093 3308 1162 3350 ex
1179 3293 1484 3351 Bodleiana
1506 3309 1676 3366 quam
1709 3297 1968 3352 videmus
1993 3297 2107 3352 edi-

459 3391 571 3442 tam
607 3385 665 3440 in
689 3398 858 3455 opere
885 3384 1190 3455 posthumo
1221 3385 1537 3440 Pearsonii.

527 3474 735 3531 Verum
765 3474 1078 3529 habendam
1110 3487 1233 3528 esse
1272 3474 1549 3528 rationem
1584 3475 1724 3530 duxi
1767 3474 2112 3545 praestantia

462 3564 654 3634 potius
685 3577 855 3633 quam
887 3563 1088 3632 cOpia.
1120 3565 1254 3618 Tres
1291 3563 1475 3634 igitur
1503 3564 1647 3634 elegi
1689 3578 1757 3619 ex
1786 3570 1912 3619 octo
1941 3564 2114 3620 Cata—

458 3653 607 3726 logis
624 3668 655 3708 a
671 3653 1075 3708 Schelestratio
1097 3653 1292 3721 editis,
1313 3667 1553 3723 quorum
1573 3655 1944 3724 antiquitatis
1979 3661 2112 3711 nota

461 3750 516 3798 et
537 3742 720 3798 fontes
743 3756 854 3798 non
868 3742 1097 3798 obscuri
1119 3740 1323 3810 forent,
1342 3756 1596 3812 ususque
1613 3744 1680 3798 ad
1701 3744 2110 3799 illustrandum

461 3833 828 3888 Anastasium
872 3832 1117 3886 maxime
1151 3832 1631 3887 accommodatus.
1660 3833 1792 3888 Tria
1822 3835 1974 3889 enim
2009 3834 2110 3889 illa

465 3937 589 3992 qua
621 3927 810 3976 textus
829 3927 1021 3975 noster
1047 3921 1267 3990 potiora
1291 3922 1481 3990 prodit
1503 3924 1561 3976 in
1588 3937 1934 3995 unoquoque
1957 3939 2108 3992 pon-

462 4010 613 4065 tiﬁce
656 4009 874 4078 (saltem
929 4015 992 4064 ut
1051 4008 1384 4079 plurimun),
1438 4024 1635 4080 nempe
1673 4011 2102 4082 chrono|0giam

464 4099 618 4155 sedis
647 4098 836 4168 annis,
872 4097 1185 4165 mensibus,
1217 4111 1282 4152 ac
1311 4099 1515 4154 diebus
1545 4098 1905 4169 explicatam,
1941 4100 2110 4154 ordi-

469 4189 729 4244 nationes
771 4187 1188 4257 episcoporum,
1238 4187 1695 4259 presbyterorum
1737 4201 1800 4242 ac
1830 4187 2113 4242 diacono—

2216 3032 2336 3083 tum
2354 3028 2628 3084 indicatis
2643 3030 3028 3085 monumentis
3047 3029 3319 3101 genuinis
3335 3027 3591 3084 basilica
3607 3027 3660 3081 S.
3682 3028 3879 3098 Pauli,

2217 3117 2460 3172 miriﬁce
2482 3118 2816 3188 comprobat
2842 3119 3229 3188 prastantiam
3251 3117 3514 3172 codicum
3540 3116 3880 3172 Italicorum

2220 3206 2278 3261 in
2305 3207 2599 3275 pontiﬁcia
2629 3209 2999 3278 chronologia
3023 3207 3310 3280 germanis
3333 3221 3400 3262 ex
3430 3205 3687 3262 fontibus
3708 3204 3885 3261 deri-

2219 3297 2400 3351 vanda
2424 3314 2438 3366 ;
2465 3299 2776 3366 prasertim
2817 3298 2867 3352 si
2891 3298 3261 3354 conferantur
3294 3295 3516 3352 numeri
3561 3296 3620 3349 in
3658 3294 3749 3348 his
3774 3309 3885 3350 ca—

2222 3385 2428 3458 talOgis
2453 3387 2532 3442 ita
2558 3388 2818 3458 consoni,
2841 3401 2972 3443 cum
2997 3388 3256 3442 numeris
3276 3387 3523 3442 aliorum
3546 3389 3880 3440 exterorum

2221 3475 2484 3531 codicum
2530 3476 2669 3547 (sive
2712 3479 2833 3547 pari
2881 3477 3254 3548 antiquitatis
3294 3477 3480 3544 laude,
3531 3475 3652 3530 sive
3699 3473 3881 3528 etiam

2224 3565 2426 3634 majori
2447 3568 2892 3638 commendetur)
2912 3567 3072 3622 valde
3089 3560 3569 3623 dissentientibus
3589 3570 3708 3619 tum
3724 3562 3884 3617 inter

2224 3667 2302 3721 se,
2339 3658 2457 3709 tum
2485 3655 2554 3709 ab
2589 3655 3046 3712 indicationibus
3072 3656 3344 3728 genuinis
3367 3657 3634 3710 Actorum
3672 3650 3884 3721 publi—

2222 3756 2439 3813 corum,
2470 3749 2583 3800 tam
2605 3761 2670 3800 ex
2693 3748 2963 3803 conciliis
2991 3761 3164 3818 quam
3201 3760 3267 3802 ex
3291 3744 3554 3815 epistolis
3575 3757 3639 3797 ac
3675 3741 3885 3808 diplo—

2223 3831 2474 3888 matibus
2521 3835 2693 3889 certis
2741 3836 3076 3904 pontiﬁcum
3135 3835 3498 3903 aliorumque
3547 3829 3880 3900 principum

2218 3919 2582 3990 colligendis.
2619 3924 2732 3977 Hac
2787 3924 2971 3992 igitur
3012 3922 3082 3976 de
3129 3936 3302 3977 causa
3343 3921 3658 3976 secundum
3707 3917 3882 3973 illum

2213 4007 2567 4078 Catalogum,
2605 4023 2636 4063 a
2665 4009 3024 4079 Bergomensi
3058 4010 3256 4063 codice
3288 4009 3728 4074 transcriptum,
3785 4007 3886 4060 in-

2216 4086 2308 4146 ter
2341 4095 2852 4152 Schelestratianos
2893 4097 3100 4168 delegi,
3143 4094 3533 4164 chronologia
3566 4095 3885 4164 pontiﬁcia

2226 4179 2474 4235 indicem
2517 4197 2630 4252 pra
2697 4186 2919 4240 cateris
2975 4185 3173 4256 ﬁdum,
3221 4189 3278 4240 et
3342 4184 3610 4239 idoneum
3660 4183 3884 4240 haben-

469 4293 594 4334 rum
625 4253 1003 4346 enumeratas,
1035 4253 1260 4333 decreta
1285 4253 1534 4348 denique
1557 4274 1854 4344 complura
1879 4280 1935 4330 et
1961 4280 2118 4344 gesta
2148 4253 2197 4317 Ο
2227 4267 2393 4323 dum.

471 4369 747 4426 nonnulla
789 4368 1090 4423 recensita.
1126 4369 1252 4423 Hac
1292 4367 1426 4430 tria.
1475 4366 1731 4434 inquam,
1773 4377 1840 4418 ex
1878 4364 2117 4419 totidem

467 4458 755 4528 Catalogis
776 4456 1166 4512 Schelestratii
1191 4454 1532 4525 singillatim
1565 4452 1952 4507 conﬁrmanda
1981 4467 2122 4507 sus-

469 4549 615 4616 cepi.
641 4547 773 4600 Tria
800 4545 900 4600 illa
917 4545 1322 4616 complectitur
1340 4541 1644 4613 Catalogus
1667 4540 1738 4595 ab
1761 4541 1889 4610 ipso
1921 4542 2123 4597 reddi—

467 4648 565 4698 tus
577 4651 643 4691 ex
656 4635 1319 4704 codiceoctingentorum
1338 4631 1634 4702 sexaginta
1656 4631 1914 4701 quinque
1935 4644 2124 4690 anno-

471 4741 619 4795 rum,
646 4725 783 4780 dum
809 4724 929 4793 ipse
956 4723 1233 4778 scriberet
1265 4722 1438 4790 (nunc
1482 4733 1612 4775 vero
1647 4717 1821 4775 ferme
1859 4734 2122 4792 nongen-

469 4815 679 4883 torum)
725 4812 1086 4867 bibliotheca
1153 4808 1755 4864 Palatino-Vaticana.
1814 4810 2118 4882 Catalogus

468 4906 632 4975 alter,
661 4901 1046 4972 chronologia
1080 4904 1299 4953 tantum
1325 4898 1494 4952 index
1526 4905 1630 4966 est,
1655 4898 1748 4953 sed
1786 4899 1935 4954 inter
1973 4900 2120 4955 ﬁde—

469 4994 726 5050 lissimos
747 4989 1060 5044 habendus.
1075 4985 1689 5054 Describebaturjussu
1703 4986 1864 5041 Pauli
1879 4988 2116 5043 secundi

467 5097 535 5139 ex
573 5082 768 5137 codice
797 5078 1064 5134 Ecclesia
1081 5075 1493 5146 Pergamensis,
1512 5088 1794 5132 annorum
1815 5077 2122 5146 octingen—

470 5179 658 5229 torum
681 5174 900 5225 atatem
935 5164 1349 5237 praseferente.
1391 5165 1696 5220 Ostendam
1738 5165 1795 5218 in
1836 5166 2122 5220 disserta-

468 5262 626 5318 tione
647 5260 717 5314 de
738 5257 999 5327 antiquis
1034 5254 1323 5327 Catalogis
1356 5253 1688 5324 pontiﬁcum
1716 5255 2121 5336 Romanorum‘

467 5363 564 5405 eos
593 5361 717 5402 esse
748 5347 972 5402 cateris
1005 5342 1405 5414 praeferendos,
1435 5342 1534 5412 qui
1563 5342 1837 5412 descripti
1863 5357 1988 5398 esse
2015 5357 2124 5399 no-

469 5441 714 5492 scuntur
738 5449 804 5490 ex
833 5433 1106 5505 genuinis
1131 5431 1520 5490 monumentis
1543 5431 1806 5487 Ecclesia
1831 5433 2116 5501 Romana,

470 5523 702 5596 publico
743 5523 1054 5592 prasertim
1094 5527 1269 5593 atque
1313 5521 1589 5576 sanctiori
1629 5521 1751 5576 loco
1787 5521 2014 5590 positis,
2063 5527 2120 5577 et

2308 4359 2536 4416 Tertius
2579 4361 2830 4431 denique
2867 4362 3193 4434 Catalogus,
3237 4362 3642 4434 antiquitatem
3689 4363 3888 4432 prodit

2233 4466 2513 4509 annorum
2549 4451 2784 4505 circiter
2820 4450 2945 4507 650.
2978 4451 3198 4507 Idcirco
3236 4458 3424 4508 autem
3469 4451 3704 4507 additur
3744 4450 3886 4506 huic

2233 4547 2427 4597 nostro
2457 4540 2727 4609 delectui,
2771 4542 2921 4611 quod
2973 4549 3175 4610 prater
3228 4541 3505 4596 nonnulla
3536 4541 3784 4607 decreta,
3831 4548 3885 4594 et

2231 4638 2383 4705 gesta
2418 4629 2774 4700 pontiﬁcum,
2807 4631 3031 4700 aliquot
3057 4631 3228 4686 etiam
3262 4644 3454 4686 sacras
3484 4628 3886 4686 ordinationes

2229 4727 2285 4777 et
2315 4725 2640 4776 consuetam
2678 4720 3106 4790 chronologiam
3148 4733 3451 4789 annorum,
3505 4718 3791 4772 mensium
3817 4731 3883 4770 ac

2225 4811 2450 4866 dierum
2473 4809 2627 4864 sedis
2650 4809 2964 4880 unicuique
2988 4809 3358 4878 tributorum,
3387 4807 3602 4863 indicet
3625 4813 3881 4875 tempora

2225 4900 2544 4980 vacationis
2573 4898 2747 4964 sedis,
2774 4898 2911 4962 sive,
2939 4904 3000 4954 ut
3030 4899 3278 4967 exprimi
3313 4898 3458 4953 solet
3485 4896 3580 4951 his
3617 4895 3674 4949 in
3707 4896 3883 4949 Cata—

2229 4989 2396 5060 logis,
2423 4988 2637 5058 quibus
2671 4987 2915 5044 cessavit
2945 4988 3333 5057 episcopatus.
3373 4986 3526 5042 Licet
3550 4985 3704 5039 enim
3730 4984 3882 5038 inter

2229 5079 2508 5148 pontiﬁcii
2533 5085 2804 5147 tempora,
2831 5091 2929 5132 seu
2945 5077 3263 5132 vacationis
3277 5075 3450 5140 sedis,
3470 5087 3581 5129 non
3607 5073 3685 5128 ita
3703 5073 3879 5128 certis

2230 5167 2591 5222 documentis
2635 5171 2837 5222 testata
2869 5166 3008 5228 sint,
3039 5171 3104 5221 ut
3132 5165 3399 5221 dubitare
3443 5177 3555 5218 non
3583 5162 3754 5217 semel
3789 5163 3883 5217 si—

2235 5264 2392 5325 nant,
2432 5257 2486 5310 id
2533 5262 2754 5325 tempus
2796 5269 2896 5326 pro
2935 5255 3094 5311 vario
3135 5253 3563 5310 numerantium
3608 5251 3876 5320 arbitrio,

2232 5345 2542 5416 aliquando
2573 5345 2823 5400 inchoati
2857 5360 2893 5405 a
2918 5345 3012 5400 die
3033 5343 3352 5400 decessoris
3390 5341 3716 5406 emortuali,
3759 5341 3882 5396 ali-

2231 5435 2459 5505 quando
2489 5447 2518 5488 a
2541 5433 2920 5502 depositione,
2949 5442 3005 5487 et.
3031 5431 3288 5503 protrahi
3325 5444 3478 5485 nunc
3497 5429 3563 5484 ad
3589 5430 3742 5484 diem
3774 5429 3882 5485 ele-

2229 5524 2458 5587 ctionis,
2477 5537 2629 5578 nunc
2645 5523 2713 5578 ad
2731 5522 3176 5583 ordinationem,
3197 5526 3253 5575 et
3271 5520 3570 5575 occasione
3601 5520 3878 5575 schisma-

468 5628 566 5684 per
595 5625 717 5667 eam
739 5617 955 5666 atatem
979 5625 1104 5681 qua
1126 5610 1443 5666 abundaret
1471 5611 1836 5681 chronologis
1858 5611 2118 5666 exactio—
2150 5611 2202 5670 ι)
2230 5618 2345 5668 tum
2387 5619 2487 5668 aut
2518 5612 2979 5682 persecutionum
3008 5610 3392 5666 diversimode
3424 5609 3784 5678 interpolari,
3815 5613 3877 5664 ut

467 5701 630 5758 ribus
663 5699 962 5770 :qualium
1003 5700 1245 5770 vestigia
1284 5699 1428 5754 satis
1469 5700 1687 5772 integra
1727 5698 2006 5771 proferam
2047 5714 2114 5757 ex

467 5791 771 5863 parietinis
797 5788 1168 5845 ecclesiarum
1203 5791 1696 5859 patriarchalium,
1716 5790 2033 5860 prasertim
2053 5791 2110 5846 S.

462 5883 626 5940 Pauli
657 5883 750 5940 via
786 5879 1062 5937 Ostiensi.
1093 5879 1536 5952 Antiquissimis
1578 5883 1771 5952 itaque
1803 5880 2107 5937 codicibus

2225 5701 2350 5757 suis
2365 5701 2506 5756 locis
2518 5700 2861 5772 singillatim
2876 5698 3191 5767 constabit;
3205 5703 3456 5756 attamen
3473 5712 3541 5754 ne
3554 5698 3658 5754 hac
3671 5697 3730 5753 in
3756 5711 3881 5768 par-

2222 5789 2610 5847 tefraudarem
2630 5794 2847 5846 textum
2867 5788 3308 5846 Anastasianum
3333 5801 3400 5874 ea
3429 5787 3552 5844 sive
3577 5786 3722 5852 luce,
3755 5787 3877 5842 sive

2221 5879 2650 5952 suﬁ'ragatione,
2672 5891 2841 5950 quam
2857 5877 3111 5950 Catalogi
3132 5884 3399 5950 prastare
3418 5881 3662 5948 possunt
3681 5876 3870 5932 histo-
