3996 6406
135 401 234 464 149

1223 406 1428 466 ΝΟΤΕ
1463 405 1560 465 AD
1596 405 2004 465 CATALOGOS
2038 406 2484 466 SUPERIORES.

3461 409 3565 473 450

133 534 248 604 riae,
269 532 514 590 tertium
533 531 1153 592 huucaSchelestratio
1174 535 1446 591 mutuand
1457 548 1550 590 um
1571 534 1786 603 putavi.
1818 517 1880 580 Α
1909 547 2036 591 nem
2060 535 2120 591 in
2141 534 2418 592 ductibus
2443 534 2770 594 litterarum
2793 540 2848 594 et
2873 539 3148 612 graphica
3175 537 3564 598 delineatione

195 627 354 682 Duos
394 637 534 682 vero
573 629 639 682 ut
679 625 942 682 adderem
985 639 1017 681 a
1050 624 1385 682 Mabillonio
1423 623 1695 680 collectos
1725 637 1795 680 ex

129 715 553 772 vetustissimis
573 714 876 771 codicibus
901 713 1265 771 bibliotheca:
1289 713 1654 770 Corbeiensis
1675 729 1798 772 coa-

129 805 290 862 uobii
324 805 523 876 plures
556 819 643 861 me
673 819 860 861 causae
895 803 1270 875 impulerunt.
1306 804 1495 860 Prima
1516 809 1604 860 est
1633 805 1794 861 anti—

126 897 326 967 quitas
356 895 649 963 codicum,
684 908 798 966 quo
830 894 1060 951 nomine
1091 900 1211 950 tum
1240 894 1452 950 editori
1487 894 1569 949 rei
1597 894 1794 965 diplo-

128 987 356 1041 matica:
383 985 846 1053 consultissimo,
872 989 993 1040 tum
1021 985 1275 1040 eruditis
1296 984 1569 1041 omnibus
1590 999 1796 1058 magno

126 1075 184 1130 in
219 1076 414 1146 pretio
447 1074 771 1143 habentur;
798 1088 927 1130 cum
959 1074 1261 1145 Catalogus
1294 1075 1472 1146 prior,
1505 1075 1574 1131 ad
1609 1089 1798 1132 saecu—

126 1166 243 1223 lum
270 1172 502 1223 sextum
522 1167 599 1222 sit
622 1163 974 1235 referendus,
1000 1165 1085 1220 uti
1107 1179 1174 1220 ex
1197 1166 1450 1235 ejusdem
1470 1165 1794 1222 Mabillonii

127 1258 284 1314 uotis
321 1255 650 1313 iudicabam
682 1256 739 1311 in
766 1253 1098 1325 praefatione
1129 1268 1287 1310 num.
1315 1252 1366 1323 4,
1400 1255 1683 1325 posterior
1702 1269 1798 1312 au-

128 1353 239 1403 tem
269 1347 586 1419 Catalogus
631 1345 786 1402 circa
821 1344 984 1400 ﬁnem
1031 1345 1264 1414 septimi
1311 1345 1507 1401 saeculi
1541 1347 1796 1416 scriptus

125 1443 500 1507 agnoscatur.
531 1435 705 1492 Istius
733 1434 1035 1504 scripturae
1057 1434 1344 1504 specimen
1371 1435 1507 1491 dum
1534 1440 1798 1492 contem-

127 1527 324 1598 plarer
355 1527 415 1582 in
449 1526 548 1581 Rei
581 1524 978 1595 Diplomaticze
1012 1523 1113 1581 lib.
1146 1537 1201 1593 v,
1237 1523 1350 1578 tab.
1385 1521 1440 1594 8,
1473 1538 1631 1579 num.
1665 1524 1719 1594 5,
1743 1529 1799 1582 et

129 1632 243 1687 przr
263 1616 538 1671 manibus
561 1614 826 1670 haberem
849 1614 1170 1684 exemplum
1191 1615 1258 1669 ad
1286 1627 1372 1670 me
1390 1615 1797 1671 transmissum

125 1707 198 1761 ab
224 1706 640 1762 illustrissimo
664 1705 786 1759 viro
809 1704 1082 1760 Mauritio
1107 1704 1440 1760 marchione
1458 1704 1529 1759 de
1551 1705 1799 1776 Sanctis,

128 1797 443 1867 scripture
474 1795 699 1852 codicis
732 1793 1065 1849 Farnesiaui
1098 1793 1258 1848 Vitas
1292 1794 1630 1863 pontificum
1663 1795 1806 1852 Ana-

1909 624 2218 697 utriusque
2261 625 2612 684 characteris
2641 628 2710 683 ad
2745 628 3185 700 archetyporum
3219 630 3384 686 ﬁdem
3416 629 3566 686 dili—

1907 717 2105 786 genter
2127 716 2335 784 exacti,
2361 721 2426 772 ut
2447 717 2605 787 paris
2625 717 3000 788 antiquitatis
3023 720 3308 777 indicium
3331 719 3566 777 utrobi-

1908 817 2018 875 que
2039 819 2312 876 apparere
2338 819 2451 863 non
2473 805 2879 863 dubitaverim.
2904 809 3097 865 Altera
3121 811 3304 881 igitur
3325 811 3443 866 haec
3464 823 3566 866 ra—

1905 893 1988 949 tio
2010 891 2124 950 fuit
2150 894 2397 951 addendi
2426 895 2602 966 hujus
2630 897 2865 953 secundi
2890 898 3144 969 Catalogi
3175 898 3561 970 Corbeiensis,

1904 996 2017 1040 non
2037 985 2206 1041 modo
2223 986 2289 1041 ad
2311 985 2742 1060 chronologiam
2767 988 3104 1058 pontiﬁcum
3130 987 3558 1055 illustraudam,

1904 1072 2001 1128 sed
2043 1074 2214 1129 etiam
2261 1075 2330 1130 ad
2375 1077 2738 1132 asserendam
2783 1082 3003 1133 aetatem
3047 1077 3269 1133 codicis
3311 1075 3567 1130 Anasta—

1905 1163 2078 1232 siani,
2099 1164 2358 1220 omnium
2380 1165 2782 1236 antiquissimi
2804 1165 3047 1222 habendi
3063 1166 3289 1237 judicio
3305 1165 3561 1222 virorum

1907 1251 2013 1309 hac
2047 1254 2105 1308 iu
2129 1259 2250 1310 arte
2273 1257 2693 1328 praestantium,
2727 1257 3034 1327 Holstenii,
3062 1256 3479 1324 Schelestratii,
3509 1259 3573 1312 et

1905 1343 2252 1400 Mabillonii.
2285 1344 2436 1414 Quin
2467 1346 2639 1402 etiam
2673 1350 2736 1402 ut
2760 1347 2937 1417 judex
2964 1360 3088 1404 esse
3119 1347 3304 1418 possit
3333 1346 3567 1404 utrius-

1909 1447 2019 1506 que
2050 1434 2354 1490 vetustatis
2384 1435 2657 1507 quisquis
2689 1450 2804 1493 rem
2839 1437 3272 1508 diplomaticam
3303 1441 3360 1493 et
3385 1443 3561 1493 artem

1909 1523 2380 1595 calligraphicam
2411 1525 2645 1595 excolit,
2685 1527 2994 1597 utriusque
3021 1527 3244 1583 codicis
3273 1527 3561 1598 specimen

1913 1613 2009 1669 hic
2043 1613 2409 1669 inserendum
2440 1615 2659 1671 curavi.
2686 1617 2897 1672 Habeat
2929 1617 3126 1688 itaque
3153 1617 3332 1674 lector
3361 1631 3428 1673 ex
3459 1617 3566 1673 Ma-

1913 1702 2237 1759 billoniano
2284 1704 2540 1774 exemplo
2589 1706 2876 1776 specimen
2925 1708 3278 1764 characteris
3322 1708 3563 1765 secundi

1912 1793 2168 1865 Catalogi
2197 1793 2562 1850 Corbeiensis
2602 1796 2670 1852 ad
2703 1799 3008 1868 septimum
3039 1799 3258 1856 Christi
3290 1800 3564 1857 saeculum

129 1864 426 1942 stasiauas
453 1883 765 1956 complexi,
802 1887 1019 1939 tantam
1049 1883 1403 1952 deprehendi
1439 1883 1800 1941 similitudi-
1834 1864 1886 1924 Β
1914 1864 2280 1956 pertinentis,
2314 1884 2465 1954 quod
2499 1883 2611 1940 tale
2640 1889 2743 1941 est.

197 2064 490 2136 Specimen
516 2063 820 2133 Scripth
847 2060 1034 2118 saeculi
1069 2061 1178 2117 VII
1205 2075 1274 2116 ea:
1295 2060 1474 2117 codice
1493 2060 1826 2130 Regulartmt
1849 2059 2004 2118 Corb.
2033 2069 2098 2118 n°
2121 2058 2228 2119 630
2252 2060 2406 2132 apud
2433 2062 2703 2118 Mabilton
2732 2062 2800 2119 de
2817 2079 2878 2120 re
2900 2065 3048 2137 Dipl.
3076 2066 3173 2122 lib.
3201 2077 3260 2130 ν,
3282 2081 3404 2137 cap.
3438 2064 3494 2122 8.

192 2267 1078 2455 Demmouene

1275 2323 2018 2448 S‘onCNOBrs
2032 2341 2182 2421 ue
2196 2296 2860 2448 ueneat!er
2875 2341 3040 2435 e11
3057 2343 3115 2430 s
3139 2337 3301 2457 up
3320 2335 3490 2434 ep,

196 2553 1170 2679 Ommapnaeretze
1190 2515 1801 2674 μὸοετριελξ

1916 2503 2502 2632 υΙιτλ-[ιοικιε
2516 2549 2575 2630 C
2590 2506 2800 2635 Ole
2821 2538 2978 2632 ne
2991 2552 3136 2642 013
3151 2553 3353 2636 eaq
3367 2553 3387 2633 ι
3402 2545 3458 2635 s

185 2741 1481 2894 smopapaewgus-Tmo
1507 2701 1914 2824 uetLeu
1933 2749 2128 2821 "PIN
2143 2742 2279 2820 us
2301 2743 2356 2819 ε
2373 2739 3035 2829 θκυυδιυλθ
3059 2683 3449 2834 ΐσῧέιῖς

197 3069 522 3311 £921)
530 3058 832 3234 LRe
843 3059 2114 3336 ξάὶλςὲῡωλίηρλῖ
2137 3081 2462 3193 Rum
2536 3075 3088 3336 ἘῘιῖιιςιΝεΞ
3100 3097 3228 3237 g8
3244 3102 3526 3311 3:155}:

479 3276 1209 3541 jNCCISD'JOGPlS'
1229 3375 1400 3488 Ro
1413 3283 2523 3469 mssweeclcmw
2544 3291 2947 3541 ςοκοιι
2984 3316 3531 3541 εδειηῗει

1880 3532 1921 3541 -
2029 3515 2470 3541 -κλΑΑιι-ιι
2649 3494 3063 3541 Dnr'rnc
3121 3505 3214 3541 ε,
3288 3494 3478 3541 ’λιιι

184 3465 550 3678 Ὶηικυὲ
574 3465 1801 3649 δέδιτλτέηειοεκινωεμιε

1916 3535 2050 3629 εν
2084 3515 2492 3612 mersam
2553 3481 3067 3678 Seagtus
3115 3465 3478 3678 ἅζλῖηὲ

2543 3624 3174 3824 ’βὴδλμμεε
3209 3624 3374 3764 ’ξδ

192 3981 561 4050 Scripturam
615 3973 792 4032 istius
835 3971 1093 4044 Catalogi
1140 3967 1508 4026 Corbeiensis
1553 3966 1792 4023 secundi
1828 3975 1878 4039 α
1910 3980 2018 4038 pus
2047 3963 2268 4022 exarati
2296 3963 2518 4022 codicis
2545 3964 2897 4037 exprimitur
2920 3967 2978 4025 in
3004 3967 3115 4027 ﬁne
3136 3970 3260 4041 ejus
3289 3974 3465 4040 prout
3492 3969 3556 4026 hi

128 4071 486 4129 referendam
510 4079 636 4123 esse
654 4064 725 4121 ad
750 4063 918 4120 ﬁnem
940 4062 1139 4119 saeculi
1163 4059 1395 4131 septimi
1419 4057 1796 4115 Mabillonius

125 4164 490 4218 demonstrat
532 4155 760 4226 duplici
805 4168 872 4210 ex
918 4165 1112 4208 causa.
1151 4151 1407 4206 Primum
1445 4163 1512 4205 ex
1545 4162 1612 4205 eo
1645 4145 1795 4219 quod

124 4253 354 4309 desinat
388 4249 449 4302 in
479 4248 697 4303 Joanne
726 4248 908 4314 sexto,
942 4242 1042 4314 qui
1091 4254 1242 4298 anno
1268 4237 1368 4297 704
1405 4240 1599 4296 sedere
1629 4238 1806 4308 coepit

129 4357 224 4413 per
250 4353 439 4396 annos
471 4343 609 4393 tres.
646 4335 831 4404 Hujus
861 4337 1050 4389 autem
1085 4329 1380 4401 pontiﬁcis
1413 4329 1552 4384 anni
1584 4343 1650 4384 ac
1684 4341 1784 4399 pro

126 4431 270 4490 ximi
311 4425 647 4486 decessoris
682 4423 870 4496 Sergii
912 4435 1026 4478 non
1067 4420 1190 4476 sint
1227 4419 1506 4491 expressi,
1549 4419 1646 4475 sed
1689 4424 1812 4474 tan-

129 4519 430 4578 tummodo
444 4515 816 4586 superiorum
833 4510 1191 4583 pontiﬁcum,
1214 4522 1459 4580 quorum
1482 4513 1805 4578 postremus

127 4612 320 4667 Conon
365 4607 593 4662 sedisse
622 4607 976 4660 memoratur
1008 4598 1305 4655 mensibus
1336 4612 1394 4654 xi
1429 4598 1805 4655 numerandis

127 4717 194 4759 ex
224 4701 324 4757 die
355 4693 823 4754 consecrationis
852 4691 1109 4763 ejusdem
1140 4689 1442 4746 Dominica
1472 4687 1534 4744 24
1571 4688 1800 4745 Octobr.

130 4791 267 4848 auni
292 4786 427 4856 686,
451 4787 527 4843 ad
552 4783 618 4840 24
650 4785 802 4856 Sept.
831 4778 958 4849 687,
991 4782 1077 4838 uti
1105 4793 1212 4838 suo
1240 4779 1364 4837 loco
1384 4779 1645 4836 dicemus
1671 4793 1803 4834 cum

128 4878 465 4937 Anastasio.
489 4877 680 4945 Quare
703 4877 829 4944 post
849 4872 1071 4929 obitum
1091 4871 1342 4927 Cononis
1364 4869 1588 4926 vivente
1607 4869 1807 4940 Sergio

130 4972 396 5040 scriptus
417 4965 653 5022 videtur
676 4963 1003 5034 Catalogus,
1027 4961 1124 5017 cui
1149 4959 1398 5018 subinde
1419 4971 1624 5015 nomen
1645 4959 1811 5013 Joan-

133 5062 226 5117 nis
244 5055 611 5115 successoris
633 5053 925 5126 quispiam
950 5051 1182 5122 adjecit.
1206 5051 1431 5106 Rursus
1452 5050 1810 5106 demonstrat

133 5148 517 5207 Mabillonius
555 5144 814 5200 eamdem
843 5148 1066 5198 aetatem
1102 5154 1227 5197 esse
1253 5139 1620 5196 tribuendam
1653 5139 1810 5194 scri—

134 5248 318 5312 pturz
351 5237 532 5306 hujus
560 5233 817 5305 Catalogi
851 5246 918 5288 ex
951 5230 1383 5301 comparatione
1411 5228 1806 5284 characterum

1909 4055 2143 4128 legitur,
2175 4069 2374 4126 nempe
2402 4057 2556 4127 apud
2573 4058 2877 4113 ccenubium
2902 4061 3224 4116 Lussovium
3248 4076 3394 4116 anno
3421 4061 3570 4116 duo-

1912 4147 2116 4202 decimo
2168 4149 2313 4214 regis
2372 4147 2759 4212 Chlothacarii,
2813 4150 3112 4207 indictione
3165 4151 3564 4216 tertiadecima,

1914 4252 2061 4292 anno
2107 4237 2529 4307 quadragesimo
2584 4239 2768 4294 Patris
2818 4243 2993 4294 nostri
3041 4242 3276 4308 feliciter
3328 4246 3568 4310 peracto.

1918 4327 2077 4396 Quod
2127 4327 2540 4397 interpretatus
2589 4342 2714 4384 sum
2761 4329 2832 4384 de
2872 4334 3072 4385 sancto
3119 4329 3493 4401 Columbano,
3527 4335 3584 4386 et

1919 4417 1988 4472 de
2019 4415 2357 4473 Chlothario
2397 4418 2669 4489 secundo,
2712 4419 2882 4488 cujus
2921 4433 3112 4476 annus
3155 4417 3213 4475 in
3247 4419 3584 4491 Burgundia

1918 4507 2296 4564 duodecimus
2340 4521 2467 4563 cum
2502 4522 2654 4565 anno
2683 4509 2902 4566 Christi
2948 4508 3072 4582 625,
3122 4510 3444 4567 indictione
3476 4523 3583 4566 xm

1919 4597 2178 4668 praedito,
2209 4597 2525 4654 coincidit:
2556 4599 2820 4672 idemque
2843 4613 2875 4658 a
2901 4601 3361 4660 Luxovlensibus
3383 4597 3577 4658 forsan

1917 4687 2360 4756 computabatur
2389 4701 2578 4745 annus
2609 4690 3088 4764 quadragesimus
3113 4691 3453 4749 Columbani
3487 4691 3586 4746 ad-

1918 4784 2122 4834 ventus
2156 4777 2214 4834 in
2248 4779 2659 4850 Burgundiam.
2707 4780 2766 4837 Si
2800 4781 2936 4851 quis
2977 4795 3108 4839 vero
3142 4781 3198 4837 id
3233 4782 3302 4838 ad
3336 4793 3574 4851 regnum

1917 4866 2238 4924 Chlotharii
2268 4869 2450 4938 tertii,
2480 4873 2536 4924 et
2555 4870 2622 4925 ad
2657 4870 2910 4942 regimen
2941 4869 3298 4927 Waldeherti
3326 4867 3572 4936 abbatis,

1921 4958 2020 5028 qui
2049 4959 2302 5016 Luxovio
2327 4959 2498 5016 annis
2521 4972 2591 5015 xz.
2616 4959 2870 5030 praefuit,
2899 4957 3279 5016 revocandum
3307 4968 3431 5012 esse
3450 4969 3581 5014 con-

1918 5047 2132 5117 tendat,
2176 5047 2485 5105 dicendum
2528 5052 2697 5116 esset,
2739 5044 3175 5102 Waldehertum
3207 5055 3421 5098 annum
3451 5042 3578 5114 665,

1918 5137 2020 5208 qui
2039 5138 2094 5194 ei
2121 5136 2738 5208 supremusassignari
2766 5134 2931 5203 solet,
2956 5133 3292 5202 excessisse,
3315 5137 3373 5189 et
3398 5146 3585 5203 perve-

1920 5225 2077 5281 nisse
2097 5225 2164 5280 ad
2189 5238 2404 5281 annum
2427 5221 2552 5295 670,
2577 5223 2678 5294 qui
2703 5221 2812 5277 sub
2835 5219 3158 5277 Chlotharii
3182 5220 3342 5277 tertii
3368 5221 3581 5294 princi-

131 5311 260 5386 cum
289 5325 618 5397 specimine
643 5321 882 5378 omnino
907 5320 1093 5376 simili
1115 5318 1338 5376 codicis
1366 5317 1803 5388 Bellovacensis,
1838 5364 1893 5426 D
1924 5317 2059 5384 patu
2091 5313 2413 5369 indictione
2440 5325 2548 5366 xm
2585 5311 2862 5380 praeditus
2893 5317 3033 5366 erat.
3070 5328 3097 5362 ι)

136 5421 148 5426 -
309 5417 322 5426 .
461 5419 473 5426 .
521 5413 534 5426 ι
607 5412 620 5426 ι
691 5410 726 5426 n
794 5425 803 5426 κ
936 5425 945 5426 κ
1032 5424 1042 5426 μ
1101 5424 1125 5426 Α
1164 5422 1332 5426 κᾉ,-ῌ-
1369 5405 1406 5426 ω
1460 5407 1556 5426 --ιε
1599 5408 1798 5426 -M-_L,-
1991 5403 2089 5426 ἰιει.
2119 5401 2300 5426 ζκιοη-
2328 5399 2688 5426 ..ΙΑη-..νιηηοὲη
2719 5403 2918 5426 οηηοηοη
2945 5413 3072 5426 num

135 5421 190 5476 iu
222 5417 422 5474 eadem
457 5412 660 5470 tabula
691 5410 748 5482 8,
782 5424 1054 5482 expresso
1100 5422 1341 5466 numero
1369 5405 1423 5477 2,
1460 5407 1560 5464 ubi
1593 5408 1806 5478 epocha

134 5510 440 5578 scriptura:
471 5502 850 5576 signiﬁcatur
881 5501 989 5556 hoc
1019 5499 1353 5556 testimonio
1380 5517 1393 5553 :

200 5598 456 5667 Expiet-it
485 5610 614 5649 vero
645 5608 784 5663 opus
809 5594 1030 5660 favente
1061 5591 1289 5645 Domino
1315 5588 1469 5659 apud
1500 5587 1809 5643 comubium

137 5689 460 5745 Luscovium
503 5699 654 5740 anno
701 5679 772 5738 42
810 5684 955 5749 regis
994 5680 1368 5737 Chlotacharii
1404 5679 1702 5734 indictione
1745 5673 1812 5732 43

135 5796 276 5835 anno
308 5777 380 5836 40
409 5778 601 5834 Patris
632 5775 816 5831 nostri
843 5772 1079 5841 feliciter
1100 5775 1342 5843 peracto.

205 5870 458 5944 Exponit
486 5865 774 5941 epocham
802 5861 1182 5922 Mabillonius
1212 5861 1306 5918 his
1336 5856 1563 5917 verbis:
1601 5878 1628 5912 α
1658 5857 1816 5914 Tem-

1991 5403 2092 5459 His
2119 5401 2300 5475 igitur
2325 5399 2691 5458 documentis
2719 5403 2922 5455 testata
2943 5413 3073 5456 cum
3100 5401 3182 5458 sit
3201 5404 3337 5458 aetas
3358 5402 3579 5460 codicis

1921 5491 2300 5549 Luxovieusis
2339 5496 2394 5547 et
2423 5487 2681 5560 Catalogi
2723 5487 3108 5558 Corbeiensis,
3154 5505 3400 5562 quorum
3433 5498 3582 5550 uter-

1921 5596 2033 5654 que
2058 5585 2328 5638 exaratus
2367 5584 2456 5636 est
2484 5576 2815 5636 charactere
2846 5579 3014 5652 plane
3054 5581 3372 5651 consimili,
3415 5595 3586 5654 appo-

1923 5674 2171 5731 nendum
2202 5673 2345 5730 duxi
2379 5670 2556 5740 hujus
2581 5669 2842 5742 exemplo
2868 5670 3156 5742 specimen
3182 5671 3404 5729 codicis
3432 5673 3577 5728 Ana-

1921 5763 2188 5836 stasiani,
2212 5761 2566 5836 antiquitate
2583 5760 2806 5820 caeteris
2825 5759 3184 5835 praeferendi,
3198 5759 3426 5832 judicio
3444 5759 3587 5816 utri-

1923 5867 2112 5926 usque
2129 5853 2401 5930 pmuils
2430 5849 2714 5908 Holstenii
2743 5855 2800 5909 et
2826 5849 3247 5916 Schelestratii,
3288 5849 3389 5916 qui
3420 5849 3581 5902 tanta
