3996 6424
169 381 265 442 453

1247 376 1456 437 ΝΟΤΕ
1491 375 1585 435 AD
1622 376 2026 439 COTALOGOS
2055 380 2499 441 SUPERIORES.

3490 383 3591 445 454

232 509 373 566 Huic
417 508 821 568 testimonium
866 509 1153 569 Holstenii
1183 509 1461 568 addebam
1510 510 1571 565 in
1597 506 1812 565 Prafa—
1842 504 1903 566 A
1930 510 2154 583 vocant)
2191 516 2479 584 exaratus,
2514 527 2580 571 ea
2612 516 2770 584 parte
2792 513 3037 572 mutilus
3057 526 3186 586 qua
3214 510 3587 571 desideraba—

167 600 315 657 tione
341 601 617 671 indicata,
654 616 892 659 numero
921 601 975 674 6,
1008 602 1227 659 similia
1271 599 1814 659 observata.Labbei

166 704 229 745 ac
255 691 537 747 Lambecii
562 691 853 761 judicium
883 692 1232 763 optimorum
1251 691 1625 763 antiquitatis
1650 690 1821 747 codi—

161 794 284 838 cum
338 780 749 838 aiﬁrmantium
790 783 945 839 visos
974 797 1006 839 a
1044 795 1106 839 se
1135 783 1360 840 codices
1385 780 1618 853 Optima
1671 785 1818 836 nota

166 878 416 942 tempore
458 872 650 929 Caroli
696 873 887 945 Magni
950 878 1209 930 exaratos
1268 878 1325 928 et
1365 870 1640 929 Ludocivi
1703 870 1816 943 Pii,

163 977 407 1034 quorum
442 963 504 1018 in
538 976 656 1020 uno
686 964 825 1019 Vita
844 967 1078 1019 Damaso
1117 964 1503 1019 tribuebantur
1522 966 1818 1031 antequam

156 1058 313 1106 natus
341 1058 475 1108 esset
505 1054 864 1116 Anastasius,
892 1060 990 1109 aut
1012 1055 1205 1109 saltem
1229 1070 1296 1108 ea
1314 1054 1521 1123 prioris
1560 1052 1818 1119 infantia

155 1143 476 1213 crepundiis
506 1145 829 1205 emersisset,
866 1143 924 1198 in
958 1143 1096 1199 aliis
1122 1142 1430 1214 apparebat
1456 1155 1524 1197 ex
1569 1140 1817 1197 termino

158 1231 419 1289 Vitarnm
447 1232 696 1302 scriptas
722 1233 946 1289 easdem
979 1232 1162 1289 fuisse
1195 1232 1368 1288 annis
1392 1235 1620 1287 centum
1646 1234 1817 1285 ante-

155 1334 316 1391 quam
351 1321 701 1378 Anastasius
730 1328 1080 1379 nasceretur.
1100 1322 1202 1379 Vis
1230 1323 1435 1378 horum
1456 1323 1817 1392 argumento.

155 1426 272 1467 rum
308 1412 371 1468 fit
398 1413 722 1469 evidentior
747 1428 815 1469 ex
868 1413 1095 1470 oculata
1126 1412 1484 1483 inspectione
1509 1411 1812 1480 scriptura

159 1500 386 1557 Codicis
400 1502 759 1565 Farnesiani.
775 1504 1015 1575 ejusque
1031 1502 1456 1572 comparatione
1477 1514 1605 1556 cum
1625 1498 1809 1554 simili

154 1591 483 1647 charactere
511 1592 767 1665 Cataiogi
799 1592 1183 1661 Corbeiensis,
1208 1591 1278 1648 ad
1323 1591 1491 1647 finem
1518 1589 1750 1660 septimi
1780 1601 1813 1644 a

153 1680 378 1737 Christo
403 1682 606 1738 saculi
646 1683 984 1752 pertinente.

217 1770 377 1839 Quod
410 1778 603 1827 autem
626 1772 838 1827 attinet
864 1772 932 1827 ad
957 1770 1409 1828 similitudinem
1437 1768 1614 1839 hujus
1639 1780 1820 1823 exem.

1926 606 2027 658 tur
2050 603 2219 659 etiam
2249 607 2413 659 atate
2432 603 2739 673 Hoistenii,
2769 604 2913 661 illud
2939 605 3130 675 ipsum
3147 605 3398 675 denique
3409 615 3589 659 exem-

1929 691 2074 763 plar,
2109 692 2260 749 unde
2285 693 2572 750 variantes
2600 693 2877 755 lectiones
2909 694 3117 764 praesul
3151 694 3250 749 ille
3280 693 3587 763 transcrip-

1927 786 2100 852 serat,
2129 780 2416 839 afﬁrmans
2440 792 2676 840 cateros
2702 784 2932 839 codices
2959 783 3032 838 ab
3084 783 3191 839 hoc
3218 797 3333 840 uno
3371 785 3591 840 Farne-

1926 871 2094 929 siano
2155 873 2507 943 antiquitate
2582 873 2866 953 superari.
2942 873 3000 928 Id
3068 871 3235 928 fratri
3299 888 3406 930 suo
3455 887 3584 929 eum

1925 963 2313 1035 significasset
2336 963 2595 1020 marchio
2613 962 2925 1019 Mauritius
2941 962 3096 1018 datis
3121 963 3190 1018 ad
3218 976 3346 1019 eum
3369 963 3587 1019 litteris

1927 1052 2025 1109 die
2058 1049 2125 1108 45
2164 1054 2317 1123 Sept.
2363 1053 2500 1109 anni
2534 1048 2693 1119 4749,
2726 1060 2854 1123 post
2884 1065 3143 1108 annuum
3176 1052 3406 1107 scilicet
3443 1066 3584 1122 spa~

1926 1143 2073 1198 tium
2103 1155 2135 1199 a
2169 1142 2350 1212 priori
2371 1148 2526 1199 tomo
2550 1147 2760 1200 nostra
2780 1141 3061 1199 editionis
3087 1141 3341 1213 vulgato,
3374 1153 3586 1212 easque

1925 1230 2151 1288 litteras
2197 1232 2345 1288 mihi
2367 1234 2803 1290 communicans
2853 1232 3112 1288 marchio
3150 1232 3410 1304 Ignatius
3452 1244 3581 1286 cum

1924 1319 2152 1377 offerret
2183 1322 2495 1394 utriusque
2524 1323 2787 1381 studium
2815 1332 2870 1379 et
2889 1335 3087 1379 curam
3110 1321 3171 1377 in
3198 1320 3459 1390 exemplo
3482 1333 3581 1376 seu

1923 1412 2239 1481 specimine
2263 1414 2568 1484 scriptura
2592 1415 2906 1487 diligenter
2923 1413 3272 1471 eiformando
3300 1426 3399 1483 per
3426 1410 3587 1480 peri—

1923 1504 2045 1557 tum
2092 1502 2533 1575 cailigraphum,
2589 1504 2765 1576 elegit
2817 1504 3004 1561 Vitam
3035 1505 3087 1560 S.
3132 1502 3375 1574 Eugenii
3416 1506 3584 1556 tran-

1924 1590 2213 1646 scribere:
2277 1607 2401 1663 qua
2443 1593 2635 1650 brevis
2669 1608 2800 1651 cum
2845 1595 2925 1651 sit
2954 1597 3010 1650 et
3040 1594 3101 1649 in
3137 1592 3324 1649 fronte
3350 1590 3478 1647 folii
3516 1604 3584 1647 ex

1926 1681 2195 1737 columna
2226 1682 2413 1752 prima
2448 1683 2715 1754 incipiat,
2749 1689 2920 1756 atque
2948 1684 3009 1739 in
3040 1683 3291 1739 secunda
3317 1681 3582 1738 columna

1927 1770 2279 1842 absolvatur,
2300 1778 2484 1842 potest
2499 1773 2834 1842 capitalium
2847 1774 3264 1843 characterum,
3290 1772 3586 1841 totiusque

155 1857 223 1927 pii
275 1872 377 1929 per
408 1872 516 1915 nos
558 1859 728 1916 ineisi
769 1874 897 1915 cum
943 1858 1301 1930 autographo
1338 1857 1705 1924 Farnesiano,
1730 1869 1822 1911 va-
1853 1848 3415 1931 Bcontextusacpostremorumvitaversuumformam
3430 1860 3587 1916 exhi-

153 1948 270 2003 dem
298 1962 361 2004 se
386 1948 556 2004 sistit
572 1950 766 2005 eadem
789 1948 1097 2021 diligentia
1116 1946 1474 2003 marchionis
1489 1946 1559 2002 de
1575 1945 1814 2015 sanctis,

155 2040 309 2109 cujus
337 2038 631 2097 beneficio
656 2044 941 2108 repertus,
969 2041 1348 2116 praservatus
1392 2050 1458 2092 ac
1484 2034 1819 2105 reipublica

160 2128 450 2184 litteraria
480 2128 634 2185 bono
668 2126 931 2184 redditus
962 2132 1048 2181 est
1073 2125 1268 2193 codex,
1297 2126 1402 2181 diu
1431 2124 1815 2195 desideratus,

154 2222 199 2272 et
218 2231 245 2273 a
268 2217 692 2289 compluribus
720 2215 937 2273 frustra
960 2216 1260 2287 quasitus,
1279 2215 1459 2271 donec
1476 2214 1587 2269 viri
1604 2213 1820 2269 claris-

156 2307 268 2363 simi
292 2307 646 2365 constantia
676 2307 732 2362 in
767 2305 1180 2362 benemerendo
1205 2306 1275 2361 de
1302 2304 1599 2375 pontiﬁcis
1627 2303 1820 2361 histo—

159 2398 229 2451 ria
250 2397 695 2453 delitescentem
729 2396 789 2451 in
830 2395 1043 2468 angulo
1093 2400 1149 2451 et
1197 2393 1371 2450 ferme
1397 2393 1816 2450 conclamatum

166 2501 328 2542 usura
370 2485 535 2543 lueis
590 2484 869 2541 restituit.
906 2485 1038 2540 Post
1076 2484 1300 2540 obitum
1350 2484 1503 2538 enim
1547 2483 1815 2554 prasulis

154 2574 533 2631 Schelestratii
558 2588 689 2631 cum
709 2573 1067 2630 serenissimi
1093 2574 1388 2645 principes
1400 2573 1657 2629 Farnesii
1678 2574 1813 2628 Par-

165 2678 289 2721 mam
333 2664 647 2722 transferri
671 2664 991 2735 jussissent
1028 2664 1256 2735 aliquot
1296 2668 1552 2719 vetustos
1581 2662 1812 2719 codices

169 2753 517 2813 bibliotheca
566 2768 737 2825 quam
770 2757 961 2811 Roma
1005 2754 1323 2825 possident,
1377 2754 1530 2835 inter
1575 2757 1812 2810 cateros

157 2843 270 2901 huic
281 2846 874 2903 delectuiaccensitos
886 2844 1304 2901 Anastasianus
1320 2844 1812 2902 ilietransmissus

158 2932 268 2990 fuit.
298 2936 503 2992 Verum
532 2936 589 2991 is
611 2935 710 2992 cui
729 2934 1189 2991 ordinandorum
1212 2935 1496 2991 librorum
1513 2948 1652 2992 cura
1677 2933 1813 2992 fue-

158 3031 230 3080 rat
253 3016 607 3094 concredita,
630 3025 784 3081 hunc
803 3037 915 3081 non
944 3024 1168 3081 modica
1198 3025 1291 3081 sui
1322 3029 1481 3096 parte
1511 3025 1810 3099 mutilumg

157 3115 227 3169 uti
251 3129 371 3172 eum
394 3116 599 3171 Roma
626 3114 1239 3171 viderantiiolstenius
1265 3120 1320 3170 et
1339 3115 1803 3183 Schelestratius,

1927 1949 2077 2006 bere.
2114 1952 2422 2022 Postquam
2447 1953 2505 2009 id
2538 1953 2812 2022 prastitit
2835 1952 3105 2024 otiiciose,
3137 1952 3238 2008 ari
3265 1951 3449 2009 incidi
3474 1948 3584 2005 feci

1926 2041 2118 2097 Roma
2137 2042 2206 2098 ad
2227 2042 2472 2113 exempli
2494 2042 2563 2099 ad
2587 2056 2676 2099 me
2695 2042 3026 2099 transmissi
3046 2054 3301 2098 normam
3321 2040 3586 2111 singulos

1928 2130 2286 2187 characteres
2317 2131 2450 2187 vita
2478 2132 2531 2187 S.
2563 2131 2830 2204 Eugenii,
2863 2134 2920 2187 et
2951 2131 3353 2202 impressionis
3378 2135 3587 2186 nostra

1931 2227 2128 2291 typum
2172 2234 2303 2277 cum
2360 2225 2662 2292 prototypo
2710 2219 3118 2278 conferendum
3176 2220 3361 2276 eidem
3422 2218 3586 2276 reddi

1927 2311 2166 2383 curavi;
2200 2325 2346 2381 quos
2369 2311 2449 2367 ita
2482 2312 2810 2368 consentire
2829 2310 3228 2381 deprehendit,
3258 2314 3324 2366 ut
3342 2308 3432 2366 edi
3464 2312 3588 2366 tuto

1928 2414 2095 2472 posse
2122 2415 2254 2457 eum
2288 2400 2641 2457 imitationis
2666 2403 2877 2457 exacta
2902 2405 3334 2457 auctoramento
3364 2411 3587 2469 suoque

1927 2491 2262 2547 testimonio
2284 2495 2513 2547 censeat
2529 2490 2626 2547 die
2650 2487 2722 2546 29
2743 2490 2965 2561 Aprilis
2983 2489 3231 2545 labentis
3255 2489 3393 2544 anni
3421 2484 3580 2558 4720,

1924 2581 2004 2637 ita
2030 2581 2099 2637 ad
2129 2593 2218 2637 me
2244 2580 2506 2637 scribens
2533 2599 2547 2636 :
2579 2601 2606 2633 α
2637 2582 2757 2637 Puo
2783 2579 2894 2636 elia
2927 2578 3166 2635 inferire
3196 2578 3583 2635 francamente

1923 2670 2343 2741 l’impressione
2382 2671 2534 2727 neila
2558 2671 2618 2727 di
2650 2670 2724 2726 lei
2752 2684 2943 2740 opera,
2986 2668 3444 2739 assicurandola,
3477 2667 3584 2723 che

1924 2761 1966 2816 il
2009 2767 2288 2818 carattere
2319 2775 2351 2817 e
2379 2761 2753 2817 similissimo
2784 2760 2880 2817 all’
2919 2759 3225 2832 originale,
3252 2773 3284 2816 e
3312 2759 3418 2814 che
3464 2769 3579 2814 non

1921 2855 2122 2922 poteva
2154 2851 2408 2908 imitarsi
2450 2852 2661 2924 meglio
2698 2851 2834 2908 dall’
2872 2850 3144 2921 Ineisore,
3198 2850 3266 2906 ed
3310 2849 3367 2905 io
3397 2860 3486 2904 me
3511 2860 3582 2903 ne

1921 2940 2169 3012 railegro
2224 2941 2335 2998 ben
2380 2942 2574 2998 molto.
2621 2959 2648 2992 ››
2693 2941 2983 3010 Quantum
3025 2953 3156 2997 vero
3212 2937 3578 3010 diligentiam

1921 3030 2046 3101 ipse
2073 3031 2326 3102 exegerit
2352 3044 2384 3087 a
2410 3031 2770 3103 calligrapho
2799 3031 2859 3086 in
2897 3044 2963 3087 eo
3007 3027 3316 3099 exemplari
3350 3025 3580 3083 descri—

1919 3119 2124 3188 bendo,
2150 3121 2301 3192 quod
2322 3120 2461 3177 huic
2487 3121 2764 3178 incisioni
2791 3121 3058 3178 Romana
3078 3119 3439 3190 prepositum
3466 3115 3581 3172 fuit

159 3204 281 3258 totis
310 3204 748 3277 quinquaginta
779 3208 905 3261 octo
935 3203 1273 3275 pontiﬁcum
1311 3203 1464 3259 Vitis
1488 3216 1520 3261 a
1550 3204 1602 3259 S.
1640 3180 1803 3261 Petro
1838 3180 1888 3244 Ct
1915 3210 1986 3267 ad
2021 3180 2390 3281 imitandum,
2440 3215 2614 3268 testes
2640 3216 2780 3268 sunt
2814 3211 3022 3268 littera
3068 3180 3357 3266 Placentia
3388 3207 3457 3263 ad
3493 3219 3579 3262 me

156 3292 211 3346 ad
236 3293 284 3347 S.
314 3296 642 3367 Agapetum
674 3292 1013 3364 deperditis,
1048 3308 1108 3349 se
1128 3296 1346 3363 posuit,
1375 3296 1431 3349 et
1460 3307 1588 3350 cum
1618 3295 1804 3365 rejec—

155 3383 316 3439 taneis
340 3380 652 3440 fasciculis
685 3381 1175 3453 incompactorum
1204 3381 1475 3439 foliorum
1515 3381 1800 3440 oblivioni

157 3468 305 3529 ferme
330 3472 747 3543 demandavit;
778 3473 899 3528 sive
919 3472 1219 3532 distulerit
1237 3473 1584 3546 diligentius
1611 3473 1803 3545 inqui-

158 3575 259 3618 rere
280 3565 441 3634 cujus
467 3562 675 3635 operis
708 3576 842 3633 pars
872 3562 972 3619 illa
999 3566 1293 3633 superstes
1326 3562 1505 3634 foret;
1556 3564 1677 3619 sive
1707 3568 1799 3620 ιιι-ι

158 3652 381 3709 tenderet
403 3667 474 3709 an
508 3652 592 3710 ab
617 3651 769 3707 Urbe
794 3653 1328 3708 transmitterentur
1347 3651 1465 3708 alia
1487 3650 1802 3723 fragmenta

157 3754 261 3811 qua
283 3744 346 3799 ad
381 3744 535 3800 hunc
586 3741 778 3813 ipsum
820 3743 1073 3798 codicem
1107 3742 1395 3813 pertinere
1422 3746 1673 3811 possent.
1715 3742 1799 3799 Ad

156 3829 277 3887 alias
295 3833 541 3890 subinde
578 3846 789 3889 manus
810 3831 1176 3888 bibliotheca
1208 3843 1347 3886 cura
1381 3830 1439 3887 in
1469 3830 1799 3902 principum

159 3923 492 3980 successione
517 3937 659 3980 cum
685 3922 1032 3991 devenisset,
1060 3920 1279 3977 nemini
1312 3920 1631 3992 quidquam
1653 3920 1800 3977 sub-

157 4009 285 4065 oluit
306 4013 373 4068 de
397 4011 719 4070 Anastasio
747 4011 901 4068 inter
923 4011 1043 4067 hac
1074 4010 1410 4067 retrimenta
1440 4010 1801 4081 conquiren—

155 4095 231 4153 do.
265 4101 371 4158 Nos
393 4108 586 4160 autem
621 4102 818 4157 Roma
846 4100 1182 4157 delitescere
1219 4099 1435 4156 librum
1490 4099 1794 4169 suspicati,

155 4189 385 4246 studiose
411 4190 695 4262 conquiri
724 4191 782 4246 in
814 4190 1029 4260 pluteis
1050 4188 1274 4245 archivi
1295 4188 1628 4245 Farnesiani
1654 4202 1801 4245 sere-

156 4278 382 4337 nissima
406 4281 619 4338 domus
645 4280 707 4336 in
738 4279 954 4352 palatio
979 4278 1190 4336 celebri
1216 4279 1285 4335 ad
1314 4279 1588 4349 Campum
1619 4278 1798 4336 Flora

154 4368 297 4425 enixe
338 4371 772 4444 ﬂagitabamus.
800 4369 1017 4427 Illustr.
1056 4370 1169 4425 viri
1199 4382 1266 4425 ac
1305 4369 1562 4441 germani
1591 4367 1798 4425 fratres

156 4454 214 4511 de
258 4459 497 4533 Sanctis,
547 4460 818 4517 marchio
872 4459 1103 4515 scilicet
1146 4460 1405 4531 Ignatius
1450 4459 1797 4529 prapositus

156 4551 376 4618 negotiis
405 4551 804 4608 serenissima
824 4550 1031 4607 domus
1066 4549 1484 4621 pertractandis
1534 4548 1593 4604 in
1626 4544 1794 4615 Urbe,

152 4643 199 4694 et
214 4641 834 4699 marchioMauritiusa
852 4638 1245 4697 sanctioribus
1260 4638 1529 4696 consiliis
1545 4638 1796 4710 aliisque

151 4731 289 4785 curis
332 4734 480 4803 apud
549 4730 880 4802 principem
930 4743 1101 4787 suum
1151 4730 1396 4786 maxima
1442 4742 1572 4786 cum
1627 4727 1797 4785 laude

151 4817 445 4893 adhibitus,
487 4836 605 4895 qua
632 4826 778 4878 sunt
809 4819 1171 4876 humanitate
1193 4819 1444 4891 praediti,
1477 4833 1544 4875 ac
1574 4819 1645 4875 de
1664 4832 1796 4875 om-
1842 4852 1852 4863 -

152 4907 304 4965 nibus
355 4910 766 4970 benemerendi
812 4910 1010 4966 studio
1060 4909 1289 4981 perciti,
1353 4922 1501 4982 agre
1538 4907 1797 4963 ferebant

152 5009 313 5071 neque
349 5001 440 5057 hic
482 5002 735 5074 reperiri
785 5001 1038 5057 codicem
1079 5000 1492 5057 Farnesianum
1536 4997 1608 5054 ab
1654 4997 1799 5053 Hol—

150 5090 318 5145 stenio
340 5096 635 5163 tantopere
668 5089 1153 5157 commendatum,
1188 5102 1372 5161 neque
1402 5088 1462 5145 in
1483 5087 1615 5145 aula
1644 5088 1798 5158 prin-

154 5176 288 5247 cipis
308 5179 598 5237 Parmensi
625 5200 640 5237 :
673 5194 809 5237 cum
836 5195 984 5250 sape
1009 5185 1328 5238 tentassent
1352 5178 1497 5235 meis
1527 5177 1795 5249 precibus

154 5265 448 5341 sollicitati,
472 5270 630 5326 inter
657 5270 912 5341 pretiosa
932 5269 1166 5326 cimelia
1182 5268 1568 5325 serenissima
1588 5268 1793 5324 domus

154 5349 243 5408 hoc
266 5368 369 5413 non
398 5365 760 5430 postremum
788 5363 1223 5417 monumentum
1246 5356 1517 5427 reperire.
1550 5358 1795 5415 Evoive-

156 5450 272 5499 runt
297 5447 611 5507 Romanum
637 5447 968 5519 archivum,
997 5455 1055 5505 et
1081 5449 1441 5504 Parmensem
1468 5445 1794 5505 bibliothe-

154 5542 283 5588 cam:
319 5536 374 5594 in
390 5552 501 5610 qua
524 5538 763 5596 tandem
778 5539 971 5612 sagaci
985 5552 1141 5596 cura
1156 5537 1511 5595 marchionis
1527 5539 1789 5597 Mauritii

155 5630 322 5681 omnes
348 5627 592 5701 angulos
624 5626 1008 5701 perlustranti
1032 5626 1264 5685 oblatus
1304 5631 1393 5684 est
1421 5627 1524 5685 diu
1558 5633 1792 5701 Optatus

155 5708 323 5785 codex,
370 5717 678 5790 quadratis
723 5716 945 5776 litteris
972 5731 1077 5777 seu
1120 5715 1465 5790 majuscuiis
1491 5713 1578 5789 (ut
1618 5716 1793 5792 vulgo

1912 3300 2061 3356 data
2083 3298 2153 3357 ‘20
2179 3300 2519 3357 Novembris
2561 3297 2720 3372 4749,
2756 3301 2815 3357 in
2862 3301 3012 3357 hanc
3039 3299 3408 3368 sententiam,
3432 3309 3578 3369 quas

1912 3390 2085 3446 etiam
2113 3389 2297 3447 refero
2320 3404 2449 3447 cum
2473 3390 2793 3447 evidentem
2823 3391 3067 3447 reddant
3118 3386 3449 3445 Farnesiani
3473 3401 3579 3444 co.

1911 3479 2065 3537 dicis
2083 3480 2518 3551 antiquitatem:
2545 3502 2572 3535 α
2596 3483 2670 3537 Le
2684 3481 2848 3551 copie
2883 3480 3149 3537 suddetle
3173 3478 3344 3551 (delia
3370 3477 3488 3534 vita
3514 3478 3575 3534 di

1910 3569 1965 3625 S.
1999 3570 2278 3642 Eugenio,
2306 3583 2337 3625 e
2366 3571 2427 3626 di
2464 3583 2541 3627 un
2569 3569 2912 3626 frammento
2959 3569 3021 3625 di
3049 3567 3242 3639 quella
3270 3566 3330 3623 di
3359 3564 3577 3637 Sergio)

1911 3669 2027 3714 non
2072 3671 2215 3714 sono
2255 3662 2404 3714 state
2450 3659 2748 3714 trascritte
2777 3672 2847 3713 su
2874 3657 2931 3713 la
2985 3660 3145 3712 carta
3172 3655 3377 3711 Cinese
3400 3653 3474 3709 da
3501 3652 3576 3709 lei

1914 3747 2239 3808 inviatami,
2294 3760 2393 3815 per
2415 3747 2531 3803 due
2575 3749 2724 3815 capi.
2768 3746 2892 3802 Uno
2930 3758 2964 3799 e
2999 3749 3171 3814 stato,
3214 3756 3314 3814 per
3341 3743 3574 3813 essersi,

1912 3840 2093 3891 attesa
2112 3833 2461 3903 l’antichita,
2482 3833 2617 3888 nell’
2631 3832 2920 3905 originale
2936 3831 3140 3888 scritto
3162 3831 3222 3888 in
3240 3843 3577 3902 pergamena

1912 3923 2065 3980 assai
2092 3922 2411 3979 diminuita
2441 3921 2493 3977 la
2523 3934 2751 3978 nerezza
2775 3921 2908 3978 d’eil
2945 3921 3289 3992 inchiostro,
3319 3922 3379 3977 in
3410 3922 3576 3980 modo

1910 4013 2016 4071 che
2036 4026 2149 4069 non
2175 4012 2490 4082 trasparira
2510 4027 2543 4068 a
2565 4011 2891 4069 suiﬁcienza
2906 4011 3078 4085 (sotto
3106 4011 3159 4069 la
3180 4017 3337 4069 carta
3352 4012 3578 4069 Cinese-

1909 4116 2011 4174 per
2042 4112 2234 4174 potere
2263 4107 2635 4159 esattamente
2658 4102 2888 4159 imitare
2910 4102 2965 4160 la
2986 4101 3168 4160 forma
3197 4103 3288 4160 del
3320 4107 3575 4161 caratte-

1909 4205 2013 4264 re;
2069 4192 2279 4264 l’altro,
2332 4192 2385 4248 ia
2434 4193 2763 4263 esperienza
2806 4190 2947 4250 fatta
2989 4192 3083 4250 dei
3132 4193 3365 4264 Copista
3401 4208 3472 4250 su
3518 4193 3573 4250 la

1908 4289 2062 4339 carta
2094 4283 2318 4353 Cinese;
2348 4280 2429 4354 gii
2464 4280 2535 4339 ha
2569 4279 2712 4338 fatto
2741 4293 3069 4353 conoscere,
3101 4282 3209 4338 che
3236 4282 3568 4339 servendosi

1907 4372 2083 4429 d’una
2104 4385 2288 4443 penna
2307 4372 2594 4429 ancorche
2616 4371 3011 4442 sottiiissima,
3040 4371 3099 4426 in
3122 4375 3302 4442 punta
3330 4371 3572 4428 rendeva

1910 4460 2274 4519 l’inehiostro
2302 4462 2458 4518 assai
2495 4476 2716 4535 grosso,
2760 4460 2934 4533 quale
2965 4461 3057 4532 poj
3088 4460 3222 4518 neli’
3246 4460 3569 4533 asciugarsi

1827 4531 1882 4594 D
1910 4551 2200 4609 ritornava
2227 4551 2442 4622 sottile,
2464 4531 2521 4608 et
2542 4531 2990 4624 ristring—endosi
3009 4549 3346 4608 diiiormava
3365 4531 3571 4622 troppo

1910 4640 1963 4697 ia
1994 4640 2388 4698 similitudine
2413 4640 2505 4698 del
2532 4647 2850 4713 carattere;
2880 4642 3047 4700 ond’e
3064 4646 3214 4701 stato
3246 4641 3570 4699 necessario

1907 4743 1939 4786 a
1968 4731 2177 4789 vaiersi
2203 4731 2354 4788 delia
2375 4736 2533 4789 carta
2564 4732 2885 4805 ordinaria,
2911 4746 2944 4790 e
2969 4730 3165 4790 fattosi
3190 4735 3290 4789 un'
3308 4728 3571 4787 Alfabeto

1904 4841 2011 4885 con
2042 4830 2393 4888 esattissima
2411 4832 2700 4903 diligenza
2729 4831 2791 4887 di
2817 4836 2967 4888 tutte
2997 4830 3051 4887 le
3072 4831 3275 4887 lettere
3303 4842 3335 4883 a
3363 4826 3573 4883 simili-

1906 4928 2109 4986 tudine
2127 4928 2189 4985 di
2222 4930 2413 5001 queile
2440 4926 2580 4987 dell’
2607 4930 2846 4991 Antore.
2899 4928 2987 4985 col
3017 4939 3205 4983 mezzo
3230 4924 3294 4981 di
3344 4928 3567 4995 questo,

1903 5042 1934 5086 e
1975 5042 2082 5086 con
2123 5029 2177 5086 la
2222 5029 2555 5101 inspezione
2599 5028 2736 5086 dell’
2792 5024 3081 5099 originale
3130 5025 3203 5079 ba
3250 5021 3372 5078 cosi
3429 5020 3570 5077 bene

1905 5127 2133 5185 imitate
2161 5125 2201 5184 il
2241 5136 2543 5198 carattere,
2593 5140 2624 5181 e
2663 5123 2815 5181 neila
2846 5124 3143 5195 larghezza
3168 5120 3318 5178 delle
3347 5120 3517 5192 linee,
3540 5132 3572 5174 e

1904 5225 2055 5282 neile
2079 5223 2290 5282 fatezze
2312 5225 2376 5281 di
2409 5226 2685 5281 ciascuna
2717 5222 2940 5293 lettera,
2973 5220 3081 5276 che
3100 5232 3208 5276 nen
3238 5219 3295 5275 vi
3327 5232 3359 5275 e
3389 5218 3444 5275 la
3469 5219 3569 5275 Mi-

1906 5322 2063 5378 nima
2108 5318 2438 5378 diiierenza.
2479 5317 2765 5390 Spiacemi
2798 5313 2905 5374 che
2934 5316 3005 5374 V.
3050 5315 3107 5373 S.
3139 5318 3182 5373 Ι.
3242 5328 3357 5374 non
3397 5328 3569 5388 possa

1904 5418 2067 5477 farne
2089 5418 2483 5476 ocularmente
2518 5415 2561 5473 ii
2592 5413 2896 5473 confronto
2916 5415 3005 5473 col
3035 5417 3203 5473 Teste
3224 5414 3284 5473 di
3315 5414 3568 5473 Anasta-

1904 5519 2016 5589 sio,
2083 5518 2189 5575 che
2233 5517 2294 5574 in
2339 5513 2469 5574 fatti
2530 5512 2844 5572 vederebbe
2878 5512 2991 5572 una
3022 5528 3157 5574 cosa
3197 5514 3562 5573 miracoiosa.

1899 5617 1999 5677 Coi
2040 5615 2355 5675 medesimo
2377 5615 2547 5672 Testo
2592 5614 2939 5672 riscontrata
2967 5615 3021 5673 la
3050 5616 3239 5692 capia,
3270 5629 3304 5674 e
3329 5615 3447 5673 l’ho
3475 5612 3569 5669 ri—

1902 5722 2123 5778 trovata
2150 5713 2333 5776 fedele
2357 5733 2375 5788 ;
2397 5713 2547 5773 onde
2572 5726 2686 5787 puo
2702 5711 2815 5772 clla
2837 5715 3210 5790 assient-arsi,
3228 5715 3336 5775 che
3355 5712 3413 5770 la
3429 5719 3573 5781 opo-
