3996 6396
356 393 458 454 455
1258 389 1353 447 AD
1389 387 1828 447 ANASTASIUM
1863 383 2391 447 PROLEGOMENA
2425 386 2868 449 EDIT.—VATIC.
3661 383 3768 447 456

353 520 585 578 razione
609 533 640 577 e
669 518 871 576 riscita
922 515 1074 576 della
1129 514 1470 589 perfezione,
1500 531 1531 574 e
1561 516 1905 587 squisltezza
1933 514 2008 571 da
2033 509 2090 570 A
2117 521 2170 577 s.
2214 521 2516 579 Evaristus
2607 515 2661 577 8.
2753 519 2836 579 to.
2983 517 3045 578 2.
3271 515 3355 575 44.
3469 516 3521 577 3.
3675 515 3766 577 42.

353 611 426 667 lei
457 610 797 667 desiderata.
839 628 865 659 ι»

2129 613 2174 669 5.
2214 612 2533 670 Alexander
2587 611 2672 670 42.
2782 610 2839 668 ’7.
2985 610 3046 668 2.
3303 606 3356 666 7.
3470 609 3522 666 6.
3711 607 3766 665 6.

423 701 597 756 Nemo
631 713 718 755 me
749 698 1147 770 reprehendat,
1180 697 1230 753 si
1264 697 1553 753 morosius
1587 696 1704 751 hac
1735 707 2010 766 persecu-

2129 705 2173 760 5.
2217 706 2436 773 Xystus
2601 702 2686 760 40.
2795 702 2848 760 2.
3000 700 3056 758 4.
3279 701 3368 759 25.
3481 700 3535 758 2.
3714 697 3766 755 4.

354 795 448 847 tus
470 790 670 846 videor
699 804 829 846 cum
862 789 1202 845 illustrandi
1231 787 1386 843 Libri
1426 785 1785 842 Pontiﬁcalis
1814 797 1951 840 cura
1975 797 2007 838 a

355 878 522 935 nobis
543 881 841 947 assumpta
870 878 924 932 id
961 877 1171 948 exigat,
1211 881 1276 932 ut
1306 890 1452 946 opus
1475 875 1779 930 Anastasio
1809 872 2006 928 tribu—

352 972 475 1023 tum
522 969 590 1024 ad
621 967 984 1036 antiquiores
1006 967 1318 1035 scriptores
1338 978 1462 1020 esse
1487 963 1846 1020 referendum
1877 975 2006 1017 cum

353 1057 611 1113 laudatis
641 1055 990 1127 prasulibus
1022 1056 1351 1124 ostendam;
1385 1055 1536 1125 quod
1565 1058 1846 1109 assertum
1870 1050 2011 1120 plu-

355 1145 524 1202 ribus
561 1146 919 1218 argumentis
958 1145 1245 1200 ﬁrmatum
1305 1144 1364 1198 in
1414 1141 1748 1213 prafatione
1794 1139 2010 1210 prioris

359 1235 521 1304 tomi,
551 1239 606 1290 et
629 1236 687 1289 in
710 1235 1118 1290 dissertatione
1143 1233 1535 1288 Schelestratii
1559 1245 1687 1286 mox
1705 1229 2007 1298 afferenda,

357 1322 464 1378 hac
483 1325 654 1379 etiam
679 1324 1167 1380 demonstratione
1188 1321 1444 1378 fraudari
1465 1335 1577 1377 non
1591 1320 1810 1390 debuit,
1841 1331 2010 1390 quam

360 1413 656 1468 ministrat
678 1413 1000 1483 antiquitas
1029 1412 1297 1468 codicum
1319 1424 1598 1481 superans
1623 1415 1842 1464 atatem
1872 1411 2012 1463 Ana-

357 1503 688 1558 stasianam.
723 1502 867 1556 Huic
899 1509 1085 1557 autem
1121 1501 1243 1557 loco
1271 1506 1554 1556 reservata
1584 1499 1682 1554 illa
1720 1497 1852 1566 fuit,
1897 1511 2011 1567 quo

356 1590 1176 1658 deCatalogisCorbeiensibus
1188 1604 1373 1646 sermo
1387 1589 1691 1645 surbortus
1707 1599 2010 1655 compara-

359 1681 571 1736 tionem
606 1681 910 1749 scriptura
963 1679 1196 1736 illorum
1242 1679 1504 1734 exhiberi
1557 1676 1900 1746 postulabat,
1945 1679 2012 1729 ut

359 1770 482 1839 pari
532 1770 883 1826 certitudine
923 1771 1321 1839 judicaremus
1376 1769 1446 1822 de
1477 1772 1760 1822 vetustate
1784 1765 2008 1822 codicis

2187 795 2394 850 Mirum
2428 794 2609 850 videri
2651 794 2817 850 debet
2849 794 3043 850 nullos
3087 808 3366 850 annorum
3408 805 3679 849 numeros
3707 792 3771 846 in

2119 887 2364 955 utroque
2409 885 2677 955 Catalogo
2705 885 3067 941 consentire:
3118 885 3400 939 mensium
3434 896 3629 938 omnes
3661 895 3774 952 pa-

2120 973 2263 1027 riter
2304 987 2428 1029 esse
2469 975 2786 1040 discordas,
2842 979 3044 1045 prater
3079 975 3251 1031 unius
3291 973 3482 1044 Xysti,
3527 972 3776 1042 diesque

2119 1067 2340 1117 tantum
2392 1063 2451 1119 in
2511 1066 2651 1120 Lino
2701 1071 2755 1121 et
2810 1067 2992 1136 Xysto
3031 1065 3374 1121 consentire.
3427 1066 3580 1120 Hanc
3637 1077 3775 1120 vero

2119 1151 2468 1208 discordiam
2518 1160 2847 1223 reputantes
2884 1155 3140 1221 criticos,
3183 1167 3422 1224 eamque
3448 1158 3774 1224 spectantes

2123 1239 2183 1294 in
2237 1241 2537 1298 codicibus
2585 1244 2731 1300 sexti
2773 1248 2828 1298 et
2893 1244 3122 1313 septimi
3178 1244 3396 1306 saculi,
3445 1243 3775 1313 desperatio

2125 1327 2299 1386 ferme
2331 1331 2647 1388 incessebat
2673 1333 3058 1405 chronol0gia
3099 1333 3408 1403 pontiﬁcia
3435 1332 3776 1389 ordinanda

2123 1421 2309 1490 primo
2347 1425 2402 1475 et
2432 1421 2612 1477 altero
2657 1422 2873 1477 Christi
2908 1423 3137 1480 saculo.
3193 1422 3537 1492 ChronoIOgi
3573 1423 3778 1476 heter-

2121 1509 2290 1565 odoxi
2346 1511 2594 1566 eamdem
2638 1511 2806 1567 nobis
2847 1526 2974 1567 cum
3029 1512 3454 1581 exprobrarent,
3508 1515 3776 1567 testatam

2121 1599 2422 1655 codicibus
2475 1606 2631 1656 tanta
2679 1607 2960 1658 vetustate
3016 1602 3292 1672 praditis,
3342 1601 3680 1657 revocabant
3714 1600 3776 1654 in

2122 1688 2366 1744 dubium
2421 1691 2691 1762 pleraque
2748 1698 2924 1761 gesta,
2982 1693 3094 1748 imo
3134 1696 3189 1747 et
3237 1691 3576 1761 martyrium
3608 1703 3780 1744 com—

2124 1778 2376 1847 plurium
2436 1781 2650 1836 nostris
2725 1782 2782 1836 in
2851 1783 3138 1850 Catal0gis
3205 1782 3554 1837 censitorum
3622 1780 3782 1834 inter

356 1858 712 1929 Farnesiani,
759 1864 1078 1930 opportune
1117 1858 1443 1928 praservati
1491 1858 1559 1912 ad
1611 1855 2000 1912 instruendam

2129 1846 2422 1937 p'ontiﬁces
2455 1886 2556 1940 pro
2611 1871 2828 1928 Christi
2879 1846 3109 1928 nomine
3158 1878 3392 1927 mortem
3454 1883 3780 1940 perpessos.

355 1950 638 2018 ejusmodi
667 1957 1004 2020 argumento
1035 1949 1180 2004 hanc
1209 1949 1540 2004 Vaticanam
1562 1947 1874 2002 editionem
1900 1945 2008 2000 Vi—

358 2043 544 2094 tarum
599 2039 933 2108 pontificum
978 2040 1386 2094 Romanorum.
1431 2034 1705 2092 Gratulor
1729 2049 1859 2091 vero
1892 2034 2010 2089 im-

358 2140 527 2196 pense
573 2129 842 2184 sereniss.
889 2128 1097 2184 domus
1149 2128 1433 2183 Farnesia
1481 2125 1846 2195 principibus
1880 2135 2009 2179 vere

356 2217 626 2272 Romanis
652 2234 668 2287 ς
710 2231 958 2287 quorum
990 2217 1185 2272 studio
1213 2216 1452 2285 perinde
1480 2219 1873 2284 praservatam
1900 2214 2011 2269 de-

354 2305 554 2362 bemus
574 2306 1005 2377 chronologiam
1045 2312 1103 2360 et
1130 2305 1436 2360 historiam
1463 2304 1707 2358 ethnica
1727 2304 1914 2358 Roma
1946 2301 2007 2356 in

356 2393 522 2452 fastis
555 2391 892 2451 marmoreis
917 2410 947 2449 e
977 2393 1100 2450 foro
1123 2393 1368 2463 eﬁossis,
1402 2397 1459 2447 et
1491 2392 1548 2446 in
1575 2391 1860 2461 Capitolio
1881 2389 2011 2444 col—

357 2484 563 2541 locatis
599 2489 730 2538 ante
755 2485 870 2539 duo
897 2483 1131 2537 circiter
1152 2482 1384 2550 saecula,
1416 2494 1482 2535 ac
1507 2485 1671 2535 atate
1693 2484 1887 2533 nostra
1909 2491 2012 2532 ac-

357 2577 573 2641 ceptam
607 2571 848 2626 fecimus
878 2569 1266 2640 chronologia
1295 2576 1354 2625 et
1382 2569 1640 2624 historia
1674 2567 2010 2638 pontiﬁcum

360 2660 740 2716 maximorum
753 2660 1159 2715 documentum
1178 2659 1403 2713 cateris
1424 2671 1534 2714 non
1555 2655 2011 2728 posthabendum

360 2751 422 2806 in
456 2749 801 2805 illustranda
822 2750 1000 2805 Roma
1018 2749 1369 2803 Christiana.

432 2839 622 2893 Prima
655 2839 840 2909 igitur
861 2851 926 2894 ea
947 2850 1121 2893 causa
1149 2836 1262 2892 fuit
1285 2837 1488 2893 edendi
1513 2837 1820 2906 utriusque
1842 2835 2013 2891 Cata—

360 2926 478 2998 logi
499 2926 863 2983 Corbeiensis
892 2942 1021 2983 cum
1046 2927 1362 2997 specimine
1390 2927 1692 2997 scriptura
1724 2930 1788 2982 ut
1815 2937 2012 2981 eorum

357 3017 430 3073 de
459 3016 807 3086 antiquitate
847 3021 1155 3073 constaret.

430 3105 624 3161 Altera
654 3106 955 3161 accedebat
997 3106 1166 3173 ratio,
1216 3104 1397 3175 priori
1427 3117 1538 3160 non
1581 3103 2005 3174 posthabenda:

2124 1957 2464 2015 Pearsonius
2521 1960 2662 2017 diss.
2718 1976 2779 2029 ιῐ,
2838 1977 2959 2032 cap.
3012 1962 3064 2033 6,
3113 1963 3249 2019 licet
3279 1962 3430 2017 inter
3471 1959 3786 2016 Acatholi—

2121 2059 2218 2102 cos
2249 2062 2360 2103 non
2406 2048 2737 2117 violentior,
2790 2052 3088 2108 consulere
3120 2056 3306 2107 tamen
3351 2049 3674 2115 videbatur,
3713 2053 3786 2104 ut

2119 2136 2529 2194 conclamatam
2571 2153 2695 2195 esse
2733 2139 3044 2196 fateremnr
3091 2141 3528 2212 productionem
3581 2137 3786 2194 histo—

2117 2224 2220 2278 ria
2277 2231 2332 2280 et
2374 2229 2746 2284 assertionem
2802 2229 3088 2300 martyrii,
3137 2230 3520 2297 decretorum,
3572 2232 3631 2283 et
3681 2226 3783 2282 ri-

2119 2316 2305 2380 tuum,
2339 2315 2410 2369 ab
2441 2317 2600 2372 hisce
2629 2317 2774 2372 viris
2805 2318 3194 2374 sanctissimis
3221 2319 3490 2373 Ecclesia
3517 2316 3786 2373 archivis

2119 2402 2537 2458 concreditam:
2575 2405 2660 2459 uti
2689 2407 2979 2474 percipere
3007 2407 3253 2476 quisque
3286 2410 3466 2473 potest
3494 2407 3552 2460 in
3585 2405 3787 2462 tribus

2121 2490 2299 2544 editis
2327 2490 2842 2548 dissertationibus
2883 2495 3008 2562 ejus
3037 2493 3282 2562 Operum
3313 2493 3783 2564 posthumorum.

2123 2579 2203 2633 Ex
2235 2579 2452 2634 nostris
2491 2586 2677 2636 autem
2711 2581 3098 2651 scriptoribus
3125 2597 3408 2638 nonnemo
3455 2597 3783 2653 suspensus

2121 2668 2318 2724 animo
2347 2669 2486 2739 quid
2519 2670 2754 2726 consilii
2787 2676 3012 2740 caperet
3063 2672 3362 2743 ignorabat
3413 2673 3471 2728 in
3522 2673 3792 2730 chrono-

2122 2756 2274 2827 logia
2305 2758 2598 2828 pontiﬁcia
2633 2759 2998 2816 stabilienda.
3044 2761 3442 2831 Prajudicatis
3466 2761 3617 2816 enim
3641 2762 3788 2831 opi—

2123 2846 2399 2903 nionibus
2434 2849 2646 2903 ductus
2670 2863 2797 2904 cum
2827 2849 3103 2904 rationem
3136 2851 3344 2906 habere
3382 2851 3788 2907 tantummodo

2123 2937 2419 2993 statuisset
2439 2937 2623 2994 solius
2640 2939 2902 2995 codicum
2919 2940 3312 3010 antiquitatis,
3335 2940 3572 2995 minime
3594 2953 3790 2995 neces-

2125 3026 2343 3082 sarium
2367 3028 2611 3084 ducebat
2629 3029 2686 3083 in
2702 3027 2887 3084 fontes
2907 3030 3288 3085 dissimilium
3310 3030 3606 3100 inquirere
3623 3029 3792 3084 Cata-

2125 3115 2385 3187 logorum
2413 3131 2726 3188 eorumque
2761 3118 2832 3173 de
2849 3119 3076 3190 origine
3105 3123 3160 3174 et
3189 3119 3532 3175 auctoritate
3560 3118 3791 3174 certio-

363 3209 490 3266 qua
516 3194 743 3250 scilicet
777 3195 1042 3251 ostendat
1074 3198 1355 3264 quantum
1398 3193 1655 3264 praferri
1690 3197 2010 3249 mereantur

2129 3219 2244 3261 rem
2291 3206 2435 3262 ﬁeri.
2486 3207 2602 3262 Nos
2636 3187 2839 3262 autem
2889 3187 3018 3264 cum
3063 3208 3398 3264 Tertuliano
3439 3207 3525 3278 (de
3569 3207 3790 3263 Corona

364 3283 657 3355 pontiﬁcis
705 3284 983 3355 catalogis
1034 3289 1399 3340 externorum
1444 3283 1830 3354 archivorum,
1881 3281 2017 3338 licet

364 3386 567 3444 magna
596 3378 877 3429 vetustate
899 3373 1332 3443 praestantibus,
1364 3372 1616 3443 Catalogi
1646 3371 2017 3427 bibliothecis

361 3461 583 3518 Italicis
607 3462 939 3535 antiquitus
968 3463 1372 3532 commendati,
1401 3467 1456 3518 et
1483 3476 1515 3517 a
1547 3462 1818 3534 genuinis
1848 3461 2017 3518 docu-

365 3553 572 3608 mentis
605 3553 870 3609 Romana
912 3553 1179 3609 Ecclesia
1208 3557 1328 3609 tum
1383 3550 1643 3622 profecti,
1669 3555 1789 3608 tum
1818 3565 2020 3608 emen-

360 3641 504 3710 dati,
550 3655 617 3699 eo
666 3657 781 3713 quo
834 3642 983 3699 infra
1028 3644 1289 3699 dicemus
1321 3641 1487 3699 modo
1541 3642 1600 3697 in
1651 3647 1844 3698 nostra
1887 3643 2019 3698 dis-

362 3731 674 3788 sertatione
727 3731 805 3794 .de
864 3732 1152 3804 Catal0gis
1199 3731 1463 3803 antiquis
1509 3731 1844 3801 pontiﬁcum
1899 3732 2019 3788 Ro—

362 3834 682 3892 manorum,
727 3836 1041 3894 eorumque
1103 3823 1329 3879 delectu
1375 3825 1431 3878 et
1467 3822 1833 3879 auctoritate.
1879 3823 2021 3878 Bre-

363 3911 532 3967 vibus
583 3917 772 3967 autem
835 3925 958 3968 eam
1007 3913 1450 3982 complectemur
1501 3913 1560 3968 in
1636 3919 2014 3980 antecessum,

366 4000 485 4056 hac
523 3999 907 4054 observantes.

435 4087 814 4145 Conferantur
846 4087 1088 4142 invicem
1131 4089 1353 4145 numeri
1388 4094 1633 4157 utroque
1656 4087 1715 4140 in
1751 4083 2018 4153 Catalogo

363 4177 732 4236 Corbeiensis
759 4177 986 4232 archivi
1016 4178 1288 4235 attributi
1319 4178 1443 4232 sedi
1475 4173 1841 4244 singulorum
1869 4183 2020 4238 pon-

367 4268 608 4324 tiﬁcum.
663 4269 820 4324 Licet
869 4267 927 4324 in
981 4282 1095 4324 uno
1141 4266 1413 4334 Catalogo
1467 4269 1526 4317 et
1574 4260 1866 4326 scriptura
1913 4269 2020 4311 co-

363 4357 517 4414 dicis
545 4362 820 4428 appareat
859 4356 1189 4426 antiquitas
1227 4350 1493 4408 undecim
1545 4345 1909 4413 saculorum,
1955 4345 2014 4399 in

364 4445 544 4501 altero
604 4447 798 4500 decem
850 4449 907 4496 et
968 4442 1186 4495 idcirco
1262 4449 1376 4492 non
1438 4435 1615 4489 distet
1661 4439 1799 4490 atas
1854 4445 2018 4488 ama-

2124 3297 2382 3366 militum,
2429 3297 2635 3368 pagina
2682 3293 2806 3364 344,
2847 3297 3128 3352 editionis
3159 3297 3308 3354 della
3342 3297 3526 3368 Barre)
3575 3298 3792 3352 decer—

2128 3390 2326 3443 nentes
2372 3385 2444 3440 ab
2499 3385 2832 3456 originibus
2871 3400 2995 3442 esse
3026 3388 3359 3456 repetendas
3411 3387 3673 3443 notiones
3706 3387 3784 3442 ad

2129 3475 2433 3532 historiam
2475 3476 2845 3545 pertinentes,
2872 3477 3170 3546 ipsamque
3202 3477 3260 3532 in
3294 3476 3498 3547 primis
3528 3476 3790 3533 chrono—

2129 3565 2362 3637 logiam,
2385 3579 2511 3635 qua
2544 3564 2702 3620 basis
2732 3569 3019 3637 gestorum
3050 3565 3245 3622 haberi
3278 3566 3444 3621 debet
3471 3579 3536 3622 ac
3566 3565 3790 3621 funda-

2132 3661 2405 3723 mentum,
2457 3654 2732 3710 duximus
2762 3655 3013 3712 eamdem
3058 3654 3129 3710 ab
3169 3655 3245 3710 iis
3272 3655 3561 3727 CataIOgis
3594 3655 3791 3711 tutius

2130 3748 2459 3816 perceptum
2493 3744 2590 3812 iri,
2641 3744 2740 3815 qui
2795 3750 2985 3801 essent
3035 3742 3272 3814 profecti
3303 3758 3335 3799 a
3363 3744 3634 3814 genuinis
3668 3743 3792 3799 do-

2128 3834 2414 3892 cumentis
2488 3835 2755 3889 Romana
2823 3834 3105 3896 Ecclesia,
3175 3833 3489 3900 prasertim
3553 3832 3792 3902 publice

2130 3923 2359 3991 positis,
2405 3925 2462 3976 et
2515 3921 2615 3974 illa
2646 3925 2810 3974 atate
2863 3934 2989 3990 qua
3032 3919 3416 3989 diligentibus
3466 3933 3532 3974 ac
3575 3920 3795 3987 peritis

2128 4009 2497 4078 chron010gis
2551 4022 2664 4076 pra
2694 4007 2918 4062 cateris
2961 4005 3306 4060 abundaret:
3354 4019 3520 4075 quam
3548 4007 3794 4068 deﬁniri

2130 4100 2337 4163 quarto
2385 4100 2440 4147 et
2505 4093 2712 4163 quinto
2759 4093 2975 4147 Christi
3026 4092 3238 4148 saculo
3291 4107 3486 4149 omnes
3533 4108 3796 4154 consen-

2128 4181 2305 4248 tiunt,
2362 4194 2426 4234 ac
2479 4193 2570 4234 res
2617 4181 2740 4249 ipsa
2770 4181 2953 4250 docet,
3013 4181 3099 4236 uti
3135 4179 3328 4237 fusius
3370 4183 3663 4238 ostendam
3720 4186 3790 4243 in

2126 4267 2535 4325 dissertatione
2558 4268 2810 4324 indicata
2837 4270 2906 4325 de
2934 4270 3179 4326 vetustis
3212 4273 3596 4329 Romanorum
3633 4288 3790 4343 pon-

2124 4356 2346 4416 tiﬁcum
2367 4358 2673 4431 Catalogis.
2705 4360 3090 4431 Consequitur
3118 4367 3306 4418 autem
3336 4363 3469 4419 inde
3491 4368 3553 4419 ut
3583 4363 3633 4420 si
3656 4380 3790 4434 qua

2128 4451 2306 4507 series
2345 4449 2628 4505 vetustior
2671 4449 3008 4519 pontiﬁcum
3064 4457 3118 4506 et
3164 4451 3538 4524 chronologia
3581 4458 3788 4510 exsta-

368 4533 677 4589 nuensium
726 4544 758 4584 ει
830 4527 1049 4596 finibus
1125 4523 1598 4580 describebant“?
1650 4524 1780 4594 P1115
1845 4536 2016 4594 quam
2048 4533 2215 4597 Dret
2265 4539 2495 4609 publice
2539 4539 2830 4609 proposita
2872 4539 2930 4594 in
2985 4539 3250 4596 basilicis
3291 4543 3785 4611 patriarchalibus

369 4617 578 4676 saculo
637 4629 752 4672 uno
793 4614 879 4669 vel
927 4612 1147 4683 altero;
1204 4618 1450 4668 attamen
1525 4612 1888 4670 incredibilis
1932 4619 2018 4668 est

367 4705 696 4762 differentia
724 4704 1034 4773 utriusque
1055 4702 1462 4774 chronolOgia.
1502 4704 1839 4774 Plerumque
1862 4702 2017 4759 enim

373 4809 553 4865 neque
603 4794 739 4852 anni
790 4793 1184 4861 consentiunt,
1237 4805 1339 4849 nec
1383 4806 1624 4863 mensez,
1679 4798 1742 4850 ut
1788 4793 2016 4849 dierum

367 4884 711 4941 discrimina
757 4881 1042 4955 negligam
1089 4889 1361 4953 tanquam
1402 4881 1735 4938 minutiora.
1797 4881 2018 4949 Septem

371 4975 707 5044 pontiﬁcum
739 4988 770 5030 a
801 4974 858 5030 S.
891 4974 1056 5030 Petro
1108 4972 1501 5043 proximorum
1552 4971 1728 5028 hosce
1750 4982 2020 5026 numeros

371 5063 632 5121 videmus
660 5063 992 5120 attributos.

617 5191 686 5245 In
735 5189 1100 5246 Corbe-iensil.
1498 5187 1562 5243 In
1592 5184 1900 5240 Corbeiensi
1932 5185 2014 5242 II.

723 5313 827 5368 An.
862 5315 1036 5368 Mens.
1075 5312 1226 5368 Dies.
1520 5308 1627 5365 An.
1659 5311 1835 5365 Mens.
1866 5309 2017 5366 Dies.

369 5437 422 5492 S.
468 5436 648 5491 Linus
830 5435 916 5492 44.
1063 5435 1118 5493 3.
1270 5433 1357 5491 42.
1524 5433 1580 5492 2.
1728 5433 1782 5490 5.
1932 5431 2017 5490 42.

370 5525 426 5580 S.
467 5523 660 5578 Cletus
841 5524 925 5581 42.
1080 5524 1131 5581 4.
1313 5521 1368 5580 2.
1533 5523 1587 5580 8.
1725 5522 1777 5579 2.
1963 5522 2016 5579 5.

371 5613 424 5669 S.
465 5611 730 5667 Clemens
882 5610 934 5668 9.
1053 5613 1138 5669 40.
1330 5608 1378 5668 4.
1545 5611 1603 5668 6.
1730 5611 1780 5667 4.
1933 5608 2019 5667 44.

371 5703 425 5759 S.
443 5729 448 5732 -
467 5699 777 5758 Anacletus
953 5701 1136 5757 deest.
1711 5701 1885 5757 deest.

2129 4633 2320 4686 Romae
2387 4626 2632 4699 (qualem
2687 4629 2930 4699 reperiri
2999 4631 3366 4700 superstitem
3424 4645 3626 4703 magna
3685 4634 3783 4689 sui

2131 4724 2291 4792 parte
2333 4717 2628 4774 ostendam
2689 4718 2748 4773 in
2805 4719 2858 4774 S.
2903 4720 3066 4774 Pauli
3111 4719 3202 4775 via
3247 4719 3543 4789 Ostiensi),
3601 4736 3787 4792 eaque

2129 4807 2444 4868 conformis
2533 4809 2882 4876 reperiretur
2937 4813 3058 4864 tum
3128 4810 3352 4864 cateris
3420 4811 3788 4868 documentis

2128 4900 2400 4955 Actorum
2460 4897 2520 4951 in
2573 4897 2845 4953 conciliis
2909 4903 2964 4953 et
3010 4898 3387 4968 epistolarum
3442 4898 3788 4956 indubitata

2130 4988 2262 5044 ﬁdei
2295 4987 2654 5042 characteres
2692 4986 3090 5053 retinentium,
3142 4991 3260 5042 tum
3310 4987 3598 5060 Catal0gis
3622 4989 3790 5044 anti-

2131 5076 2440 5148 quioribus
2517 5075 2878 5146 praservatis
2921 5075 3070 5144 apud
3112 5075 3342 5132 Italicas
3403 5076 3790 5135 bibliothecas

2131 5172 2187 5222 et
2238 5166 2496 5235 archiva,
2531 5165 2865 5235 hujusmodi
2911 5167 3116 5220 seriem
3158 5164 3280 5222 fore
3330 5167 3569 5236 Lydium
3623 5165 3790 5238 lapi-

2130 5256 2258 5312 dem
2282 5256 2350 5310 ad
2376 5268 2542 5326 quem
2562 5253 2702 5310 ﬁdes
2727 5253 3122 5325 Catalogorum
3152 5255 3407 5310 omnium
3435 5256 3787 5325 exigeretur.

2132 5345 2238 5400 Ubi
2265 5348 2455 5398 autem
2502 5342 2695 5413 plures
2733 5342 3012 5414 Catalogi,
3049 5343 3210 5414 iique
3239 5344 3645 5415 antiquissimi
3684 5360 3790 5402 re-

2135 5433 2462 5504 perirentur
2487 5432 2644 5488 Italis
2664 5432 2724 5487 in
2750 5432 3130 5490 bibliothecis
3153 5433 3572 5489 cathedralium
3598 5435 3794 5491 eccle—

2133 5523 2352 5579 siarum
2380 5535 2443 5576 ac
2471 5522 2959 5578 monasteriorum
2988 5522 3331 5595 insignium,
3367 5523 3466 5593 qui
3499 5524 3791 5579 consenti-

2136 5614 2264 5668 rent
2309 5623 2438 5666 cum
2489 5610 2638 5666 serie
2703 5611 2959 5666 indicata
3015 5617 3070 5666 et
3138 5611 3536 5683 chronologia,
3595 5617 3792 5669 essent

2138 5700 2342 5757 merite
2397 5698 2734 5770 prafereudi
2805 5698 3028 5756 cateris
3087 5699 3576 5771 discrepantibus.
3648 5702 3790 5758 Nam
