3996 6426
225 404 328 466 157

946 408 1352 468 SCHELESTR.
1394 408 1702 469 DISSERT.
1742 409 1834 468 DE
1872 408 2105 480 ANTIQ.
2146 405 2316 464 ROM.
2357 406 2562 466 PONT.
2601 403 2940 465 CATALOG.

3567 400 3670 462 458

225 533 559 590 Italicarum
620 531 996 590 ecclesiarum
1054 535 1420 608 proximitas,
1468 549 1596 608 quae
1659 536 1885 606 c0piam
1915 533 1974 595 A
2004 533 2451 606 d‘escriptorum.
2495 535 2652 590 Hanc
2680 546 2816 589 vero
2861 529 3257 590 difﬁcultatem
3287 543 3402 602 prie
3442 526 3666 586 caeteris

226 623 600 693 comparandi
638 621 1002 695 frequentius
1045 625 1336 696 praeberet,
1379 627 1630 697 scriptos
1654 626 1891 682 Catalo—

223 727 327 785 gos
372 717 430 768 et
473 713 739 782 exempla
796 727 926 768 cum
977 715 1296 785 prototypis
1347 714 1722 771 basilicarum
1783 729 1889 786 pa-

224 803 658 866 triarchalium,
697 804 830 873 jure
872 818 1214 874 pratsumere
1261 819 1364 862 nos
1404 806 1700 872 suadebat,
1756 819 1894 862 cor-

225 894 444 949 rectius
502 892 796 962 descripta
845 905 912 948 ex
964 893 1122 949 hisce
1170 895 1445 951 Romanis
1503 894 1763 952 fontibus
1826 908 1892 952 ea

222 981 411 1038 fuisse
444 996 570 1054 qua:
599 996 731 1037 cum
767 981 859 1036 his
902 983 1160 1052 proxime
1191 985 1602 1041 consentirent.
1635 984 1893 1041 Dissita—

222 1086 354 1128 rum
400 1075 593 1128 autem
647 1071 947 1143 regionum
994 1077 1051 1128 et
1103 1074 1529 1143 provinciarum
1579 1078 1891 1144 scriptores

221 1167 278 1217 et
325 1174 728 1230 amzinuenses,
771 1161 987 1230 quibus
1035 1163 1223 1218 minor
1269 1162 1520 1218 facilitas
1556 1169 1678 1219 erat
1725 1176 1894 1218 acce-

219 1252 397 1308 dendi
448 1252 516 1306 ad
572 1251 798 1321 Urbem,
841 1256 896 1306 et
939 1253 1196 1322 exempla
1245 1268 1350 1310 sua
1390 1251 1719 1310 conferendi
1760 1267 1889 1309 cum

221 1342 503 1415 genuinis
545 1341 668 1396 illis
708 1342 1080 1397 monimentis
1125 1343 1498 1399 basilicarum
1533 1343 1724 1411 Urbis,
1777 1357 1890 1399 non

223 1434 304 1488 ita
347 1432 591 1490 ﬁdenter
641 1437 901 1500 poterant
940 1446 1163 1489 errores
1211 1447 1277 1488 ac
1311 1433 1678 1490 diversitates
1715 1433 1894 1489 corri-

222 1537 375 1594 gere,
430 1537 559 1594 qua:
609 1522 1011 1578 invenirentur
1067 1523 1124 1578 in
1157 1524 1416 1579 numeris
1447 1524 1712 1581 codicum
1753 1539 1784 1580 a
1831 1537 1892 1580 se

2005 625 2380 696 comprobant
2444 624 2562 680 duo
2621 623 2711 678 illi
2769 623 3024 694 Catalogi
3077 621 3466 690 Corbeienses,
3507 621 3665 674 tanta

2003 714 2394 786 discrepantia
2445 714 2793 784 epocharum
2838 714 3137 770 discordes
3171 714 3228 769 in
3281 715 3440 768 tanta
3487 707 3666 766 afﬁni-

2003 809 2118 861 tate
2145 818 2212 860 ac
2232 802 2625 860 similitudine
2653 803 2980 858 vetustatis.

2075 896 2200 950 Haec
2239 893 2488 948 breviter
2532 893 2823 949 indicasse
2865 890 3134 961 sufﬁciat,
3185 889 3487 946 occasione
3512 890 3670 943 nota-

2005 998 2132 1040 rum
2176 984 2246 1039 ad
2292 981 2665 1038 Corbeienses
2721 981 3022 1053 Catalogos
3076 978 3554 1047 adhibendarum,
3605 978 3668 1031 ut

2007 1059 2304 1130 momenta
2336 1077 2540 1129 cietera
2581 1074 2997 1144 perpendamus
3043 1085 3170 1143 qum
3214 1069 3435 1126 Italicis
3474 1065 3666 1122 tribus

2002 1163 2436 1236 antiquissimis
2468 1162 2675 1225 favent,
2711 1161 3211 1219 consentientibus
3252 1164 3374 1216 tum
3399 1159 3551 1214 inter
3582 1167 3660 1223 se,

2006 1257 2125 1310 tum
2167 1253 2439 1325 genuinis
2469 1267 2598 1309 cum
2635 1253 2998 1309 documentis
3051 1253 3316 1309 Romanae
3355 1246 3657 1305 Ecclesiae:

2004 1345 2154 1415 quod
2217 1345 2275 1400 in
2341 1350 2536 1400 nostra
2590 1343 3002 1400 dissertatione
3062 1347 3190 1414 post
3248 1343 3565 1413 proximam
3630 1355 3662 1396 a

2003 1434 2408 1492 Schelestratio
2458 1437 2759 1506 petendam
2806 1434 3060 1492 conabor
3102 1447 3204 1507 pro
3241 1433 3469 1490 viribus
3513 1446 3666 1504 pra:—

2005 1531 2176 1582 stare.

868 1851 1684 1966 EMMA‘NUEL-
1776 1856 1856 1966 A
1944 1855 3020 1968 SCHELESTBATE

1295 2064 2594 2186 DISSERTATIO

669 2279 800 2348 DE
902 2282 1429 2370 ANTIQUIS
1549 2286 1956 2359 ROMAN.

2084 2289 2522 2358 PONTIF.
2621 2285 3239 2360 CATALOGIS

1038 2436 1156 2496 Ea;
1193 2435 1439 2516 Quibus
1474 2436 1678 2500 Liber
1709 2437 2152 2518 Ponti/icalis
2187 2440 2640 2504 concinnatus
2675 2436 2845 2520 fuit,

743 2573 856 2636 ET
895 2576 1008 2638 DE
1049 2577 1275 2642 LIBRI
1320 2580 1911 2646 PONTIFICALIS
1967 2583 2360 2648 AUCTORE
2413 2586 2520 2648 AC
2568 2583 3142 2650 PRESTANTIA.

1740 2732 2142 2747 ο*

778 2845 1002 2902 CAPUT
1046 2848 1341 2905 PRIMUM.

219 2935 595 3009 De_antiquis
622 2935 886 2991 Patribus
912 2942 963 2991 et
986 2940 1346 3009 scriptoribus
1377 2941 1474 3009 qui
1511 2942 1901 2997 successionem

298 3007 674 3090 Romanorum
732 3011 1057 3090 pontiﬁcum
1090 3007 1227 3066 ‘suis
1282 3007 1534 3082 aperibus
1583 3018 1683 3068 aut
1733 3014 1899 3070 chro-

293 3085 441 3132 nicis
467 3085 842 3134 inseruerunt.

226 3183 370 3254 Inter
401 3186 857 3254 antiquosPatres
876 3189 942 3254 et
971 3187 1249 3250 scriptores
1274 3189 1362 3252 qui
1393 3190 1748 3240 Romanorum
1770 3204 1898 3254 pon-

287 3249 491 3296 tificum
525 3248 832 3316 Qataiogum
868 3248 1156 3316 texuerunt,
1183 3248 1304 3301 sunt
1329 3254 1674 3316 antiquissimi
1704 3248 1897 3303 Dflre-

287 3325 455 3379 ξιξειιε,
480 3311 567 3374 qui
591 3311 686 3379 sub
714 3313 1011 3379 Eleutherio
1035 3315 1254 3363 Romam
1277 3311 1525 3376 venit;'D.
1554 3316 1772 3379 Optatus
1797 3317 1893 3366 Mi-

282 3373 570 3442 levitanus,
600 3375 686 3442 qui
713 3376 764 3424 in
787 3377 1001 3442 Siriciq;
1030 3392 1089 3426 ac
1117 3379 1178 3426 D.
1200 3373 1541 3437 Augustinus,
1566 3373 1654 3442 qui
1678 3381 1733 3428 in
1761 3382 1896 3428 Ana-

285 3438 451 3485 stasio
488 3437 695 3486 finiunt.
733 3465 794 3473 —
826 3439 889 3487 lI.
933 3440 1044 3488 Hos
1071 3442 1377 3490 subsecutus
1402 3444 1478 3490 est
1513 3437 1696 3491 Victor
1722 3443 1898 3491 Tunu—

288 3500 488 3564 nensis,
509 3500 573 3547 de
591 3514 695 3564 quo
718 3502 902 3550 lsidori
933 3503 1252 3564 Hispalensis
1273 3505 1625 3554 testimonium
1649 3505 1893 3555 adfertur.

285 3563 499 3628 Editum
533 3566 610 3628 est
635 3563 932 3628 Chronicon
963 3563 1192 3614 Victoris
1245 3581 1274 3614 a
1305 3567 1592 3628 Scaligero,
1636 3572 1686 3616 et
1718 3568 1898 3617 ultima

288 3624 406 3685 ejus
439 3625 614 3683 verba,
629 3627 691 3689 in
728 3641 844 3689 quae
867 3642 1012 3676 error
1036 3624 1706 3689 Chronologicusvirrepsit,
1740 3633 1896 3679 corri-

288 3691 506 3753 guntur.
532 3715 596 3725 —
617 3688 688 3753 ΠΙ
742 3688 909 3738 Aliam
933 3691 1235 3753 pontificum
1257 3688 1442 3740 seriem
1463 3688 1716 3742 Eusebius
1736 3692 1900 3742 Chro-

291 3752 549 3819 nico_suo,
573 3751 877 3819 et‘historiaa
913 3751 1145 3819 inseruit.
1177 3753 1476 3804 Clironicnn
1503 3769 1532 3802 a
1554 3755 1616 3803 D.
1647 3755 1900 3819 Hierony-

289 3828 379 3880 mo
412 3815 596 3880 Latine
618 3813 984 3880 factumrvariis
1010 3818 1139 3865 lo«-is
1172 3820 1378 3864 auctum
1404 3821 1482 3864 est
1500 3830 1560 3865 ac
1583 3813 1896 3880 suppletum,

286 3877 352 3925 de
384 3877 539 3937 cujus
572 3879 866 3938 prazstantia
908 3879 1196 3928 Marcellini
1230 3880 1584 3928 testimonium
1611 3877 1898 3930 adducitur.

288 3939 366 3988 De
394 3939 629 3988 Ilistoria
653 3941 1015 4005 periRuﬂﬁnum
1037 3944 1219 3992 Latine
1252 3943 1384 3990 facta
1409 3946 1458 3990 et
1479 3943 1716 4004 suppleta
1739 3957 1901 4005 pauca

284 4006 555 4050 notantur.
588 4030 647 4037 —
685 4003 774 4051 lV.
811 4003 1069 4054 Chronico
1093 4005 1391 4054 Eusebiano
1422 4005 1521 4053 alia
1542 4003 1694 4053 manu
1723 4003 1900 4054 inserti

287 4068 414 4112 sunt
437 4066 558 4114 anni
583 4063 790 4124 Christi,
820 4081 878 4114 ac
903 4069 955 4116 in
978 4068 1243 4117 nonnullis
1268 4068 1398 4116 locis
1424 4070 1746 4117 correctione
1772 4070 1902 4116 indi-

285 4131 399 4194 get.
440 4155 500 4162 —
536 4127 601 4175 V.
629 4129 998 4178 Desiderantur
1022 4133 1202 4181 Grieca
1227 4131 1541 4193 exemplaria
1563 4131 1716 4194 hujus
1738 4131 1901 4181 Chro-

288 4191 392 4238 nici
423 4205 441 4257 ;‘
475 4194 674 4238 exstant
706 4196 878 4257 tamen
910 4194 1106 4242 Latium
1143 4191 1409 4242 versiones
1451 4191 1776 4255 Hieronymi,
1811 4194 1898 4257 qui

285 4253 718 4318 supplementum
739 4255 944 4315 adjecit,
971 4270 1074 4304 non
1105 4257 1316 4318 quidem
1338 4258 1390 4305 in
1410 4257 1628 4318 juvenili
1650 4253 1900 4316 aetatejut

286 4316 529 4382 nonnulli
567 4321 760 4382 putant,
797 4319 887 4382 sed
923 4333 1060 4368 anno
1109 4316 1273 4382 étatis
1307 4321 1381 4377 47,
1413 4316 1485 4368 ‘ut
1519 4334 1579 4368 ex
1609 4334 1746 4368 anno
1794 4333 1898 4382 quo

287 4379 646 4445 Hieronymus
664 4380 808 4438 obiit,
824 4381 1117 4430 deducitur.
1137 4381 1304 4431 —VI.
1330 4382 1578 4445 Sequitur
1599 4379 1897 4431 Chronicon

285 4444 457 4507 sancti
492 4443 755 4507 I’rosperi,
793 4446 932 4505 quod
962 4447 1223 4505 integrum
1259 4443 1434 4492 edidit
1454 4445 1732 4507 Philippus
1763 4445 1896 4494 Lab-

283 4505 440 4570 beus,
474 4506 563 4570 qui
611 4506 838 4570 Victoris
870 4508 1132 4570 Aquitani,
1171 4510 1219 4556 et
1248 4507 1505 4556 Gennadii
1543 4505 1895 4557 Massiliensis

285 4568 587 4615 testimonia
615 4568 676 4615 de
712 4569 802 4616 illo
831 4568 1060 4618 adducit.
1100 4571 1465 4620 Adnectuntur
1494 4571 1614 4618 huic
1637 4570 1897 4620 Chronico

285 4630 1247 4696 consulesabincarnationeChristi,
1276 4648 1442 4696 usque
1473 4634 1534 4681 ad
1558 4633 1895 4682 Consulatum

286 4693 648 4741 Valentiniani
679 4694 799 4743 VIII
831 4698 881 4743 et
911 4694 1208 4745 Anthemii:
1245 4693 1427 4745 retinet
1451 4700 1622 4745 tamen
1651 4696 1895 4744 Chronici

285 4756 574 4804 Ευρυὺὶδηὶ
598 4770 800 4819 errores
818 4760 868 4805 et
885 4758 1165 4807 nonnullos
1189 4758 1316 4806 alios
1335 4761 1471 4808 circa
1489 4760 1733 4808 consules
1759 4757 1895 4819 adje-

285 4820 374 4866 cit.
391 4845 455 4853 —
471 4819 570 4881 VH
594 4818 905 4881 Prosperum
920 4821 1235 4869 subsecutus
1261 4825 1338 4868 est
1364 4822 1697 4870 Marcellinus
1719 4818 1897 4870 comes

283 4881 442 4946 cujus
473 4880 1048 4932 Clironicitnentionem
1063 4884 1184 4932 facit
1211 4884 1571 4941 Cassiodorus,
1605 4885 1896 4946 asseritque

284 4944 338 4992 ill
348 4946 493 5010 udrpe
502 4946 735 5010 rduxisse
751 4960 925 5010 usque
939 4947 1002 4994 ad
1013 4947 1290 4996 Justiniani
1304 4944 1895 5010 imperatorisztempo—ra,

287 5009 431 5068 quod
458 5009 584 5056 item
611 5007 848 5067 ejusdem
873 5009 1161 5058 Marcellini
1185 5007 1481 5059 testimonio
1501 5007 1889 5072 comprobatur.

300 5101 350 5158 t.
377 5104 581 5161 Plures
622 5107 857 5178 quidem
901 5113 1094 5164 nostra
1124 5112 1179 5164 et
1219 5113 1517 5179 parentum
1567 5113 1894 5165 nostrorum

223 5195 506 5250 memoria
556 5195 944 5252 Romanorum
1007 5197 1346 5267 pontiﬁcum
1408 5196 1568 5254 Vitas
1632 5197 1896 5253 conscri—

224 5290 466 5354 pserunt
488 5304 504 5354 ;
527 5285 624 5341 sed
646 5299 714 5341 ex
736 5285 1175 5357 antiquioribus
1200 5285 1369 5356 pauci
1394 5286 1768 5356 reperiuntur
1791 5286 1894 5358 qui

223 5375 280 5429 in
319 5377 427 5430 hac
460 5381 621 5446 parte
655 5375 936 5431 historica
967 5390 1196 5447 operam
1233 5375 1696 5448 industriamque
1731 5389 1894 5432 suam

218 5465 603 5523 collocarunt.
631 5465 782 5522 Sunt
813 5469 998 5522 tamen
1023 5465 1294 5523 nonnulli
1327 5465 1426 5536 qui
1454 5465 1512 5521 in
1544 5465 1819 5536 cperibus
1841 5471 1897 5522 et

1931 2854 1982 2914 Β
2013 2856 2219 2926 primis
2277 2857 2346 2914 de
2387 2856 2724 2916 auctoribus
2777 2857 2924 2928 ipsis
2972 2855 3251 2914 nonnulla
3297 2853 3663 2926 praemittere,

2009 2951 2065 3004 et
2097 2948 2461 3018 quandonam
2494 2955 2549 3004 et
2582 2963 2694 3020 qua
2741 2947 3136 3004 exactitudine
3175 2945 3396 3018 singuli
3427 2943 3668 3012 scripse-

2010 3041 2166 3108 runt,
2212 3037 2464 3095 breviter
2496 3039 2863 3111 investigare.
2891 3037 2970 3093 Ac
2995 3038 3181 3108 primo
3213 3035 3444 3106 quidem
3488 3043 3666 3104 agen-

2005 3127 2144 3182 dum
2195 3129 2373 3185 estde
2419 3130 2639 3186 sanctis
2684 3128 2975 3199 Patribus,
3023 3127 3261 3197 illisque
3306 3121 3666 3191 auctoribus,

2007 3216 2110 3287 qui
2151 3216 2537 3276 Romanorum
2583 3219 2941 3291 pontificum,
2989 3216 3414 3274 successionem
3441 3211 3671 3268 adnota-

2006 3312 2164 3364 runt.
2195 3309 2408 3366 Horum
2451 3309 2905 3381 antiquissimus
2936 3312 3024 3364 est
3060 3308 3126 3362 D.
3170 3309 3420 3362 [renatus
3449 3301 3672 3373 Lugdu-

2008 3399 2205 3455 nensis
2260 3400 2316 3454 in
2377 3399 2569 3455 Gallia
2620 3401 2949 3470 episcopus,
2986 3396 3087 3468 qui
3146 3395 3248 3451 lib.
3301 3409 3387 3462 ui,
3445 3406 3569 3461 cap.
3614 3388 3668 3462 3,

2007 3489 2391 3546 Romanorum
2431 3488 2767 3560 pontificum
2805 3488 3138 3558 Catalogum
3171 3485 3380 3556 texuit,
3414 3483 3507 3538 his
3538 3495 3671 3537 ver-

2007 3580 2097 3636 bis
2149 3580 2239 3636 illi
2299 3579 2468 3636 ﬁnem
2524 3579 2860 3650 imponens:
2922 3597 2947 3629 α
2989 3579 3154 3632 Nunc
3191 3573 3497 3631 duodecim
3550 3571 3673 3627 loco

2007 3669 2406 3739 episcopatum
2438 3667 2509 3722 ab
2539 3667 2818 3736 apostolis
2843 3665 3014 3721 habet
3035 3663 3426 3720 Eleutherius.
3453 3678 3480 3709 ι)
3516 3658 3676 3714 Vixit

2008 3756 2381 3812 Eleutherius
2402 3761 2534 3811 ante
2569 3755 2820 3810 medium
2851 3751 3094 3808 secundi
3126 3749 3347 3818 smculi,
3386 3761 3502 3818 quo
3544 3760 3674 3803 om-

2011 3846 2186 3902 nibus
2244 3846 2315 3901 de
2363 3843 2730 3900 successione
2777 3843 3164 3898 Romanorum
3221 3837 3558 3910 pontiﬁcum
3614 3837 3670 3892 in

2013 3933 2161 3990 Urbe
2214 3938 2477 3990 constare
2524 3931 2800 3988 debebat:
2879 3930 3129 3990 nondum
3187 3928 3341 3986 enim
3393 3942 3425 3984 a
3495 3931 3674 3983 morte

2013 4024 2164 4080 Petri
2227 4023 2518 4095 octoginta
2581 4022 2842 4093 quinque
2907 4019 3045 4076 anni
3122 4019 3477 4076 eﬁluxerant.
3529 4016 3667 4073 Cum

2014 4115 2209 4185 itaque
2261 4115 2507 4170 Irenzeus
2552 4111 2662 4169 sub
2721 4111 3041 4168 Eleutherii
3091 4109 3440 4180 pontiﬁcatu
3483 4109 3671 4165 Romae

2010 4203 2208 4272 fuerit,
2239 4208 2296 4259 et
2334 4203 2719 4259 Romanorum
2753 4200 3091 4271 pontiﬁcum
3121 4200 3455 4271 Catalogum
3483 4204 3675 4254 texuev

2009 4295 2106 4364 rit,
2160 4294 2286 4363 ejus
2334 4293 2440 4348 hac
2481 4293 2552 4348 de
2602 4305 2660 4346 re
2693 4289 3086 4347 testimonium
3139 4302 3250 4346 non
3294 4293 3672 4344 contemnen—

2005 4385 2163 4452 dum,
2205 4383 2302 4439 sed
2347 4389 2410 4439 ut
2467 4380 3011 4452 praestantissimum
3063 4377 3437 4450 antiquitatis
3476 4374 3667 4432 moni-

2011 4479 2263 4544 mentum
2317 4474 2506 4545 magni
2549 4471 2877 4529 faciendum
2932 4470 3180 4526 videtur.
3235 4471 3446 4524 [remeo
3478 4473 3668 4524 autem

2007 4563 2419 4634 subiungimus
2458 4563 2605 4621 duos
2635 4561 3038 4619 Africanorum
3076 4562 3306 4616 Patrum
3343 4558 3665 4629 Catalogos,

2006 4667 2252 4724 quorum
2305 4654 2550 4710 alterum
2593 4654 2649 4708 S.
2691 4653 2935 4725 Optatos
2985 4651 3356 4708 Milevitanus
3398 4649 3668 4720 episcopo

2005 4743 2114 4800 sub
2139 4743 2370 4814 Siricio,
2404 4743 2648 4800 alterum
2688 4745 2752 4799 D.
2794 4742 3162 4814 Augustinus
3204 4740 3314 4797 sub
3362 4737 3669 4794 Anastasio

2005 4835 2204 4892 Siricii
2263 4847 2595 4891 successore
2641 4833 2970 4890 ediderunt.
3022 4832 3219 4886 Patres
3277 4841 3406 4883 vero
3464 4825 3555 4880 illi
3599 4824 3664 4878 D.

2006 4925 2202 4982 Irenaai
2235 4925 2579 4982 sententiam
2611 4923 2797 4980 secuti
2823 4922 3044 4979 Cletum
3076 4919 3380 4985 omittunt,
3403 4921 3458 4969 et
3479 4914 3666 4971 solum

2003 5015 2340 5072 Anacletum
2385 5020 2728 5087 agnoscunt,
2787 5017 2850 5068 ut
2909 5009 3089 5066 latius
3149 5004 3301 5063 infra
3352 5016 3422 5058 ex
3469 5016 3664 5061 eorum

2003 5105 2292 5176 Catalogis
2317 5102 2626 5169 constabit,

2075 5194 2132 5253 Ξ.
2178 5197 2353 5251 Porro
2400 5206 2531 5250 cum
2577 5190 2943 5259 superiorum
2989 5187 3221 5242 Patrum
3271 5182 3527 5256 Catalogi
3581 5197 3667 5240 so-

2007 5285 2128 5341 lum
2176 5284 2244 5339 ad
2277 5279 2570 5339 Anastasii
2620 5277 3018 5347 pontiﬁcatum
3067 5273 3415 5346 pertingant,
3450 5287 3667 5346 nosque

2008 5374 2215 5430 seriem
2259 5367 2725 5437 chronologicam
2773 5379 2956 5436 usque
3000 5363 3069 5420 ad
3113 5365 3384 5421 Joannem
3433 5365 3527 5435 Ill,
3564 5364 3664 5436 qui
3737 5411 3748 5420 ..

2005 5462 2336 5520 Justiniauo
2355 5462 2650 5530 superstes
2663 5455 2798 5528 fuit,
2815 5455 3085 5530 prosequi
3105 5453 3435 5524 debeamus,
3460 5454 3661 5510 horum

215 5553 526 5611 Chronicis
566 5556 695 5612 suis
745 5558 851 5611 aut
911 5555 1335 5613 successionem
1385 5555 1742 5625 pontiﬁcum,
1798 5544 1976 5612 autD
2010 5557 2241 5610 Patrum
2285 5549 2621 5617 Catalogum
2679 5546 3083 5618 supplebimus
3129 5558 3197 5601 ex
3235 5544 3520 5602 Chronico
3558 5543 3668 5600 Vi—

217 5657 403 5701 annos
430 5651 490 5701 et
521 5659 747 5702 menses
780 5643 1221 5714 pontiﬁcatuum
1237 5643 1898 5728 assignarunt,quorum

219 5747 347 5791 cum
407 5735 506 5792 hic
551 5735 862 5807 Catalogos
923 5731 1134 5793 referre
1179 5733 1508 5806 debeamus,
1566 5735 1787 5807 placuit
1837 5734 1898 5790 in

2007 5643 2208 5710 ctoris,
2243 5642 2344 5714 qui
2375 5637 2750 5696 Tununensis
2791 5641 2848 5694 in
2878 5635 3075 5693 Africa
3097 5636 3407 5706 episcopus
3441 5633 3580 5700 fuit,
3611 5639 3662 5684 et

2008 5737 2152 5791 teste
2177 5734 2399 5792 Isidoro
2420 5726 2574 5786 libro
2605 5728 2972 5801 [Originum,
2994 5725 3182 5797 capite
3208 5724 3416 5784 ultimo
3447 5741 3474 5773 α
3508 5722 3662 5791 gesta
