  <div class='ocr_page' id='page_1' title='image "/cluster/home/n/w/nwhite01/storage/ocr_20150623/127-128/uc1.31175010226572/087.png"; bbox 0 0 1998 3200; ppageno 0'>
   <div class='ocr_carea' id='block_1_1' title="bbox 156 207 206 236">
    <p class='ocr_par' dir='ltr' id='par_1_1' title="bbox 156 207 206 236">
     <span class='ocr_line' id='line_1_1' title="bbox 156 207 206 236; baseline 0 0"><span class='ocrx_word' id='word_1_1' title='bbox 156 207 206 236; x_wconf 78' lang='grc'><strong>459</strong></span> 
     </span>
    </p>
   </div>
   <div class='ocr_carea' id='block_1_2' title="bbox 550 202 1458 235">
    <p class='ocr_par' dir='ltr' id='par_1_2' title="bbox 550 202 1458 235">
     <span class='ocr_line' id='line_1_2' title="bbox 550 202 1458 235; baseline 0 -1"><span class='ocrx_word' id='word_1_2' title='bbox 550 205 597 234; x_wconf 83' lang='lat' dir='ltr'><strong>AD</strong></span> <span class='ocrx_word' id='word_1_3' title='bbox 615 205 834 235; x_wconf 81' lang='lat' dir='ltr'><strong>ANASTASIUM</strong></span> <span class='ocrx_word' id='word_1_4' title='bbox 852 202 1111 234; x_wconf 78' lang='lat' dir='ltr'><strong>PROLEGOMENA</strong></span> <span class='ocrx_word' id='word_1_5' title='bbox 1130 205 1219 234; x_wconf 90' lang='lat' dir='ltr'><strong>EDIT.</strong></span> <span class='ocrx_word' id='word_1_6' title='bbox 1240 203 1458 234; x_wconf 82' lang='lat' dir='ltr'><strong>ROM.-VATIC.</strong></span> 
     </span>
    </p>
   </div>
   <div class='ocr_carea' id='block_1_3' title="bbox 1809 205 1862 237">
    <p class='ocr_par' dir='ltr' id='par_1_3' title="bbox 1809 205 1862 237">
     <span class='ocr_line' id='line_1_3' title="bbox 1809 205 1862 237; baseline 0.038 -2"><span class='ocrx_word' id='word_1_7' title='bbox 1809 205 1862 237; x_wconf 78' lang='grc'><strong>160</strong></span> 
     </span>
    </p>
   </div>
   <div class='ocr_carea' id='block_1_4' title="bbox 154 264 1862 311">
    <p class='ocr_par' dir='ltr' id='par_1_4' title="bbox 154 264 1862 311">
     <span class='ocr_line' id='line_1_4' title="bbox 154 264 1862 311; baseline -0.001 -8"><span class='ocrx_word' id='word_1_8' title='bbox 154 275 337 311; x_wconf 84' lang='lat' dir='ltr'><strong>sequentium</strong></span> <span class='ocrx_word' id='word_1_9' title='bbox 360 276 476 303; x_wconf 72' lang='lat' dir='ltr'><strong>aetatum</strong></span> <span class='ocrx_word' id='word_1_10' title='bbox 502 281 595 309; x_wconf 86' lang='lat' dir='ltr'><strong>usque</strong></span> <span class='ocrx_word' id='word_1_11' title='bbox 615 274 648 301; x_wconf 92' lang='lat' dir='ltr'><strong>ad</strong></span> <span class='ocrx_word' id='word_1_12' title='bbox 674 274 855 302; x_wconf 81' lang='lat' dir='ltr'><strong>consulatum</strong></span> <span class='ocrx_word' id='word_1_13' title='bbox 875 264 1018 301; x_wconf 61' lang='lat' dir='ltr'><strong>JustiniA</strong></span> <span class='ocrx_word' id='word_1_14' title='bbox 1037 272 1086 304; x_wconf 80' lang='lat' dir='ltr'><strong>rit.</strong></span> <span class='ocrx_word' id='word_1_15' title='bbox 1103 279 1138 300; x_wconf 86' lang='lat' dir='ltr'><strong>ex</strong></span> <span class='ocrx_word' id='word_1_16' title='bbox 1153 273 1267 302; x_wconf 76' lang='lat' dir='ltr'><strong>ultimis</strong></span> <span class='ocrx_word' id='word_1_17' title='bbox 1281 274 1395 303; x_wconf 92' lang='lat' dir='ltr'><strong>duobus</strong></span> <span class='ocrx_word' id='word_1_18' title='bbox 1413 274 1541 303; x_wconf 84' lang='lat' dir='ltr'><strong>numeris</strong></span> <span class='ocrx_word' id='word_1_19' title='bbox 1555 275 1631 303; x_wconf 84' lang='lat' dir='ltr'><strong>XVII</strong></span> <span class='ocrx_word' id='word_1_20' title='bbox 1644 276 1671 302; x_wconf 92' lang='lat' dir='ltr'><strong>et</strong></span> <span class='ocrx_word' id='word_1_21' title='bbox 1685 274 1748 303; x_wconf 85' lang='lat' dir='ltr'><strong>XVI</strong></span> <span class='ocrx_word' id='word_1_22' title='bbox 1762 275 1862 303; x_wconf 90' lang='lat' dir='ltr'><strong>mani-</strong></span> 
     </span>
    </p>
   </div>
   <div class='ocr_carea' id='block_1_5' title="bbox 152 319 981 355">
    <p class='ocr_par' dir='ltr' id='par_1_5' title="bbox 152 319 981 355">
     <span class='ocr_line' id='line_1_5' title="bbox 152 319 981 355; baseline -0.001 -7"><span class='ocrx_word' id='word_1_23' title='bbox 152 321 281 348; x_wconf 84' lang='lat' dir='ltr'><strong>.lunioris</strong></span> <span class='ocrx_word' id='word_1_24' title='bbox 294 320 617 355; x_wconf 83' lang='lat' dir='ltr'><strong>imperatorisexplevit.</strong></span> <span class='ocrx_word' id='word_1_25' title='bbox 632 329 644 345; x_wconf 84' lang='lat'>»</span> <span class='ocrx_word' id='word_1_26' title='bbox 662 320 750 348; x_wconf 80' lang='lat' dir='ltr'><strong>Habet</strong></span> <span class='ocrx_word' id='word_1_27' title='bbox 761 327 872 355; x_wconf 91' lang='lat' dir='ltr'><strong>quoque</strong></span> <span class='ocrx_word' id='word_1_28' title='bbox 885 319 981 347; x_wconf 85' lang='lat' dir='ltr'><strong>Isido—</strong></span> 
     </span>
    </p>
   </div>
   <div class='ocr_carea' id='block_1_6' title="bbox 156 364 979 400">
    <p class='ocr_par' dir='ltr' id='par_1_6' title="bbox 156 364 979 400">
     <span class='ocr_line' id='line_1_6' title="bbox 156 364 979 400; baseline -0.002 -7"><span class='ocrx_word' id='word_1_29' title='bbox 156 373 204 393; x_wconf 91' lang='lat' dir='ltr'><strong>rus</strong></span> <span class='ocrx_word' id='word_1_30' title='bbox 213 365 286 393; x_wconf 89' lang='lat' dir='ltr'><strong>libro</strong></span> <span class='ocrx_word' id='word_1_31' title='bbox 293 365 327 393; x_wconf 93' lang='lat' dir='ltr'><strong>de</strong></span> <span class='ocrx_word' id='word_1_32' title='bbox 335 366 411 392; x_wconf 90' lang='lat' dir='ltr'><strong>Viris</strong></span> <span class='ocrx_word' id='word_1_33' title='bbox 419 365 594 399; x_wconf 70' lang='lat' dir='ltr'><strong>illustribus,</strong></span> <span class='ocrx_word' id='word_1_34' title='bbox 602 372 663 400; x_wconf 89' lang='lat' dir='ltr'><strong>cap.</strong></span> <span class='ocrx_word' id='word_1_35' title='bbox 672 364 716 397; x_wconf 85' lang='lat'><strong>38,</strong></span> <span class='ocrx_word' id='word_1_36' title='bbox 723 366 757 393; x_wconf 89' lang='lat' dir='ltr'><strong>de</strong></span> <span class='ocrx_word' id='word_1_37' title='bbox 764 365 860 392; x_wconf 89' lang='lat' dir='ltr'><strong>eodem</strong></span> <span class='ocrx_word' id='word_1_38' title='bbox 870 364 979 392; x_wconf 80' lang='lat' dir='ltr'><strong>Victore</strong></span> 
     </span>
    </p>
   </div>
   <div class='ocr_carea' id='block_1_7' title="bbox 153 409 979 444">
    <p class='ocr_par' dir='ltr' id='par_1_7' title="bbox 153 409 979 444">
     <span class='ocr_line' id='line_1_7' title="bbox 153 409 979 444; baseline 0 -7"><span class='ocrx_word' id='word_1_39' title='bbox 153 410 333 444; x_wconf 90' lang='lat' dir='ltr'><strong>Tununensi,</strong></span> <span class='ocrx_word' id='word_1_40' title='bbox 358 417 422 438; x_wconf 90' lang='lat' dir='ltr'><strong>eum</strong></span> <span class='ocrx_word' id='word_1_41' title='bbox 438 410 560 443; x_wconf 62' lang='lat' dir='ltr'><strong>coepisse</strong></span> <span class='ocrx_word' id='word_1_42' title='bbox 579 417 658 437; x_wconf 91' lang='lat' dir='ltr'><strong>suam</strong></span> <span class='ocrx_word' id='word_1_43' title='bbox 675 410 831 438; x_wconf 79' lang='lat' dir='ltr'><strong>Historiam</strong></span> <span class='ocrx_word' id='word_1_44' title='bbox 847 417 861 437; x_wconf 90' lang='lat' dir='ltr'><strong>a</strong></span> <span class='ocrx_word' id='word_1_45' title='bbox 878 409 979 437; x_wconf 89' lang='lat' dir='ltr'><strong>mundi</strong></span> 
     </span>
    </p>
   </div>
   <div class='ocr_carea' id='block_1_8' title="bbox 155 454 981 489">
    <p class='ocr_par' dir='ltr' id='par_1_8' title="bbox 155 454 981 489">
     <span class='ocr_line' id='line_1_8' title="bbox 155 454 981 489; baseline 0 -7"><span class='ocrx_word' id='word_1_46' title='bbox 155 455 298 489; x_wconf 90' lang='lat' dir='ltr'><strong>principio</strong></span> <span class='ocrx_word' id='word_1_47' title='bbox 310 463 316 487; x_wconf 89' lang='lat'><strong>;</strong></span> <span class='ocrx_word' id='word_1_48' title='bbox 328 455 367 482; x_wconf 87' lang='lat' dir='ltr'><strong>ita</strong></span> <span class='ocrx_word' id='word_1_49' title='bbox 378 455 453 482; x_wconf 92' lang='lat' dir='ltr'><strong>enim</strong></span> <span class='ocrx_word' id='word_1_50' title='bbox 467 455 573 482; x_wconf 86' lang='lat' dir='ltr'><strong>ibidem</strong></span> <span class='ocrx_word' id='word_1_51' title='bbox 585 454 688 482; x_wconf 84' lang='lat' dir='ltr'><strong>refert:</strong></span> <span class='ocrx_word' id='word_1_52' title='bbox 703 465 716 480; x_wconf 77' lang='grc' dir='ltr'><strong><em>α</em></strong></span> <span class='ocrx_word' id='word_1_53' title='bbox 726 455 823 482; x_wconf 88' lang='lat' dir='ltr'><strong>Victor</strong></span> <span class='ocrx_word' id='word_1_54' title='bbox 830 455 981 482; x_wconf 90' lang='lat' dir='ltr'><strong>Tununen-</strong></span> 
     </span>
    </p>
   </div>
   <div class='ocr_carea' id='block_1_9' title="bbox 155 499 981 534">
    <p class='ocr_par' dir='ltr' id='par_1_9' title="bbox 155 499 981 534">
     <span class='ocr_line' id='line_1_9' title="bbox 155 499 981 534; baseline 0 -7"><span class='ocrx_word' id='word_1_55' title='bbox 155 500 195 527; x_wconf 86' lang='lat' dir='ltr'><strong>sis</strong></span> <span class='ocrx_word' id='word_1_56' title='bbox 222 499 357 527; x_wconf 68' lang='lat' dir='ltr'><strong>Ecclesiae</strong></span> <span class='ocrx_word' id='word_1_57' title='bbox 380 499 523 527; x_wconf 79' lang='lat' dir='ltr'><strong>Africanae</strong></span> <span class='ocrx_word' id='word_1_58' title='bbox 545 500 705 534; x_wconf 86' lang='lat' dir='ltr'><strong>episcopus.</strong></span> <span class='ocrx_word' id='word_1_59' title='bbox 724 500 776 527; x_wconf 90' lang='lat' dir='ltr'><strong>Hic</strong></span> <span class='ocrx_word' id='word_1_60' title='bbox 799 506 815 527; x_wconf 92' lang='lat' dir='ltr'><strong>a</strong></span> <span class='ocrx_word' id='word_1_61' title='bbox 837 499 981 533; x_wconf 89' lang='lat' dir='ltr'><strong>principio</strong></span> 
     </span>
    </p>
   </div>
   <div class='ocr_carea' id='block_1_10' title="bbox 155 544 977 580">
    <p class='ocr_par' dir='ltr' id='par_1_10' title="bbox 155 544 977 580">
     <span class='ocr_line' id='line_1_10' title="bbox 155 544 977 580; baseline 0 -8"><span class='ocrx_word' id='word_1_62' title='bbox 155 545 254 572; x_wconf 91' lang='lat' dir='ltr'><strong>mundi</strong></span> <span class='ocrx_word' id='word_1_63' title='bbox 270 552 361 580; x_wconf 91' lang='lat' dir='ltr'><strong>usque</strong></span> <span class='ocrx_word' id='word_1_64' title='bbox 371 545 404 572; x_wconf 91' lang='lat' dir='ltr'><strong>ad</strong></span> <span class='ocrx_word' id='word_1_65' title='bbox 417 545 541 579; x_wconf 90' lang='lat' dir='ltr'><strong>primum</strong></span> <span class='ocrx_word' id='word_1_66' title='bbox 551 545 656 572; x_wconf 83' lang='lat' dir='ltr'><strong>Justini</strong></span> <span class='ocrx_word' id='word_1_67' title='bbox 672 545 802 572; x_wconf 87' lang='lat' dir='ltr'><strong>Junioris</strong></span> <span class='ocrx_word' id='word_1_68' title='bbox 813 544 977 578; x_wconf 89' lang='lat' dir='ltr'><strong>imperium,</strong></span> 
     </span>
    </p>
   </div>
   <div class='ocr_carea' id='block_1_11' title="bbox 154 588 980 624">
    <p class='ocr_par' dir='ltr' id='par_1_11' title="bbox 154 588 980 624">
     <span class='ocr_line' id='line_1_11' title="bbox 154 588 980 624; baseline 0 -8"><span class='ocrx_word' id='word_1_69' title='bbox 154 588 265 616; x_wconf 88' lang='lat' dir='ltr'><strong>brevem</strong></span> <span class='ocrx_word' id='word_1_70' title='bbox 283 596 331 624; x_wconf 88' lang='lat' dir='ltr'><strong>per</strong></span> <span class='ocrx_word' id='word_1_71' title='bbox 352 590 486 617; x_wconf 84' lang='lat' dir='ltr'><strong>consules</strong></span> <span class='ocrx_word' id='word_1_72' title='bbox 500 596 610 617; x_wconf 90' lang='lat' dir='ltr'><strong>annuos</strong></span> <span class='ocrx_word' id='word_1_73' title='bbox 625 589 793 617; x_wconf 88' lang='lat' dir='ltr'><strong>bellicarum</strong></span> <span class='ocrx_word' id='word_1_74' title='bbox 809 589 980 617; x_wconf 33' lang='lat' dir='ltr'><strong>ecclesiasti‘</strong></span> 
     </span>
    </p>
   </div>
   <div class='ocr_carea' id='block_1_12' title="bbox 153 634 979 669">
    <p class='ocr_par' dir='ltr' id='par_1_12' title="bbox 153 634 979 669">
     <span class='ocr_line' id='line_1_12' title="bbox 153 634 979 669; baseline 0 -8"><span class='ocrx_word' id='word_1_75' title='bbox 153 640 309 668; x_wconf 83' lang='lat' dir='ltr'><strong>carumque</strong></span> <span class='ocrx_word' id='word_1_76' title='bbox 326 641 420 662; x_wconf 87' lang='lat' dir='ltr'><strong>rerum</strong></span> <span class='ocrx_word' id='word_1_77' title='bbox 439 634 649 662; x_wconf 83' lang='lat' dir='ltr'><strong>nobilissimam</strong></span> <span class='ocrx_word' id='word_1_78' title='bbox 674 634 865 669; x_wconf 81' lang='lat' dir='ltr'><strong>promulgavit</strong></span> <span class='ocrx_word' id='word_1_79' title='bbox 879 634 979 661; x_wconf 80' lang='lat' dir='ltr'><strong>Histo—</strong></span> 
     </span>
    </p>
   </div>
   <div class='ocr_carea' id='block_1_13' title="bbox 155 678 978 710">
    <p class='ocr_par' dir='ltr' id='par_1_13' title="bbox 155 678 978 710">
     <span class='ocr_line' id='line_1_13' title="bbox 155 678 978 710; baseline -0.002 -3"><span class='ocrx_word' id='word_1_80' title='bbox 155 679 237 709; x_wconf 78' lang='lat' dir='ltr'><strong>riam,</strong></span> <span class='ocrx_word' id='word_1_81' title='bbox 265 678 350 706; x_wconf 86' lang='lat' dir='ltr'><strong>laude</strong></span> <span class='ocrx_word' id='word_1_82' title='bbox 373 681 401 706; x_wconf 89' lang='lat' dir='ltr'><strong>et</strong></span> <span class='ocrx_word' id='word_1_83' title='bbox 429 679 577 707; x_wconf 90' lang='lat' dir='ltr'><strong>notatione</strong></span> <span class='ocrx_word' id='word_1_84' title='bbox 601 679 754 710; x_wconf 74' lang='lat' dir='ltr'><strong>illustrem,</strong></span> <span class='ocrx_word' id='word_1_85' title='bbox 783 686 816 706; x_wconf 89' lang='lat' dir='ltr'><strong>ac</strong></span> <span class='ocrx_word' id='word_1_86' title='bbox 842 678 978 706; x_wconf 85' lang='lat' dir='ltr'><strong>memoria</strong></span> 
     </span>
    </p>
   </div>
   <div class='ocr_carea' id='block_1_14' title="bbox 154 722 977 758">
    <p class='ocr_par' dir='ltr' id='par_1_14' title="bbox 154 722 977 758">
     <span class='ocr_line' id='line_1_14' title="bbox 154 722 977 758; baseline -0.001 -8"><span class='ocrx_word' id='word_1_87' title='bbox 154 723 365 758; x_wconf 77' lang='lat' dir='ltr'><strong>dignissimam.</strong></span> <span class='ocrx_word' id='word_1_88' title='bbox 375 724 426 750; x_wconf 89' lang='lat' dir='ltr'><strong>llic</strong></span> <span class='ocrx_word' id='word_1_89' title='bbox 440 730 491 757; x_wconf 86' lang='lat' dir='ltr'><strong>pro</strong></span> <span class='ocrx_word' id='word_1_90' title='bbox 503 723 669 751; x_wconf 83' lang='lat' dir='ltr'><strong>defensione</strong></span> <span class='ocrx_word' id='word_1_91' title='bbox 681 724 767 751; x_wconf 88' lang='lat' dir='ltr'><strong>trium</strong></span> <span class='ocrx_word' id='word_1_92' title='bbox 779 722 977 757; x_wconf 89' lang='lat' dir='ltr'><strong>Capitulorum</strong></span> 
     </span>
    </p>
   </div>
   <div class='ocr_carea' id='block_1_15' title="bbox 153 767 979 803">
    <p class='ocr_par' dir='ltr' id='par_1_15' title="bbox 153 767 979 803">
     <span class='ocr_line' id='line_1_15' title="bbox 153 767 979 803; baseline 0 -9"><span class='ocrx_word' id='word_1_93' title='bbox 153 774 168 794; x_wconf 92' lang='lat' dir='ltr'><strong>a</strong></span> <span class='ocrx_word' id='word_1_94' title='bbox 176 767 340 795; x_wconf 89' lang='lat' dir='ltr'><strong>Justiniano</strong></span> <span class='ocrx_word' id='word_1_95' title='bbox 351 768 479 803; x_wconf 81' lang='lat' dir='ltr'><strong>Augusto</strong></span> <span class='ocrx_word' id='word_1_96' title='bbox 490 767 595 796; x_wconf 86' lang='lat' dir='ltr'><strong>exsilio</strong></span> <span class='ocrx_word' id='word_1_97' title='bbox 607 768 796 802; x_wconf 55' lang='lat' dir='ltr'><strong>ini/Egyptum</strong></span> <span class='ocrx_word' id='word_1_98' title='bbox 805 770 979 802; x_wconf 87' lang='lat' dir='ltr'><strong>transporta-</strong></span> 
     </span>
    </p>
   </div>
   <div class='ocr_carea' id='block_1_16' title="bbox 155 812 977 847">
    <p class='ocr_par' dir='ltr' id='par_1_16' title="bbox 155 812 977 847">
     <span class='ocr_line' id='line_1_16' title="bbox 155 812 977 847; baseline 0 -8"><span class='ocrx_word' id='word_1_99' title='bbox 155 815 215 839; x_wconf 84' lang='lat' dir='ltr'><strong>tur.</strong></span> <span class='ocrx_word' id='word_1_100' title='bbox 247 812 314 839; x_wconf 91' lang='lat' dir='ltr'><strong>Inde</strong></span> <span class='ocrx_word' id='word_1_101' title='bbox 340 819 442 840; x_wconf 89' lang='lat' dir='ltr'><strong>rursus</strong></span> <span class='ocrx_word' id='word_1_102' title='bbox 463 812 741 847; x_wconf 84' lang='lat' dir='ltr'><strong>ConstantinOpolim</strong></span> <span class='ocrx_word' id='word_1_103' title='bbox 757 815 884 842; x_wconf 89' lang='lat' dir='ltr'><strong>vocatus,</strong></span> <span class='ocrx_word' id='word_1_104' title='bbox 909 812 977 839; x_wconf 90' lang='lat' dir='ltr'><strong>dum</strong></span> 
     </span>
    </p>
   </div>
   <div class='ocr_carea' id='block_1_17' title="bbox 153 856 979 891">
    <p class='ocr_par' dir='ltr' id='par_1_17' title="bbox 153 856 979 891">
     <span class='ocr_line' id='line_1_17' title="bbox 153 856 979 891; baseline 0 -8"><span class='ocrx_word' id='word_1_105' title='bbox 153 856 318 883; x_wconf 87' lang='lat' dir='ltr'><strong>Justiniano</strong></span> <span class='ocrx_word' id='word_1_106' title='bbox 333 856 510 891; x_wconf 78' lang='lat' dir='ltr'><strong>imperatori,</strong></span> <span class='ocrx_word' id='word_1_107' title='bbox 523 860 551 884; x_wconf 91' lang='lat' dir='ltr'><strong>et</strong></span> <span class='ocrx_word' id='word_1_108' title='bbox 564 857 704 891; x_wconf 85' lang='lat' dir='ltr'><strong>Eutychio</strong></span> <span class='ocrx_word' id='word_1_109' title='bbox 718 856 979 890; x_wconf 89' lang='lat' dir='ltr'><strong>Constantinopoli-</strong></span> 
     </span>
    </p>
   </div>
   <div class='ocr_carea' id='block_1_18' title="bbox 153 901 977 936">
    <p class='ocr_par' dir='ltr' id='par_1_18' title="bbox 153 901 977 936">
     <span class='ocr_line' id='line_1_18' title="bbox 153 901 977 936; baseline 0.001 -9"><span class='ocrx_word' id='word_1_110' title='bbox 153 903 224 928; x_wconf 68' lang='lat' dir='ltr'><strong>tante</strong></span> <span class='ocrx_word' id='word_1_111' title='bbox 239 901 320 928; x_wconf 90' lang='lat' dir='ltr'><strong>urbis</strong></span> <span class='ocrx_word' id='word_1_112' title='bbox 328 901 461 936; x_wconf 92' lang='lat' dir='ltr'><strong>episcopo</strong></span> <span class='ocrx_word' id='word_1_113' title='bbox 467 902 708 929; x_wconf 80' lang='lat' dir='ltr'><strong>obtrectatoribus</strong></span> <span class='ocrx_word' id='word_1_114' title='bbox 716 901 879 929; x_wconf 90' lang='lat' dir='ltr'><strong>eorumdem</strong></span> <span class='ocrx_word' id='word_1_115' title='bbox 888 901 977 928; x_wconf 88' lang='lat' dir='ltr'><strong>trium</strong></span> 
     </span>
    </p>
   </div>
   <div class='ocr_carea' id='block_1_19' title="bbox 1035 316 1862 355">
    <p class='ocr_par' dir='ltr' id='par_1_19' title="bbox 1035 316 1862 355">
     <span class='ocr_line' id='line_1_19' title="bbox 1035 316 1862 355; baseline 0.005 -11"><span class='ocrx_word' id='word_1_116' title='bbox 1035 316 1137 346; x_wconf 87' lang='lat' dir='ltr'><strong>festum</strong></span> <span class='ocrx_word' id='word_1_117' title='bbox 1156 319 1194 346; x_wconf 85' lang='lat' dir='ltr'><strong>tit.</strong></span> <span class='ocrx_word' id='word_1_118' title='bbox 1210 319 1243 346; x_wconf 91' lang='lat' dir='ltr'><strong>Hi</strong></span> <span class='ocrx_word' id='word_1_119' title='bbox 1258 319 1333 347; x_wconf 90' lang='lat' dir='ltr'><strong>enim</strong></span> <span class='ocrx_word' id='word_1_120' title='bbox 1350 320 1462 347; x_wconf 92' lang='lat' dir='ltr'><strong>numeri</strong></span> <span class='ocrx_word' id='word_1_121' title='bbox 1474 320 1591 348; x_wconf 91' lang='lat' dir='ltr'><strong>omnino</strong></span> <span class='ocrx_word' id='word_1_122' title='bbox 1602 320 1774 355; x_wconf 86' lang='lat' dir='ltr'><strong>respondent</strong></span> <span class='ocrx_word' id='word_1_123' title='bbox 1788 327 1862 348; x_wconf 76' lang='lat' dir='ltr'><strong>verae</strong></span> 
     </span>
    </p>
   </div>
   <div class='ocr_carea' id='block_1_20' title="bbox 1034 362 1911 400">
    <p class='ocr_par' dir='ltr' id='par_1_20' title="bbox 1034 362 1911 400">
     <span class='ocr_line' id='line_1_20' title="bbox 1034 362 1911 400; baseline 0.005 -11"><span class='ocrx_word' id='word_1_124' title='bbox 1034 362 1214 396; x_wconf 84' lang='lat' dir='ltr'><strong>chronotaxi,</strong></span> <span class='ocrx_word' id='word_1_125' title='bbox 1226 371 1288 399; x_wconf 81' lang='lat' dir='ltr'><strong>quae</strong></span> <span class='ocrx_word' id='word_1_126' title='bbox 1301 364 1336 392; x_wconf 89' lang='lat' dir='ltr'><strong>ab</strong></span> <span class='ocrx_word' id='word_1_127' title='bbox 1346 371 1420 392; x_wconf 90' lang='lat' dir='ltr'><strong>anno</strong></span> <span class='ocrx_word' id='word_1_128' title='bbox 1431 363 1465 392; x_wconf 75' lang='grc'><strong>43</strong></span> <span class='ocrx_word' id='word_1_129' title='bbox 1475 364 1596 400; x_wconf 80' lang='lat' dir='ltr'><strong>Augusti</strong></span> <span class='ocrx_word' id='word_1_130' title='bbox 1610 373 1700 400; x_wconf 89' lang='lat' dir='ltr'><strong>usque</strong></span> <span class='ocrx_word' id='word_1_131' title='bbox 1708 366 1742 393; x_wconf 89' lang='lat' dir='ltr'><strong>ad</strong></span> <span class='ocrx_word' id='word_1_132' title='bbox 1753 372 1861 393; x_wconf 87' lang='lat' dir='ltr'><strong>annum</strong></span> <span class='ocrx_word' id='word_1_133' title='bbox 1903 381 1911 388; x_wconf 84' lang='lat'><strong><em>-</em></strong></span> 
     </span>
    </p>
   </div>
   <div class='ocr_carea' id='block_1_21' title="bbox 1038 408 1861 446">
    <p class='ocr_par' dir='ltr' id='par_1_21' title="bbox 1038 408 1861 446">
     <span class='ocr_line' id='line_1_21' title="bbox 1038 408 1861 446; baseline 0.004 -11"><span class='ocrx_word' id='word_1_134' title='bbox 1038 408 1161 443; x_wconf 90' lang='lat' dir='ltr'><strong>primum</strong></span> <span class='ocrx_word' id='word_1_135' title='bbox 1171 409 1278 437; x_wconf 87' lang='lat' dir='ltr'><strong>Justini</strong></span> <span class='ocrx_word' id='word_1_136' title='bbox 1295 417 1384 437; x_wconf 93' lang='lat' dir='ltr'><strong>annos</strong></span> <span class='ocrx_word' id='word_1_137' title='bbox 1400 410 1571 445; x_wconf 79' lang='lat' dir='ltr'><strong>quingentos</strong></span> <span class='ocrx_word' id='word_1_138' title='bbox 1584 411 1731 446; x_wconf 73' lang='lat' dir='ltr'><strong>sexaginta</strong></span> <span class='ocrx_word' id='word_1_139' title='bbox 1752 413 1861 445; x_wconf 87' lang='lat' dir='ltr'><strong>septem</strong></span> 
     </span>
    </p>
   </div>
   <div class='ocr_carea' id='block_1_22' title="bbox 1035 454 1862 490">
    <p class='ocr_par' dir='ltr' id='par_1_22' title="bbox 1035 454 1862 490">
     <span class='ocr_line' id='line_1_22' title="bbox 1035 454 1862 490; baseline 0.004 -10"><span class='ocrx_word' id='word_1_140' title='bbox 1035 456 1198 488; x_wconf 82' lang='lat' dir='ltr'><strong>computat:</strong></span> <span class='ocrx_word' id='word_1_141' title='bbox 1223 456 1250 482; x_wconf 88' lang='lat' dir='ltr'><strong>et</strong></span> <span class='ocrx_word' id='word_1_142' title='bbox 1274 455 1297 482; x_wconf 88' lang='lat' dir='ltr'><strong>si</strong></span> <span class='ocrx_word' id='word_1_143' title='bbox 1326 462 1401 482; x_wconf 93' lang='lat' dir='ltr'><strong>anno</strong></span> <span class='ocrx_word' id='word_1_144' title='bbox 1418 456 1518 483; x_wconf 92' lang='lat' dir='ltr'><strong>mundi</strong></span> <span class='ocrx_word' id='word_1_145' title='bbox 1541 454 1620 489; x_wconf 76' lang='grc'>5499,</span> <span class='ocrx_word' id='word_1_146' title='bbox 1645 463 1702 490; x_wconf 93' lang='lat' dir='ltr'><strong>quo</strong></span> <span class='ocrx_word' id='word_1_147' title='bbox 1726 456 1862 483; x_wconf 82' lang='lat' dir='ltr'><strong>Christus</strong></span> 
     </span>
    </p>
   </div>
   <div class='ocr_carea' id='block_1_23' title="bbox 1035 498 1861 536">
    <p class='ocr_par' dir='ltr' id='par_1_23' title="bbox 1035 498 1861 536">
     <span class='ocr_line' id='line_1_23' title="bbox 1035 498 1861 536; baseline 0.002 -11"><span class='ocrx_word' id='word_1_148' title='bbox 1035 498 1191 526; x_wconf 86' lang='lat' dir='ltr'><strong>secundum</strong></span> <span class='ocrx_word' id='word_1_149' title='bbox 1212 499 1352 527; x_wconf 86' lang='lat' dir='ltr'><strong>Victorem</strong></span> <span class='ocrx_word' id='word_1_150' title='bbox 1374 502 1458 527; x_wconf 87' lang='lat' dir='ltr'><strong>natus</strong></span> <span class='ocrx_word' id='word_1_151' title='bbox 1474 503 1526 530; x_wconf 79' lang='lat' dir='ltr'><strong>est,</strong></span> <span class='ocrx_word' id='word_1_152' title='bbox 1544 500 1693 535; x_wconf 72' lang='lat' dir='ltr'><strong>quingenti</strong></span> <span class='ocrx_word' id='word_1_153' title='bbox 1712 500 1861 536; x_wconf 79' lang='lat' dir='ltr'><strong>sexaginta</strong></span> 
     </span>
    </p>
   </div>
   <div class='ocr_carea' id='block_1_24' title="bbox 1035 543 1860 580">
    <p class='ocr_par' dir='ltr' id='par_1_24' title="bbox 1035 543 1860 580">
     <span class='ocr_line' id='line_1_24' title="bbox 1035 543 1860 580; baseline 0.004 -11"><span class='ocrx_word' id='word_1_154' title='bbox 1035 545 1140 576; x_wconf 84' lang='lat' dir='ltr'><strong>septem</strong></span> <span class='ocrx_word' id='word_1_155' title='bbox 1163 543 1231 571; x_wconf 93' lang='lat' dir='ltr'><strong>anni</strong></span> <span class='ocrx_word' id='word_1_156' title='bbox 1248 544 1450 580; x_wconf 72' lang='lat' dir='ltr'><strong>adjungantur,</strong></span> <span class='ocrx_word' id='word_1_157' title='bbox 1477 545 1631 572; x_wconf 85' lang='lat' dir='ltr'><strong>habebitur</strong></span> <span class='ocrx_word' id='word_1_158' title='bbox 1645 552 1739 573; x_wconf 88' lang='lat' dir='ltr'><strong>annus</strong></span> <span class='ocrx_word' id='word_1_159' title='bbox 1758 545 1860 572; x_wconf 91' lang='lat' dir='ltr'><strong>mundi</strong></span> 
     </span>
    </p>
   </div>
   <div class='ocr_carea' id='block_1_25' title="bbox 1033 585 1860 624">
    <p class='ocr_par' dir='ltr' id='par_1_25' title="bbox 1033 585 1860 624">
     <span class='ocr_line' id='line_1_25' title="bbox 1033 585 1860 624; baseline 0.004 -10"><span class='ocrx_word' id='word_1_160' title='bbox 1033 585 1112 619; x_wconf 83' lang='grc'>5766,</span> <span class='ocrx_word' id='word_1_161' title='bbox 1126 588 1176 622; x_wconf 89' lang='lat' dir='ltr'><strong>qui</strong></span> <span class='ocrx_word' id='word_1_162' title='bbox 1192 588 1274 616; x_wconf 90' lang='lat' dir='ltr'><strong>debet</strong></span> <span class='ocrx_word' id='word_1_163' title='bbox 1289 596 1350 617; x_wconf 90' lang='lat' dir='ltr'><strong>esse</strong></span> <span class='ocrx_word' id='word_1_164' title='bbox 1362 590 1472 624; x_wconf 88' lang='lat' dir='ltr'><strong>primus</strong></span> <span class='ocrx_word' id='word_1_165' title='bbox 1484 590 1589 617; x_wconf 87' lang='lat' dir='ltr'><strong>Justini</strong></span> <span class='ocrx_word' id='word_1_166' title='bbox 1600 590 1681 624; x_wconf 89' lang='lat' dir='ltr'><strong>juxta</strong></span> <span class='ocrx_word' id='word_1_167' title='bbox 1693 593 1860 624; x_wconf 84' lang='lat' dir='ltr'><strong>computum</strong></span> 
     </span>
    </p>
   </div>
   <div class='ocr_carea' id='block_1_26' title="bbox 1034 632 1862 669">
    <p class='ocr_par' dir='ltr' id='par_1_26' title="bbox 1034 632 1862 669">
     <span class='ocr_line' id='line_1_26' title="bbox 1034 632 1862 669; baseline 0.004 -10"><span class='ocrx_word' id='word_1_168' title='bbox 1034 632 1171 660; x_wconf 90' lang='lat' dir='ltr'><strong>Victoris.</strong></span> <span class='ocrx_word' id='word_1_169' title='bbox 1191 633 1282 668; x_wconf 84' lang='lat' dir='ltr'><strong>Atque</strong></span> <span class='ocrx_word' id='word_1_170' title='bbox 1302 634 1360 661; x_wconf 67' lang='lat' dir='ltr'><strong>haec</strong></span> <span class='ocrx_word' id='word_1_171' title='bbox 1378 634 1493 669; x_wconf 88' lang='lat' dir='ltr'><strong>quidem</strong></span> <span class='ocrx_word' id='word_1_172' title='bbox 1515 635 1548 662; x_wconf 91' lang='lat' dir='ltr'><strong>de</strong></span> <span class='ocrx_word' id='word_1_173' title='bbox 1566 641 1661 662; x_wconf 89' lang='lat' dir='ltr'><strong>errore</strong></span> <span class='ocrx_word' id='word_1_174' title='bbox 1677 635 1726 669; x_wconf 92' lang='lat' dir='ltr'><strong>qui</strong></span> <span class='ocrx_word' id='word_1_175' title='bbox 1742 635 1862 669; x_wconf 85' lang='lat' dir='ltr'><strong>irrepsit</strong></span> 
     </span>
    </p>
   </div>
   <div class='ocr_carea' id='block_1_27' title="bbox 1035 676 1862 714">
    <p class='ocr_par' dir='ltr' id='par_1_27' title="bbox 1035 676 1862 714">
     <span class='ocr_line' id='line_1_27' title="bbox 1035 676 1862 714; baseline 0.005 -11"><span class='ocrx_word' id='word_1_176' title='bbox 1035 676 1063 703; x_wconf 93' lang='lat' dir='ltr'><strong>in</strong></span> <span class='ocrx_word' id='word_1_177' title='bbox 1074 676 1236 705; x_wconf 90' lang='lat' dir='ltr'><strong>Chronicon</strong></span> <span class='ocrx_word' id='word_1_178' title='bbox 1252 678 1387 713; x_wconf 85' lang='lat' dir='ltr'><strong>Victoris,</strong></span> <span class='ocrx_word' id='word_1_179' title='bbox 1401 679 1474 714; x_wconf 92' lang='lat' dir='ltr'><strong>quod</strong></span> <span class='ocrx_word' id='word_1_180' title='bbox 1491 679 1600 707; x_wconf 79' lang='lat' dir='ltr'><strong>desinit</strong></span> <span class='ocrx_word' id='word_1_181' title='bbox 1614 679 1706 713; x_wconf 88' lang='lat' dir='ltr'><strong>primo</strong></span> <span class='ocrx_word' id='word_1_182' title='bbox 1725 686 1800 707; x_wconf 95' lang='lat' dir='ltr'><strong>anno</strong></span> <span class='ocrx_word' id='word_1_183' title='bbox 1815 680 1862 707; x_wconf 87' lang='lat' dir='ltr'><strong>Ju-</strong></span> 
     </span>
    </p>
   </div>
   <div class='ocr_carea' id='block_1_28' title="bbox 1033 721 1863 758">
    <p class='ocr_par' dir='ltr' id='par_1_28' title="bbox 1033 721 1863 758">
     <span class='ocr_line' id='line_1_28' title="bbox 1033 721 1863 758; baseline 0.004 -10"><span class='ocrx_word' id='word_1_184' title='bbox 1033 721 1115 756; x_wconf 84' lang='lat' dir='ltr'><strong>stini,</strong></span> <span class='ocrx_word' id='word_1_185' title='bbox 1134 729 1189 757; x_wconf 93' lang='lat' dir='ltr'><strong>quo</strong></span> <span class='ocrx_word' id='word_1_186' title='bbox 1200 723 1284 750; x_wconf 89' lang='lat' dir='ltr'><strong>etiam</strong></span> <span class='ocrx_word' id='word_1_187' title='bbox 1297 723 1364 750; x_wconf 83' lang='lat' dir='ltr'><strong>ﬁnis</strong></span> <span class='ocrx_word' id='word_1_188' title='bbox 1376 723 1530 758; x_wconf 90' lang='lat' dir='ltr'><strong>impositus</strong></span> <span class='ocrx_word' id='word_1_189' title='bbox 1543 726 1585 751; x_wconf 89' lang='lat' dir='ltr'><strong>est</strong></span> <span class='ocrx_word' id='word_1_190' title='bbox 1596 724 1689 751; x_wconf 87' lang='lat' dir='ltr'><strong>Fastis</strong></span> <span class='ocrx_word' id='word_1_191' title='bbox 1701 723 1863 751; x_wconf 86' lang='lat' dir='ltr'><strong>consulari-</strong></span> 
     </span>
    </p>
   </div>
   <div class='ocr_carea' id='block_1_29' title="bbox 1033 765 1861 804">
    <p class='ocr_par' dir='ltr' id='par_1_29' title="bbox 1033 765 1861 804">
     <span class='ocr_line' id='line_1_29' title="bbox 1033 765 1861 804; baseline 0.004 -11"><span class='ocrx_word' id='word_1_192' title='bbox 1033 765 1096 798; x_wconf 86' lang='lat' dir='ltr'><strong>bus,</strong></span> <span class='ocrx_word' id='word_1_193' title='bbox 1109 773 1141 793; x_wconf 91' lang='lat' dir='ltr'><strong>ac</strong></span> <span class='ocrx_word' id='word_1_194' title='bbox 1149 768 1160 793; x_wconf 89' lang='lat' dir='ltr'><strong>.I</strong></span> <span class='ocrx_word' id='word_1_195' title='bbox 1167 767 1332 795; x_wconf 90' lang='lat' dir='ltr'><strong>ustinianus</strong></span> <span class='ocrx_word' id='word_1_196' title='bbox 1342 768 1497 802; x_wconf 88' lang='lat' dir='ltr'><strong>imperator</strong></span> <span class='ocrx_word' id='word_1_197' title='bbox 1505 768 1707 795; x_wconf 89' lang='lat' dir='ltr'><strong>mortalitatem</strong></span> <span class='ocrx_word' id='word_1_198' title='bbox 1719 768 1861 804; x_wconf 78' lang='lat' dir='ltr'><strong>explevit;</strong></span> 
     </span>
    </p>
   </div>
   <div class='ocr_carea' id='block_1_30' title="bbox 1034 811 1861 848">
    <p class='ocr_par' dir='ltr' id='par_1_30' title="bbox 1034 811 1861 848">
     <span class='ocr_line' id='line_1_30' title="bbox 1034 811 1861 848; baseline 0.001 -10"><span class='ocrx_word' id='word_1_199' title='bbox 1034 811 1109 839; x_wconf 92' lang='lat' dir='ltr'><strong>unde</strong></span> <span class='ocrx_word' id='word_1_200' title='bbox 1124 814 1151 839; x_wconf 86' lang='lat' dir='ltr'><strong>et</strong></span> <span class='ocrx_word' id='word_1_201' title='bbox 1170 812 1266 840; x_wconf 90' lang='lat' dir='ltr'><strong>eodem</strong></span> <span class='ocrx_word' id='word_1_202' title='bbox 1281 820 1355 840; x_wconf 89' lang='lat' dir='ltr'><strong>anno</strong></span> <span class='ocrx_word' id='word_1_203' title='bbox 1371 820 1424 840; x_wconf 93' lang='lat' dir='ltr'><strong>nos</strong></span> <span class='ocrx_word' id='word_1_204' title='bbox 1439 820 1553 848; x_wconf 91' lang='lat' dir='ltr'><strong>quoque</strong></span> <span class='ocrx_word' id='word_1_205' title='bbox 1574 813 1656 840; x_wconf 84' lang='lat' dir='ltr'><strong>tinem</strong></span> <span class='ocrx_word' id='word_1_206' title='bbox 1672 813 1757 840; x_wconf 90' lang='lat' dir='ltr'><strong>rebus</strong></span> <span class='ocrx_word' id='word_1_207' title='bbox 1769 813 1861 840; x_wconf 84' lang='lat' dir='ltr'><strong>chro-</strong></span> 
     </span>
    </p>
   </div>
   <div class='ocr_carea' id='block_1_31' title="bbox 1035 855 1859 892">
    <p class='ocr_par' dir='ltr' id='par_1_31' title="bbox 1035 855 1859 892">
     <span class='ocr_line' id='line_1_31' title="bbox 1035 855 1859 892; baseline 0 -10"><span class='ocrx_word' id='word_1_208' title='bbox 1035 855 1176 890; x_wconf 76' lang='lat' dir='ltr'><strong>nologicis</strong></span> <span class='ocrx_word' id='word_1_209' title='bbox 1191 857 1224 883; x_wconf 90' lang='lat' dir='ltr'><strong>ad</strong></span> <span class='ocrx_word' id='word_1_210' title='bbox 1242 857 1444 892; x_wconf 87' lang='lat' dir='ltr'><strong>antiquitatem</strong></span> <span class='ocrx_word' id='word_1_211' title='bbox 1459 857 1656 891; x_wconf 67' lang='lat' dir='ltr'><strong>spectantibus</strong></span> <span class='ocrx_word' id='word_1_212' title='bbox 1668 857 1859 891; x_wconf 88' lang='lat' dir='ltr'><strong>imponemus.</strong></span> 
     </span>
    </p>
   </div>
   <div class='ocr_carea' id='block_1_32' title="bbox 1069 899 1861 937">
    <p class='ocr_par' dir='ltr' id='par_1_32' title="bbox 1069 899 1861 937">
     <span class='ocr_line' id='line_1_32' title="bbox 1069 899 1861 937; baseline 0.001 -10"><span class='ocrx_word' id='word_1_213' title='bbox 1069 899 1095 927; x_wconf 89' lang='lat'><strong>3.</strong></span> <span class='ocrx_word' id='word_1_214' title='bbox 1113 901 1204 928; x_wconf 86' lang='lat' dir='ltr'><strong>Priori</strong></span> <span class='ocrx_word' id='word_1_215' title='bbox 1220 901 1389 929; x_wconf 84' lang='lat' dir='ltr'><strong>chronotaxi</strong></span> <span class='ocrx_word' id='word_1_216' title='bbox 1405 909 1420 929; x_wconf 90' lang='lat' dir='ltr'><strong>a</strong></span> <span class='ocrx_word' id='word_1_217' title='bbox 1436 903 1519 929; x_wconf 87' lang='lat' dir='ltr'><strong>Petro</strong></span> <span class='ocrx_word' id='word_1_218' title='bbox 1536 909 1627 937; x_wconf 88' lang='lat' dir='ltr'><strong>usque</strong></span> <span class='ocrx_word' id='word_1_219' title='bbox 1639 902 1672 929; x_wconf 92' lang='lat' dir='ltr'><strong>ad</strong></span> <span class='ocrx_word' id='word_1_220' title='bbox 1689 901 1833 936; x_wconf 76' lang='lat' dir='ltr'><strong>Pelagium</strong></span> <span class='ocrx_word' id='word_1_221' title='bbox 1849 900 1861 928; x_wconf 96' lang='grc' dir='ltr'>Ι</span> 
     </span>
    </p>
   </div>
   <div class='ocr_carea' id='block_1_33' title="bbox 151 944 1862 982">
    <p class='ocr_par' dir='ltr' id='par_1_33' title="bbox 151 944 1862 982">
     <span class='ocr_line' id='line_1_33' title="bbox 151 944 1862 982; baseline 0.001 -10"><span class='ocrx_word' id='word_1_222' title='bbox 151 945 348 980; x_wconf 91' lang='lat' dir='ltr'><strong>Capitulorum</strong></span> <span class='ocrx_word' id='word_1_223' title='bbox 365 946 520 978; x_wconf 81' lang='lat' dir='ltr'><strong>resisteret,</strong></span> <span class='ocrx_word' id='word_1_224' title='bbox 539 954 641 974; x_wconf 90' lang='lat' dir='ltr'><strong>rursus</strong></span> <span class='ocrx_word' id='word_1_225' title='bbox 661 947 690 974; x_wconf 94' lang='lat' dir='ltr'><strong>in</strong></span> <span class='ocrx_word' id='word_1_226' title='bbox 707 946 881 974; x_wconf 81' lang='lat' dir='ltr'><strong>monasterio</strong></span> <span class='ocrx_word' id='word_1_227' title='bbox 896 946 978 980; x_wconf 62' lang='lat' dir='ltr'><strong>ejus-</strong></span> <span class='ocrx_word' id='word_1_228' title='bbox 995 948 1019 977; x_wconf 84' lang='grc' dir='ltr'>Β</span> <span class='ocrx_word' id='word_1_229' title='bbox 1033 944 1161 973; x_wconf 60' lang='lat' dir='ltr'><strong>deducte</strong></span> <span class='ocrx_word' id='word_1_230' title='bbox 1172 946 1327 980; x_wconf 91' lang='lat' dir='ltr'><strong>adjicimus</strong></span> <span class='ocrx_word' id='word_1_231' title='bbox 1342 947 1506 979; x_wconf 88' lang='lat' dir='ltr'><strong>secundam,</strong></span> <span class='ocrx_word' id='word_1_232' title='bbox 1519 953 1602 982; x_wconf 88' lang='lat' dir='ltr'><strong>quam</strong></span> <span class='ocrx_word' id='word_1_233' title='bbox 1619 947 1760 974; x_wconf 88' lang='lat' dir='ltr'><strong>Eusebius</strong></span> <span class='ocrx_word' id='word_1_234' title='bbox 1772 946 1862 973; x_wconf 63' lang='lat' dir='ltr'><strong>Caesa-</strong></span> 
     </span>
    </p>
   </div>
   <div class='ocr_carea' id='block_1_34' title="bbox 150 989 976 1026">
    <p class='ocr_par' dir='ltr' id='par_1_34' title="bbox 150 989 976 1026">
     <span class='ocr_line' id='line_1_34' title="bbox 150 989 976 1026; baseline 0.001 -9"><span class='ocrx_word' id='word_1_235' title='bbox 150 989 211 1017; x_wconf 91' lang='lat' dir='ltr'><strong>dem</strong></span> <span class='ocrx_word' id='word_1_236' title='bbox 224 990 353 1018; x_wconf 84' lang='lat' dir='ltr'><strong>civitatis</strong></span> <span class='ocrx_word' id='word_1_237' title='bbox 366 991 572 1019; x_wconf 87' lang='lat' dir='ltr'><strong>custodiendus</strong></span> <span class='ocrx_word' id='word_1_238' title='bbox 586 992 723 1026; x_wconf 82' lang='lat' dir='ltr'><strong>mittitur,</strong></span> <span class='ocrx_word' id='word_1_239' title='bbox 738 994 823 1026; x_wconf 90' lang='lat' dir='ltr'><strong>atque</strong></span> <span class='ocrx_word' id='word_1_240' title='bbox 837 991 866 1018; x_wconf 91' lang='lat' dir='ltr'><strong>in</strong></span> <span class='ocrx_word' id='word_1_241' title='bbox 879 990 976 1018; x_wconf 91' lang='lat' dir='ltr'><strong>eadem</strong></span> 
     </span>
    </p>
   </div>
   <div class='ocr_carea' id='block_1_35' title="bbox 152 1034 978 1070">
    <p class='ocr_par' dir='ltr' id='par_1_35' title="bbox 152 1034 978 1070">
     <span class='ocr_line' id='line_1_35' title="bbox 152 1034 978 1070; baseline 0.002 -9"><span class='ocrx_word' id='word_1_242' title='bbox 152 1034 345 1068; x_wconf 86' lang='lat' dir='ltr'><strong>damnatione,</strong></span> <span class='ocrx_word' id='word_1_243' title='bbox 365 1037 394 1063; x_wconf 86' lang='lat' dir='ltr'><strong>ut</strong></span> <span class='ocrx_word' id='word_1_244' title='bbox 410 1036 521 1070; x_wconf 89' lang='lat' dir='ltr'><strong>dicunt,</strong></span> <span class='ocrx_word' id='word_1_245' title='bbox 540 1043 708 1070; x_wconf 92' lang='lat' dir='ltr'><strong>permanens</strong></span> <span class='ocrx_word' id='word_1_246' title='bbox 724 1036 860 1064; x_wconf 90' lang='lat' dir='ltr'><strong>moritur.</strong></span> <span class='ocrx_word' id='word_1_247' title='bbox 879 1044 892 1061; x_wconf 69' lang='grc' dir='ltr'><strong>ι)</strong></span> <span class='ocrx_word' id='word_1_248' title='bbox 908 1036 978 1063; x_wconf 72' lang='lat' dir='ltr'><strong>Prte-</strong></span> 
     </span>
    </p>
   </div>
   <div class='ocr_carea' id='block_1_36' title="bbox 152 1079 977 1109">
    <p class='ocr_par' dir='ltr' id='par_1_36' title="bbox 152 1079 977 1109">
     <span class='ocr_line' id='line_1_36' title="bbox 152 1079 977 1109; baseline 0.002 -3"><span class='ocrx_word' id='word_1_249' title='bbox 152 1079 261 1107; x_wconf 88' lang='lat' dir='ltr'><strong>clarum</strong></span> <span class='ocrx_word' id='word_1_250' title='bbox 277 1081 321 1107; x_wconf 88' lang='lat' dir='ltr'><strong>est</strong></span> <span class='ocrx_word' id='word_1_251' title='bbox 335 1079 388 1107; x_wconf 89' lang='lat' dir='ltr'><strong>hoc</strong></span> <span class='ocrx_word' id='word_1_252' title='bbox 401 1080 504 1108; x_wconf 88' lang='lat' dir='ltr'><strong>Isidori</strong></span> <span class='ocrx_word' id='word_1_253' title='bbox 526 1080 561 1108; x_wconf 91' lang='lat' dir='ltr'><strong>de</strong></span> <span class='ocrx_word' id='word_1_254' title='bbox 580 1080 694 1109; x_wconf 90' lang='lat' dir='ltr'><strong>Victore</strong></span> <span class='ocrx_word' id='word_1_255' title='bbox 706 1081 873 1108; x_wconf 90' lang='lat' dir='ltr'><strong>Tununensi</strong></span> <span class='ocrx_word' id='word_1_256' title='bbox 891 1081 977 1108; x_wconf 87' lang='lat' dir='ltr'><strong>testi—</strong></span> 
     </span>
    </p>
   </div>
   <div class='ocr_carea' id='block_1_37' title="bbox 149 1124 975 1160">
    <p class='ocr_par' dir='ltr' id='par_1_37' title="bbox 149 1124 975 1160">
     <span class='ocr_line' id='line_1_37' title="bbox 149 1124 975 1160; baseline 0.001 -9"><span class='ocrx_word' id='word_1_257' title='bbox 149 1124 287 1158; x_wconf 85' lang='lat' dir='ltr'><strong>monium,</strong></span> <span class='ocrx_word' id='word_1_258' title='bbox 315 1131 348 1151; x_wconf 90' lang='lat' dir='ltr'><strong>ex</strong></span> <span class='ocrx_word' id='word_1_259' title='bbox 371 1132 428 1160; x_wconf 91' lang='lat' dir='ltr'><strong>quo</strong></span> <span class='ocrx_word' id='word_1_260' title='bbox 444 1132 501 1154; x_wconf 93' lang='lat' dir='ltr'><strong>non</strong></span> <span class='ocrx_word' id='word_1_261' title='bbox 524 1125 617 1153; x_wconf 91' lang='lat' dir='ltr'><strong>solum</strong></span> <span class='ocrx_word' id='word_1_262' title='bbox 643 1127 755 1153; x_wconf 87' lang='lat' dir='ltr'><strong>constat</strong></span> <span class='ocrx_word' id='word_1_263' title='bbox 773 1126 808 1153; x_wconf 90' lang='lat' dir='ltr'><strong>de</strong></span> <span class='ocrx_word' id='word_1_264' title='bbox 823 1125 975 1158; x_wconf 86' lang='lat' dir='ltr'><strong>Chronico,</strong></span> 
     </span>
    </p>
   </div>
   <div class='ocr_carea' id='block_1_38' title="bbox 149 1169 976 1204">
    <p class='ocr_par' dir='ltr' id='par_1_38' title="bbox 149 1169 976 1204">
     <span class='ocr_line' id='line_1_38' title="bbox 149 1169 976 1204; baseline 0.001 -8"><span class='ocrx_word' id='word_1_265' title='bbox 149 1169 197 1197; x_wconf 90' lang='lat' dir='ltr'><strong>sed</strong></span> <span class='ocrx_word' id='word_1_266' title='bbox 213 1169 298 1197; x_wconf 91' lang='lat' dir='ltr'><strong>etiam</strong></span> <span class='ocrx_word' id='word_1_267' title='bbox 319 1169 354 1196; x_wconf 92' lang='lat' dir='ltr'><strong>de</strong></span> <span class='ocrx_word' id='word_1_268' title='bbox 374 1177 494 1204; x_wconf 85' lang='lat' dir='ltr'><strong>persona</strong></span> <span class='ocrx_word' id='word_1_269' title='bbox 519 1172 547 1197; x_wconf 90' lang='lat' dir='ltr'><strong>et</strong></span> <span class='ocrx_word' id='word_1_270' title='bbox 562 1170 635 1197; x_wconf 86' lang='lat' dir='ltr'><strong>actis</strong></span> <span class='ocrx_word' id='word_1_271' title='bbox 654 1170 789 1202; x_wconf 77' lang='lat' dir='ltr'><strong>Victoris,</strong></span> <span class='ocrx_word' id='word_1_272' title='bbox 808 1170 858 1204; x_wconf 92' lang='lat' dir='ltr'><strong>qui</strong></span> <span class='ocrx_word' id='word_1_273' title='bbox 886 1170 976 1197; x_wconf 90' lang='lat' dir='ltr'><strong>trium</strong></span> 
     </span>
    </p>
   </div>
   <div class='ocr_carea' id='block_1_39' title="bbox 148 1213 976 1248">
    <p class='ocr_par' dir='ltr' id='par_1_39' title="bbox 148 1213 976 1248">
     <span class='ocr_line' id='line_1_39' title="bbox 148 1213 976 1248; baseline 0 -7"><span class='ocrx_word' id='word_1_274' title='bbox 148 1214 346 1248; x_wconf 88' lang='lat' dir='ltr'><strong>Capitulorum</strong></span> <span class='ocrx_word' id='word_1_275' title='bbox 357 1213 632 1248; x_wconf 84' lang='lat' dir='ltr'><strong>defensorexistens,</strong></span> <span class='ocrx_word' id='word_1_276' title='bbox 641 1214 781 1241; x_wconf 87' lang='lat' dir='ltr'><strong>nonnulla</strong></span> <span class='ocrx_word' id='word_1_277' title='bbox 794 1221 843 1248; x_wconf 93' lang='lat' dir='ltr'><strong>pro</strong></span> <span class='ocrx_word' id='word_1_278' title='bbox 851 1214 976 1248; x_wconf 89' lang='lat' dir='ltr'><strong>partium</strong></span> 
     </span>
    </p>
   </div>
   <div class='ocr_carea' id='block_1_40' title="bbox 149 1258 978 1287">
    <p class='ocr_par' dir='ltr' id='par_1_40' title="bbox 149 1258 978 1287">
     <span class='ocr_line' id='line_1_40' title="bbox 149 1258 978 1287; baseline 0 -1"><span class='ocrx_word' id='word_1_279' title='bbox 149 1258 248 1286; x_wconf 90' lang='lat' dir='ltr'><strong>studio</strong></span> <span class='ocrx_word' id='word_1_280' title='bbox 258 1258 387 1285; x_wconf 74' lang='lat' dir='ltr'><strong>historiae</strong></span> <span class='ocrx_word' id='word_1_281' title='bbox 397 1265 455 1285; x_wconf 68' lang='lat' dir='ltr'><strong>suae</strong></span> <span class='ocrx_word' id='word_1_282' title='bbox 468 1259 626 1286; x_wconf 86' lang='lat' dir='ltr'><strong>inseruisse</strong></span> <span class='ocrx_word' id='word_1_283' title='bbox 637 1259 775 1287; x_wconf 89' lang='lat' dir='ltr'><strong>creditur.</strong></span> <span class='ocrx_word' id='word_1_284' title='bbox 787 1258 883 1286; x_wconf 87' lang='lat' dir='ltr'><strong>Edidit</strong></span> <span class='ocrx_word' id='word_1_285' title='bbox 892 1259 978 1286; x_wconf 85' lang='lat' dir='ltr'><strong>Chro-</strong></span> 
     </span>
    </p>
   </div>
   <div class='ocr_carea' id='block_1_41' title="bbox 151 1302 977 1337">
    <p class='ocr_par' dir='ltr' id='par_1_41' title="bbox 151 1302 977 1337">
     <span class='ocr_line' id='line_1_41' title="bbox 151 1302 977 1337; baseline 0 -6"><span class='ocrx_word' id='word_1_286' title='bbox 151 1303 235 1331; x_wconf 91' lang='lat' dir='ltr'><strong>nicon</strong></span> <span class='ocrx_word' id='word_1_287' title='bbox 250 1302 346 1337; x_wconf 81' lang='lat' dir='ltr'><strong>ipsius</strong></span> <span class='ocrx_word' id='word_1_288' title='bbox 363 1302 391 1329; x_wconf 93' lang='lat' dir='ltr'><strong>in</strong></span> <span class='ocrx_word' id='word_1_289' title='bbox 403 1303 549 1330; x_wconf 88' lang='lat' dir='ltr'><strong>Thesauro</strong></span> <span class='ocrx_word' id='word_1_290' title='bbox 562 1305 723 1337; x_wconf 89' lang='lat' dir='ltr'><strong>temporum</strong></span> <span class='ocrx_word' id='word_1_291' title='bbox 737 1303 878 1337; x_wconf 90' lang='lat' dir='ltr'><strong>Josephus</strong></span> <span class='ocrx_word' id='word_1_292' title='bbox 890 1303 977 1331; x_wconf 91' lang='lat' dir='ltr'><strong>Scali-</strong></span> 
     </span>
    </p>
   </div>
   <div class='ocr_carea' id='block_1_42' title="bbox 149 1347 976 1382">
    <p class='ocr_par' dir='ltr' id='par_1_42' title="bbox 149 1347 976 1382">
     <span class='ocr_line' id='line_1_42' title="bbox 149 1347 976 1382; baseline 0.002 -8"><span class='ocrx_word' id='word_1_293' title='bbox 149 1354 207 1382; x_wconf 89' lang='lat' dir='ltr'><strong>ger,</strong></span> <span class='ocrx_word' id='word_1_294' title='bbox 222 1347 297 1381; x_wconf 90' lang='lat' dir='ltr'><strong>apud</strong></span> <span class='ocrx_word' id='word_1_295' title='bbox 319 1354 402 1382; x_wconf 87' lang='lat' dir='ltr'><strong>quem</strong></span> <span class='ocrx_word' id='word_1_296' title='bbox 426 1347 471 1374; x_wconf 90' lang='lat' dir='ltr'><strong>his</strong></span> <span class='ocrx_word' id='word_1_297' title='bbox 487 1347 583 1375; x_wconf 91' lang='lat' dir='ltr'><strong>verbis</strong></span> <span class='ocrx_word' id='word_1_298' title='bbox 598 1348 720 1382; x_wconf 88' lang='lat' dir='ltr'><strong>incipit:</strong></span> <span class='ocrx_word' id='word_1_299' title='bbox 741 1358 753 1373; x_wconf 80' lang='grc' dir='ltr'><em>α</em></span> <span class='ocrx_word' id='word_1_300' title='bbox 768 1348 850 1376; x_wconf 91' lang='lat' dir='ltr'><strong>Anno</strong></span> <span class='ocrx_word' id='word_1_301' title='bbox 865 1349 976 1376; x_wconf 90' lang='lat' dir='ltr'><strong>decimo</strong></span> 
     </span>
    </p>
   </div>
   <div class='ocr_carea' id='block_1_43' title="bbox 149 1391 976 1428">
    <p class='ocr_par' dir='ltr' id='par_1_43' title="bbox 149 1391 976 1428">
     <span class='ocr_line' id='line_1_43' title="bbox 149 1391 976 1428; baseline 0.004 -10"><span class='ocrx_word' id='word_1_302' title='bbox 149 1394 258 1424; x_wconf 88' lang='lat' dir='ltr'><strong>oetavo,</strong></span> <span class='ocrx_word' id='word_1_303' title='bbox 275 1391 427 1420; x_wconf 86' lang='lat' dir='ltr'><strong>consulatu</strong></span> <span class='ocrx_word' id='word_1_304' title='bbox 443 1392 596 1420; x_wconf 90' lang='lat' dir='ltr'><strong>Theodosii</strong></span> <span class='ocrx_word' id='word_1_305' title='bbox 611 1393 741 1420; x_wconf 83' lang='lat' dir='ltr'><strong>Junioris</strong></span> <span class='ocrx_word' id='word_1_306' title='bbox 757 1392 854 1420; x_wconf 87' lang='lat' dir='ltr'><strong>Victor</strong></span> <span class='ocrx_word' id='word_1_307' title='bbox 868 1393 976 1428; x_wconf 86' lang='lat' dir='ltr'><strong>episco-</strong></span> 
     </span>
    </p>
   </div>
   <div class='ocr_carea' id='block_1_44' title="bbox 150 1435 977 1470">
    <p class='ocr_par' dir='ltr' id='par_1_44' title="bbox 150 1435 977 1470">
     <span class='ocr_line' id='line_1_44' title="bbox 150 1435 977 1470; baseline 0.004 -8"><span class='ocrx_word' id='word_1_308' title='bbox 150 1443 203 1470; x_wconf 90' lang='lat' dir='ltr'><strong>pus</strong></span> <span class='ocrx_word' id='word_1_309' title='bbox 218 1435 403 1463; x_wconf 89' lang='lat' dir='ltr'><strong>Tununensis</strong></span> <span class='ocrx_word' id='word_1_310' title='bbox 420 1436 552 1464; x_wconf 59' lang='lat' dir='ltr'><strong>Ecclesia</strong></span> <span class='ocrx_word' id='word_1_311' title='bbox 574 1435 678 1464; x_wconf 61' lang='lat' dir='ltr'><strong>Africae</strong></span> <span class='ocrx_word' id='word_1_312' title='bbox 696 1437 852 1465; x_wconf 83' lang='lat' dir='ltr'><strong>Historiam</strong></span> <span class='ocrx_word' id='word_1_313' title='bbox 875 1444 977 1470; x_wconf 91' lang='lat' dir='ltr'><strong>prose—</strong></span> 
     </span>
    </p>
   </div>
   <div class='ocr_carea' id='block_1_45' title="bbox 150 1479 977 1516">
    <p class='ocr_par' dir='ltr' id='par_1_45' title="bbox 150 1479 977 1516">
     <span class='ocr_line' id='line_1_45' title="bbox 150 1479 977 1516; baseline 0.005 -10"><span class='ocrx_word' id='word_1_314' title='bbox 150 1479 260 1514; x_wconf 84' lang='lat' dir='ltr'><strong>quitur,</strong></span> <span class='ocrx_word' id='word_1_315' title='bbox 278 1479 327 1508; x_wconf 89' lang='lat' dir='ltr'><strong>ubi</strong></span> <span class='ocrx_word' id='word_1_316' title='bbox 344 1481 465 1515; x_wconf 85' lang='lat' dir='ltr'><strong>Prosper</strong></span> <span class='ocrx_word' id='word_1_317' title='bbox 482 1481 611 1516; x_wconf 90' lang='lat' dir='ltr'><strong>reliquit.</strong></span> <span class='ocrx_word' id='word_1_318' title='bbox 629 1490 642 1506; x_wconf 73' lang='grc' dir='ltr'><strong>ι)</strong></span> <span class='ocrx_word' id='word_1_319' title='bbox 659 1482 726 1516; x_wconf 74' lang='lat' dir='ltr'><strong>Qua:</strong></span> <span class='ocrx_word' id='word_1_320' title='bbox 739 1481 823 1509; x_wconf 89' lang='lat' dir='ltr'><strong>verba</strong></span> <span class='ocrx_word' id='word_1_321' title='bbox 839 1489 894 1510; x_wconf 92' lang='lat' dir='ltr'><strong>non</strong></span> <span class='ocrx_word' id='word_1_322' title='bbox 909 1484 977 1510; x_wconf 87' lang='lat' dir='ltr'><strong>sunt</strong></span> 
     </span>
    </p>
   </div>
   <div class='ocr_carea' id='block_1_46' title="bbox 149 1524 977 1562">
    <p class='ocr_par' dir='ltr' id='par_1_46' title="bbox 149 1524 977 1562">
     <span class='ocr_line' id='line_1_46' title="bbox 149 1524 977 1562; baseline 0.004 -11"><span class='ocrx_word' id='word_1_323' title='bbox 149 1524 275 1552; x_wconf 90' lang='lat' dir='ltr'><strong>Victoris</strong></span> <span class='ocrx_word' id='word_1_324' title='bbox 285 1525 479 1557; x_wconf 80' lang='lat' dir='ltr'><strong>Tununensis,</strong></span> <span class='ocrx_word' id='word_1_325' title='bbox 497 1526 544 1553; x_wconf 91' lang='lat' dir='ltr'><strong>sed</strong></span> <span class='ocrx_word' id='word_1_326' title='bbox 555 1526 676 1554; x_wconf 89' lang='lat' dir='ltr'><strong>alterius</strong></span> <span class='ocrx_word' id='word_1_327' title='bbox 688 1526 848 1561; x_wconf 85' lang='lat' dir='ltr'><strong>scriptoris.</strong></span> <span class='ocrx_word' id='word_1_328' title='bbox 862 1527 911 1562; x_wconf 89' lang='lat' dir='ltr'><strong>qui</strong></span> <span class='ocrx_word' id='word_1_329' title='bbox 923 1528 977 1554; x_wconf 86' lang='lat' dir='ltr'><strong>Eu-</strong></span> 
     </span>
    </p>
   </div>
   <div class='ocr_carea' id='block_1_47' title="bbox 149 1568 975 1605">
    <p class='ocr_par' dir='ltr' id='par_1_47' title="bbox 149 1568 975 1605">
     <span class='ocr_line' id='line_1_47' title="bbox 149 1568 975 1605; baseline 0.004 -10"><span class='ocrx_word' id='word_1_330' title='bbox 149 1568 234 1604; x_wconf 89' lang='lat' dir='ltr'><strong>sebii,</strong></span> <span class='ocrx_word' id='word_1_331' title='bbox 250 1568 425 1604; x_wconf 75' lang='lat' dir='ltr'><strong>Hieronymi,</strong></span> <span class='ocrx_word' id='word_1_332' title='bbox 443 1570 575 1605; x_wconf 90' lang='lat' dir='ltr'><strong>Prosperi</strong></span> <span class='ocrx_word' id='word_1_333' title='bbox 597 1572 625 1598; x_wconf 87' lang='lat' dir='ltr'><strong>et</strong></span> <span class='ocrx_word' id='word_1_334' title='bbox 648 1571 773 1598; x_wconf 87' lang='lat' dir='ltr'><strong>Victoris</strong></span> <span class='ocrx_word' id='word_1_335' title='bbox 787 1571 927 1598; x_wconf 90' lang='lat' dir='ltr'><strong>Chronica</strong></span> <span class='ocrx_word' id='word_1_336' title='bbox 945 1571 975 1599; x_wconf 93' lang='lat' dir='ltr'><strong>in</strong></span> 
     </span>
    </p>
   </div>
   <div class='ocr_carea' id='block_1_48' title="bbox 1033 990 1863 1026">
    <p class='ocr_par' dir='ltr' id='par_1_48' title="bbox 1033 990 1863 1026">
     <span class='ocr_line' id='line_1_48' title="bbox 1033 990 1863 1026; baseline 0.001 -9"><span class='ocrx_word' id='word_1_337' title='bbox 1033 990 1139 1018; x_wconf 87' lang='lat' dir='ltr'><strong>riensis</strong></span> <span class='ocrx_word' id='word_1_338' title='bbox 1150 990 1179 1017; x_wconf 92' lang='lat' dir='ltr'><strong>in</strong></span> <span class='ocrx_word' id='word_1_339' title='bbox 1199 990 1349 1018; x_wconf 70' lang='lat' dir='ltr'><strong>Palmstina</strong></span> <span class='ocrx_word' id='word_1_340' title='bbox 1364 991 1517 1026; x_wconf 89' lang='lat' dir='ltr'><strong>episcopus</strong></span> <span class='ocrx_word' id='word_1_341' title='bbox 1531 991 1629 1019; x_wconf 70' lang='lat' dir='ltr'><strong>Graeco</strong></span> <span class='ocrx_word' id='word_1_342' title='bbox 1639 998 1768 1018; x_wconf 89' lang='lat' dir='ltr'><strong>sermone</strong></span> <span class='ocrx_word' id='word_1_343' title='bbox 1787 997 1863 1018; x_wconf 92' lang='lat' dir='ltr'><strong>con-</strong></span> 
     </span>
    </p>
   </div>
   <div class='ocr_carea' id='block_1_49' title="bbox 1032 1035 1860 1071">
    <p class='ocr_par' dir='ltr' id='par_1_49' title="bbox 1032 1035 1860 1071">
     <span class='ocr_line' id='line_1_49' title="bbox 1032 1035 1860 1071; baseline 0.002 -10"><span class='ocrx_word' id='word_1_344' title='bbox 1032 1035 1161 1069; x_wconf 88' lang='lat' dir='ltr'><strong>scripsit,</strong></span> <span class='ocrx_word' id='word_1_345' title='bbox 1184 1037 1213 1062; x_wconf 90' lang='lat' dir='ltr'><strong>et</strong></span> <span class='ocrx_word' id='word_1_346' title='bbox 1226 1036 1260 1065; x_wconf 83' lang='lat' dir='ltr'><strong>D.</strong></span> <span class='ocrx_word' id='word_1_347' title='bbox 1276 1036 1466 1070; x_wconf 83' lang='lat' dir='ltr'><strong>Hieronymus</strong></span> <span class='ocrx_word' id='word_1_348' title='bbox 1480 1036 1591 1071; x_wconf 89' lang='lat' dir='ltr'><strong>aliique</strong></span> <span class='ocrx_word' id='word_1_349' title='bbox 1614 1036 1756 1070; x_wconf 88' lang='lat' dir='ltr'><strong>prosecuti</strong></span> <span class='ocrx_word' id='word_1_350' title='bbox 1779 1038 1860 1063; x_wconf 92' lang='lat' dir='ltr'><strong>sunt.</strong></span> 
     </span>
    </p>
   </div>
   <div class='ocr_carea' id='block_1_50' title="bbox 1031 1079 1863 1114">
    <p class='ocr_par' dir='ltr' id='par_1_50' title="bbox 1031 1079 1863 1114">
     <span class='ocr_line' id='line_1_50' title="bbox 1031 1079 1863 1114; baseline 0.001 -8"><span class='ocrx_word' id='word_1_351' title='bbox 1031 1079 1070 1106; x_wconf 83' lang='lat' dir='ltr'><strong>Ac</strong></span> <span class='ocrx_word' id='word_1_352' title='bbox 1096 1079 1219 1113; x_wconf 93' lang='lat' dir='ltr'><strong>primum</strong></span> <span class='ocrx_word' id='word_1_353' title='bbox 1244 1080 1360 1114; x_wconf 89' lang='lat' dir='ltr'><strong>quidem</strong></span> <span class='ocrx_word' id='word_1_354' title='bbox 1378 1080 1482 1114; x_wconf 92' lang='lat' dir='ltr'><strong>locum,</strong></span> <span class='ocrx_word' id='word_1_355' title='bbox 1506 1084 1538 1108; x_wconf 92' lang='lat' dir='ltr'><strong>ut</strong></span> <span class='ocrx_word' id='word_1_356' title='bbox 1552 1081 1609 1114; x_wconf 87' lang='lat' dir='ltr'><strong>jam</strong></span> <span class='ocrx_word' id='word_1_357' title='bbox 1629 1080 1764 1113; x_wconf 83' lang='lat' dir='ltr'><strong>indicavi,</strong></span> <span class='ocrx_word' id='word_1_358' title='bbox 1784 1080 1863 1107; x_wconf 90' lang='lat' dir='ltr'><strong>inter</strong></span> 
     </span>
    </p>
   </div>
   <div class='ocr_carea' id='block_1_51' title="bbox 1033 1123 1859 1159">
    <p class='ocr_par' dir='ltr' id='par_1_51' title="bbox 1033 1123 1859 1159">
     <span class='ocr_line' id='line_1_51' title="bbox 1033 1123 1859 1159; baseline 0.002 -9"><span class='ocrx_word' id='word_1_359' title='bbox 1033 1123 1100 1151; x_wconf 90' lang='lat' dir='ltr'><strong>illos</strong></span> <span class='ocrx_word' id='word_1_360' title='bbox 1112 1123 1223 1151; x_wconf 89' lang='lat' dir='ltr'><strong>obtinet</strong></span> <span class='ocrx_word' id='word_1_361' title='bbox 1239 1124 1390 1159; x_wconf 89' lang='lat' dir='ltr'><strong>Eusebius,</strong></span> <span class='ocrx_word' id='word_1_362' title='bbox 1414 1125 1464 1159; x_wconf 89' lang='lat' dir='ltr'><strong>qui</strong></span> <span class='ocrx_word' id='word_1_363' title='bbox 1480 1127 1564 1152; x_wconf 89' lang='lat' dir='ltr'><strong>natus</strong></span> <span class='ocrx_word' id='word_1_364' title='bbox 1576 1127 1620 1151; x_wconf 91' lang='lat' dir='ltr'><strong>est</strong></span> <span class='ocrx_word' id='word_1_365' title='bbox 1640 1125 1726 1152; x_wconf 89' lang='lat' dir='ltr'><strong>tertio</strong></span> <span class='ocrx_word' id='word_1_366' title='bbox 1748 1124 1859 1152; x_wconf 87' lang='lat' dir='ltr'><strong>Christi</strong></span> 
     </span>
    </p>
   </div>
   <div class='ocr_carea' id='block_1_52' title="bbox 1032 1169 1863 1203">
    <p class='ocr_par' dir='ltr' id='par_1_52' title="bbox 1032 1169 1863 1203">
     <span class='ocr_line' id='line_1_52' title="bbox 1032 1169 1863 1203; baseline 0.001 -7"><span class='ocrx_word' id='word_1_367' title='bbox 1032 1169 1148 1202; x_wconf 71' lang='lat' dir='ltr'><strong>smculo,</strong></span> <span class='ocrx_word' id='word_1_368' title='bbox 1166 1175 1222 1203; x_wconf 90' lang='lat' dir='ltr'><strong>quo</strong></span> <span class='ocrx_word' id='word_1_369' title='bbox 1234 1170 1359 1196; x_wconf 92' lang='lat' dir='ltr'><strong>nondum</strong></span> <span class='ocrx_word' id='word_1_370' title='bbox 1375 1169 1519 1203; x_wconf 89' lang='lat' dir='ltr'><strong>perierant</strong></span> <span class='ocrx_word' id='word_1_371' title='bbox 1534 1169 1681 1203; x_wconf 88' lang='lat' dir='ltr'><strong>complura</strong></span> <span class='ocrx_word' id='word_1_372' title='bbox 1690 1169 1863 1203; x_wconf 88' lang='lat' dir='ltr'><strong>apostolico-</strong></span> 
     </span>
    </p>
   </div>
   <div class='ocr_carea' id='block_1_53' title="bbox 1033 1212 1864 1247">
    <p class='ocr_par' dir='ltr' id='par_1_53' title="bbox 1033 1212 1864 1247">
     <span class='ocr_line' id='line_1_53' title="bbox 1033 1212 1864 1247; baseline 0.001 -7"><span class='ocrx_word' id='word_1_373' title='bbox 1033 1219 1096 1240; x_wconf 89' lang='lat' dir='ltr'><strong>rum</strong></span> <span class='ocrx_word' id='word_1_374' title='bbox 1110 1213 1237 1240; x_wconf 90' lang='lat' dir='ltr'><strong>virorum</strong></span> <span class='ocrx_word' id='word_1_375' title='bbox 1252 1213 1368 1247; x_wconf 91' lang='lat' dir='ltr'><strong>scripta,</strong></span> <span class='ocrx_word' id='word_1_376' title='bbox 1382 1220 1415 1240; x_wconf 90' lang='lat' dir='ltr'><strong>ex</strong></span> <span class='ocrx_word' id='word_1_377' title='bbox 1431 1212 1538 1247; x_wconf 88' lang='lat' dir='ltr'><strong>quibus</strong></span> <span class='ocrx_word' id='word_1_378' title='bbox 1552 1213 1587 1240; x_wconf 92' lang='lat' dir='ltr'><strong>de</strong></span> <span class='ocrx_word' id='word_1_379' title='bbox 1602 1213 1704 1246; x_wconf 87' lang='lat' dir='ltr'><strong>primis</strong></span> <span class='ocrx_word' id='word_1_380' title='bbox 1719 1213 1864 1247; x_wconf 82' lang='lat' dir='ltr'><strong>pontifici-</strong></span> 
     </span>
    </p>
   </div>
   <div class='ocr_carea' id='block_1_54' title="bbox 1033 1256 1862 1291">
    <p class='ocr_par' dir='ltr' id='par_1_54' title="bbox 1033 1256 1862 1291">
     <span class='ocr_line' id='line_1_54' title="bbox 1033 1256 1862 1291; baseline 0.004 -7"><span class='ocrx_word' id='word_1_381' title='bbox 1033 1256 1086 1284; x_wconf 90' lang='lat' dir='ltr'><strong>bus</strong></span> <span class='ocrx_word' id='word_1_382' title='bbox 1099 1263 1255 1291; x_wconf 92' lang='lat' dir='ltr'><strong>eorumque</strong></span> <span class='ocrx_word' id='word_1_383' title='bbox 1277 1256 1357 1284; x_wconf 80' lang='lat' dir='ltr'><strong>Actis</strong></span> <span class='ocrx_word' id='word_1_384' title='bbox 1372 1256 1506 1291; x_wconf 68' lang='lat' dir='ltr'><strong>praeclare</strong></span> <span class='ocrx_word' id='word_1_385' title='bbox 1527 1257 1684 1285; x_wconf 88' lang='lat' dir='ltr'><strong>constabat.</strong></span> <span class='ocrx_word' id='word_1_386' title='bbox 1709 1259 1748 1286; x_wconf 88' lang='lat' dir='ltr'><strong>Ex</strong></span> <span class='ocrx_word' id='word_1_387' title='bbox 1770 1260 1809 1287; x_wconf 92' lang='lat' dir='ltr'><strong>iis</strong></span> <span class='ocrx_word' id='word_1_388' title='bbox 1823 1259 1862 1287; x_wconf 87' lang='lat' dir='ltr'><strong>ab</strong></span> 
     </span>
    </p>
   </div>
   <div class='ocr_carea' id='block_1_55' title="bbox 1031 1301 1862 1332">
    <p class='ocr_par' dir='ltr' id='par_1_55' title="bbox 1031 1301 1862 1332">
     <span class='ocr_line' id='line_1_55' title="bbox 1031 1301 1862 1332; baseline 0.005 -4"><span class='ocrx_word' id='word_1_389' title='bbox 1031 1301 1155 1329; x_wconf 88' lang='lat' dir='ltr'><strong>Eusebio</strong></span> <span class='ocrx_word' id='word_1_390' title='bbox 1167 1301 1375 1329; x_wconf 89' lang='lat' dir='ltr'><strong>Chronicorum</strong></span> <span class='ocrx_word' id='word_1_391' title='bbox 1388 1301 1533 1330; x_wconf 89' lang='lat' dir='ltr'><strong>Canonum</strong></span> <span class='ocrx_word' id='word_1_392' title='bbox 1550 1303 1743 1331; x_wconf 93' lang='lat' dir='ltr'><strong>omnimodam</strong></span> <span class='ocrx_word' id='word_1_393' title='bbox 1763 1304 1862 1332; x_wconf 89' lang='lat' dir='ltr'><strong>histo—</strong></span> 
     </span>
    </p>
   </div>
   <div class='ocr_carea' id='block_1_56' title="bbox 1031 1345 1861 1384">
    <p class='ocr_par' dir='ltr' id='par_1_56' title="bbox 1031 1345 1861 1384">
     <span class='ocr_line' id='line_1_56' title="bbox 1031 1345 1861 1384; baseline 0.006 -11"><span class='ocrx_word' id='word_1_394' title='bbox 1031 1346 1103 1373; x_wconf 89' lang='lat' dir='ltr'><strong>riam</strong></span> <span class='ocrx_word' id='word_1_395' title='bbox 1122 1346 1257 1381; x_wconf 89' lang='lat' dir='ltr'><strong>scriptam</strong></span> <span class='ocrx_word' id='word_1_396' title='bbox 1274 1345 1374 1380; x_wconf 86' lang='lat' dir='ltr'><strong>fuisse,</strong></span> <span class='ocrx_word' id='word_1_397' title='bbox 1392 1347 1474 1374; x_wconf 89' lang='lat' dir='ltr'><strong>testis</strong></span> <span class='ocrx_word' id='word_1_398' title='bbox 1486 1350 1528 1374; x_wconf 89' lang='lat' dir='ltr'><strong>est</strong></span> <span class='ocrx_word' id='word_1_399' title='bbox 1538 1348 1570 1374; x_wconf 93' lang='lat' dir='ltr'><strong>D.</strong></span> <span class='ocrx_word' id='word_1_400' title='bbox 1590 1348 1789 1384; x_wconf 82' lang='lat' dir='ltr'><strong>Hieronymus.</strong></span> <span class='ocrx_word' id='word_1_401' title='bbox 1807 1350 1861 1384; x_wconf 86' lang='lat' dir='ltr'><strong>qui</strong></span> 
     </span>
    </p>
   </div>
   <div class='ocr_carea' id='block_1_57' title="bbox 1031 1390 1859 1429">
    <p class='ocr_par' dir='ltr' id='par_1_57' title="bbox 1031 1390 1859 1429">
     <span class='ocr_line' id='line_1_57' title="bbox 1031 1390 1859 1429; baseline 0.005 -11"><span class='ocrx_word' id='word_1_402' title='bbox 1031 1390 1106 1418; x_wconf 90' lang='lat' dir='ltr'><strong>libro</strong></span> <span class='ocrx_word' id='word_1_403' title='bbox 1119 1391 1154 1418; x_wconf 93' lang='lat' dir='ltr'><strong>de</strong></span> <span class='ocrx_word' id='word_1_404' title='bbox 1168 1391 1365 1426; x_wconf 89' lang='lat' dir='ltr'><strong>Scriptoribus</strong></span> <span class='ocrx_word' id='word_1_405' title='bbox 1377 1391 1583 1420; x_wconf 88' lang='lat' dir='ltr'><strong>ecclesiasticis</strong></span> <span class='ocrx_word' id='word_1_406' title='bbox 1596 1392 1701 1421; x_wconf 80' lang='lat' dir='ltr'><strong>fatetur</strong></span> <span class='ocrx_word' id='word_1_407' title='bbox 1715 1401 1775 1421; x_wconf 82' lang='lat' dir='ltr'><strong>eam</strong></span> <span class='ocrx_word' id='word_1_408' title='bbox 1786 1401 1802 1421; x_wconf 91' lang='lat' dir='ltr'><strong>a</strong></span> <span class='ocrx_word' id='word_1_409' title='bbox 1817 1401 1859 1429; x_wconf 88' lang='lat' dir='ltr'><strong>se,</strong></span> 
     </span>
    </p>
   </div>
   <div class='ocr_carea' id='block_1_58' title="bbox 1031 1436 1860 1469">
    <p class='ocr_par' dir='ltr' id='par_1_58' title="bbox 1031 1436 1860 1469">
     <span class='ocr_line' id='line_1_58' title="bbox 1031 1436 1860 1469; baseline 0.005 -6"><span class='ocrx_word' id='word_1_410' title='bbox 1031 1439 1059 1463; x_wconf 91' lang='lat' dir='ltr'><strong>et</strong></span> <span class='ocrx_word' id='word_1_411' title='bbox 1081 1436 1235 1463; x_wconf 85' lang='lat' dir='ltr'><strong>Latinitate</strong></span> <span class='ocrx_word' id='word_1_412' title='bbox 1259 1436 1404 1469; x_wconf 86' lang='lat' dir='ltr'><strong>donatam,</strong></span> <span class='ocrx_word' id='word_1_413' title='bbox 1431 1439 1459 1464; x_wconf 90' lang='lat' dir='ltr'><strong>et</strong></span> <span class='ocrx_word' id='word_1_414' title='bbox 1481 1437 1570 1464; x_wconf 90' lang='lat' dir='ltr'><strong>variis</strong></span> <span class='ocrx_word' id='word_1_415' title='bbox 1593 1438 1621 1465; x_wconf 93' lang='lat' dir='ltr'><strong>in</strong></span> <span class='ocrx_word' id='word_1_416' title='bbox 1650 1438 1722 1466; x_wconf 89' lang='lat' dir='ltr'><strong>locis</strong></span> <span class='ocrx_word' id='word_1_417' title='bbox 1744 1442 1860 1468; x_wconf 90' lang='lat' dir='ltr'><strong>auctam</strong></span> 
     </span>
    </p>
   </div>
   <div class='ocr_carea' id='block_1_59' title="bbox 1031 1480 1862 1518">
    <p class='ocr_par' dir='ltr' id='par_1_59' title="bbox 1031 1480 1862 1518">
     <span class='ocr_line' id='line_1_59' title="bbox 1031 1480 1862 1518; baseline 0.005 -10"><span class='ocrx_word' id='word_1_418' title='bbox 1031 1480 1139 1509; x_wconf 85' lang='lat' dir='ltr'><strong>fuisse:</strong></span> <span class='ocrx_word' id='word_1_419' title='bbox 1158 1491 1170 1507; x_wconf 81' lang='grc' dir='ltr'><strong><em>α</em></strong></span> <span class='ocrx_word' id='word_1_420' title='bbox 1185 1481 1338 1509; x_wconf 89' lang='lat' dir='ltr'><strong>Sciendum</strong></span> <span class='ocrx_word' id='word_1_421' title='bbox 1350 1481 1425 1509; x_wconf 88' lang='lat' dir='ltr'><strong>enim</strong></span> <span class='ocrx_word' id='word_1_422' title='bbox 1441 1484 1493 1515; x_wconf 78' lang='lat' dir='ltr'><strong>est,</strong></span> <span class='ocrx_word' id='word_1_423' title='bbox 1510 1491 1523 1507; x_wconf 78' lang='lat'>»</span> <span class='ocrx_word' id='word_1_424' title='bbox 1537 1482 1634 1517; x_wconf 91' lang='lat' dir='ltr'><strong>inquit</strong></span> <span class='ocrx_word' id='word_1_425' title='bbox 1647 1483 1677 1510; x_wconf 93' lang='lat' dir='ltr'><strong>in</strong></span> <span class='ocrx_word' id='word_1_426' title='bbox 1692 1483 1862 1518; x_wconf 67' lang='lat' dir='ltr'><strong>prmfatione</strong></span> 
     </span>
    </p>
   </div>
   <div class='ocr_carea' id='block_1_60' title="bbox 1030 1526 1863 1563">
    <p class='ocr_par' dir='ltr' id='par_1_60' title="bbox 1030 1526 1863 1563">
     <span class='ocr_line' id='line_1_60' title="bbox 1030 1526 1863 1563; baseline 0.004 -10"><span class='ocrx_word' id='word_1_427' title='bbox 1030 1526 1064 1553; x_wconf 88' lang='lat' dir='ltr'><strong>ad</strong></span> <span class='ocrx_word' id='word_1_428' title='bbox 1078 1526 1239 1554; x_wconf 88' lang='lat' dir='ltr'><strong>Chronicon</strong></span> <span class='ocrx_word' id='word_1_429' title='bbox 1248 1526 1376 1561; x_wconf 87' lang='lat' dir='ltr'><strong>Eusebii,</strong></span> <span class='ocrx_word' id='word_1_430' title='bbox 1391 1536 1404 1552; x_wconf 82' lang='grc' dir='ltr'>α</span> <span class='ocrx_word' id='word_1_431' title='bbox 1417 1533 1460 1554; x_wconf 92' lang='lat' dir='ltr'><strong>me</strong></span> <span class='ocrx_word' id='word_1_432' title='bbox 1473 1528 1500 1554; x_wconf 91' lang='lat' dir='ltr'><strong>et</strong></span> <span class='ocrx_word' id='word_1_433' title='bbox 1511 1527 1686 1562; x_wconf 79' lang='lat' dir='ltr'><strong>interpretis,</strong></span> <span class='ocrx_word' id='word_1_434' title='bbox 1700 1530 1728 1555; x_wconf 89' lang='lat' dir='ltr'><strong>et</strong></span> <span class='ocrx_word' id='word_1_435' title='bbox 1738 1529 1863 1563; x_wconf 88' lang='lat' dir='ltr'><strong>scripto-</strong></span> 
     </span>
    </p>
   </div>
   <div class='ocr_carea' id='block_1_61' title="bbox 1031 1571 1861 1606">
    <p class='ocr_par' dir='ltr' id='par_1_61' title="bbox 1031 1571 1861 1606">
     <span class='ocr_line' id='line_1_61' title="bbox 1031 1571 1861 1606; baseline 0.004 -8"><span class='ocrx_word' id='word_1_436' title='bbox 1031 1571 1072 1598; x_wconf 92' lang='lat' dir='ltr'><strong>ris</strong></span> <span class='ocrx_word' id='word_1_437' title='bbox 1087 1577 1120 1598; x_wconf 90' lang='lat' dir='ltr'><strong>ex</strong></span> <span class='ocrx_word' id='word_1_438' title='bbox 1138 1573 1216 1605; x_wconf 90' lang='lat' dir='ltr'><strong>parte</strong></span> <span class='ocrx_word' id='word_1_439' title='bbox 1228 1571 1321 1599; x_wconf 82' lang='lat' dir='ltr'><strong>otiicio</strong></span> <span class='ocrx_word' id='word_1_440' title='bbox 1337 1578 1420 1599; x_wconf 91' lang='lat' dir='ltr'><strong>usum</strong></span> <span class='ocrx_word' id='word_1_441' title='bbox 1434 1580 1440 1599; x_wconf 90' lang='lat'><strong>:</strong></span> <span class='ocrx_word' id='word_1_442' title='bbox 1455 1572 1522 1606; x_wconf 90' lang='lat' dir='ltr'><strong>quia</strong></span> <span class='ocrx_word' id='word_1_443' title='bbox 1537 1575 1564 1599; x_wconf 89' lang='lat' dir='ltr'><strong>et</strong></span> <span class='ocrx_word' id='word_1_444' title='bbox 1579 1573 1674 1600; x_wconf 68' lang='lat' dir='ltr'><strong>Grzrca</strong></span> <span class='ocrx_word' id='word_1_445' title='bbox 1691 1573 1861 1602; x_wconf 84' lang='lat' dir='ltr'><strong>fidelissime</strong></span> 
     </span>
    </p>
   </div>
   <div class='ocr_carea' id='block_1_62' title="bbox 150 1610 1864 1651">
    <p class='ocr_par' dir='ltr' id='par_1_62' title="bbox 150 1610 1864 1651">
     <span class='ocr_line' id='line_1_62' title="bbox 150 1610 1864 1651; baseline 0.003 -11"><span class='ocrx_word' id='word_1_446' title='bbox 150 1620 238 1640; x_wconf 92' lang='lat' dir='ltr'><strong>unum</strong></span> <span class='ocrx_word' id='word_1_447' title='bbox 263 1620 336 1647; x_wconf 93' lang='lat' dir='ltr'><strong>opus</strong></span> <span class='ocrx_word' id='word_1_448' title='bbox 350 1613 477 1649; x_wconf 76' lang='lat' dir='ltr'><strong>collegit,</strong></span> <span class='ocrx_word' id='word_1_449' title='bbox 500 1617 528 1642; x_wconf 91' lang='lat' dir='ltr'><strong>et</strong></span> <span class='ocrx_word' id='word_1_450' title='bbox 553 1622 615 1650; x_wconf 67' lang='lat' dir='ltr'><strong>qum</strong></span> <span class='ocrx_word' id='word_1_451' title='bbox 630 1615 808 1650; x_wconf 85' lang='lat' dir='ltr'><strong>antiquioris</strong></span> <span class='ocrx_word' id='word_1_452' title='bbox 822 1616 975 1651; x_wconf 87' lang='lat' dir='ltr'><strong>scriptoris</strong></span> <span class='ocrx_word' id='word_1_453' title='bbox 990 1610 1015 1644; x_wconf 89' lang='lat' dir='ltr'><strong>C</strong></span> <span class='ocrx_word' id='word_1_454' title='bbox 1029 1615 1167 1650; x_wconf 88' lang='lat' dir='ltr'><strong>expressi,</strong></span> <span class='ocrx_word' id='word_1_455' title='bbox 1182 1617 1210 1642; x_wconf 90' lang='lat' dir='ltr'><strong>et</strong></span> <span class='ocrx_word' id='word_1_456' title='bbox 1223 1616 1371 1651; x_wconf 88' lang='lat' dir='ltr'><strong>nonnulla,</strong></span> <span class='ocrx_word' id='word_1_457' title='bbox 1390 1623 1452 1651; x_wconf 62' lang='lat' dir='ltr'><strong>qua:</strong></span> <span class='ocrx_word' id='word_1_458' title='bbox 1464 1616 1535 1644; x_wconf 92' lang='lat' dir='ltr'><strong>mihi</strong></span> <span class='ocrx_word' id='word_1_459' title='bbox 1551 1616 1716 1645; x_wconf 88' lang='lat' dir='ltr'><strong>intermissa</strong></span> <span class='ocrx_word' id='word_1_460' title='bbox 1725 1617 1864 1645; x_wconf 86' lang='lat' dir='ltr'><strong>videban-</strong></span> 
     </span>
    </p>
   </div>
   <div class='ocr_carea' id='block_1_63' title="bbox 148 1657 975 1693">
    <p class='ocr_par' dir='ltr' id='par_1_63' title="bbox 148 1657 975 1693">
     <span class='ocr_line' id='line_1_63' title="bbox 148 1657 975 1693; baseline 0.005 -9"><span class='ocrx_word' id='word_1_461' title='bbox 148 1657 290 1685; x_wconf 90' lang='lat' dir='ltr'><strong>Chronico</strong></span> <span class='ocrx_word' id='word_1_462' title='bbox 303 1658 429 1692; x_wconf 83' lang='lat' dir='ltr'><strong>deerant,</strong></span> <span class='ocrx_word' id='word_1_463' title='bbox 442 1666 475 1686; x_wconf 87' lang='lat' dir='ltr'><strong>ex</strong></span> <span class='ocrx_word' id='word_1_464' title='bbox 496 1660 666 1693; x_wconf 84' lang='lat' dir='ltr'><strong>posterioris</strong></span> <span class='ocrx_word' id='word_1_465' title='bbox 682 1660 803 1688; x_wconf 87' lang='lat' dir='ltr'><strong>historia</strong></span> <span class='ocrx_word' id='word_1_466' title='bbox 818 1662 868 1688; x_wconf 88' lang='lat' dir='ltr'><strong>aut</strong></span> <span class='ocrx_word' id='word_1_467' title='bbox 881 1660 975 1688; x_wconf 87' lang='lat' dir='ltr'><strong>Chro-</strong></span> 
     </span>
    </p>
   </div>
   <div class='ocr_carea' id='block_1_64' title="bbox 150 1702 972 1737">
    <p class='ocr_par' dir='ltr' id='par_1_64' title="bbox 150 1702 972 1737">
     <span class='ocr_line' id='line_1_64' title="bbox 150 1702 972 1737; baseline 0.006 -9"><span class='ocrx_word' id='word_1_468' title='bbox 150 1702 214 1729; x_wconf 90' lang='lat' dir='ltr'><strong>nico</strong></span> <span class='ocrx_word' id='word_1_469' title='bbox 223 1702 367 1737; x_wconf 84' lang='lat' dir='ltr'><strong>adjunxit.</strong></span> <span class='ocrx_word' id='word_1_470' title='bbox 380 1703 457 1730; x_wconf 91' lang='lat' dir='ltr'><strong>Finit</strong></span> <span class='ocrx_word' id='word_1_471' title='bbox 466 1711 531 1731; x_wconf 91' lang='lat' dir='ltr'><strong>vero</strong></span> <span class='ocrx_word' id='word_1_472' title='bbox 542 1704 702 1733; x_wconf 90' lang='lat' dir='ltr'><strong>Chronicon</strong></span> <span class='ocrx_word' id='word_1_473' title='bbox 715 1712 799 1733; x_wconf 92' lang='lat' dir='ltr'><strong>suum</strong></span> <span class='ocrx_word' id='word_1_474' title='bbox 809 1705 854 1733; x_wconf 89' lang='lat' dir='ltr'><strong>his</strong></span> <span class='ocrx_word' id='word_1_475' title='bbox 864 1705 972 1733; x_wconf 89' lang='lat' dir='ltr'><strong>verbis:</strong></span> 
     </span>
    </p>
   </div>
   <div class='ocr_carea' id='block_1_65' title="bbox 151 1746 975 1785">
    <p class='ocr_par' dir='ltr' id='par_1_65' title="bbox 151 1746 975 1785">
     <span class='ocr_line' id='line_1_65' title="bbox 151 1746 975 1785; baseline 0.006 -12"><span class='ocrx_word' id='word_1_476' title='bbox 151 1756 163 1771; x_wconf 74' lang='grc' dir='ltr'><strong>(ι</strong></span> <span class='ocrx_word' id='word_1_477' title='bbox 177 1746 361 1781; x_wconf 76' lang='lat' dir='ltr'><strong>Colliguntur</strong></span> <span class='ocrx_word' id='word_1_478' title='bbox 376 1755 475 1776; x_wconf 88' lang='lat' dir='ltr'><strong>omnes</strong></span> <span class='ocrx_word' id='word_1_479' title='bbox 490 1750 559 1777; x_wconf 89' lang='lat' dir='ltr'><strong>anni</strong></span> <span class='ocrx_word' id='word_1_480' title='bbox 581 1749 616 1777; x_wconf 88' lang='lat' dir='ltr'><strong>ab</strong></span> <span class='ocrx_word' id='word_1_481' title='bbox 628 1749 736 1778; x_wconf 89' lang='lat' dir='ltr'><strong>Adamo</strong></span> <span class='ocrx_word' id='word_1_482' title='bbox 750 1750 844 1785; x_wconf 91' lang='lat' dir='ltr'><strong>primo</strong></span> <span class='ocrx_word' id='word_1_483' title='bbox 859 1750 975 1778; x_wconf 91' lang='lat' dir='ltr'><strong>homine</strong></span> 
     </span>
    </p>
   </div>
   <div class='ocr_carea' id='block_1_66' title="bbox 150 1791 973 1826">
    <p class='ocr_par' dir='ltr' id='par_1_66' title="bbox 150 1791 973 1826">
     <span class='ocr_line' id='line_1_66' title="bbox 150 1791 973 1826; baseline 0.006 -8"><span class='ocrx_word' id='word_1_484' title='bbox 150 1798 240 1826; x_wconf 81' lang='lat' dir='ltr'><strong>usque</strong></span> <span class='ocrx_word' id='word_1_485' title='bbox 265 1791 299 1819; x_wconf 92' lang='lat' dir='ltr'><strong>ad</strong></span> <span class='ocrx_word' id='word_1_486' title='bbox 325 1792 503 1821; x_wconf 84' lang='lat' dir='ltr'><strong>nativitatem</strong></span> <span class='ocrx_word' id='word_1_487' title='bbox 529 1794 643 1822; x_wconf 92' lang='lat' dir='ltr'><strong>Domini</strong></span> <span class='ocrx_word' id='word_1_488' title='bbox 661 1795 753 1822; x_wconf 89' lang='lat' dir='ltr'><strong>nostri</strong></span> <span class='ocrx_word' id='word_1_489' title='bbox 775 1796 841 1823; x_wconf 86' lang='lat' dir='ltr'><strong>Jesu</strong></span> <span class='ocrx_word' id='word_1_490' title='bbox 865 1795 973 1823; x_wconf 87' lang='lat' dir='ltr'><strong>Christi</strong></span> 
     </span>
    </p>
   </div>
   <div class='ocr_carea' id='block_1_67' title="bbox 149 1836 974 1873">
    <p class='ocr_par' dir='ltr' id='par_1_67' title="bbox 149 1836 974 1873">
     <span class='ocr_line' id='line_1_67' title="bbox 149 1836 974 1873; baseline 0.007 -11"><span class='ocrx_word' id='word_1_491' title='bbox 149 1836 306 1863; x_wconf 87' lang='lat' dir='ltr'><strong>secundum</strong></span> <span class='ocrx_word' id='word_1_492' title='bbox 318 1843 442 1869; x_wconf 86' lang='lat' dir='ltr'><strong>carnem,</strong></span> <span class='ocrx_word' id='word_1_493' title='bbox 458 1845 520 1873; x_wconf 77' lang='lat' dir='ltr'><strong>quae</strong></span> <span class='ocrx_word' id='word_1_494' title='bbox 532 1838 604 1866; x_wconf 88' lang='lat' dir='ltr'><strong>facta</strong></span> <span class='ocrx_word' id='word_1_495' title='bbox 616 1839 784 1873; x_wconf 85' lang='lat' dir='ltr'><strong>VMCXCIX,</strong></span> <span class='ocrx_word' id='word_1_496' title='bbox 797 1846 812 1866; x_wconf 92' lang='lat' dir='ltr'><strong>a</strong></span> <span class='ocrx_word' id='word_1_497' title='bbox 823 1840 974 1868; x_wconf 89' lang='lat' dir='ltr'><strong>nativitate</strong></span> 
     </span>
    </p>
   </div>
   <div class='ocr_carea' id='block_1_68' title="bbox 149 1880 974 1919">
    <p class='ocr_par' dir='ltr' id='par_1_68' title="bbox 149 1880 974 1919">
     <span class='ocr_line' id='line_1_68' title="bbox 149 1880 974 1919; baseline 0.007 -13"><span class='ocrx_word' id='word_1_498' title='bbox 149 1885 214 1907; x_wconf 90' lang='lat' dir='ltr'><strong>vero</strong></span> <span class='ocrx_word' id='word_1_499' title='bbox 228 1880 341 1907; x_wconf 94' lang='lat' dir='ltr'><strong>Domini</strong></span> <span class='ocrx_word' id='word_1_500' title='bbox 360 1882 451 1909; x_wconf 90' lang='lat' dir='ltr'><strong>nostri</strong></span> <span class='ocrx_word' id='word_1_501' title='bbox 462 1882 527 1910; x_wconf 80' lang='lat' dir='ltr'><strong>Jesu</strong></span> <span class='ocrx_word' id='word_1_502' title='bbox 538 1882 658 1912; x_wconf 83' lang='lat' dir='ltr'><strong>Christi.</strong></span> <span class='ocrx_word' id='word_1_503' title='bbox 674 1890 733 1919; x_wconf 65' lang='lat' dir='ltr'><strong>qua!</strong></span> <span class='ocrx_word' id='word_1_504' title='bbox 746 1883 820 1911; x_wconf 86' lang='lat' dir='ltr'><strong>facta</strong></span> <span class='ocrx_word' id='word_1_505' title='bbox 833 1887 875 1912; x_wconf 89' lang='lat' dir='ltr'><strong>est</strong></span> <span class='ocrx_word' id='word_1_506' title='bbox 888 1884 974 1912; x_wconf 82' lang='lat' dir='ltr'><strong>XLIII</strong></span> 
     </span>
    </p>
   </div>
   <div class='ocr_carea' id='block_1_69' title="bbox 148 1923 976 1964">
    <p class='ocr_par' dir='ltr' id='par_1_69' title="bbox 148 1923 976 1964">
     <span class='ocr_line' id='line_1_69' title="bbox 148 1923 976 1964; baseline 0.008 -14"><span class='ocrx_word' id='word_1_507' title='bbox 148 1923 270 1959; x_wconf 79' lang='lat' dir='ltr'><strong>Augusti</strong></span> <span class='ocrx_word' id='word_1_508' title='bbox 280 1924 426 1953; x_wconf 87' lang='lat' dir='ltr'><strong>Octaviani</strong></span> <span class='ocrx_word' id='word_1_509' title='bbox 436 1926 555 1955; x_wconf 64' lang='lat' dir='ltr'><strong>Caesaris</strong></span> <span class='ocrx_word' id='word_1_510' title='bbox 567 1928 775 1964; x_wconf 80' lang='lat' dir='ltr'><strong>imperii&#39;anno,</strong></span> <span class='ocrx_word' id='word_1_511' title='bbox 786 1936 876 1964; x_wconf 90' lang='lat' dir='ltr'><strong>usque</strong></span> <span class='ocrx_word' id='word_1_512' title='bbox 888 1929 918 1957; x_wconf 92' lang='lat' dir='ltr'><strong>in</strong></span> <span class='ocrx_word' id='word_1_513' title='bbox 927 1936 976 1956; x_wconf 87' lang='lat' dir='ltr'><strong>an-</strong></span> 
     </span>
    </p>
   </div>
   <div class='ocr_carea' id='block_1_70' title="bbox 149 1969 973 2009">
    <p class='ocr_par' dir='ltr' id='par_1_70' title="bbox 149 1969 973 2009">
     <span class='ocr_line' id='line_1_70' title="bbox 149 1969 973 2009; baseline 0.008 -15"><span class='ocrx_word' id='word_1_514' title='bbox 149 1975 216 1995; x_wconf 92' lang='lat' dir='ltr'><strong>num</strong></span> <span class='ocrx_word' id='word_1_515' title='bbox 228 1969 335 1997; x_wconf 89' lang='lat' dir='ltr'><strong>Justini</strong></span> <span class='ocrx_word' id='word_1_516' title='bbox 353 1970 477 2004; x_wconf 91' lang='lat' dir='ltr'><strong>primum</strong></span> <span class='ocrx_word' id='word_1_517' title='bbox 495 1972 636 2006; x_wconf 87' lang='lat' dir='ltr'><strong>principis</strong></span> <span class='ocrx_word' id='word_1_518' title='bbox 650 1973 729 2000; x_wconf 79' lang='lat' dir='ltr'><strong>Rom.</strong></span> <span class='ocrx_word' id='word_1_519' title='bbox 742 1973 793 2009; x_wconf 87' lang='lat' dir='ltr'><strong>qui</strong></span> <span class='ocrx_word' id='word_1_520' title='bbox 808 1973 973 2001; x_wconf 89' lang='lat' dir='ltr'><strong>Justiniano</strong></span> 
     </span>
    </p>
   </div>
   <div class='ocr_carea' id='block_1_71' title="bbox 149 2012 974 2052">
    <p class='ocr_par' dir='ltr' id='par_1_71' title="bbox 149 2012 974 2052">
     <span class='ocr_line' id='line_1_71' title="bbox 149 2012 974 2052; baseline 0.005 -13"><span class='ocrx_word' id='word_1_521' title='bbox 149 2012 177 2040; x_wconf 92' lang='lat' dir='ltr'><strong>in</strong></span> <span class='ocrx_word' id='word_1_522' title='bbox 195 2013 316 2048; x_wconf 84' lang='lat' dir='ltr'><strong>imperio</strong></span> <span class='ocrx_word' id='word_1_523' title='bbox 338 2015 488 2051; x_wconf 90' lang='lat' dir='ltr'><strong>successit,</strong></span> <span class='ocrx_word' id='word_1_524' title='bbox 504 2016 571 2043; x_wconf 91' lang='lat' dir='ltr'><strong>anni</strong></span> <span class='ocrx_word' id='word_1_525' title='bbox 588 2017 723 2052; x_wconf 77' lang='lat' dir='ltr'><strong>DXXVII,</strong></span> <span class='ocrx_word' id='word_1_526' title='bbox 748 2017 822 2046; x_wconf 87' lang='lat' dir='ltr'><strong>ﬂunt</strong></span> <span class='ocrx_word' id='word_1_527' title='bbox 836 2017 924 2044; x_wconf 91' lang='lat' dir='ltr'><strong>simul</strong></span> <span class='ocrx_word' id='word_1_528' title='bbox 938 2017 974 2043; x_wconf 87' lang='lat' dir='ltr'><strong>ab</strong></span> 
     </span>
    </p>
   </div>
   <div class='ocr_carea' id='block_1_72' title="bbox 147 2056 973 2095">
    <p class='ocr_par' dir='ltr' id='par_1_72' title="bbox 147 2056 973 2095">
     <span class='ocr_line' id='line_1_72' title="bbox 147 2056 973 2095; baseline 0.004 -12"><span class='ocrx_word' id='word_1_529' title='bbox 147 2056 233 2084; x_wconf 87' lang='lat' dir='ltr'><strong>Adam</strong></span> <span class='ocrx_word' id='word_1_530' title='bbox 246 2064 338 2093; x_wconf 90' lang='lat' dir='ltr'><strong>usque</strong></span> <span class='ocrx_word' id='word_1_531' title='bbox 352 2059 381 2086; x_wconf 93' lang='lat' dir='ltr'><strong>in</strong></span> <span class='ocrx_word' id='word_1_532' title='bbox 394 2066 501 2088; x_wconf 89' lang='lat' dir='ltr'><strong>annum</strong></span> <span class='ocrx_word' id='word_1_533' title='bbox 516 2060 639 2095; x_wconf 90' lang='lat' dir='ltr'><strong>primum</strong></span> <span class='ocrx_word' id='word_1_534' title='bbox 664 2061 813 2089; x_wconf 86' lang='lat' dir='ltr'><strong>memorati</strong></span> <span class='ocrx_word' id='word_1_535' title='bbox 826 2060 973 2094; x_wconf 89' lang='lat' dir='ltr'><strong>Principis</strong></span> 
     </span>
    </p>
   </div>
   <div class='ocr_carea' id='block_1_73' title="bbox 147 2101 974 2140">
    <p class='ocr_par' dir='ltr' id='par_1_73' title="bbox 147 2101 974 2140">
     <span class='ocr_line' id='line_1_73' title="bbox 147 2101 974 2140; baseline 0.002 -12"><span class='ocrx_word' id='word_1_536' title='bbox 147 2101 347 2138; x_wconf 85' lang='lat' dir='ltr'><strong>Romanorum,</strong></span> <span class='ocrx_word' id='word_1_537' title='bbox 366 2104 432 2131; x_wconf 87' lang='lat' dir='ltr'><strong>anni</strong></span> <span class='ocrx_word' id='word_1_538' title='bbox 449 2105 664 2133; x_wconf 80' lang='lat' dir='ltr'><strong>VMDCCXXVI.</strong></span> <span class='ocrx_word' id='word_1_539' title='bbox 681 2115 694 2130; x_wconf 64' lang='grc' dir='ltr'>υ</span> <span class='ocrx_word' id='word_1_540' title='bbox 709 2107 739 2133; x_wconf 88' lang='lat' dir='ltr'><strong>In</strong></span> <span class='ocrx_word' id='word_1_541' title='bbox 757 2105 864 2140; x_wconf 89' lang='lat' dir='ltr'><strong>quibus</strong></span> <span class='ocrx_word' id='word_1_542' title='bbox 877 2103 974 2130; x_wconf 88' lang='lat' dir='ltr'><strong>verbis</strong></span> 
     </span>
    </p>
   </div>
   <div class='ocr_carea' id='block_1_74' title="bbox 147 2146 973 2184">
    <p class='ocr_par' dir='ltr' id='par_1_74' title="bbox 147 2146 973 2184">
     <span class='ocr_line' id='line_1_74' title="bbox 147 2146 973 2184; baseline 0 -11"><span class='ocrx_word' id='word_1_543' title='bbox 147 2149 253 2174; x_wconf 86' lang='lat' dir='ltr'><strong>certum</strong></span> <span class='ocrx_word' id='word_1_544' title='bbox 271 2149 314 2175; x_wconf 91' lang='lat' dir='ltr'><strong>est</strong></span> <span class='ocrx_word' id='word_1_545' title='bbox 336 2155 462 2177; x_wconf 84' lang='lat' dir='ltr'><strong>errorem</strong></span> <span class='ocrx_word' id='word_1_546' title='bbox 483 2149 659 2184; x_wconf 89' lang='lat' dir='ltr'><strong>deprehendi</strong></span> <span class='ocrx_word' id='word_1_547' title='bbox 682 2149 760 2176; x_wconf 86' lang='lat' dir='ltr'><strong>circa</strong></span> <span class='ocrx_word' id='word_1_548' title='bbox 784 2153 875 2175; x_wconf 88' lang='lat' dir='ltr'><strong>annos</strong></span> <span class='ocrx_word' id='word_1_549' title='bbox 891 2146 941 2180; x_wconf 92' lang='lat' dir='ltr'><strong>qui</strong></span> <span class='ocrx_word' id='word_1_550' title='bbox 958 2152 973 2173; x_wconf 94' lang='lat' dir='ltr'><strong>a</strong></span> 
     </span>
    </p>
   </div>
   <div class='ocr_carea' id='block_1_75' title="bbox 146 2190 975 2227">
    <p class='ocr_par' dir='ltr' id='par_1_75' title="bbox 146 2190 975 2227">
     <span class='ocr_line' id='line_1_75' title="bbox 146 2190 975 2227; baseline 0 -11"><span class='ocrx_word' id='word_1_551' title='bbox 146 2191 296 2220; x_wconf 85' lang='lat' dir='ltr'><strong>nativitate</strong></span> <span class='ocrx_word' id='word_1_552' title='bbox 305 2193 413 2220; x_wconf 90' lang='lat' dir='ltr'><strong>Christi</strong></span> <span class='ocrx_word' id='word_1_553' title='bbox 433 2201 523 2227; x_wconf 90' lang='lat' dir='ltr'><strong>usque</strong></span> <span class='ocrx_word' id='word_1_554' title='bbox 539 2194 573 2220; x_wconf 88' lang='lat' dir='ltr'><strong>ad</strong></span> <span class='ocrx_word' id='word_1_555' title='bbox 591 2192 785 2226; x_wconf 89' lang='lat' dir='ltr'><strong>principatum</strong></span> <span class='ocrx_word' id='word_1_556' title='bbox 802 2190 911 2218; x_wconf 84' lang='lat' dir='ltr'><strong>Justini</strong></span> <span class='ocrx_word' id='word_1_557' title='bbox 925 2190 975 2217; x_wconf 93' lang='lat' dir='ltr'><strong>in-</strong></span> 
     </span>
    </p>
   </div>
   <div class='ocr_carea' id='block_1_76' title="bbox 146 2233 976 2270">
    <p class='ocr_par' dir='ltr' id='par_1_76' title="bbox 146 2233 976 2270">
     <span class='ocr_line' id='line_1_76' title="bbox 146 2233 976 2270; baseline 0.001 -9"><span class='ocrx_word' id='word_1_558' title='bbox 146 2237 309 2263; x_wconf 72' lang='lat' dir='ltr'><strong>tercessisse</strong></span> <span class='ocrx_word' id='word_1_559' title='bbox 323 2238 479 2269; x_wconf 76' lang='lat' dir='ltr'><strong>dicuntur;</strong></span> <span class='ocrx_word' id='word_1_560' title='bbox 501 2236 537 2262; x_wconf 87' lang='lat' dir='ltr'><strong>ab</strong></span> <span class='ocrx_word' id='word_1_561' title='bbox 552 2242 626 2262; x_wconf 91' lang='lat' dir='ltr'><strong>anno</strong></span> <span class='ocrx_word' id='word_1_562' title='bbox 639 2235 715 2263; x_wconf 91' lang='lat' dir='ltr'><strong>enim</strong></span> <span class='ocrx_word' id='word_1_563' title='bbox 737 2233 770 2262; x_wconf 70' lang='grc'>43</span> <span class='ocrx_word' id='word_1_564' title='bbox 783 2234 906 2270; x_wconf 78' lang='lat' dir='ltr'><strong>Augusti</strong></span> <span class='ocrx_word' id='word_1_565' title='bbox 924 2234 976 2262; x_wconf 92' lang='lat' dir='ltr'><strong>im-</strong></span> 
     </span>
    </p>
   </div>
   <div class='ocr_carea' id='block_1_77' title="bbox 147 2278 970 2315">
    <p class='ocr_par' dir='ltr' id='par_1_77' title="bbox 147 2278 970 2315">
     <span class='ocr_line' id='line_1_77' title="bbox 147 2278 970 2315; baseline 0.002 -10"><span class='ocrx_word' id='word_1_566' title='bbox 147 2280 298 2313; x_wconf 84' lang='lat' dir='ltr'><strong>peratoris,</strong></span> <span class='ocrx_word' id='word_1_567' title='bbox 315 2287 371 2312; x_wconf 91' lang='lat' dir='ltr'><strong>quo</strong></span> <span class='ocrx_word' id='word_1_568' title='bbox 386 2279 494 2305; x_wconf 87' lang='lat' dir='ltr'><strong>Christi</strong></span> <span class='ocrx_word' id='word_1_569' title='bbox 516 2278 651 2306; x_wconf 87' lang='lat' dir='ltr'><strong>nativitas</strong></span> <span class='ocrx_word' id='word_1_570' title='bbox 667 2285 682 2306; x_wconf 95' lang='lat' dir='ltr'><strong>a</strong></span> <span class='ocrx_word' id='word_1_571' title='bbox 708 2279 821 2307; x_wconf 88' lang='lat' dir='ltr'><strong>Victore</strong></span> <span class='ocrx_word' id='word_1_572' title='bbox 842 2280 970 2315; x_wconf 88' lang='lat' dir='ltr'><strong>ponitur,</strong></span> 
     </span>
    </p>
   </div>
   <div class='ocr_carea' id='block_1_78' title="bbox 147 2322 970 2360">
    <p class='ocr_par' dir='ltr' id='par_1_78' title="bbox 147 2322 970 2360">
     <span class='ocr_line' id='line_1_78' title="bbox 147 2322 970 2360; baseline 0.004 -10"><span class='ocrx_word' id='word_1_573' title='bbox 147 2330 236 2357; x_wconf 87' lang='lat' dir='ltr'><strong>usque</strong></span> <span class='ocrx_word' id='word_1_574' title='bbox 249 2322 283 2348; x_wconf 89' lang='lat' dir='ltr'><strong>ad</strong></span> <span class='ocrx_word' id='word_1_575' title='bbox 307 2323 429 2356; x_wconf 89' lang='lat' dir='ltr'><strong>primum</strong></span> <span class='ocrx_word' id='word_1_576' title='bbox 453 2329 559 2350; x_wconf 87' lang='lat' dir='ltr'><strong>annum</strong></span> <span class='ocrx_word' id='word_1_577' title='bbox 585 2323 701 2358; x_wconf 80' lang='lat' dir='ltr'><strong>Justini,</strong></span> <span class='ocrx_word' id='word_1_578' title='bbox 719 2324 869 2360; x_wconf 81' lang='lat' dir='ltr'><strong>quingenti</strong></span> <span class='ocrx_word' id='word_1_579' title='bbox 885 2331 970 2353; x_wconf 87' lang='lat' dir='ltr'><strong>sexa-</strong></span> 
     </span>
    </p>
   </div>
   <div class='ocr_carea' id='block_1_79' title="bbox 146 2367 968 2404">
    <p class='ocr_par' dir='ltr' id='par_1_79' title="bbox 146 2367 968 2404">
     <span class='ocr_line' id='line_1_79' title="bbox 146 2367 968 2404; baseline 0.006 -11"><span class='ocrx_word' id='word_1_580' title='bbox 146 2367 225 2402; x_wconf 82' lang='lat' dir='ltr'><strong>ginta</strong></span> <span class='ocrx_word' id='word_1_581' title='bbox 245 2369 351 2401; x_wconf 88' lang='lat' dir='ltr'><strong>septem</strong></span> <span class='ocrx_word' id='word_1_582' title='bbox 374 2368 442 2395; x_wconf 90' lang='lat' dir='ltr'><strong>anni</strong></span> <span class='ocrx_word' id='word_1_583' title='bbox 460 2367 694 2404; x_wconf 86' lang='lat' dir='ltr'><strong>intercesserunt,</strong></span> <span class='ocrx_word' id='word_1_584' title='bbox 712 2376 767 2398; x_wconf 91' lang='lat' dir='ltr'><strong>non</strong></span> <span class='ocrx_word' id='word_1_585' title='bbox 790 2372 884 2398; x_wconf 88' lang='lat' dir='ltr'><strong>autem</strong></span> <span class='ocrx_word' id='word_1_586' title='bbox 899 2371 968 2398; x_wconf 92' lang='lat' dir='ltr'><strong>anni</strong></span> 
     </span>
    </p>
   </div>
   <div class='ocr_carea' id='block_1_80' title="bbox 145 2411 968 2450">
    <p class='ocr_par' dir='ltr' id='par_1_80' title="bbox 145 2411 968 2450">
     <span class='ocr_line' id='line_1_80' title="bbox 145 2411 968 2450; baseline 0.006 -12"><span class='ocrx_word' id='word_1_587' title='bbox 145 2411 285 2439; x_wconf 82' lang='lat' dir='ltr'><strong>duntaxat</strong></span> <span class='ocrx_word' id='word_1_588' title='bbox 307 2411 458 2448; x_wconf 88' lang='lat' dir='ltr'><strong>quingenti</strong></span> <span class='ocrx_word' id='word_1_589' title='bbox 481 2412 585 2448; x_wconf 83' lang='lat' dir='ltr'><strong>viginti</strong></span> <span class='ocrx_word' id='word_1_590' title='bbox 607 2416 724 2450; x_wconf 91' lang='lat' dir='ltr'><strong>septem,</strong></span> <span class='ocrx_word' id='word_1_591' title='bbox 742 2417 773 2442; x_wconf 92' lang='lat' dir='ltr'><strong>ut</strong></span> <span class='ocrx_word' id='word_1_592' title='bbox 802 2414 923 2443; x_wconf 86' lang='lat' dir='ltr'><strong>habetur</strong></span> <span class='ocrx_word' id='word_1_593' title='bbox 938 2415 968 2443; x_wconf 91' lang='lat' dir='ltr'><strong>in</strong></span> 
     </span>
    </p>
   </div>
   <div class='ocr_carea' id='block_1_81' title="bbox 145 2455 969 2491">
    <p class='ocr_par' dir='ltr' id='par_1_81' title="bbox 145 2455 969 2491">
     <span class='ocr_line' id='line_1_81' title="bbox 145 2455 969 2491; baseline 0.005 -8"><span class='ocrx_word' id='word_1_594' title='bbox 145 2455 240 2484; x_wconf 91' lang='lat' dir='ltr'><strong>verbis</strong></span> <span class='ocrx_word' id='word_1_595' title='bbox 255 2463 342 2491; x_wconf 90' lang='lat' dir='ltr'><strong>supra</strong></span> <span class='ocrx_word' id='word_1_596' title='bbox 364 2457 473 2485; x_wconf 82' lang='lat' dir='ltr'><strong>citatis.</strong></span> <span class='ocrx_word' id='word_1_597' title='bbox 490 2457 570 2485; x_wconf 92' lang='lat' dir='ltr'><strong>Hunc</strong></span> <span class='ocrx_word' id='word_1_598' title='bbox 584 2461 678 2487; x_wconf 89' lang='lat' dir='ltr'><strong>autem</strong></span> <span class='ocrx_word' id='word_1_599' title='bbox 692 2466 816 2487; x_wconf 88' lang='lat' dir='ltr'><strong>errorem</strong></span> <span class='ocrx_word' id='word_1_600' title='bbox 835 2459 906 2488; x_wconf 92' lang='lat' dir='ltr'><strong>vitio</strong></span> <span class='ocrx_word' id='word_1_601' title='bbox 923 2463 969 2487; x_wconf 89' lang='lat' dir='ltr'><strong>ta—</strong></span> 
     </span>
    </p>
   </div>
   <div class='ocr_carea' id='block_1_82' title="bbox 146 2500 969 2539">
    <p class='ocr_par' dir='ltr' id='par_1_82' title="bbox 146 2500 969 2539">
     <span class='ocr_line' id='line_1_82' title="bbox 146 2500 969 2539; baseline 0.004 -11"><span class='ocrx_word' id='word_1_602' title='bbox 146 2500 331 2530; x_wconf 88' lang='lat' dir='ltr'><strong>bellariorum</strong></span> <span class='ocrx_word' id='word_1_603' title='bbox 360 2502 510 2538; x_wconf 86' lang='lat' dir='ltr'><strong>irrepsisse</strong></span> <span class='ocrx_word' id='word_1_604' title='bbox 530 2507 670 2539; x_wconf 89' lang='lat' dir='ltr'><strong>putarem,</strong></span> <span class='ocrx_word' id='word_1_605' title='bbox 695 2511 813 2533; x_wconf 91' lang='lat' dir='ltr'><strong>numero</strong></span> <span class='ocrx_word' id='word_1_606' title='bbox 837 2505 857 2532; x_wconf 93' lang='lat' dir='ltr'><strong>L</strong></span> <span class='ocrx_word' id='word_1_607' title='bbox 886 2504 915 2532; x_wconf 94' lang='lat' dir='ltr'><strong>in</strong></span> <span class='ocrx_word' id='word_1_608' title='bbox 942 2504 969 2531; x_wconf 84' lang='lat' dir='ltr'>X</span> 
     </span>
    </p>
   </div>
   <div class='ocr_carea' id='block_1_83' title="bbox 146 2547 969 2581">
    <p class='ocr_par' dir='ltr' id='par_1_83' title="bbox 146 2547 969 2581">
     <span class='ocr_line' id='line_1_83' title="bbox 146 2547 969 2581; baseline 0.005 -8"><span class='ocrx_word' id='word_1_609' title='bbox 146 2549 265 2574; x_wconf 89' lang='lat' dir='ltr'><strong>mutato.</strong></span> <span class='ocrx_word' id='word_1_610' title='bbox 281 2547 417 2581; x_wconf 89' lang='lat' dir='ltr'><strong>Quamvis</strong></span> <span class='ocrx_word' id='word_1_611' title='bbox 438 2548 515 2576; x_wconf 93' lang='lat' dir='ltr'><strong>enim</strong></span> <span class='ocrx_word' id='word_1_612' title='bbox 535 2549 657 2577; x_wconf 89' lang='lat' dir='ltr'><strong>ultimus</strong></span> <span class='ocrx_word' id='word_1_613' title='bbox 671 2556 811 2577; x_wconf 90' lang='lat' dir='ltr'><strong>annorum</strong></span> <span class='ocrx_word' id='word_1_614' title='bbox 833 2555 969 2577; x_wconf 89' lang='lat' dir='ltr'><strong>numerus</strong></span> 
     </span>
    </p>
   </div>
   <div class='ocr_carea' id='block_1_84' title="bbox 146 2590 968 2629">
    <p class='ocr_par' dir='ltr' id='par_1_84' title="bbox 146 2590 968 2629">
     <span class='ocr_line' id='line_1_84' title="bbox 146 2590 968 2629; baseline 0.005 -12"><span class='ocrx_word' id='word_1_615' title='bbox 146 2590 181 2617; x_wconf 89' lang='lat' dir='ltr'><strong>ab</strong></span> <span class='ocrx_word' id='word_1_616' title='bbox 203 2590 291 2620; x_wconf 87' lang='lat' dir='ltr'><strong>Adam</strong></span> <span class='ocrx_word' id='word_1_617' title='bbox 317 2599 409 2627; x_wconf 89' lang='lat' dir='ltr'><strong>usque</strong></span> <span class='ocrx_word' id='word_1_618' title='bbox 434 2593 463 2620; x_wconf 91' lang='lat' dir='ltr'><strong>in</strong></span> <span class='ocrx_word' id='word_1_619' title='bbox 486 2593 611 2629; x_wconf 90' lang='lat' dir='ltr'><strong>primum</strong></span> <span class='ocrx_word' id='word_1_620' title='bbox 635 2594 743 2622; x_wconf 90' lang='lat' dir='ltr'><strong>Justini</strong></span> <span class='ocrx_word' id='word_1_621' title='bbox 767 2600 872 2621; x_wconf 87' lang='lat' dir='ltr'><strong>annum</strong></span> <span class='ocrx_word' id='word_1_622' title='bbox 893 2594 968 2628; x_wconf 90' lang='lat' dir='ltr'><strong>apud</strong></span> 
     </span>
    </p>
   </div>
   <div class='ocr_carea' id='block_1_85' title="bbox 147 2635 968 2673">
    <p class='ocr_par' dir='ltr' id='par_1_85' title="bbox 147 2635 968 2673">
     <span class='ocr_line' id='line_1_85' title="bbox 147 2635 968 2673; baseline 0.006 -11"><span class='ocrx_word' id='word_1_623' title='bbox 147 2635 287 2664; x_wconf 88' lang='lat' dir='ltr'><strong>Victorem</strong></span> <span class='ocrx_word' id='word_1_624' title='bbox 312 2637 477 2672; x_wconf 88' lang='lat' dir='ltr'><strong>adjunctus,</strong></span> <span class='ocrx_word' id='word_1_625' title='bbox 494 2638 692 2673; x_wconf 88' lang='lat' dir='ltr'><strong>supradictum</strong></span> <span class='ocrx_word' id='word_1_626' title='bbox 720 2645 844 2666; x_wconf 88' lang='lat' dir='ltr'><strong>errorem</strong></span> <span class='ocrx_word' id='word_1_627' title='bbox 860 2638 968 2667; x_wconf 88' lang='lat' dir='ltr'><strong>Victori</strong></span> 
     </span>
    </p>
   </div>
   <div class='ocr_carea' id='block_1_86' title="bbox 146 2679 970 2719">
    <p class='ocr_par' dir='ltr' id='par_1_86' title="bbox 146 2679 970 2719">
     <span class='ocr_line' id='line_1_86' title="bbox 146 2679 970 2719; baseline 0.007 -13"><span class='ocrx_word' id='word_1_628' title='bbox 146 2679 236 2707; x_wconf 91' lang='lat' dir='ltr'><strong>tribui</strong></span> <span class='ocrx_word' id='word_1_629' title='bbox 248 2680 350 2709; x_wconf 90' lang='lat' dir='ltr'><strong>debere</strong></span> <span class='ocrx_word' id='word_1_630' title='bbox 362 2682 473 2718; x_wconf 89' lang='lat' dir='ltr'><strong>innuat,</strong></span> <span class='ocrx_word' id='word_1_631' title='bbox 487 2682 514 2710; x_wconf 93' lang='lat' dir='ltr'><strong>id</strong></span> <span class='ocrx_word' id='word_1_632' title='bbox 524 2686 616 2711; x_wconf 89' lang='lat' dir='ltr'><strong>tamen</strong></span> <span class='ocrx_word' id='word_1_633' title='bbox 627 2690 683 2711; x_wconf 92' lang='lat' dir='ltr'><strong>non</strong></span> <span class='ocrx_word' id='word_1_634' title='bbox 695 2690 863 2719; x_wconf 80' lang='lat' dir='ltr'><strong>magnopere</strong></span> <span class='ocrx_word' id='word_1_635' title='bbox 870 2691 970 2712; x_wconf 87' lang='lat' dir='ltr'><strong>curan-</strong></span> 
     </span>
    </p>
   </div>
   <div class='ocr_carea' id='block_1_87' title="bbox 146 2724 967 2764">
    <p class='ocr_par' dir='ltr' id='par_1_87' title="bbox 146 2724 967 2764">
     <span class='ocr_line' id='line_1_87' title="bbox 146 2724 967 2764; baseline 0.007 -14"><span class='ocrx_word' id='word_1_636' title='bbox 146 2724 214 2751; x_wconf 91' lang='lat' dir='ltr'><strong>dum</strong></span> <span class='ocrx_word' id='word_1_637' title='bbox 235 2724 359 2757; x_wconf 90' lang='lat' dir='ltr'><strong>videtur,</strong></span> <span class='ocrx_word' id='word_1_638' title='bbox 385 2732 449 2754; x_wconf 88' lang='lat' dir='ltr'><strong>cum</strong></span> <span class='ocrx_word' id='word_1_639' title='bbox 465 2727 559 2762; x_wconf 89' lang='lat' dir='ltr'><strong>primo</strong></span> <span class='ocrx_word' id='word_1_640' title='bbox 581 2734 700 2756; x_wconf 89' lang='lat' dir='ltr'><strong>numero</strong></span> <span class='ocrx_word' id='word_1_641' title='bbox 715 2728 800 2756; x_wconf 88' lang='lat' dir='ltr'><strong>semel</strong></span> <span class='ocrx_word' id='word_1_642' title='bbox 823 2732 967 2764; x_wconf 90' lang='lat' dir='ltr'><strong>corrupto,</strong></span> 
     </span>
    </p>
   </div>
   <div class='ocr_carea' id='block_1_88' title="bbox 148 2769 968 2806">
    <p class='ocr_par' dir='ltr' id='par_1_88' title="bbox 148 2769 968 2806">
     <span class='ocr_line' id='line_1_88' title="bbox 148 2769 968 2806; baseline 0.006 -10"><span class='ocrx_word' id='word_1_643' title='bbox 148 2769 287 2803; x_wconf 90' lang='lat' dir='ltr'><strong>posterior</strong></span> <span class='ocrx_word' id='word_1_644' title='bbox 312 2776 328 2797; x_wconf 89' lang='lat' dir='ltr'><strong>a</strong></span> <span class='ocrx_word' id='word_1_645' title='bbox 353 2770 514 2800; x_wconf 84' lang='lat' dir='ltr'><strong>tabellariis</strong></span> <span class='ocrx_word' id='word_1_646' title='bbox 538 2772 573 2800; x_wconf 86' lang='lat' dir='ltr'><strong>ad</strong></span> <span class='ocrx_word' id='word_1_647' title='bbox 600 2772 723 2806; x_wconf 89' lang='lat' dir='ltr'><strong>priorem</strong></span> <span class='ocrx_word' id='word_1_648' title='bbox 739 2773 968 2801; x_wconf 81' lang='lat' dir='ltr'><strong>accommodatus</strong></span> 
     </span>
    </p>
   </div>
   <div class='ocr_carea' id='block_1_89' title="bbox 147 2813 969 2852">
    <p class='ocr_par' dir='ltr' id='par_1_89' title="bbox 147 2813 969 2852">
     <span class='ocr_line' id='line_1_89' title="bbox 147 2813 969 2852; baseline 0.007 -12"><span class='ocrx_word' id='word_1_649' title='bbox 147 2813 286 2841; x_wconf 86' lang='lat' dir='ltr'><strong>videatur.</strong></span> <span class='ocrx_word' id='word_1_650' title='bbox 302 2813 382 2848; x_wconf 93' lang='lat' dir='ltr'><strong>Quod</strong></span> <span class='ocrx_word' id='word_1_651' title='bbox 399 2817 492 2843; x_wconf 89' lang='lat' dir='ltr'><strong>autem</strong></span> <span class='ocrx_word' id='word_1_652' title='bbox 506 2817 579 2844; x_wconf 90' lang='lat' dir='ltr'><strong>vttio</strong></span> <span class='ocrx_word' id='word_1_653' title='bbox 596 2815 820 2852; x_wconf 86' lang='lat' dir='ltr'><strong>tabellariorum,</strong></span> <span class='ocrx_word' id='word_1_654' title='bbox 832 2825 887 2846; x_wconf 91' lang='lat' dir='ltr'><strong>non</strong></span> <span class='ocrx_word' id='word_1_655' title='bbox 904 2825 969 2846; x_wconf 90' lang='lat' dir='ltr'><strong>vero</strong></span> 
     </span>
    </p>
   </div>
   <div class='ocr_carea' id='block_1_90' title="bbox 148 2858 971 2898">
    <p class='ocr_par' dir='ltr' id='par_1_90' title="bbox 148 2858 971 2898">
     <span class='ocr_line' id='line_1_90' title="bbox 148 2858 971 2898; baseline 0.007 -13"><span class='ocrx_word' id='word_1_656' title='bbox 148 2858 270 2886; x_wconf 85' lang='lat' dir='ltr'><strong>Victoris</strong></span> <span class='ocrx_word' id='word_1_657' title='bbox 285 2858 469 2886; x_wconf 81' lang='lat' dir='ltr'><strong>Tununensis</strong></span> <span class='ocrx_word' id='word_1_658' title='bbox 480 2858 527 2888; x_wconf 88' lang='lat' dir='ltr'><strong>hic</strong></span> <span class='ocrx_word' id='word_1_659' title='bbox 543 2867 623 2889; x_wconf 82' lang='lat' dir='ltr'><strong>error</strong></span> <span class='ocrx_word' id='word_1_660' title='bbox 637 2861 666 2889; x_wconf 93' lang='lat' dir='ltr'><strong>in</strong></span> <span class='ocrx_word' id='word_1_661' title='bbox 677 2861 837 2891; x_wconf 86' lang='lat' dir='ltr'><strong>Chronicon</strong></span> <span class='ocrx_word' id='word_1_662' title='bbox 852 2863 971 2898; x_wconf 85' lang='lat' dir='ltr'><strong>irrepse-</strong></span> 
     </span>
    </p>
   </div>
   <div class='ocr_carea' id='block_1_91' title="bbox 1030 1660 1861 1697">
    <p class='ocr_par' dir='ltr' id='par_1_91' title="bbox 1030 1660 1861 1697">
     <span class='ocr_line' id='line_1_91' title="bbox 1030 1660 1861 1697; baseline 0.005 -10"><span class='ocrx_word' id='word_1_663' title='bbox 1030 1663 1088 1694; x_wconf 87' lang='lat' dir='ltr'><strong>tur,</strong></span> <span class='ocrx_word' id='word_1_664' title='bbox 1106 1660 1207 1695; x_wconf 88' lang='lat' dir='ltr'><strong>adjeci,</strong></span> <span class='ocrx_word' id='word_1_665' title='bbox 1225 1660 1254 1688; x_wconf 94' lang='lat' dir='ltr'><strong>in</strong></span> <span class='ocrx_word' id='word_1_666' title='bbox 1268 1660 1394 1688; x_wconf 84' lang='lat' dir='ltr'><strong>Romana</strong></span> <span class='ocrx_word' id='word_1_667' title='bbox 1408 1661 1531 1689; x_wconf 87' lang='lat' dir='ltr'><strong>maxime</strong></span> <span class='ocrx_word' id='word_1_668' title='bbox 1546 1661 1679 1696; x_wconf 88' lang='lat' dir='ltr'><strong>historia,</strong></span> <span class='ocrx_word' id='word_1_669' title='bbox 1697 1669 1781 1697; x_wconf 88' lang='lat' dir='ltr'><strong>quam</strong></span> <span class='ocrx_word' id='word_1_670' title='bbox 1796 1663 1861 1691; x_wconf 86' lang='lat' dir='ltr'><strong>Eu—</strong></span> 
     </span>
    </p>
   </div>
   <div class='ocr_carea' id='block_1_92' title="bbox 1029 1704 1861 1742">
    <p class='ocr_par' dir='ltr' id='par_1_92' title="bbox 1029 1704 1861 1742">
     <span class='ocr_line' id='line_1_92' title="bbox 1029 1704 1861 1742; baseline 0.004 -10"><span class='ocrx_word' id='word_1_671' title='bbox 1029 1704 1137 1739; x_wconf 90' lang='lat' dir='ltr'><strong>sebius,</strong></span> <span class='ocrx_word' id='word_1_672' title='bbox 1150 1705 1238 1739; x_wconf 86' lang='lat' dir='ltr'><strong>hujus</strong></span> <span class='ocrx_word' id='word_1_673' title='bbox 1244 1705 1452 1733; x_wconf 91' lang='lat' dir='ltr'><strong>conditorlibri</strong></span> <span class='ocrx_word' id='word_1_674' title='bbox 1462 1713 1516 1734; x_wconf 94' lang='lat' dir='ltr'><strong>non</strong></span> <span class='ocrx_word' id='word_1_675' title='bbox 1524 1708 1579 1734; x_wconf 91' lang='lat' dir='ltr'><strong>tam</strong></span> <span class='ocrx_word' id='word_1_676' title='bbox 1592 1707 1747 1742; x_wconf 88' lang='lat' dir='ltr'><strong>ignorasse,</strong></span> <span class='ocrx_word' id='word_1_677' title='bbox 1759 1710 1861 1742; x_wconf 92' lang='lat' dir='ltr'><strong>utpote</strong></span> 
     </span>
    </p>
   </div>
   <div class='ocr_carea' id='block_1_93' title="bbox 1030 1749 1861 1787">
    <p class='ocr_par' dir='ltr' id='par_1_93' title="bbox 1030 1749 1861 1787">
     <span class='ocr_line' id='line_1_93' title="bbox 1030 1749 1861 1787; baseline 0.004 -10"><span class='ocrx_word' id='word_1_678' title='bbox 1030 1749 1260 1784; x_wconf 88' lang='lat' dir='ltr'><strong>eruditissimus,</strong></span> <span class='ocrx_word' id='word_1_679' title='bbox 1277 1755 1361 1785; x_wconf 88' lang='lat' dir='ltr'><strong>quam</strong></span> <span class='ocrx_word' id='word_1_680' title='bbox 1378 1752 1410 1778; x_wconf 93' lang='lat' dir='ltr'><strong>ut</strong></span> <span class='ocrx_word' id='word_1_681' title='bbox 1421 1750 1518 1778; x_wconf 71' lang='lat' dir='ltr'><strong>Graece</strong></span> <span class='ocrx_word' id='word_1_682' title='bbox 1533 1751 1663 1779; x_wconf 91' lang='lat' dir='ltr'><strong>scribens</strong></span> <span class='ocrx_word' id='word_1_683' title='bbox 1678 1758 1779 1787; x_wconf 92' lang='lat' dir='ltr'><strong>parum</strong></span> <span class='ocrx_word' id='word_1_684' title='bbox 1793 1753 1861 1780; x_wconf 87' lang='lat' dir='ltr'><strong>suis</strong></span> 
     </span>
    </p>
   </div>
   <div class='ocr_carea' id='block_1_94' title="bbox 1029 1794 1858 1832">
    <p class='ocr_par' dir='ltr' id='par_1_94' title="bbox 1029 1794 1858 1832">
     <span class='ocr_line' id='line_1_94' title="bbox 1029 1794 1858 1832; baseline 0.004 -11"><span class='ocrx_word' id='word_1_685' title='bbox 1029 1794 1222 1821; x_wconf 87' lang='lat' dir='ltr'><strong>necessarium</strong></span> <span class='ocrx_word' id='word_1_686' title='bbox 1247 1794 1451 1828; x_wconf 87' lang='lat' dir='ltr'><strong>perstrinxisse</strong></span> <span class='ocrx_word' id='word_1_687' title='bbox 1474 1795 1546 1823; x_wconf 92' lang='lat' dir='ltr'><strong>mihi</strong></span> <span class='ocrx_word' id='word_1_688' title='bbox 1571 1796 1694 1824; x_wconf 90' lang='lat' dir='ltr'><strong>videtur.</strong></span> <span class='ocrx_word' id='word_1_689' title='bbox 1720 1797 1817 1832; x_wconf 87' lang='lat' dir='ltr'><strong>Itaque</strong></span> <span class='ocrx_word' id='word_1_690' title='bbox 1841 1804 1858 1824; x_wconf 88' lang='lat' dir='ltr'><strong>a</strong></span> 
     </span>
    </p>
   </div>
   <div class='ocr_carea' id='block_1_95' title="bbox 1028 1838 1861 1875">
    <p class='ocr_par' dir='ltr' id='par_1_95' title="bbox 1028 1838 1861 1875">
     <span class='ocr_line' id='line_1_95' title="bbox 1028 1838 1861 1875; baseline 0.004 -10"><span class='ocrx_word' id='word_1_691' title='bbox 1028 1838 1113 1872; x_wconf 92' lang='lat' dir='ltr'><strong>Nino,</strong></span> <span class='ocrx_word' id='word_1_692' title='bbox 1126 1841 1153 1866; x_wconf 89' lang='lat' dir='ltr'><strong>et</strong></span> <span class='ocrx_word' id='word_1_693' title='bbox 1165 1838 1307 1866; x_wconf 81' lang='lat' dir='ltr'><strong>Abraham</strong></span> <span class='ocrx_word' id='word_1_694' title='bbox 1323 1846 1413 1874; x_wconf 91' lang='lat' dir='ltr'><strong>usque</strong></span> <span class='ocrx_word' id='word_1_695' title='bbox 1428 1839 1462 1867; x_wconf 90' lang='lat' dir='ltr'><strong>ad</strong></span> <span class='ocrx_word' id='word_1_696' title='bbox 1474 1840 1564 1874; x_wconf 64' lang='lat' dir='ltr'><strong>Trojae</strong></span> <span class='ocrx_word' id='word_1_697' title='bbox 1579 1841 1773 1875; x_wconf 86' lang='lat' dir='ltr'><strong>captivitatem</strong></span> <span class='ocrx_word' id='word_1_698' title='bbox 1786 1847 1861 1875; x_wconf 87' lang='lat' dir='ltr'><strong>pura</strong></span> 
     </span>
    </p>
   </div>
   <div class='ocr_carea' id='block_1_96' title="bbox 1029 1883 1860 1919">
    <p class='ocr_par' dir='ltr' id='par_1_96' title="bbox 1029 1883 1860 1919">
     <span class='ocr_line' id='line_1_96' title="bbox 1029 1883 1860 1919; baseline 0.004 -8"><span class='ocrx_word' id='word_1_699' title='bbox 1029 1883 1126 1911; x_wconf 79' lang='lat' dir='ltr'><strong>Graeca</strong></span> <span class='ocrx_word' id='word_1_700' title='bbox 1148 1883 1299 1911; x_wconf 89' lang='lat' dir='ltr'><strong>translatio</strong></span> <span class='ocrx_word' id='word_1_701' title='bbox 1315 1886 1367 1912; x_wconf 91' lang='lat' dir='ltr'><strong>est.</strong></span> <span class='ocrx_word' id='word_1_702' title='bbox 1384 1884 1408 1912; x_wconf 84' lang='lat' dir='ltr'><strong>A</strong></span> <span class='ocrx_word' id='word_1_703' title='bbox 1427 1885 1509 1919; x_wconf 86' lang='lat' dir='ltr'><strong>Troja</strong></span> <span class='ocrx_word' id='word_1_704' title='bbox 1527 1892 1618 1919; x_wconf 89' lang='lat' dir='ltr'><strong>usque</strong></span> <span class='ocrx_word' id='word_1_705' title='bbox 1638 1885 1672 1913; x_wconf 90' lang='lat' dir='ltr'><strong>ad</strong></span> <span class='ocrx_word' id='word_1_706' title='bbox 1688 1885 1860 1914; x_wconf 89' lang='lat' dir='ltr'><strong>vicesimum</strong></span> 
     </span>
    </p>
   </div>
   <div class='ocr_carea' id='block_1_97' title="bbox 1028 1928 1862 1959">
    <p class='ocr_par' dir='ltr' id='par_1_97' title="bbox 1028 1928 1862 1959">
     <span class='ocr_line' id='line_1_97' title="bbox 1028 1928 1862 1959; baseline 0.005 -4"><span class='ocrx_word' id='word_1_707' title='bbox 1028 1928 1211 1956; x_wconf 90' lang='lat' dir='ltr'><strong>Constantini</strong></span> <span class='ocrx_word' id='word_1_708' title='bbox 1236 1935 1342 1956; x_wconf 91' lang='lat' dir='ltr'><strong>annum</strong></span> <span class='ocrx_word' id='word_1_709' title='bbox 1367 1935 1443 1956; x_wconf 92' lang='lat' dir='ltr'><strong>nunc</strong></span> <span class='ocrx_word' id='word_1_710' title='bbox 1468 1929 1576 1957; x_wconf 88' lang='lat' dir='ltr'><strong>addita.</strong></span> <span class='ocrx_word' id='word_1_711' title='bbox 1595 1936 1671 1957; x_wconf 90' lang='lat' dir='ltr'><strong>nunc</strong></span> <span class='ocrx_word' id='word_1_712' title='bbox 1691 1931 1776 1958; x_wconf 82' lang='lat' dir='ltr'><strong>mista</strong></span> <span class='ocrx_word' id='word_1_713' title='bbox 1789 1934 1862 1959; x_wconf 88' lang='lat' dir='ltr'><strong>sunt</strong></span> 
     </span>
    </p>
   </div>
   <div class='ocr_carea' id='block_1_98' title="bbox 1031 1972 1862 2006">
    <p class='ocr_par' dir='ltr' id='par_1_98' title="bbox 1031 1972 1862 2006">
     <span class='ocr_line' id='line_1_98' title="bbox 1031 1972 1862 2006; baseline 0.005 -7"><span class='ocrx_word' id='word_1_714' title='bbox 1031 1972 1166 2006; x_wconf 91' lang='lat' dir='ltr'><strong>plurima,</strong></span> <span class='ocrx_word' id='word_1_715' title='bbox 1182 1978 1244 2006; x_wconf 67' lang='lat' dir='ltr'><strong>quae</strong></span> <span class='ocrx_word' id='word_1_716' title='bbox 1264 1972 1299 1998; x_wconf 92' lang='lat' dir='ltr'><strong>de</strong></span> <span class='ocrx_word' id='word_1_717' title='bbox 1320 1972 1500 2006; x_wconf 88' lang='lat' dir='ltr'><strong>Tranquillo,</strong></span> <span class='ocrx_word' id='word_1_718' title='bbox 1516 1975 1543 1999; x_wconf 92' lang='lat' dir='ltr'><strong>et</strong></span> <span class='ocrx_word' id='word_1_719' title='bbox 1560 1973 1672 2000; x_wconf 79' lang='lat' dir='ltr'><strong>caeteris</strong></span> <span class='ocrx_word' id='word_1_720' title='bbox 1690 1973 1862 2003; x_wconf 92' lang='lat' dir='ltr'><strong>illustribus</strong></span> 
     </span>
    </p>
   </div>
   <div class='ocr_carea' id='block_1_99' title="bbox 1029 2015 1860 2049">
    <p class='ocr_par' dir='ltr' id='par_1_99' title="bbox 1029 2015 1860 2049">
     <span class='ocr_line' id='line_1_99' title="bbox 1029 2015 1860 2049; baseline 0.006 -7"><span class='ocrx_word' id='word_1_721' title='bbox 1029 2015 1183 2043; x_wconf 85' lang='lat' dir='ltr'><strong>Historicis</strong></span> <span class='ocrx_word' id='word_1_722' title='bbox 1205 2015 1405 2042; x_wconf 88' lang='lat' dir='ltr'><strong>curiosissime</strong></span> <span class='ocrx_word' id='word_1_723' title='bbox 1429 2016 1634 2049; x_wconf 85' lang='lat' dir='ltr'><strong>excerpsimus.</strong></span> <span class='ocrx_word' id='word_1_724' title='bbox 1654 2024 1667 2040; x_wconf 71' lang='grc' dir='ltr'><strong>ι)</strong></span> <span class='ocrx_word' id='word_1_725' title='bbox 1693 2017 1779 2044; x_wconf 86' lang='lat' dir='ltr'><strong>Vocat</strong></span> <span class='ocrx_word' id='word_1_726' title='bbox 1804 2018 1860 2047; x_wconf 91' lang='lat' dir='ltr'><strong>hoc</strong></span> 
     </span>
    </p>
   </div>
   <div class='ocr_carea' id='block_1_100' title="bbox 1028 2058 1859 2097">
    <p class='ocr_par' dir='ltr' id='par_1_100' title="bbox 1028 2058 1859 2097">
     <span class='ocr_line' id='line_1_100' title="bbox 1028 2058 1859 2097; baseline 0.008 -13"><span class='ocrx_word' id='word_1_727' title='bbox 1028 2065 1101 2092; x_wconf 76' lang='lat' dir='ltr'><strong>Opus</strong></span> <span class='ocrx_word' id='word_1_728' title='bbox 1113 2058 1194 2093; x_wconf 89' lang='lat' dir='ltr'><strong>plane</strong></span> <span class='ocrx_word' id='word_1_729' title='bbox 1204 2058 1366 2086; x_wconf 91' lang='lat' dir='ltr'><strong>mirandum</strong></span> <span class='ocrx_word' id='word_1_730' title='bbox 1376 2059 1561 2087; x_wconf 89' lang='lat' dir='ltr'><strong>Marcellinus</strong></span> <span class='ocrx_word' id='word_1_731' title='bbox 1571 2066 1675 2096; x_wconf 88' lang='lat' dir='ltr'><strong>comes,</strong></span> <span class='ocrx_word' id='word_1_732' title='bbox 1688 2062 1787 2097; x_wconf 89' lang='lat' dir='ltr'><strong>aitque</strong></span> <span class='ocrx_word' id='word_1_733' title='bbox 1799 2070 1859 2093; x_wconf 88' lang='lat' dir='ltr'><strong>non</strong></span> 
     </span>
    </p>
   </div>
   <div class='ocr_carea' id='block_1_101' title="bbox 1029 2101 1858 2139">
    <p class='ocr_par' dir='ltr' id='par_1_101' title="bbox 1029 2101 1858 2139">
     <span class='ocr_line' id='line_1_101' title="bbox 1029 2101 1858 2139; baseline 0.011 -11"><span class='ocrx_word' id='word_1_734' title='bbox 1029 2102 1122 2129; x_wconf 90' lang='lat' dir='ltr'><strong>solum</strong></span> <span class='ocrx_word' id='word_1_735' title='bbox 1147 2101 1313 2137; x_wconf 88' lang='lat' dir='ltr'><strong>Eusebium,</strong></span> <span class='ocrx_word' id='word_1_736' title='bbox 1338 2103 1384 2131; x_wconf 90' lang='lat' dir='ltr'><strong>sed</strong></span> <span class='ocrx_word' id='word_1_737' title='bbox 1401 2104 1472 2131; x_wconf 92' lang='lat' dir='ltr'><strong>etD.</strong></span> <span class='ocrx_word' id='word_1_738' title='bbox 1487 2104 1692 2139; x_wconf 86' lang='lat' dir='ltr'><strong>Hieronymum</strong></span> <span class='ocrx_word' id='word_1_739' title='bbox 1709 2110 1858 2137; x_wconf 88' lang='lat' dir='ltr'><strong>auctorem</strong></span> 
     </span>
    </p>
   </div>
   <div class='ocr_carea' id='block_1_102' title="bbox 1029 2146 1859 2187">
    <p class='ocr_par' dir='ltr' id='par_1_102' title="bbox 1029 2146 1859 2187">
     <span class='ocr_line' id='line_1_102' title="bbox 1029 2146 1859 2187; baseline 0.01 -14"><span class='ocrx_word' id='word_1_740' title='bbox 1029 2146 1091 2180; x_wconf 87' lang='lat' dir='ltr'><strong>ejus</strong></span> <span class='ocrx_word' id='word_1_741' title='bbox 1115 2147 1204 2174; x_wconf 87' lang='lat' dir='ltr'><strong>statui</strong></span> <span class='ocrx_word' id='word_1_742' title='bbox 1219 2146 1331 2175; x_wconf 89' lang='lat' dir='ltr'><strong>debere.</strong></span> <span class='ocrx_word' id='word_1_743' title='bbox 1347 2148 1407 2183; x_wconf 90' lang='lat' dir='ltr'><strong>Qua</strong></span> <span class='ocrx_word' id='word_1_744' title='bbox 1427 2149 1462 2176; x_wconf 91' lang='lat' dir='ltr'><strong>de</strong></span> <span class='ocrx_word' id='word_1_745' title='bbox 1484 2156 1513 2177; x_wconf 91' lang='lat' dir='ltr'><strong>re</strong></span> <span class='ocrx_word' id='word_1_746' title='bbox 1537 2150 1681 2178; x_wconf 85' lang='lat' dir='ltr'><strong>audienda</strong></span> <span class='ocrx_word' id='word_1_747' title='bbox 1705 2155 1773 2180; x_wconf 91' lang='lat' dir='ltr'><strong>sunt</strong></span> <span class='ocrx_word' id='word_1_748' title='bbox 1792 2153 1859 2187; x_wconf 92' lang='lat' dir='ltr'><strong>ejus</strong></span> 
     </span>
    </p>
   </div>
   <div class='ocr_carea' id='block_1_103' title="bbox 1030 2191 1855 2229">
    <p class='ocr_par' dir='ltr' id='par_1_103' title="bbox 1030 2191 1855 2229">
     <span class='ocr_line' id='line_1_103' title="bbox 1030 2191 1855 2229; baseline 0.01 -12"><span class='ocrx_word' id='word_1_749' title='bbox 1030 2191 1131 2218; x_wconf 88' lang='lat' dir='ltr'><strong>verba:</strong></span> <span class='ocrx_word' id='word_1_750' title='bbox 1146 2201 1159 2217; x_wconf 75' lang='lat' dir='ltr'><strong>cr</strong></span> <span class='ocrx_word' id='word_1_751' title='bbox 1169 2192 1235 2219; x_wconf 90' lang='lat' dir='ltr'><strong>Post</strong></span> <span class='ocrx_word' id='word_1_752' title='bbox 1248 2192 1409 2222; x_wconf 86' lang='lat' dir='ltr'><strong>mirandum</strong></span> <span class='ocrx_word' id='word_1_753' title='bbox 1421 2200 1503 2228; x_wconf 90' lang='lat' dir='ltr'><strong>opus,</strong></span> <span class='ocrx_word' id='word_1_754' title='bbox 1519 2194 1594 2229; x_wconf 93' lang='lat' dir='ltr'><strong>quod</strong></span> <span class='ocrx_word' id='word_1_755' title='bbox 1603 2201 1619 2221; x_wconf 91' lang='lat' dir='ltr'><strong>a</strong></span> <span class='ocrx_word' id='word_1_756' title='bbox 1634 2196 1734 2224; x_wconf 88' lang='lat' dir='ltr'><strong>mundi</strong></span> <span class='ocrx_word' id='word_1_757' title='bbox 1747 2196 1855 2226; x_wconf 88' lang='lat' dir='ltr'><strong>fabrica</strong></span> 
     </span>
    </p>
   </div>
   <div class='ocr_carea' id='block_1_104' title="bbox 1030 2236 1858 2274">
    <p class='ocr_par' dir='ltr' id='par_1_104' title="bbox 1030 2236 1858 2274">
     <span class='ocr_line' id='line_1_104' title="bbox 1030 2236 1858 2274; baseline 0.008 -11"><span class='ocrx_word' id='word_1_758' title='bbox 1030 2243 1121 2271; x_wconf 79' lang='lat' dir='ltr'><strong>usque</strong></span> <span class='ocrx_word' id='word_1_759' title='bbox 1142 2236 1171 2264; x_wconf 92' lang='lat' dir='ltr'><strong>in</strong></span> <span class='ocrx_word' id='word_1_760' title='bbox 1187 2236 1405 2266; x_wconf 90' lang='lat' dir='ltr'><strong>Constantinum</strong></span> <span class='ocrx_word' id='word_1_761' title='bbox 1423 2239 1581 2274; x_wconf 89' lang='lat' dir='ltr'><strong>principem</strong></span> <span class='ocrx_word' id='word_1_762' title='bbox 1600 2240 1741 2269; x_wconf 91' lang='lat' dir='ltr'><strong>Eusebius</strong></span> <span class='ocrx_word' id='word_1_763' title='bbox 1758 2242 1858 2270; x_wconf 75' lang='lat' dir='ltr'><strong>Caesa-</strong></span> 
     </span>
    </p>
   </div>
   <div class='ocr_carea' id='block_1_105' title="bbox 986 2280 1853 2321">
    <p class='ocr_par' dir='ltr' id='par_1_105' title="bbox 986 2280 1853 2321">
     <span class='ocr_line' id='line_1_105' title="bbox 986 2280 1853 2321; baseline 0.005 -11"><span class='ocrx_word' id='word_1_764' title='bbox 986 2280 1012 2310; x_wconf 96' lang='lat' dir='ltr'><strong>D</strong></span> <span class='ocrx_word' id='word_1_765' title='bbox 1029 2281 1135 2308; x_wconf 90' lang='lat' dir='ltr'><strong>riensis</strong></span> <span class='ocrx_word' id='word_1_766' title='bbox 1160 2281 1247 2315; x_wconf 84' lang='lat' dir='ltr'><strong>hujus</strong></span> <span class='ocrx_word' id='word_1_767' title='bbox 1277 2282 1374 2309; x_wconf 61' lang='lat' dir='ltr'><strong>swculi</strong></span> <span class='ocrx_word' id='word_1_768' title='bbox 1405 2283 1558 2319; x_wconf 88' lang='lat' dir='ltr'><strong>originem,</strong></span> <span class='ocrx_word' id='word_1_769' title='bbox 1583 2286 1720 2320; x_wconf 89' lang='lat' dir='ltr'><strong>tempora,</strong></span> <span class='ocrx_word' id='word_1_770' title='bbox 1751 2292 1853 2321; x_wconf 89' lang='lat' dir='ltr'><strong>annos,</strong></span> 
     </span>
    </p>
   </div>
   <div class='ocr_carea' id='block_1_106' title="bbox 1027 2325 1856 2363">
    <p class='ocr_par' dir='ltr' id='par_1_106' title="bbox 1027 2325 1856 2363">
     <span class='ocr_line' id='line_1_106' title="bbox 1027 2325 1856 2363; baseline 0.006 -10"><span class='ocrx_word' id='word_1_771' title='bbox 1027 2332 1112 2360; x_wconf 79' lang='lat' dir='ltr'><strong>regna</strong></span> <span class='ocrx_word' id='word_1_772' title='bbox 1131 2325 1310 2361; x_wconf 88' lang='lat' dir='ltr'><strong>virtutesque</strong></span> <span class='ocrx_word' id='word_1_773' title='bbox 1319 2327 1531 2363; x_wconf 83' lang='lat' dir='ltr'><strong>mortalium,et</strong></span> <span class='ocrx_word' id='word_1_774' title='bbox 1539 2329 1683 2357; x_wconf 89' lang='lat' dir='ltr'><strong>variarum</strong></span> <span class='ocrx_word' id='word_1_775' title='bbox 1695 2330 1802 2357; x_wconf 89' lang='lat' dir='ltr'><strong>artium</strong></span> <span class='ocrx_word' id='word_1_776' title='bbox 1813 2338 1856 2358; x_wconf 90' lang='lat' dir='ltr'><strong>re-</strong></span> 
     </span>
    </p>
   </div>
   <div class='ocr_carea' id='block_1_107' title="bbox 1025 2371 1853 2407">
    <p class='ocr_par' dir='ltr' id='par_1_107' title="bbox 1025 2371 1853 2407">
     <span class='ocr_line' id='line_1_107' title="bbox 1025 2371 1853 2407; baseline 0.007 -10"><span class='ocrx_word' id='word_1_777' title='bbox 1025 2372 1162 2405; x_wconf 90' lang='lat' dir='ltr'><strong>pertores,</strong></span> <span class='ocrx_word' id='word_1_778' title='bbox 1172 2371 1359 2406; x_wconf 92' lang='lat' dir='ltr'><strong>omniumque</strong></span> <span class='ocrx_word' id='word_1_779' title='bbox 1370 2379 1439 2406; x_wconf 90' lang='lat' dir='ltr'><strong>pene</strong></span> <span class='ocrx_word' id='word_1_780' title='bbox 1447 2373 1659 2407; x_wconf 88' lang='lat' dir='ltr'><strong>provinciarum</strong></span> <span class='ocrx_word' id='word_1_781' title='bbox 1670 2378 1853 2403; x_wconf 86' lang='lat' dir='ltr'><strong>monumenta</strong></span> 
     </span>
    </p>
   </div>
   <div class='ocr_carea' id='block_1_108' title="bbox 1023 2416 1855 2454">
    <p class='ocr_par' dir='ltr' id='par_1_108' title="bbox 1023 2416 1855 2454">
     <span class='ocr_line' id='line_1_108' title="bbox 1023 2416 1855 2454; baseline 0.004 -10"><span class='ocrx_word' id='word_1_782' title='bbox 1023 2422 1247 2444; x_wconf 88' lang='lat' dir='ltr'><strong>commemorans</strong></span> <span class='ocrx_word' id='word_1_783' title='bbox 1263 2416 1360 2444; x_wconf 58' lang='lat' dir='ltr'><strong>Graeco</strong></span> <span class='ocrx_word' id='word_1_784' title='bbox 1375 2417 1467 2445; x_wconf 89' lang='lat' dir='ltr'><strong>edidit</strong></span> <span class='ocrx_word' id='word_1_785' title='bbox 1489 2417 1562 2452; x_wconf 88' lang='lat' dir='ltr'><strong>stylo</strong></span> <span class='ocrx_word' id='word_1_786' title='bbox 1582 2421 1734 2454; x_wconf 91' lang='lat' dir='ltr'><strong>nosterque</strong></span> <span class='ocrx_word' id='word_1_787' title='bbox 1749 2420 1855 2447; x_wconf 86' lang='lat' dir='ltr'><strong>Hiero—</strong></span> 
     </span>
    </p>
   </div>
   <div class='ocr_carea' id='block_1_109' title="bbox 1023 2460 1851 2498">
    <p class='ocr_par' dir='ltr' id='par_1_109' title="bbox 1023 2460 1851 2498">
     <span class='ocr_line' id='line_1_109' title="bbox 1023 2460 1851 2498; baseline 0.004 -9"><span class='ocrx_word' id='word_1_788' title='bbox 1023 2468 1125 2496; x_wconf 89' lang='lat' dir='ltr'><strong>nymus</strong></span> <span class='ocrx_word' id='word_1_789' title='bbox 1141 2460 1290 2488; x_wconf 89' lang='lat' dir='ltr'><strong>transtulit</strong></span> <span class='ocrx_word' id='word_1_790' title='bbox 1307 2461 1337 2488; x_wconf 89' lang='lat' dir='ltr'><strong>in</strong></span> <span class='ocrx_word' id='word_1_791' title='bbox 1358 2462 1501 2496; x_wconf 88' lang='lat' dir='ltr'><strong>Latinum,</strong></span> <span class='ocrx_word' id='word_1_792' title='bbox 1518 2465 1546 2490; x_wconf 90' lang='lat' dir='ltr'><strong>et</strong></span> <span class='ocrx_word' id='word_1_793' title='bbox 1559 2470 1650 2498; x_wconf 91' lang='lat' dir='ltr'><strong>usque</strong></span> <span class='ocrx_word' id='word_1_794' title='bbox 1666 2463 1695 2490; x_wconf 93' lang='lat' dir='ltr'><strong>in</strong></span> <span class='ocrx_word' id='word_1_795' title='bbox 1707 2464 1851 2493; x_wconf 87' lang='lat' dir='ltr'><strong>Valentem</strong></span> 
     </span>
    </p>
   </div>
   <div class='ocr_carea' id='block_1_110' title="bbox 1023 2505 1851 2544">
    <p class='ocr_par' dir='ltr' id='par_1_110' title="bbox 1023 2505 1851 2544">
     <span class='ocr_line' id='line_1_110' title="bbox 1023 2505 1851 2544; baseline 0.004 -11"><span class='ocrx_word' id='word_1_796' title='bbox 1023 2506 1159 2533; x_wconf 75' lang='lat' dir='ltr'><strong>Caesarem</strong></span> <span class='ocrx_word' id='word_1_797' title='bbox 1183 2505 1309 2532; x_wconf 86' lang='lat' dir='ltr'><strong>Romano</strong></span> <span class='ocrx_word' id='word_1_798' title='bbox 1333 2506 1437 2540; x_wconf 87' lang='lat' dir='ltr'><strong>adjecit</strong></span> <span class='ocrx_word' id='word_1_799' title='bbox 1464 2507 1592 2541; x_wconf 89' lang='lat' dir='ltr'><strong>eloquio.</strong></span> <span class='ocrx_word' id='word_1_800' title='bbox 1612 2507 1703 2543; x_wconf 86' lang='lat' dir='ltr'><strong>Igitur</strong></span> <span class='ocrx_word' id='word_1_801' title='bbox 1732 2510 1851 2544; x_wconf 89' lang='lat' dir='ltr'><strong>uterque</strong></span> 
     </span>
    </p>
   </div>
   <div class='ocr_carea' id='block_1_111' title="bbox 1025 2550 1852 2587">
    <p class='ocr_par' dir='ltr' id='par_1_111' title="bbox 1025 2550 1852 2587">
     <span class='ocr_line' id='line_1_111' title="bbox 1025 2550 1852 2587; baseline 0.005 -10"><span class='ocrx_word' id='word_1_802' title='bbox 1025 2550 1112 2584; x_wconf 83' lang='lat' dir='ltr'><strong>hujus</strong></span> <span class='ocrx_word' id='word_1_803' title='bbox 1131 2550 1227 2584; x_wconf 90' lang='lat' dir='ltr'><strong>operis</strong></span> <span class='ocrx_word' id='word_1_804' title='bbox 1250 2552 1359 2578; x_wconf 89' lang='lat' dir='ltr'><strong>auctor.</strong></span> <span class='ocrx_word' id='word_1_805' title='bbox 1375 2559 1388 2575; x_wconf 81' lang='lat'><strong><em>»</em></strong></span> <span class='ocrx_word' id='word_1_806' title='bbox 1404 2550 1497 2586; x_wconf 90' lang='lat' dir='ltr'><strong>Atque</strong></span> <span class='ocrx_word' id='word_1_807' title='bbox 1517 2551 1576 2578; x_wconf 65' lang='lat' dir='ltr'><strong>haec</strong></span> <span class='ocrx_word' id='word_1_808' title='bbox 1598 2552 1714 2586; x_wconf 90' lang='lat' dir='ltr'><strong>quidem</strong></span> <span class='ocrx_word' id='word_1_809' title='bbox 1729 2552 1764 2580; x_wconf 92' lang='lat' dir='ltr'><strong>de</strong></span> <span class='ocrx_word' id='word_1_810' title='bbox 1776 2560 1852 2587; x_wconf 72' lang='lat' dir='ltr'><strong>prae-</strong></span> 
     </span>
    </p>
   </div>
   <div class='ocr_carea' id='block_1_112' title="bbox 1023 2594 1855 2631">
    <p class='ocr_par' dir='ltr' id='par_1_112' title="bbox 1023 2594 1855 2631">
     <span class='ocr_line' id='line_1_112' title="bbox 1023 2594 1855 2631; baseline 0.005 -10"><span class='ocrx_word' id='word_1_811' title='bbox 1023 2594 1130 2622; x_wconf 87' lang='lat' dir='ltr'><strong>stantia</strong></span> <span class='ocrx_word' id='word_1_812' title='bbox 1141 2594 1276 2622; x_wconf 86' lang='lat' dir='ltr'><strong>chronici</strong></span> <span class='ocrx_word' id='word_1_813' title='bbox 1289 2594 1453 2630; x_wconf 90' lang='lat' dir='ltr'><strong>Eusebiani,</strong></span> <span class='ocrx_word' id='word_1_814' title='bbox 1475 2596 1510 2623; x_wconf 90' lang='lat' dir='ltr'><strong>de</strong></span> <span class='ocrx_word' id='word_1_815' title='bbox 1526 2602 1582 2631; x_wconf 92' lang='lat' dir='ltr'><strong>qua</strong></span> <span class='ocrx_word' id='word_1_816' title='bbox 1601 2596 1684 2630; x_wconf 90' lang='lat' dir='ltr'><strong>plura</strong></span> <span class='ocrx_word' id='word_1_817' title='bbox 1698 2597 1756 2624; x_wconf 85' lang='lat' dir='ltr'><strong>alia</strong></span> <span class='ocrx_word' id='word_1_818' title='bbox 1769 2597 1855 2625; x_wconf 89' lang='lat' dir='ltr'><strong>adde-</strong></span> 
     </span>
    </p>
   </div>
   <div class='ocr_carea' id='block_1_113' title="bbox 1026 2639 1850 2674">
    <p class='ocr_par' dir='ltr' id='par_1_113' title="bbox 1026 2639 1850 2674">
     <span class='ocr_line' id='line_1_113' title="bbox 1026 2639 1850 2674; baseline 0.005 -8"><span class='ocrx_word' id='word_1_819' title='bbox 1026 2646 1089 2667; x_wconf 91' lang='lat' dir='ltr'><strong>mus</strong></span> <span class='ocrx_word' id='word_1_820' title='bbox 1116 2642 1266 2674; x_wconf 89' lang='lat' dir='ltr'><strong>postquam</strong></span> <span class='ocrx_word' id='word_1_821' title='bbox 1292 2639 1431 2668; x_wconf 89' lang='lat' dir='ltr'><strong>nonnulla</strong></span> <span class='ocrx_word' id='word_1_822' title='bbox 1457 2641 1653 2669; x_wconf 88' lang='lat' dir='ltr'><strong>notaverimus</strong></span> <span class='ocrx_word' id='word_1_823' title='bbox 1679 2641 1714 2668; x_wconf 90' lang='lat' dir='ltr'><strong>de</strong></span> <span class='ocrx_word' id='word_1_824' title='bbox 1731 2642 1850 2670; x_wconf 89' lang='lat' dir='ltr'><strong>Eusebii</strong></span> 
     </span>
    </p>
   </div>
   <div class='ocr_carea' id='block_1_114' title="bbox 1024 2683 1853 2721">
    <p class='ocr_par' dir='ltr' id='par_1_114' title="bbox 1024 2683 1853 2721">
     <span class='ocr_line' id='line_1_114' title="bbox 1024 2683 1853 2721; baseline 0.004 -10"><span class='ocrx_word' id='word_1_825' title='bbox 1024 2683 1160 2718; x_wconf 87' lang='lat' dir='ltr'><strong>Historia,</strong></span> <span class='ocrx_word' id='word_1_826' title='bbox 1173 2683 1220 2711; x_wconf 93' lang='lat' dir='ltr'><strong>cui</strong></span> <span class='ocrx_word' id='word_1_827' title='bbox 1237 2684 1326 2711; x_wconf 90' lang='lat' dir='ltr'><strong>series</strong></span> <span class='ocrx_word' id='word_1_828' title='bbox 1342 2691 1454 2719; x_wconf 90' lang='lat' dir='ltr'><strong>quoque</strong></span> <span class='ocrx_word' id='word_1_829' title='bbox 1467 2684 1634 2719; x_wconf 85' lang='lat' dir='ltr'><strong>pontiﬁcum</strong></span> <span class='ocrx_word' id='word_1_830' title='bbox 1657 2686 1763 2713; x_wconf 86' lang='lat' dir='ltr'><strong>inserta</strong></span> <span class='ocrx_word' id='word_1_831' title='bbox 1776 2693 1853 2721; x_wconf 91' lang='lat' dir='ltr'><strong>repe-</strong></span> 
     </span>
    </p>
   </div>
   <div class='ocr_carea' id='block_1_115' title="bbox 1024 2728 1853 2766">
    <p class='ocr_par' dir='ltr' id='par_1_115' title="bbox 1024 2728 1853 2766">
     <span class='ocr_line' id='line_1_115' title="bbox 1024 2728 1853 2766; baseline 0.004 -10"><span class='ocrx_word' id='word_1_832' title='bbox 1024 2729 1110 2756; x_wconf 90' lang='lat' dir='ltr'><strong>ritur.</strong></span> <span class='ocrx_word' id='word_1_833' title='bbox 1126 2729 1224 2756; x_wconf 85' lang='lat' dir='ltr'><strong>Exstat</strong></span> <span class='ocrx_word' id='word_1_834' title='bbox 1235 2728 1265 2756; x_wconf 92' lang='lat' dir='ltr'><strong>in</strong></span> <span class='ocrx_word' id='word_1_835' title='bbox 1280 2728 1404 2756; x_wconf 88' lang='lat' dir='ltr'><strong>Archivo</strong></span> <span class='ocrx_word' id='word_1_836' title='bbox 1414 2728 1542 2757; x_wconf 70' lang='lat' dir='ltr'><strong>basilica:</strong></span> <span class='ocrx_word' id='word_1_837' title='bbox 1554 2730 1697 2765; x_wconf 91' lang='lat' dir='ltr'><strong>principis</strong></span> <span class='ocrx_word' id='word_1_838' title='bbox 1710 2731 1853 2766; x_wconf 87' lang='lat' dir='ltr'><strong>apostolo-</strong></span> 
     </span>
    </p>
   </div>
   <div class='ocr_carea' id='block_1_116' title="bbox 1026 2772 1851 2810">
    <p class='ocr_par' dir='ltr' id='par_1_116' title="bbox 1026 2772 1851 2810">
     <span class='ocr_line' id='line_1_116' title="bbox 1026 2772 1851 2810; baseline 0.002 -9"><span class='ocrx_word' id='word_1_839' title='bbox 1026 2780 1088 2802; x_wconf 93' lang='lat' dir='ltr'><strong>rum</strong></span> <span class='ocrx_word' id='word_1_840' title='bbox 1102 2773 1137 2801; x_wconf 92' lang='lat' dir='ltr'><strong>de</strong></span> <span class='ocrx_word' id='word_1_841' title='bbox 1152 2772 1226 2801; x_wconf 90' lang='lat' dir='ltr'><strong>Urbe</strong></span> <span class='ocrx_word' id='word_1_842' title='bbox 1241 2780 1292 2800; x_wconf 90' lang='lat' dir='ltr'><strong>ms.</strong></span> <span class='ocrx_word' id='word_1_843' title='bbox 1307 2774 1396 2801; x_wconf 83' lang='lat' dir='ltr'><strong>codex</strong></span> <span class='ocrx_word' id='word_1_844' title='bbox 1411 2774 1560 2810; x_wconf 89' lang='lat' dir='ltr'><strong>antiquus,</strong></span> <span class='ocrx_word' id='word_1_845' title='bbox 1573 2775 1622 2810; x_wconf 91' lang='lat' dir='ltr'><strong>qui</strong></span> <span class='ocrx_word' id='word_1_846' title='bbox 1641 2775 1716 2803; x_wconf 87' lang='lat' dir='ltr'><strong>hunc</strong></span> <span class='ocrx_word' id='word_1_847' title='bbox 1732 2775 1851 2804; x_wconf 89' lang='lat' dir='ltr'><strong>titulum</strong></span> 
     </span>
    </p>
   </div>
   <div class='ocr_carea' id='block_1_117' title="bbox 1026 2817 1853 2854">
    <p class='ocr_par' dir='ltr' id='par_1_117' title="bbox 1026 2817 1853 2854">
     <span class='ocr_line' id='line_1_117' title="bbox 1026 2817 1853 2854; baseline 0.004 -9"><span class='ocrx_word' id='word_1_848' title='bbox 1026 2817 1110 2846; x_wconf 89' lang='lat' dir='ltr'><strong>habet</strong></span> <span class='ocrx_word' id='word_1_849' title='bbox 1131 2827 1137 2845; x_wconf 76' lang='grc' dir='ltr'>ε</span> <span class='ocrx_word' id='word_1_850' title='bbox 1168 2818 1202 2845; x_wconf 85' lang='grc' dir='ltr'><strong>1η</strong></span> <span class='ocrx_word' id='word_1_851' title='bbox 1227 2817 1327 2846; x_wconf 74' lang='lat' dir='ltr'><strong>Christi</strong></span> <span class='ocrx_word' id='word_1_852' title='bbox 1354 2820 1462 2846; x_wconf 83' lang='lat' dir='ltr'><strong>nomine</strong></span> <span class='ocrx_word' id='word_1_853' title='bbox 1481 2820 1578 2854; x_wconf 75' lang='lat' dir='ltr'><strong>incipit</strong></span> <span class='ocrx_word' id='word_1_854' title='bbox 1609 2820 1733 2847; x_wconf 78' lang='lat' dir='ltr'><strong>Historia</strong></span> <span class='ocrx_word' id='word_1_855' title='bbox 1753 2821 1853 2848; x_wconf 80' lang='lat' dir='ltr'><strong>Eccle-</strong></span> 
     </span>
    </p>
   </div>
   <div class='ocr_carea' id='block_1_118' title="bbox 1025 2863 1853 2899">
    <p class='ocr_par' dir='ltr' id='par_1_118' title="bbox 1025 2863 1853 2899">
     <span class='ocr_line' id='line_1_118' title="bbox 1025 2863 1853 2899; baseline 0.001 -7"><span class='ocrx_word' id='word_1_856' title='bbox 1025 2864 1147 2895; x_wconf 28' lang='lat' dir='ltr'><strong>siasticar,</strong></span> <span class='ocrx_word' id='word_1_857' title='bbox 1173 2871 1256 2898; x_wconf 84' lang='lat' dir='ltr'><strong>quam</strong></span> <span class='ocrx_word' id='word_1_858' title='bbox 1284 2863 1312 2891; x_wconf 94' lang='lat' dir='ltr'><strong>S.</strong></span> <span class='ocrx_word' id='word_1_859' title='bbox 1339 2864 1518 2899; x_wconf 80' lang='lat' dir='ltr'><strong>Hieronymus</strong></span> <span class='ocrx_word' id='word_1_860' title='bbox 1541 2864 1573 2891; x_wconf 84' lang='lat' dir='ltr'><strong>de</strong></span> <span class='ocrx_word' id='word_1_861' title='bbox 1588 2864 1718 2892; x_wconf 64' lang='lat' dir='ltr'><strong>Chronico</strong></span> <span class='ocrx_word' id='word_1_862' title='bbox 1739 2866 1853 2893; x_wconf 81' lang='lat' dir='ltr'><strong>Eusebii</strong></span> 
     </span>
    </p>
   </div>
  </div>
