3996 6438
379 392 484 454 463

1177 391 1271 446 ΑΙ)
1307 387 1746 446 ANASTASIUM
1783 383 2302 445 PROLOGOMENA
2337 385 2512 442 EDIT.
2556 385 2994 446 ROM.-VATIC.

3699 391 3792 451 464

377 524 680 595 gustinum
712 521 813 578 lib.
845 535 862 577 ι
917 524 1118 578 contra
1152 519 1468 587 lulianum,
1503 530 1625 586 cap.
1657 511 1712 583 7,
1760 528 1930 582 usque
1955 511 2042 595 ad;
2065 512 2121 570 A
2158 499 2242 566 lio
2269 511 2510 569 Gemino
2543 515 2902 586 consulibus,
2953 515 3306 574 inchoamus.
3345 535 3371 568 in
3423 519 3504 574 Et
3525 519 3584 574 in
3612 520 3794 578 Chro—

381 583 707 684 Eecrepitam
737 616 946 666 aetatem
966 612 1298 681 pervenisse.
1332 609 1459 662 Haec
1489 605 1642 661 enim
1673 617 1802 659 cum
1843 601 1914 656 de
1940 583 2043 656 Ῐιο-ἰ

379 705 533 760 mine
559 703 925 774 septuaginta
955 706 1084 757 octo
1114 713 1395 754 annorum
1435 697 1532 752 vix
1561 695 1677 751 dici
1709 692 1950 763 possint,
1980 697 2036 746 et

375 795 500 850 viro
531 793 845 864 nonaginta
875 803 1157 846 annorum
1195 788 1400 844 melius
1429 785 1790 852 conveniant,
1825 794 2035 852 seque-

378 890 538 941 retur
594 882 830 940 omnino
898 882 962 935 D.
1014 881 1420 949 Hieronymum
1473 888 1538 931 eo
1583 879 1854 943 tempore,
1922 883 2034 941 quo

374 973 700 1030 Chronicon
747 969 1013 1038 absolvit,
1069 982 1281 1024 annum
1312 967 1499 1022 aetatis
1531 961 2030 1035 quadragesimum

377 1064 686 1132 septimum
713 1060 918 1131 egisse.
942 1059 1101 1113 Unde
1125 1058 1268 1113 illud
1300 1069 1592 1127 nunquam
1628 1066 1727 1123 pro
1753 1049 2033 1120 juvenilis

376 1152 583 1219 aetatis.
621 1164 789 1219 opere
841 1147 1162 1204 habuerunt
1206 1145 1455 1216 antiqui,
1507 1144 1603 1199 sed
1639 1146 1703 1198 ut
1753 1140 2029 1196 eximium

376 1238 705 1309 Hieronymi
727 1251 872 1308 opus
905 1236 963 1290 in
987 1236 1170 1304 pretio
1189 1233 1536 1289 habuerunt.
1560 1231 1698 1286 Cum
1721 1229 1940 1285 Idatius
1973 1227 2031 1281 in

376 1326 712 1399 priefatione
735 1326 828 1383 sui
859 1324 1131 1382 Chronici
1165 1321 1443 1379 nonnulla
1476 1320 1722 1375 dixisset
1751 1320 1821 1374 de
1849 1317 2036 1372 Chro—

376 1417 505 1474 nico
535 1415 802 1472 Eusebii:
840 1434 866 1467 or
894 1416 1027 1470 Post
1046 1413 1218 1478 hunc,
1245 1410 1457 1481 inquit,
1487 1421 1784 1464 successor
1804 1418 2039 1476 syngra-

375 1508 558 1578 pheus
602 1503 886 1575 perfectus
929 1502 1220 1559 universis
1269 1499 1568 1569 factorum,
1625 1498 2033 1564 dictorumque

377 1595 746 1651 monimentis
785 1593 1164 1664 Hieronymus
1216 1590 1505 1661 presbyter
1558 1587 1706 1642 idem
1746 1583 2030 1640 Eusebius

375 1689 770 1756 cognomento,
801 1682 873 1738 de
897 1683 1092 1738 Graeco
1127 1681 1187 1735 in
1218 1680 1483 1734 Latinum
1515 1677 1816 1745 scripturae
1854 1673 2029 1741 hujus

376 1772 660 1843 interpres
683 1785 716 1828 a
746 1771 1020 1828 vicesimo
1042 1783 1193 1824 anno
1218 1766 1537 1838 supradicti
1582 1761 1947 1834 imperatoris
1970 1760 2029 1815 in

2149 601 2309 656 nico:
2348 604 2548 673 Incipit
2578 606 2858 659 adnotatio
2890 608 3168 660 consulum
3198 623 3317 660 cum
3347 609 3577 662 historia
3606 612 3793 680 Ruﬁno

2145 692 2386 752 Gemino,
2428 697 2478 746 et
2530 694 2775 747 Rubellio
2819 695 3039 748 Gemino
3090 711 3222 749 coss.
3271 697 3340 750 Et
3383 695 3545 750 ﬁnit:
3592 699 3797 752 Valen-

2145 781 2358 834 tiniano
2390 783 2522 837 VIII
2545 789 2593 836 et
2636 784 2942 838 Anthemio.
2987 784 3160 839 Habet
3196 789 3251 838 et
3277 792 3511 841 sanctus
3561 788 3796 858 Prosper

2148 870 2207 925 in
2257 870 2363 925 hoc
2415 871 2698 928 Chronico
2741 888 2965 929 errores
3005 873 3236 929 Eusebii
3282 875 3434 930 circa
3477 876 3699 932 Cletum
3746 882 3798 933 et

2141 958 2498 1022 Anaclelum,
2523 975 2586 1016 ac
2621 963 3010 1018 Marcellinum
3045 967 3100 1018 et
3121 963 3469 1034 Marcellum,
3495 978 3562 1019 ex
3584 965 3798 1036 quibus

2141 1048 2288 1103 duos
2321 1054 2539 1106 tantum
2571 1053 2867 1120 pontifices
2897 1058 3137 1108 constat.
3175 1054 3340 1108 Facta
3371 1068 3599 1124 quoque
3629 1056 3797 1111 eccle-

2143 1137 2378 1193 siastica
2400 1141 2573 1195 certis
2591 1141 2930 1197 consulibus
2949 1156 3237 1211 perperam
3263 1144 3607 1212 quandoque
3632 1158 3800 1214 appo-

2143 1226 2257 1281 sita
2280 1228 2543 1294 retinuit,
2569 1230 2653 1284 uti
2682 1236 2738 1285 et
2761 1230 3019 1286 lacunam
3043 1229 3402 1285 manifestam
3427 1238 3553 1301 post
3582 1233 3796 1289 Soteris

2145 1316 2538 1386 episcopatum
2582 1320 2910 1389 Aproniano
2940 1327 2997 1374 et
3034 1319 3209 1376 Paulo
3239 1320 3583 1377 consulibus
3607 1323 3795 1378 ascri-

2149 1410 2321 1476 ptam,
2344 1406 2502 1463 deest
2517 1409 2667 1463 enim
2687 1410 3001 1465 Eleutherii
3019 1410 3408 1480 pontificatus,
3431 1425 3541 1466 non
3567 1412 3794 1482 quidem

2143 1495 2287 1550 vitio
2303 1498 2558 1553 auctoris
2575 1499 2844 1568 omissus,
2866 1499 2959 1555 sed
2982 1501 3255 1570 temporis
3273 1501 3489 1569 injuria
3506 1515 3794 1574 corrosus,

2142 1589 2206 1639 ut
2239 1585 2498 1642 insinuat
2537 1589 2677 1643 ordo
2730 1590 3112 1645 Romanorum
3160 1590 3515 1660 pontificum,
3552 1606 3794 1662 quorum

2141 1675 2482 1731 undecimus
2505 1675 2586 1731 ibi
2619 1677 2872 1747 scriptus
2902 1684 2985 1733 est
3009 1681 3189 1747 Soter,
3217 1680 3410 1734 Victor
3433 1686 3622 1735 autem
3650 1681 3804 1736 deci-

2141 1778 2270 1820 mus
2313 1767 2540 1836 tertius,
2595 1767 2753 1822 nulla
2796 1769 3082 1824 mentione
3124 1769 3449 1825 duodecimi
3503 1771 3800 1840 pontificis

373 1870 642 1936 quartum
660 1863 944 1919 decimum
965 1860 1217 1915 Valentis
1233 1857 1479 1929 Augusti
1502 1869 1715 1911 annum
1735 1853 2026 1909 subditam
2059 1847 2109 1906 B
2143 1852 2307 1910 facta.
2339 1857 2521 1926 Atque
2564 1857 2680 1912 haec
2720 1857 2789 1912 de
2820 1859 3081 1928 Prosperi
3108 1859 3414 1928 Chronico,
3443 1874 3511 1914 ex
3543 1876 3656 1930 quo
3698 1861 3802 1916 in-

371 1953 516 2009 texit
552 1952 872 2008 historiam.
910 1969 936 2000 »
984 1951 1066 2006 Ita
1112 1949 1331 2005 Idatius
1377 1945 1686 2017 provincia:
1743 1940 2028 1998 Gallzeciae

368 2043 674 2112 episcopus
701 2041 801 2111 qui
843 2054 903 2096 se
938 2041 995 2094 in
1021 2039 1266 2108 juvenili
1297 2042 1462 2093 aetate
1506 2037 1913 2105 Hieronymum
1966 2030 2025 2086 in

368 2132 630 2202 partibus
650 2131 908 2187 Orientis
936 2130 1153 2185 vidisse
1181 2132 1441 2184 testatur.
1478 2125 1802 2180 Notandum
1833 2128 2023 2178 autem

366 2227 451 2278 est
479 2222 712 2278 verbum
761 2221 906 2275 illud
939 2223 1233 2288 perfectus,
1267 2217 1555 2286 siquidem
1589 2215 1690 2270 illo
1724 2213 1931 2281 utitur,
1964 2215 2028 2266 ut

366 2309 674 2384 signiticet,
701 2309 1026 2366 Chronicon
1070 2310 1132 2361 D.
1164 2307 1490 2375 Hieronymi
1525 2305 1758 2358 maximi
1802 2301 2026 2357 facien—

365 2403 501 2457 dum
523 2414 648 2456 esse
676 2399 746 2455 ob
776 2397 968 2467 operis
992 2395 1416 2465 perfectionem,
1450 2393 1705 2461 adeoque
1733 2389 2021 2445 contemni

369 2503 479 2546 non
506 2489 710 2544 debere
740 2492 1013 2556 tanquam
1047 2482 1443 2552 imperfectum
1472 2488 1574 2535 aut
1595 2478 2022 2534 inconsiderate

367 2579 613 2633 editum.

436 2664 488 2720 6.
517 2663 792 2734 Sequitur
817 2660 1142 2716 Chronicon
1171 2658 1454 2728 Prosperi,
1493 2655 1816 2713 fidelissimi
1851 2668 2030 2726 quon-

365 2756 494 2812 dam
518 2752 708 2824 magni
728 2749 1036 2822 Augustini
1055 2748 1354 2818 discipuli,
1376 2747 1544 2816 cujus
1565 2745 2023 2816 supplementum

369 2850 496 2915 post
549 2841 874 2898 Chronicon
925 2838 1158 2895 Eusebii
1209 2843 1264 2893 et
1313 2839 1372 2892 D.
1411 2835 1762 2906 Hieronymi.
1813 2833 2024 2905 saepius

367 2934 518 3004 typis
542 2931 777 3002 prodiit.
806 2930 964 2986 Unde
991 2929 1250 2999 plerique
1269 2925 1650 2982 credebantS.
1682 2926 2018 2994 Prosperum

368 3022 515 3076 nihil
569 3020 822 3090 amplius
879 3032 1049 3089 quam
1113 3016 1420 3072 Eusebiani
1476 3020 1529 3071 et
1590 3014 2017 3084 Hieronymiani

362 3111 633 3168 Chronici
685 3109 1144 3178 supplementum
1176 3105 1614 3174 conscripsisse.
1652 3107 1710 3159 ln
1766 3119 1878 3174 quo
1923 3117 2018 3160 eos

2141 1951 2360 2015 tegrum
2391 1946 2773 2002 Romanorum
2812 1948 3146 2016 pontiﬁcum
3179 1949 3501 2019 catalogum
3532 1949 3802 2005 exhibui-

2141 2048 2266 2089 mus
2301 2035 2356 2090 in
2410 2049 2594 2104 prima
2640 2037 3012 2107 antiquitatis
3055 2038 3348 2106 editione;
3399 2038 3492 2093 hic
3522 2051 3674 2108 vero,
3729 2052 3801 2094 ne

2136 2123 2508 2194 antiquorum
2541 2126 2889 2195 scriptorum
2913 2128 3290 2184 chronotaxes
3319 2127 3801 2196 multiplicemus,

2135 2213 2593 2282 supplementum
2613 2215 2892 2270 duntaxat
2911 2217 3244 2285 pontificum
3273 2217 3545 2272 tradituri
3567 2230 3796 2273 sumus.

2203 2298 2258 2354 7.
2308 2303 2643 2372 Prosperum
2678 2307 2966 2372 prosecuti
2999 2313 3133 2360 sunt
3172 2305 3275 2361 alii
3322 2307 3653 2376 scriptores,
3689 2308 3799 2376 qui

2136 2389 2438 2446 historiam
2475 2392 2920 2447 ecclesiasticam
2963 2407 3144 2462 usque
3173 2395 3240 2448 ad
3270 2410 3373 2450 sua
3402 2403 3653 2465 tempora
3683 2397 3793 2451 de-

2132 2479 2448 2534 duxerunt.
2485 2482 2634 2534 Inter
2667 2479 2770 2535 hos
2801 2481 3152 2550 praacipuum
3176 2481 3364 2537 locum
3395 2484 3616 2539 obtinet
3640 2487 3803 2540 Mar-

2135 2566 2382 2623 cellinus
2425 2582 2612 2624 comes
2684 2569 3071 2640 lllyricianus,
3136 2571 3206 2626 de
3253 2586 3365 2641 quo
3413 2573 3802 2632 Cassiodorus

2139 2663 2366 2714 senator
2392 2657 2542 2714 libro
2581 2659 2909 2714 divinarum
2945 2660 3298 2730 Lectionum,
3332 2675 3451 2730 cap.
3503 2659 3587 2732 l7,
3639 2665 3806 2720 scri—

2139 2747 2262 2801 bit:
2300 2767 2326 2798 α
2362 2748 2762 2818 Hieronymum
2791 2748 3136 2805 subsecutus
3160 2756 3246 2804 est
3273 2751 3641 2807 Marcellinus
3671 2754 3802 2825 illy-

2135 2837 2414 2908 ricianus,
2441 2839 2540 2908 qui
2571 2839 2760 2894 adhuc
2792 2840 3022 2908 patricii
3051 2839 3365 2894 Justiniani
3398 2840 3579 2896 fertur
3603 2843 3800 2914 egisse

2132 2927 2434 2998 cancellos,
2482 2929 2576 2983 sed
2631 2929 2864 2984 meliore
2906 2930 3160 2984 dictione
3188 2931 3430 2986 devotus
3459 2945 3490 2986 a
3536 2937 3797 3001 tempore

2129 3017 2433 3072 Theodosii
2465 3017 2749 3087 principis
2790 3033 2971 3088 usque
3009 3020 3076 3074 ad
3107 3017 3256 3074 fores
3304 3020 3532 3089 imperii
3571 3023 3794 3077 trium-

2130 3107 2322 3176 phalis
2360 3108 2605 3180 Augusti
2636 3109 2950 3164 Justiniani
2997 3123 3142 3178 opus
3171 3124 3360 3179 suum,
3403 3111 3646 3166 Domino
3681 3113 3798 3181 ju—

365 3201 616 3273 graviter
644 3212 864 3255 errasse
895 3203 1053 3252 notat
1080 3196 1334 3252 Labbeus
1365 3200 1515 3251 tomo
1546 3197 1567 3250 Ι
1596 3197 1763 3250 Nova:
1795 3194 2020 3249 Biblio—
2051 3180 2100 3244 Ο
2130 3204 2313 3256 vante.
2357 3200 2645 3267 perduxit.
2690 3216 2716 3248 ι)
2763 3199 3100 3254 Audiendus
3132 3206 3218 3254 est
3255 3201 3324 3255 de
3353 3214 3459 3255 suo
3504 3180 3796 3260 Chronico

366 3291 540 3346 theca:
563 3288 1084 3357 manuscriptorum
1120 3286 1399 3342 librorum
1434 3286 1491 3341 in
1518 3283 1736 3355 syllabo
1766 3285 2021 3353 scripto—

364 3393 490 3436 rum
546 3379 640 3434 his
688 3378 909 3434 verbis:
967 3397 991 3428 α
1025 3379 1295 3445 Deceptos
1329 3374 1510 3430 fuisse
1558 3374 2016 3445 quamplurimos

361 3468 532 3524 etiam
573 3467 1025 3534 eruditissimos,
1055 3467 1156 3536 qui
1195 3467 1533 3532 Prosperum
1580 3463 1848 3519 arbitrati
1880 3467 2017 3519 sunt

363 3555 1285 3629 HieronymoduntaxatChronico
1298 3555 1666 3624 appendicem
1679 3555 2011 3610 attexuisse.

357 3647 583 3703 Certum
627 3647 839 3716 quippe
867 3651 972 3714 est,
1018 3645 1332 3714 multisque
1376 3650 1627 3699 veterum
1661 3644 2013 3699 testimoniis

357 3735 810 3806 comprobatum,
829 3734 899 3790 ab
924 3734 1094 3790 initio
1122 3747 1312 3789 rerum
1338 3733 1406 3788 ad
1431 3747 1534 3789 sua
1554 3748 1736 3803 usque
1758 3739 2010 3803 tempora

357 3840 473 3883 uno
505 3826 680 3882 veluti
711 3825 827 3893 filo,
877 3838 942 3879 ac
982 3829 1176 3879 tenore
1203 3823 1533 3879 chronicam
1561 3824 1844 3893 epitcmen
1879 3837 2011 3892 per-

355 3916 613 3972 duxisse.
645 3915 911 3969 Testatur
932 3913 988 3968 id
1023 3913 1216 3969 Victor
1242 3913 1568 3982 Aquitanus
1594 3913 1652 3968 in
1677 3912 2012 3982 praefatione

355 4003 605 4060 Canonis
628 4001 920 4057 Paschalis
949 4001 1016 4056 ad
1047 4001 1304 4057 Hilarum
1328 4003 1486 4057 orbis
1515 4002 1704 4055 Romin
1723 3999 2012 4055 archidia-

357 4105 586 4160 conum,
623 4095 813 4161 postea
861 4103 1093 4160 papam:
1135 4091 1303 4160 cujus
1347 4089 1580 4146 Eusebii
1627 4095 1878 4143 tenorem
1921 4089 2011 4144 vir

362 4179 705 4237 venerabilis
759 4181 998 4249 Prosper
1045 4186 1277 4237 secutus
1313 4180 1518 4235 iisdem
1548 4177 1852 4232 Chronicis
1894 4176 2010 4232 haec

356 4271 547 4326 eadem
569 4271 796 4342 egregia
817 4269 1092 4326 brevitate
1107 4269 1451 4338 composuit,
1470 4274 1534 4321 ut
1553 4279 1749 4321 eorum
1774 4265 2007 4321 initium

355 4374 387 4416 a
419 4361 617 4416 mundi
649 4361 1016 4416 inchoaretur
1043 4359 1307 4414 exordio.
1347 4375 1372 4406 »
1405 4355 1583 4410 Addit
1614 4356 2005 4411 testimonium

354 4450 636 4506 Gennadii
667 4450 727 4504 in
750 4449 1019 4518 CataIOgo
1035 4448 1105 4501 de
1130 4447 1288 4500 Viris
1313 4442 1679 4498 illustribus:
1714 4464 1737 4495 (ι
1771 4446 2007 4516 Prosper

2130 3287 2251 3356 ipse
2275 3288 2661 3352 Marcellinus.
2698 3289 2796 3358 qui
2832 3289 2890 3344 in
2920 3289 3254 3359 praefatione
3287 3297 3583 3358 postquam
3617 3291 3798 3347 Euse-

2127 3376 2288 3432 biani
2319 3385 2376 3432 et
2401 3379 2727 3448 Hieronymi
2754 3379 3026 3434 Chronici
3057 3380 3401 3434 mentionem
3437 3379 3685 3447 fecisset,
3718 3382 3794 3437 de

2124 3467 2520 3536 supplemento
2562 3468 2707 3523 illia
2751 3483 2809 3523 se
2829 3469 3048 3537 adjecto
3079 3469 3164 3525 sic
3194 3468 3394 3525 habet:
3430 3490 3454 3522 α
3510 3471 3619 3540 Ego
3649 3483 3786 3527 vero

2123 3557 2379 3626 simplici
2424 3559 2703 3614 duntaxat
2747 3559 3175 3628 computatione
3202 3559 3480 3615 orientale
3509 3565 3784 3630 tanquam

2123 3653 2356 3702 secutus
2389 3647 2717 3717 imperium,
2753 3647 3123 3717 indictiones,
3159 3663 3370 3718 perque
3399 3648 3665 3704 consules
3699 3649 3792 3705 in-

2125 3735 2479 3806 frascriptos,
2503 3745 2730 3792 centum
2754 3737 3252 3808 etquinquaginta
3269 3752 3470 3806 annos,
3492 3751 3523 3792 a
3539 3737 3787 3807 septima

2121 3825 2743 3897 videlicetindictione,
2768 3833 2824 3883 et
2842 3841 2873 3882 a
2891 3827 3195 3883 consulatu
3216 3827 3459 3884 Ausonii
3483 3835 3538 3882 et
3555 3827 3786 3897 Olybrii

2123 3911 2358 3987 [quibus
2379 3916 2549 3972 etiam
2575 3916 2914 3972 consulibus
2929 3917 3285 3970 Theodosius
3297 3918 3534 3987 Magnus
3551 3922 3791 3974 creatus

2118 4011 2204 4060 est
2249 4003 2577 4078 imperator]
2612 4018 2973 4072 enumerans,
3003 4009 3058 4058 et
3104 4017 3285 4071 usque
3312 4004 3371 4058 in
3411 4005 3784 4062 consulatum

2117 4095 2331 4164 Magni,
2366 4093 2707 4150 indictionis
2749 4092 3044 4161 colligens,
3092 4090 3416 4145 eorumdem
3472 4098 3784 4152 auctorum

2119 4185 2278 4251 operi
2311 4183 2637 4252 subrogavi.
2691 4181 2940 4248 itemque
2983 4178 3131 4234 alios
3157 4179 3559 4247 septemdecim
3593 4195 3788 4242 annos

2118 4287 2149 4326 a
2177 4272 2494 4326 Consulatu
2513 4268 2728 4325 Justini
2751 4268 2995 4338 Augusti
3027 4268 3232 4338 primo,
3271 4283 3452 4338 usque
3481 4269 3537 4324 in
3570 4285 3788 4330 consu-

2119 4359 2296 4415 latum
2321 4357 2633 4414 Justiniani
2685 4357 2930 4428 Augusti
2965 4358 3030 4413 [ν
3067 4356 3287 4427 suffeci,
3324 4357 3382 4412 hi
3425 4364 3562 4414 sunt
3593 4361 3782 4421 simul

2115 4449 2252 4504 anni
2301 4461 2440 4502 CLVI.
2496 4464 2523 4495 υ
2558 4447 2839 4502 Hactenus
2878 4447 3265 4516 Marcellinus,
3320 4449 3419 4518 qui
3482 4451 3780 4509 Chronico

356 4541 526 4596 homo
555 4537 916 4606 Aquitanicae
943 4534 1197 4604 regionis
1218 4547 1478 4589 sermone
1517 4533 1916 4606 scholasticus,
1950 4543 2005 4592 et
2036 4559 2089 4619 ι)
2115 4552 2221 4594 suo
2270 4550 2465 4592 omnes
2498 4536 2796 4606 pontiﬁces
2842 4537 3124 4594 Romanos
3155 4539 3257 4608 qui
3312 4553 3432 4596 CLVI
3482 4553 3779 4600 annorum

353 4625 780 4683 assertionibus
810 4637 1104 4691 nervosus,
1134 4621 1314 4676 multa
1343 4627 1735 4692 composuisse
1759 4624 1998 4680 dicitur.

353 4717 435 4772 Ex
466 4714 681 4786 quibus
717 4727 821 4784 ego
852 4710 1138 4767 Chronica
1177 4709 1434 4766 nominis
1465 4710 1630 4766 illius
1657 4713 2003 4782 praetitulata

355 4806 490 4877 legi,
522 4802 879 4861 continentia
906 4815 940 4857 a
989 4799 1164 4870 primi
1211 4799 1465 4856 hominis
1487 4801 1816 4858 conditione
1838 4803 2003 4870 juxta

351 4895 682 4950 divinarum
734 4892 1163 4962 Scripturarum
1213 4888 1376 4944 fidem
1429 4903 1611 4960 usque
1653 4891 1722 4947 ad
1781 4891 2002 4949 obitum

352 4983 742 5039 Valentiniani
775 4981 1044 5052 Augusti,
1071 4983 1128 5036 et
1151 4978 1540 5048 captivitatem
1571 4977 1734 5036 urbis
1755 4979 1942 5048 Romae
1970 4994 2002 5035 a

351 5072 660 5129 Genserico
706 5070 1119 5127 Wandalorum
1169 5083 1298 5140 rege
1335 5067 1557 5126 factam.
1592 5088 1618 5119 υ
1659 5069 1857 5125 Edidit
1902 5071 2005 5127 hoc

351 5162 406 5216 S.
440 5162 703 5228 Prosperi
733 5161 1054 5217 Chronicon
1104 5159 1406 5228 Philippus
1439 5158 1692 5214 Labbeus
1722 5165 1874 5216 tomo
1901 5174 2008 5215 su—

354 5251 550 5318 perius
590 5251 770 5304 citato
814 5249 1055 5306 Parisiis
1100 5262 1250 5304 anno
1297 5245 1453 5317 4657,
1489 5253 1545 5302 et
1573 5261 1642 5303 ex
1671 5247 1774 5303 illo
1814 5247 2007 5304 videre

347 5338 491 5394 licet
508 5340 562 5394 S.
596 5341 932 5407 Prosperum
951 5340 1116 5408 juxta
1141 5337 1372 5394 Eusebii
1401 5343 1456 5393 et
1482 5338 1806 5408 Hieronymi
1838 5337 2003 5393 fidem

384 5441 457 5482 ua
485 5427 766 5483 Chronica
818 5428 1022 5484 iisdem
1069 5428 1404 5498 plerumque
1427 5427 1616 5484 verbis
1644 5428 1997 5497 exhibuisse,

354 5520 729 5587 praeterquam
756 5517 905 5585 quod
927 5516 1194 5573 consules
1218 5515 1510 5571 addiderit
1529 5530 1560 5571 a
1585 5524 1765 5573 morte
1782 5516 1998 5571 Christi

347 5607 417 5663 ad
447 5618 552 5660 sua
586 5617 767 5672 usque
791 5610 1079 5674 tempora:
1119 5626 1146 5660 α
1180 5605 1474 5675 Consules,
1508 5607 1718 5677 inquit,
1749 5621 1778 5662 a
1807 5607 2002 5663 mani—

349 5694 652 5754 festatione
668 5692 921 5765 Domini,
951 5694 1007 5752 id
1040 5697 1126 5752 est
1154 5706 1187 5751 a
1217 5694 1422 5753 Ruﬁno
1446 5697 1686 5753 Gemino
1710 5701 1768 5752 et
1797 5695 2012 5754 Rubel-

2115 4626 2302 4696 spatio
2327 4625 2598 4682 sederunt
2625 4625 2891 4697 inseruit,
2921 4634 2976 4682 et
2997 4628 3138 4684 satis
3164 4636 3432 4685 accurate
3459 4630 3782 4700 pontiﬁca-

2112 4723 2207 4772 tus
2240 4715 2472 4772 illorum
2512 4729 2693 4773 annos
2721 4717 3037 4773 adnotavit.

2773 4842 2994 4916 carm“
3033 4862 3101 4915 Il.

2109 4993 2186 5046 De
2227 4989 2609 5059 antiquissimo
2669 4989 2930 5058 catalogo,
2982 4989 3080 5056 qui
3115 4988 3174 5041 in
3221 4987 3438 5044 Liberio
3482 5005 3636 5059 papa
3676 4991 3776 5046 de-

2857 5079 3010 5133 sinit.

2111 5203 2155 5252 l.
2197 5203 2598 5266 Antiquissimus
2629 5203 3316 5266 Romanorum_pontiflcum
3338 5201 3606 5266 catalogus
3637 5204 3774 5252 tem-

2171 5279 2297 5326 pore
2327 5263 2514 5314 Liberii
2535 5279 2678 5326 papae
2702 5268 2956 5323 exaratus,
2973 5263 3288 5324 Cuspiniano
3306 5265 3564 5325 quondam
3584 5268 3768 5326 notus,

2173 5328 2264 5376 scd
2295 5327 2580 5388 Onuphrio.
2599 5327 2851 5376 Panvinio
2871 5329 3181 5386 incognitus,
3205 5328 3409 5375 tandem
3426 5328 3556 5388 typis
3570 5327 3771 5378 descri-

2173 5393 2288 5452 ptus
2318 5393 2391 5437 est
2416 5404 2444 5436 a
2468 5389 2741 5448 Buchcrio,
2766 5404 2823 5437 ac
2852 5391 3474 5449 sen'aturmanuscriptus
3493 5390 3542 5435 in
3567 5388 3767 5452 Codice

2175 5451 2503 5500 Bibliotheca;
2537 5453 2805 5503 Caesareae.
2840 5480 2897 5488 —
2926 5453 2990 5502 ll.
3024 5452 3195 5501 Codex
3230 5452 3557 5500 bibliotheca:
3588 5451 3766 5502 Caesa.-

2172 5529 2272 5565 reaa
2306 5529 2406 5563 non
2437 5517 2664 5564 continet
2683 5515 3059 5577 autograhpum
3087 5516 3175 5563 sed
3203 5516 3562 5576 apographum
3587 5529 3771 5564 recen—

2173 5580 2273 5626 tius
2308 5587 2443 5626 ZCcc
2461 5579 2963 5640 annisscriptom.—
2987 5578 3080 5626 Ill.
3111 5579 3182 5625 Ex
3202 5579 3445 5639 praedicto
3471 5578 3650 5640 codice
3673 5592 3766 5625 va-

2170 5643 2358 5692 riantes
2395 5643 2643 5689 lectiones
2681 5639 2895 5698 obtinui,
2934 5654 3047 5702 quae
3081 5654 3202 5688 cum
3248 5641 3473 5688 editione
3510 5639 3763 5694 Bucherii

2165 5705 2477 5756 conveniunt
2489 5717 2592 5753 non
2616 5717 2736 5752 cum
2757 5704 2984 5753 editione
3008 5702 3346 5766 Henschenii,
3377 5715 3493 5766 quae
3515 5702 3767 5750 differen-
