3996 6472
199 411 287 472 465

868 414 1319 473 SCHESLESTR.
1366 417 1674 477 DISSERT.
1713 420 1806 477 DE
1840 417 2077 490 ANTIO.
2114 418 2282 488 BOM.
2325 419 2530 477 PONT.
2568 419 2910 478 CATALOG.

3512 421 3617 482 466

248 541 512 618 ιίειγίειωεῑξ
545 555 652 618 non
687 543 1344 618 obest'a'nquitatinoperis,
1382 544 1474 618 sed
1507 543 1834 618 eam_p0til18
1857 547 1916 606 A
1947 545 2042 602 nis
2055 547 2491 618 antiquissimis
2511 551 2768 618 tempore
2783 545 3002 603 Liberii
3023 545 3278 603 exaratis
3295 546 3611 604 etiamnum

248 605 588 669 commendat.
621 631 681 640 --
726 606 816 656 IV.
851 605 1169 662 Henschenii
1188 605 1468 666 sententia,
1507 605 1828 669 quod’prior

248 667 457 732 catalogi
486 682 602 728 pars
631 683 796 732 usque
823 671 885 717 ad
917 669 1183 718 Urbanum
1205 671 1268 718 ab
1292 667 1831 732 Anthero'papzfcon-

250 685 457 727 catalogi
486 685 602 728 pars
631 685 796 732 usque
823 685 885 717 ac
922 685 1183 718 urbanum
1205 685 1268 718 an
1292 685 1522 719 antnero
1586 685 1684 731 apa
1707 685 1814 716 con

250 731 428 800 scripta
450 732 534 800 sit,
558 734 790 800 s_ecunda
809 747 1114 800 parensque
1134 734 1199 800 ad
1224 733 1485 800 Liberium
1509 685 1710 800 alijecta
1732 732 1814 800 fue

250 793 352 840 rita
371 797 550 842 sancto
572 795 893 858 Damaso.—
907 796 971 843 ν.
991 793 1380 858 Papebrochius
1400 797 1464 844 de
1485 796 1665 857 prima
1678 795 1836 857 partis

248 859 446 904 auctore
473 871 595 904 cum
623 857 961 906 Henschenio
982 857 1240 918 convenit,
1264 859 1507 907 secunda
1534 859 1691 920 partis
1713 872 1839 919 qua-

247 921 356 966 tuor
373 924 610 968 auctores
637 923 832 982 posuit.
863 947 926 956 —
955 921 1046 969 VI.
1077 921 1374 971 Ostenditur
1404 921 1542 984 quod
1573 920 1836 984 Antherus

247 995 372 1043 papa
391 996 497 1029 non
520 985 585 1031 sit
605 988 783 1032 auctor
802 985 992 1046 prioris
1013 985 1170 1045 partis
1193 983 1434 1045 catalugil
1457 1011 1517 1019 —
1540 983 1657 1031 VII.
1683 983 1835 1032 Com-

248 1046 487 1104 probatur
511 1059 573 1094 ex
597 1046 804 1095 duobus
828 1047 1093 1095 erroribus
1118 1047 1172 1095 in
1205 1047 1304 1095 hoc
1335 1046 1568 1104 catalogo
1595 1046 1732 1094 circa
1758 1059 1838 1092 or-

247 1105 837 1178 dinemnsuceedentium
862 1110 960 1178 sibi
996 1109 1299 1178 pontiﬁcutn
1331 1109 1659 1178 commissis;
1691 1107 1838 1178 ponit

248 1169 379 1217 enim
407 1169 729 1234 Clementem
756 1176 872 1220 ante
899 1169 1122 1232 Cletum,
1154 1175 1205 1221 et
1236 1173 1389 1221 Pium
1420 1176 1539 1234 post
1559 1169 1834 1220 Anicetum

247 1244 358 1279 eum
380 1237 582 1280 constet
604 1233 925 1283 Clementem
953 1234 1119 1294 Cleto,
1147 1240 1196 1283 et
1223 1233 1498 1284 Anicetum
1521 1235 1614 1283 Pio
1633 1247 1839 1281 succes-

247 1294 472 1372 sisse.i—
494 1295 647 1372 VIII:
675 1297 751 1346 De
771 1299 1013 1372 secunda
1032 1299 1192 1372 partis
1213 1298 1512 1372 auctoribus
1528 1297 1836 1372 ostenditur,

247 1369 567 1430 nequaquam
603 1359 666 1407 ab
702 1364 912 1408 auctore
946 1361 1085 1432 tertii
1121 1361 1298 1409 saculi
1325 1360 1604 1434 pontiﬁces
1635 1359 1840 1407 additos

247 1417 593 1486 fuisseusque
619 1422 682 1469 ad
712 1423 900 1471 Felicis
923 1423 1298 1485 pontiﬁcatum,
1323 1425 1480 1486 idque
1507 1421 1756 1486 probatur
1780 1434 1843 1469 ex

246 1482 504 1530 erroribus
525 1482 940 1548 chronologicis;
959 1487 1021 1534 ad
1043 1499 1177 1548 quos
1194 1482 1461 1534 evitandbs
1484 1482 1587 1533 non
1599 1485 1747 1548 juvat
1764 1497 1843 1531 re-

245 1556 446 1610 currere
476 1547 541 1593 ad
573 1547 888 1606 vicariatum,
923 1552 977 1596 ut
1005 1546 1208 1596 constat
1237 1563 1298 1597 ex
1327 1553 1560 1610 tempore
1592 1561 1690 1610 que
1723 1546 1840 1595 Ste-

245 1605 442 1667 phanus
465 1610 816 1670 pontiﬁcatum
843 1605 1024 1660 tenuit.
1051 1638 1114 1646 —
1139 1611 1229 1660 IX.
1263 1605 1582 1661 Monstratur
1606 1605 1834 1672 quoque,

244 1675 517 1736 sequentes
548 1677 665 1734 post
690 1673 914 1722 Felicem
941 1674 1216 1736 pontiﬁces
1243 1689 1349 1722 non
1376 1689 1489 1722 esse
1512 1688 1542 1721 a
1561 1673 1723 1720 tribus
1751 1686 1839 1719 au-

241 1732 469 1798 ctoribus
483 1732 696 1783 diversis
715 1732 1012 1797 adjunctos,
1030 1738 1121 1785 sed
1143 1737 1204 1785 ab
1230 1751 1332 1785 uno
1352 1738 1643 1798 eodemque
1661 1737 1838 1798 aucto-

241 1806 309 1858 reg
330 1821 392 1858 έ
412 1795 479 1844 Χ.
511 1799 660 1856 Quod
681 1795 850 1848 tamen
877 1801 956 1848 his
984 1814 1087 1848 non
1115 1800 1442 1848 obstantibus
1471 1795 1656 1847 auctor
1681 1797 1836 1858 hujus

240 1855 454 1929 catalogi
487 1855 874 1929 antiquissimus
906 1863 987 1922 sit,
1019 1866 1070 1911 et
1093 1855 1835 1929 circaLiberiipontiﬁcatum

239 1921 428 1992 vixerit,
461 1921 922 1992 variis—rationibus
948 1927 1421 1992 comprobatur-.A—
1445 1921 1536 1992 X1.
1573 1924 1717 1992 Idem
1747 1923 1835 1970 ad-

238 1986 491 2032 miserunt
521 1999 626 2034 non
659 1987 828 2036 solum
856 1987 1127 2045 Catholici,
1161 1989 1252 2036 sed
1288 1989 1443 2036 etiam
1473 1986 1723 2044 haeretici,
1751 1999 1836 2034 ex-

239 2049 381 2106 cepto
419 2047 721 2109 Dodwcllo,
752 2050 904 2110 cujus
935 2050 1190 2098 sententia
1219 2051 1532 2112 exploditur.

248 2139 292 2196 t.
321 2143 806 2216 Antiquissimus
832 2147 1220 2202 Romanorum
1254 2146 1593 2217 pontiﬁcum
1620 2145 1843 2202 catalo-

188 2245 293 2302 gus,
327 2235 435 2305 qui
491 2235 668 2290 hodie
710 2242 993 2307 superest,
1048 2236 1146 2293 ille
1179 2237 1411 2307 quidem
1457 2236 1703 2308 videtur,
1738 2234 1840 2305 qui

188 2333 346 2393 usque
379 2323 458 2378 ad
497 2324 690 2379 Liberi
743 2325 1079 2395 pontiﬁcum
1127 2327 1405 2396 pervenit,
1448 2339 1516 2380 ex
1563 2339 1676 2396 quo
1723 2324 1844 2379 Cu—

186 2411 486 2480 spinianus
531 2414 802 2470 consules
849 2416 1192 2486 desumpsit,
1237 2429 1383 2486 quos
1429 2414 1842 2471 commentario

186 2513 275 2556 suo
301 2503 358 2557 in
391 2503 627 2559 Aurelii
659 2504 989 2560 Cassiodori
1019 2506 1217 2561 Fastos
1253 2505 1521 2573 inseruit,
1559 2509 1623 2560 ut
1657 2504 1726 2560 ad
1768 2503 1844 2558 ﬁ-

187 2602 293 2645 nem
317 2591 498 2662 hujus
529 2593 746 2663 capitis
777 2607 844 2649 ex
878 2593 1004 2663 ipso
1034 2595 1448 2650 commentario
1473 2594 1843 2649 demonstra-

189 2677 377 2736 bimus.
404 2684 689 2739 Eumdem
712 2683 1035 2755 catalogum
1061 2684 1268 2740 habuit
1291 2685 1350 2739 in
1373 2683 1637 2754 antiquis
1660 2696 1844 2738 mem-

186 2767 366 2826 branis
392 2772 677 2829 Nicolaus
695 2773 999 2832 Fabricius
1030 2775 1277 2829 Peiresci
1300 2773 1576 2830 dominus
1608 2777 1664 2828 et
1681 2785 1841 2828 sena-

187 2861 265 2915 tor
289 2862 603 2933 Aquensis,
640 2864 726 2919 uti
777 2869 1022 2920 testatur
1057 2863 1348 2920 Antonius
1391 2863 1723 2936 Cappellus,
1769 2863 1840 2918 de

184 2947 333 3006 Cana
361 2957 419 3008 et
450 2953 732 3009 Passione
760 2954 1005 3018 Christi,
1038 2969 1161 3026 cap.
1194 2952 1248 3024 5,
1283 2959 1359 3021 et,
1393 2954 1443 3009 si
1477 2953 1838 3009 Henschenio

183 3040 661 3112 credamus,hunc
675 3044 935 3099 eumdem
950 3043 1272 3116 catalogum
1291 3042 1842 3112 habuitOnuphrius

185 3126 507 3197 Panvinius,
546 3133 654 3202 qui
687 3135 1101 3190 commentario
1126 3134 1182 3189 in
1210 3132 1424 3188 librum
1463 3147 1503 3188 ll
1537 3132 1840 3188 Fastorum

187 3216 377 3288 incipit
402 3223 597 3278 citare
623 3223 934 3278 Damasum
966 3223 1036 3279 de
1056 3223 1209 3279 Vitis
1242 3223 1602 3294 pontiﬁcum,
1631 3236 1662 3277 a
1695 3235 1841 3276 con—

183 3306 360 3366 sulatu
398 3311 715 3369 Saturnini
757 3319 814 3368 et
847 3313 1160 3384 Scipionis,
1203 3312 1313 3368 sub
1346 3312 1562 3384 quibus
1603 3317 1840 3367 sanctus

185 3397 342 3456 Linus
366 3402 423 3457 in
456 3400 706 3474 prafato
733 3403 991 3474 catalogo
1007 3404 1230 3459 dicitur
1253 3406 1479 3459 creatus
1502 3401 1686 3458 fuisse
1711 3402 1845 3472 epi-

183 3502 389 3558 scopus.
437 3495 658 3549 Verum
702 3499 858 3550 errat
901 3495 990 3550 vir
1032 3494 1319 3550 eruditus.
1353 3495 1552 3549 Exstat
1591 3494 1746 3550 enim
1781 3493 1839 3547 in

184 3575 519 3639 Bibliotheca
555 3582 841 3639 Vaticana
871 3587 996 3654 post
1016 3583 1310 3653 Onuphrii
1341 3582 1606 3639 Panvinii
1635 3583 1842 3638 Fasto-

184 3680 294 3723 rum
338 3670 558 3728 librum
612 3673 787 3728 index
835 3673 1116 3729 librorum
1148 3679 1205 3729 et
1234 3677 1493 3729 actorum
1545 3686 1680 3727 mss.
1717 3684 1845 3742 qua

181 3755 500 3829 Onuphrius
517 3762 852 3819 Panvinius
868 3762 938 3819 de
955 3763 1105 3818 Vitis
1125 3762 1463 3833 pontiﬁcum
1479 3761 1723 3833 viderat,
1743 3766 1846 3818 aut

183 3860 336 3914 penes
365 3867 426 3908 se
452 3852 768 3925 habuerat,
804 3853 861 3908 in
896 3867 1008 3924 quo
1042 3853 1236 3909 indice
1271 3853 1604 3909 nullatenus
1631 3867 1847 3922 supra—

181 3934 358 3996 dictus
379 3944 694 4016 catalogus
715 3947 1025 4014 comparet,
1049 3944 1148 4000 sed
1171 3944 1358 4000 solum
1381 3943 1638 3999 citantur
1648 3944 1848 4014 ponti-

177 4030 320 4095 ficum
352 4035 735 4090 Romanorum
776 4035 914 4090 Vita
953 4036 1180 4091 Damasi
1211 4050 1394 4105 papa,
1438 4033 1750 4096 Anastasii,
1801 4037 1851 4088 et

180 4115 444 4177 Guilletmi
490 4124 552 4179 S.
605 4126 673 4180 R.
727 4125 790 4177 Ε.
841 4124 1406 4187 Bibliothecariorum,
1457 4124 1717 4194 Pandulﬁ
1770 4125 1855 4185 Pi.

177 4214 308 4272 sani,
342 4219 390 4266 et
420 4219 800 4268 recentiorum
843 4219 1144 4276 auctorum,
1183 4228 1214 4270 a
1252 4214 1469 4284 quibus
1508 4214 1852 4284 Onuphrius

179 4309 386 4366 putavnt
429 4305 844 4375 conscriptum
877 4302 1061 4360 fuisse
1093 4304 1309 4360 librum
1345 4303 1736 4360 Pontiﬁcalem
1779 4304 1849 4360 de

179 4404 279 4458 quo
302 4391 454 4450 infra
483 4408 755 4466 agemus.
784 4394 1129 4465 Onuphrius
1157 4393 1352 4464 itaque
1376 4407 1672 4464 nunquam
1701 4393 1849 4449 vidit

177 4482 660 4553 antiquissimum
706 4483 1052 4556 catalogum,
1099 4484 1200 4554 qui
1246 4483 1465 4539 desinit
1511 4483 1569 4538 in
1617 4481 1848 4539 Liberio

1945 641 2270 705 superesset
2310 637 2370 692 in
2420 636 2774 693 bibliotheca
2814 637 3090 694 Casarea.
3125 638 3330 708 Magno
3373 637 3614 708 proinde

1944 725 2309 782 addiscenda
2367 727 2634 783 veritatis
2687 727 2982 783 desiderio
3028 728 3241 783 ductus
3291 727 3500 798 scripsi
3542 728 3611 783 ad

1945 827 2006 868 v.
2037 815 2111 871 cl.
2141 816 2466 873 Conradum
2497 817 2808 889 Janingum
2837 830 2938 886 pro
2963 816 3354 887 compilandis
3378 821 3618 874 sancto-

1947 919 2076 960 rum
2097 905 2259 962 Actis
2279 920 2432 964 anno
2453 905 2475 962 i
2486 905 2592 963 688
2608 906 2995 963 bibliothecas
3017 907 3340 962 Germania
3363 907 3620 962 visitan-

1947 997 2080 1063 tem,
2114 1001 2172 1051 et
2217 996 2326 1051 iter
2357 997 2632 1052 Viennam
2665 1007 2850 1065 usque
2893 994 3316 1063 instituentem,
3357 1003 3420 1052 ut
3466 996 3619 1051 inter

1944 1082 2183 1140 Codices
2207 1080 2635 1156 manuscriptos
2661 1085 2975 1142 historicos
2998 1085 3235 1140 Latinos
3261 1085 3617 1156 quinquage-

1949 1173 2162 1229 simum
2212 1180 2434 1232 sextum
2487 1175 2866 1246 pervolveret,
2915 1187 3020 1229 nec
3065 1174 3230 1230 modo
3278 1173 3619 1230 vetustioris

1948 1263 2198 1336 catalogi
2232 1265 2424 1321 varias
2452 1265 2730 1322 lectiones
2755 1269 3105 1335 excerperet,
3140 1264 3238 1320 sed
3271 1265 3445 1320 etiam
3471 1263 3619 1319 cha-

1951 1353 2194 1409 racteris
2225 1355 2536 1424 specimen,
2587 1362 2652 1411 ut
2691 1355 2762 1410 de
2798 1359 2963 1410 atate
3008 1355 3313 1424 scriptura
3353 1353 3619 1423 judicare

1953 1453 2197 1513 possem,
2226 1443 2295 1498 ad
2332 1457 2419 1499 me
2449 1445 2890 1500 transmitteret.
2924 1444 3083 1500 Fecit
3108 1445 3200 1500 vir
3231 1442 3353 1512 ille,
3383 1456 3486 1513 pro
3517 1453 3618 1498 sua

1954 1529 2336 1599 humanitate,
2403 1534 2554 1604 quod
2611 1533 2684 1588 ab
2745 1534 2872 1604 ipso
2935 1535 3232 1605 petieram,
3287 1532 3620 1602 litterisque

1948 1619 2045 1675 die
2089 1618 2160 1676 29
2197 1621 2340 1677 Julii
2383 1635 2534 1679 anno
2577 1621 2717 1679 4688
2759 1624 2992 1680 Vienna
3035 1623 3108 1679 ad
3156 1636 3244 1679 me
3281 1622 3457 1690 datis,
3504 1632 3616 1676 non

1951 1709 2119 1765 modo
2144 1710 2337 1765 varias
2359 1709 2636 1768 lectiones
2660 1711 2834 1769 istius
2853 1712 3076 1768 codicis
3095 1712 3278 1783 misit,
3301 1711 3397 1767 sed
3422 1709 3620 1782 signi-

1950 1798 2144 1855 ﬁcavit
2184 1813 2452 1870 quoque:
2498 1821 2524 1854 α
2557 1803 2640 1856 Ex
2691 1801 2767 1856 iis
2816 1803 3002 1872 palam
3055 1802 3198 1873 ﬁeri,
3234 1814 3419 1873 neque
3465 1799 3619 1856 hunc

1865 1882 1914 1941 Β
1948 1889 2273 1960 catalogum
2317 1889 2583 1946 Casarea
2623 1890 2990 1947 bibliotheca
3033 1907 3101 1948 ex
3139 1891 3401 1962 catalogo
3432 1891 3621 1946 liens-

1948 1979 2168 2050 chenii,
2193 1993 2378 2050 neque
2394 1979 2746 2036 Henschenii
2766 1981 3090 2052 catalogum
3112 1995 3180 2037 ex
3193 1981 3390 2036 codice
3411 1979 3622 2035 biblio-

1951 2067 2128 2124 theca
2172 2067 2444 2124 Casarea
2491 2069 2815 2139 descriptos
2859 2083 3002 2140 esse,
3053 2069 3149 2124 sed
3196 2074 3509 2139 utrumque
3553 2080 3622 2122 ex

1951 2157 2069 2213 alio
2098 2164 2272 2229 atque
2303 2158 2420 2214 alio
2452 2159 2710 2230 exemplo
2749 2159 3138 2230 desumptum,
3189 2159 3338 2214 idem
3383 2157 3620 2227 aliquod

1954 2248 2259 2318 antiquius
2274 2254 2615 2319 prototypon
2637 2248 2756 2304 med
2770 2249 2882 2304 iate
2902 2247 3192 2318 habuisse,
3211 2250 3441 2317 prOpter
3458 2259 3628 2316 quos-

1952 2337 2082 2394 dam
2123 2338 2352 2393 eosdem
2387 2338 2552 2407 plane
2587 2337 2646 2393 in
2702 2343 2948 2408 utroque
2989 2335 3268 2392 defectus.
3300 2336 3461 2405 Quod
3512 2350 3626 2391 au-

1954 2431 2066 2480 tem
2115 2426 2184 2481 ad
2231 2426 2638 2496 antiquitatem
2690 2430 2930 2496 spectat,
2983 2433 3048 2481 ut
3094 2426 3238 2480 mihi
3292 2423 3624 2480 verosimile

1951 2516 2200 2585 videtur,
2227 2520 2447 2572 atatem
2481 2516 2654 2586 primi
2680 2516 2806 2584 ejus
2826 2515 3083 2571 auctoris
3114 2528 3278 2584 posse
3296 2514 3366 2569 ad
3396 2519 3623 2582 tempus

1952 2605 2168 2660 Liberii
2197 2619 2350 2675 papa
2383 2604 2612 2676 referri,
2644 2605 2724 2660 ita
2749 2605 2936 2661 ausim
2961 2603 3262 2675 aﬁirmare,
3296 2603 3402 2659 hoc
3427 2616 3625 2658 exem—

1956 2695 2114 2765 plum
2145 2696 2464 2750 Casareum
2492 2696 2686 2764 annis,
2717 2699 2782 2750 ut
2803 2708 3114 2764 summum,
3150 2693 3489 2766 quingentis
3519 2707 3623 2749 ve-

1952 2783 2170 2839 tustius
2199 2797 2310 2839 non
2332 2797 2457 2840 esse
2481 2801 2493 2837 :
2522 2783 2696 2855 idque
2722 2783 2926 2839 suadet
2941 2782 3010 2855 (si
3040 2796 3153 2838 non
3180 2787 3237 2838 et
3261 2780 3621 2852 persuadeat)

1949 2874 2292 2943 adjunctum
2323 2873 2382 2928 in
2408 2873 2603 2929 eodem
2632 2872 2830 2928 codice
2849 2871 3194 2942 cpusculum
3219 2871 3369 2942 quod
3402 2869 3623 2925 inscri-

1951 2962 2118 3019 bitur
2158 2962 2487 3018 Chronicon
2543 2962 2910 3032 Polonorum,
2965 2959 3224 3031 facitque
3273 2963 3618 3016 mentionem

1949 3053 2260 3109 Alexandri
2297 3066 2453 3124 papa
2486 3054 2581 3124 Ill,
2613 3056 2678 3108 ut
2715 3053 2786 3108 de
2813 3052 2970 3108 notis
3002 3057 3363 3122 posterorum
3396 3055 3627 3120 tempo-

1954 3157 2102 3211 rum,
2136 3157 2281 3214 quas
2313 3142 2610 3212 inquirere
2656 3141 2795 3197 aliis
2844 3141 3122 3212 impedito
3165 3153 3275 3197 non
3326 3139 3482 3207 licet,
3528 3144 3617 3194 ta-

1876 3222 1924 3285 C
1953 3245 2132 3305 ceam,
2177 3232 2434 3304 adeoque
2478 3231 2646 3287 illius
2687 3236 2908 3287 atatem
2959 3231 3232 3286 excedere
3270 3243 3380 3286 non
3415 3231 3620 3298 potest.

1951 3325 2071 3378 iam
2127 3335 2254 3378 vero
2305 3321 2412 3378 hoc
2444 3320 2790 3392 opusculum
2823 3320 3114 3390 scriptura
3141 3319 3374 3390 quidem
3419 3317 3626 3374 diver»

1955 3425 2081 3468 sum
2109 3425 2142 3466 a
2169 3410 2428 3482 catalogo
2459 3415 2565 3480 est,
2595 3410 2794 3466 charta
2821 3416 3007 3466 tamen
3029 3407 3234 3480 (neque
3259 3407 3414 3462 enim
3442 3420 3626 3462 mem—

1955 3501 2271 3557 branaceus
2319 3505 2404 3555 sst
2432 3500 2608 3556 codex
2643 3499 2758 3569 hic,
2795 3512 2978 3570 neque
3023 3498 3172 3554 idem
3216 3509 3346 3553 cum
3395 3495 3518 3566 illo,
3553 3495 3624 3552 de

1956 3605 2068 3662 quo
2104 3589 2425 3646 Bucherius
2471 3594 2667 3645 noster
2705 3589 2857 3658 apud
2904 3586 3292 3655 Lambecium,
3339 3583 3488 3640 libro
3525 3582 3623 3654 v1),

1954 3679 2096 3735 adeo
2128 3677 2326 3734 simile
2349 3682 2415 3732 ut
2439 3690 2509 3732 ne
2534 3689 2700 3732 ovum
2729 3689 2834 3730 ovo
2861 3674 3096 3747 quidem
3127 3676 3311 3744 magis
3335 3685 3459 3728 esse
3488 3685 3626 3740 pos-

1954 3768 2074 3836 sit;
2106 3779 2289 3835 neque
2313 3777 2444 3819 vero
2466 3765 2762 3819 character
2794 3763 2916 3832 ipse
2942 3761 3188 3832 catalogi
3216 3761 3625 3831 antiquitatem

1963 3857 2231 3924 majorem
2272 3853 2514 3922 indicat,
2557 3852 2607 3907 si
2656 3865 2768 3907 non
2810 3858 2865 3908 et
2896 3851 3198 3905 minorem.
3240 3849 3402 3906 Addo
3440 3855 3625 3905 tamen

1961 3945 2086 4014 ejus
2109 3941 2417 4011 specimen,
2449 3958 2475 3989 »
2507 3945 2613 3996 etc.
2645 3939 2772 3994 Hac
2806 3939 2924 4007 ille,
2961 3952 3127 4010 quem
3160 3944 3308 3994 recte
3333 3938 3628 4008 judicasse

1962 4035 2032 4091 de
2062 4038 2226 4088 atate
2250 4031 2574 4101 scriptura,
2609 4044 2676 4087 ex
2705 4029 3020 4100 specimine
3053 4029 3178 4098 ipso
3210 4029 3278 4085 ad
3312 4042 3398 4085 me
3429 4033 3630 4084 trans-

1965 4125 2144 4179 misso
2173 4122 2414 4191 conject,
2449 4121 2545 4176 vix
2575 4120 2730 4176 enim
2760 4132 2848 4174 ccc
2877 4132 3157 4176 annorum
3194 4124 3416 4175 atatem
3449 4131 3630 4188 supe-

1966 4227 2092 4271 rare
2126 4226 2289 4283 posse
2313 4211 2596 4282 judicavi.

2035 4302 2088 4359 3.
2121 4306 2260 4358 Cum
2309 4303 2502 4372 itaque
2528 4315 2595 4356 ex
2629 4297 2885 4371 prafatis
2932 4298 3144 4354 litteris
3189 4302 3411 4354 constet
3457 4298 3631 4366 hujus

1962 4393 2302 4451 vetustioris
2337 4391 2582 4462 catalogi
2622 4389 3046 4462 autographum
3087 4388 3452 4458 deperditum
3483 4401 3625 4456 esse,

1961 4491 2017 4541 et
2063 4497 2175 4540 non
2211 4482 2324 4538 nisi
2381 4481 2700 4537 recentiora
2752 4483 3144 4550 transumspta
3189 4477 3454 4549 reperiri,
3504 4491 3630 4548 qua

176 4583 644 4645 papa,quemque
661 4571 1842 4643 nonnullicredebantdeperditumfuisse,
1875 4593 1929 4655 D
1962 4574 2207 4630 multum
2251 4572 2401 4628 inter
2434 4585 2494 4627 se
2521 4569 2754 4628 diﬁerre
2792 4575 3222 4643 cognoscuntur
3267 4582 3453 4639 opera
3495 4582 3630 4639 pre—

176 4673 348 4732 usque
366 4664 508 4720 dum
528 4664 809 4736 iEgidius
826 4663 1147 4720 Bucherius
1167 4663 1332 4720 illum
1356 4663 1414 4719 in
1435 4661 1848 4719 commentario

176 4764 271 4807 suo
302 4752 368 4808 ad
391 4754 694 4810 Canonem
732 4751 1058 4824 paschalem
1091 4750 1298 4815 edidit,
1333 4757 1539 4808 notans
1570 4757 1850 4824 autogra-

179 4839 342 4910 phum
375 4857 556 4914 penes
597 4858 664 4900 se
706 4841 983 4899 habuisse
1021 4842 1466 4912 Cuspinianum.
1499 4840 1661 4911 Quod
1713 4841 1848 4896 item

177 4936 412 4989 testatur
449 4933 831 5004 Lambecius,
878 4933 1029 4990 libro
1077 4947 1132 4989 1v
1176 4932 1731 4989 Commentariorum
1783 4933 1853 4988 de

177 5018 522 5080 bibliotheca
573 5025 842 5079 Casarea
889 5022 982 5078 his
1031 5022 1257 5080 verbis:
1299 5043 1325 5075 α
1371 5021 1635 5077 Eximius
1675 5020 1852 5077 codex

178 5124 274 5167 ms.
310 5127 476 5184 quem
531 5111 872 5169 Bucherius
904 5113 1104 5170 laudat
1143 5117 1201 5169 et
1244 5110 1558 5180 desiderat,
1593 5109 1690 5165 sed
1738 5107 1855 5166 fere

175 5205 439 5274 tanquam
480 5205 787 5276 perditum
820 5204 1102 5276 deplorat,
1136 5209 1400 5276 superest
1441 5205 1758 5262 etiamnum
1793 5205 1854 5263 in

177 5297 592 5365 augustissima
605 5294 739 5351 bibl
752 5293 1677 5352 iothecaCasareaVindobonensi
1694 5310 1856 5368 aque

182 5381 408 5458 integer,
439 5393 505 5443 ut
536 5385 669 5458 ipse
703 5383 1103 5454 Cuspinianus
1133 5399 1198 5441 eo
1222 5382 1361 5439 olim
1388 5398 1529 5440 usus
1559 5390 1664 5453 est,
1693 5386 1858 5444 obti—

180 5479 373 5545 netque
398 5476 558 5533 inter
577 5473 825 5533 codices
851 5475 1140 5531 manuscri
1153 5479 1281 5544 ptos
1305 5471 1615 5530 historicos
1640 5473 1854 5534 latinos

182 5563 356 5622 locum
381 5563 962 5639 quinquagesimum
996 5570 1251 5621 sextum.
1289 5581 1314 5612 1)

242 5654 292 5714 2.
324 5659 405 5716 Ex
436 5660 607 5716 hisce
640 5653 942 5713 Lambecii
972 5653 1163 5710 verbis
1195 5651 1440 5709 dubium
1475 5651 1621 5710 mihi
1663 5659 1854 5712 ortum

183 5752 276 5820 est,
298 5764 430 5808 num
460 5745 916 5822 antegraphum
940 5743 1200 5815 pradicti
1219 5742 1467 5817 cataIOgi
1491 5743 1550 5800 in
1578 5745 1848 5803 membra.

1963 4664 2109 4721 tium
2143 4676 2229 4720 me
2256 4659 2542 4718 facturum
2569 4660 2921 4726 existimavi,
2948 4661 2997 4716 si
3031 4659 3370 4732 pradictum
3400 4657 3630 4715 catalo-

1963 4767 2096 4826 gum
2157 4749 2311 4808 intra
2365 4764 2495 4807 cum
2545 4749 2909 4807 variantibus
2959 4747 3315 4805 lectionibus
3362 4747 3624 4802 ederem:

1964 4843 2115 4901 unde
2137 4841 2220 4898 nil
2241 4840 2403 4897 aliud
2439 4839 2546 4896 hoc
2568 4839 2693 4897 loco
2719 4839 3052 4911 adjungam,
3079 4849 3248 4908 quam
3280 4835 3628 4905 catalogum,

1963 4937 2134 5003 prout
2160 4929 2230 4986 ab
2261 4928 2617 4985 ilenschenio
2651 4929 2710 4984 in
2737 4927 2899 4983 Actis
2930 4929 3287 4992 sanctorum,
3317 4926 3374 4978 et
3403 4935 3437 4976 a
3462 4919 3630 4978 nobis

1965 5021 2026 5078 in
2055 5019 2420 5091 Antiquitate
2450 5017 2742 5074 illustrata
2769 5015 2965 5070 editus
2985 5011 3120 5081 fuit,
3149 5010 3317 5081 longe
3345 5009 3632 5080 integrio~

1966 5125 2082 5168 rem
2125 5124 2249 5166 esse
2285 5123 2352 5166 eo
2385 5108 2486 5178 qui
2523 5107 2581 5162 in
2615 5103 2970 5160 bibliotheca
3013 5099 3268 5154 Casarea
3314 5097 3629 5155 etiamnum

1968 5200 2273 5270 reperitur.
2305 5199 2365 5252 In
2395 5195 2596 5250 codice
2621 5193 2774 5249 enim
2803 5190 3060 5243 Casareo
3088 5185 3300 5242 desunt
3330 5185 3631 5258 pontiﬁces

1967 5289 2262 5353 Anicetus,
2293 5281 2689 5348 Eleutherius,
2719 5282 2776 5334 et
2803 5273 3180 5346 Zephyrinus,
3210 5275 3313 5346 qui
3344 5275 3403 5332 in
3437 5281 3632 5332 nostra

1968 5377 2225 5436 editione
2262 5375 2531 5429 exstant:
2568 5383 2698 5425 cum
2741 5372 2930 5422 autem
2965 5364 3141 5420 iidem
3183 5369 3298 5422 tres
3328 5365 3632 5424 Pontiﬁces

1968 5468 2142 5526 etiam
2172 5461 2575 5520 desiderentur
2605 5458 2666 5514 in
2695 5453 2954 5513 editione
2983 5453 3274 5527 Bucherii,
3310 5455 3471 5512 valde
3500 5469 3632 5514 vero

1970 5557 2164 5616 simile
2195 5551 2342 5611 mihi
2369 5549 2557 5605 visum
2584 5552 2690 5618 est,
2727 5545 3105 5609 membranas,
3141 5557 3284 5613 quas
3313 5547 3634 5604 Bucherius

1969 5661 2141 5722 penes
2161 5659 2223 5703 se
2244 5639 2470 5710 habuit,
2491 5651 2560 5694 ex
2578 5637 2789 5695 Codice
2806 5633 3061 5693 Casareo
3084 5633 3404 5708 descriptas
3427 5635 3630 5691 fuisse.

1969 5721 2033 5799 In
2080 5752 2193 5812 qua
2221 5729 2506 5796 sententia
2537 5729 2622 5788 vel
2657 5723 2904 5786 maxime
2941 5721 3320 5784 conﬁrmatus
3358 5723 3466 5794 tui,
3495 5723 3634 5778 dum
