3996 6452
432 415 538 476 467

1221 407 1316 468 AD
1357 408 1795 468 ANASTASIUM
1831 405 2351 468 PROLEGOMENA
2385 407 2564 465 EDlT.
2607 407 3039 466 ROM.—VATIG.

3725 404 3812 466 468

432 543 664 601 collatis
720 537 1070 597 lectionibus
1120 535 1319 595 Codici
1375 536 1638 608 Caesarei,
1687 534 1911 591 easdem
1963 530 2080 588 fere
2109 529 2423 590 Acundus
2441 533 2617 590 Linus
2640 532 2772 604 fuit,
2792 535 3066 592 ettertius
3083 533 3412 605 Anacletus,
3434 537 3490 590 et
3512 534 3563 590 si
3583 535 3814 607 plerique

434 646 648 702 omnes,
682 629 909 687 duabus
938 628 1025 684 vel
1059 627 1250 684 tribus
1277 628 1552 698 exceptis,
1595 627 1652 681 in
1679 624 1935 681 editione
1963 624 2083 678 Bu—
2193 621 2528 680 Latinorum
2555 625 2870 681 secundum
2895 615 3022 696 post
3039 626 3267 681 Petrum
3293 623 3613 695 apostolum
3638 630 3816 695 putent

429 722 613 778 cherii
647 719 887 791 reperiri
921 717 1322 774 animadverti.
1366 717 1496 772 Alio
1537 716 1731 787 itaque
1765 713 2079 784 exemplari

427 811 766 880 Bucherius,
799 809 918 866 alio
942 815 1074 865 ante
1104 821 1206 864 nos
1232 807 1628 863 Henschenius
1649 818 1791 861 usus
1811 809 1914 860 est.
1942 802 2079 870 Quas

424 907 611 958 tamen
635 899 786 956 nihil
815 899 1044 956 obstant
1068 899 1242 967 hujus
1262 897 1506 968 catalogi
1531 901 1586 952 et
1608 893 1994 967 germanitati,
2021 899 2080 950 et

408 989 789 1060 antiquitati,
822 1001 954 1043 cum
994 986 1162 1042 facile
1191 985 1486 1057 contigere
1525 984 1797 1054 potuerit,
1832 983 1983 1038 sicut
2015 981 2076 1037 iu

421 1079 648 1135 caeteris
700 1079 1074 1148 antiquorum
1117 1075 1389 1148 operibus
1437 1072 1768 1146 frequenter
1809 1072 2074 1144 contigit,
2122 1127 2130 1134 ,

423 1167 702 1224 librarios
727 1174 784 1222 et
813 1166 1144 1222 tabellarios
1181 1179 1292 1221 non
1340 1171 1534 1222 exacte
1567 1163 1947 1234 descripsisse
1974 1177 2079 1218 co-

423 1257 604 1327 dices,
629 1255 726 1312 sed
753 1269 882 1312 cum
913 1255 1116 1312 multis
1147 1254 1364 1310 mendis
1390 1259 1448 1310 et
1472 1254 1700 1310 lacunis
1723 1253 1792 1308 ad
1823 1258 2078 1322 posteros

425 1345 840 1402 transmisisse.
877 1344 1038 1400 Unde
1066 1342 1349 1398 afﬁrmare
1377 1345 1578 1413 audeo,
1603 1343 1804 1398 menda
1834 1347 1892 1396 et
1928 1340 2080 1396 lacu-

424 1449 528 1492 nas
548 1435 778 1508 signum
802 1448 928 1492 esse
949 1434 1100 1506 quod
1125 1447 1296 1503 opera
1315 1431 1388 1487 ab
1408 1431 1668 1504 antiquis
1693 1430 2078 1501 scriptoribus

424 1523 676 1594 profecta
708 1524 854 1580 sint.
895 1523 1034 1594 Qum
1061 1537 1192 1579 cum
1234 1523 1315 1578 ita
1343 1535 1467 1578 esse
1509 1521 1720 1590 passim
1750 1533 1820 1576 ex
1866 1533 2077 1575 manu-

420 1613 662 1685 scriptis
681 1612 988 1670 codicibus
1007 1612 1336 1683 doceamur,
1362 1615 1539 1667 restat
1563 1615 1628 1666 ut
1644 1609 1715 1665 de
1738 1609 2076 1666 auctoribus

423 1702 602 1772 hujus
640 1702 906 1775 catalogi,
955 1705 1014 1758 et
1054 1701 1270 1773 quibus
1314 1699 1668 1771 temporibus
1707 1698 2070 1770 scripserint,

423 1793 624 1863 paucis
651 1792 1038 1864 inquiramus.

2193 711 2376 768 fuisse
2415 713 2776 770 Clementem.
2827 715 2931 770 Ubi
2977 714 3286 785 Opinamur
3325 713 3557 770 nomine
3600 715 3816 770 Latino-

2191 817 2321 859 rum
2355 804 2602 860 indicari
2627 805 2780 862 hunc
2801 805 3139 878 Catalogum
3160 819 3192 861 a
3215 811 3410 860 sancto
3428 806 3664 861 Damaso
3687 804 3815 860 mis-

2190 907 2320 948 sum
2345 894 2415 949 ad
2447 899 2706 950 sanctum
2735 895 3159 966 Hieronymum,
3194 893 3294 964 qui
3321 895 3494 950 etiam
3525 893 3624 948 lib.
3655 907 3693 962 ι,
3719 891 3813 948 ad-

2189 996 2389 1039 versus
2416 985 2782 1040 Jovinianum
2809 985 3058 1055 appellat
3079 984 3423 1040 Clementem
3450 995 3816 1039 successorem

2187 1073 2434 1140 apostoli
2479 1075 2650 1143 Petri,
2688 1081 2744 1130 et
2791 1074 2850 1130 in
2887 1089 3008 1144 cap.
3058 1089 3158 1144 Ln,
3201 1075 3362 1130 Isaia:
3406 1075 3681 1145 scribens,
3722 1073 3816 1142 ait,

2187 1175 2318 1218 eum
2346 1170 2474 1234 post
2505 1165 2727 1220 Petrum
2757 1165 3065 1220 Romanam
3099 1164 3319 1220 rexisse
3347 1163 3680 1232 Ecclesiam,
3708 1162 3821 1216 sci-

2189 1249 2326 1306 licet
2364 1251 2707 1322 interposito
2745 1253 2814 1308 ad
2860 1252 3149 1309 modicum
3179 1258 3405 1322 tempus
3435 1258 3634 1308 sancto
3673 1250 3818 1319 Lino,

2187 1340 2283 1396 cui
2311 1341 2660 1397 successisse
2685 1341 3029 1398 Clementem
3060 1341 3300 1398 tradunt
3328 1341 3574 1412 Optatus
3604 1339 3822 1396 Milevi-

2188 1434 2379 1501 tanus,
2419 1431 2520 1487 lib.
2554 1446 2618 1504 ιι,
2648 1439 2704 1488 et
2741 1437 2978 1490 sanctus
3011 1431 3394 1503 Augustinus,
3433 1431 3605 1500 epist.
3646 1427 3764 1485 465.
3797 1446 3820 1477 ι)

2257 1518 2312 1576 5.
2345 1521 2630 1577 Hactenus
2663 1522 3056 1578 Henschenius
3088 1521 3159 1578 de
3195 1520 3528 1591 antiquiore
3558 1519 3824 1590 catalogo,

2187 1607 2341 1664 circa
2372 1611 2542 1678 cujus
2567 1611 2912 1666 sententiam
2945 1609 3222 1666 nonnulla
3254 1609 3460 1665 habuit
3487 1625 3542 1668 v.
3571 1623 3622 1665 ο.
3655 1609 3828 1676 Pape—

2186 1696 2484 1767 brochius,
2511 1714 2636 1771 qua:
2661 1700 3001 1771 corrigenda
3019 1699 3208 1756 duxit.
3231 1701 3386 1756 Duos
3406 1699 3558 1755 enim
3586 1699 3828 1766 catalogi

2182 1795 2446 1845 auctores
2471 1789 2610 1845 facit
2638 1789 3032 1845 Henschenius
3069 1789 3384 1848 Autherum
3419 1791 3645 1846 scilicet
3677 1792 3832 1862 prio-

492 1877 544 1936 4.
580 1857 808 1938 Putavit
835 1881 1064 1952 quidem
1102 1880 1495 1936 Henschenius
1533 1883 1688 1936 tomo
1714 1877 1902 1948 primo
1931 1889 2074 1933 sau—
2099 1857 2152 1921 Β
2185 1879 2286 1936 ris.
2319 1886 2376 1936 et
2400 1881 2703 1936 Damasum
2730 1879 3070 1951 posterioris
3097 1881 3298 1951 partis,
3323 1894 3491 1951 quam
3519 1857 3710 1937 tamen
3734 1893 3837 1951 po—

419 1973 644 2026 ctorum
696 1970 940 2041 Aprilis,
991 1969 1167 2040 hujus
1214 1969 1460 2042 catalogi
1505 1968 1651 2025 duas
1694 1974 1882 2038 partes
1924 1979 2067 2037 esse,

420 2059 1458 2133 singulasqueadiversisauctoribus
1473 2058 1832 2128 conscriptas
1852 2056 2064 2112 fuisse:

421 2169 448 2201 α
482 2150 690 2221 Prima,
739 2150 954 2222 inquit,
993 2151 1120 2220 ejus
1162 2163 1293 2220 pars
1330 2149 1651 2219 completur
1696 2161 1827 2204 cum
1871 2151 2070 2202 sancto

416 2237 642 2296 Urbano
674 2239 944 2309 pontiﬁce
969 2253 1122 2295 anno
1149 2236 1256 2294 230
1287 2237 1630 2308 martyrium
1666 2250 1848 2305 passo.
1878 2238 1940 2290 In
1963 2235 2071 2290 hac

420 2327 600 2397 priori
635 2333 794 2398 parte
823 2327 974 2383 nulli
1000 2326 1271 2382 consules
1299 2325 1392 2380 bis
1419 2331 1778 2394 repetuntur,
1807 2321 2072 2394 quamvis

416 2415 524 2472 sub
556 2415 762 2471 iisdem
792 2415 902 2471 sub
947 2415 1166 2484 quibus
1210 2413 1406 2468 sedere
1447 2413 1786 2480 inceperunt
1835 2411 2067 2481 quidam

417 2502 635 2560 fuerint
653 2503 775 2560 vita
795 2502 1002 2570 functi,
1032 2509 1133 2560 aut
1157 2501 1432 2572 martyrio
1453 2500 1714 2556 coronati
1740 2513 1938 2555 eorum
1964 2498 2074 2554 de-

415 2604 760 2648 cessores....
791 2591 1008 2647 Auctor
1033 2591 1209 2659 hujus
1237 2590 1420 2660 partis
1447 2589 1679 2645 videtur
1705 2601 1868 2658 posse
1889 2587 2069 2643 statui

416 2685 652 2737 sanctus
680 2680 972 2736 Antherus
994 2692 1160 2750 papa,
1182 2679 1282 2750 qui
1307 2687 1462 2751 gesta
1489 2681 1800 2749 martyrum
1827 2676 2072 2748 diligen-

419 2773 506 2824 ter
533 2782 565 2824 a
591 2768 842 2826 notariis
865 2767 1202 2840 exquisivit,
1249 2772 1306 2824 et
1346 2768 1405 2823 in
1447 2766 1689 2824 ecclesia
1722 2764 2064 2822 recondidit.

416 2857 575 2914 Sedit
606 2859 657 2914 is
683 2857 869 2914 solum
907 2871 1022 2914 uno
1053 2869 1246 2914 mense
1276 2857 1334 2913 in
1365 2870 1473 2914 suo
1504 2856 1862 2926 pontiﬁcatu,
1900 2854 2070 2910 vide-

416 2951 626 3017 turque
681 2952 837 3020 gesta
891 2951 1228 3019 martyrum,
1281 2947 1649 3018 potissimum
1709 2957 2064 3002 summorum

416 3039 752 3110 pontiﬁcum
775 3025 1160 3109 exquisivisse
1183 3037 1419 3092 necdum
1445 3033 1702 3107 pontifex
1731 3035 1840 3090 sub
1871 3038 2068 3091 sancto

2182 1970 2480 2026 steriorem
2536 1975 2748 2041 partem
2789 1984 2822 2026 a
2871 1977 3120 2040 quatuor
3169 1971 3418 2027 diversis
3459 1970 3834 2040 compositam

2182 2057 2384 2126 fuisse,
2406 2059 2656 2116 credidit
2679 2058 3134 2130 Papebrochius;
3169 2060 3320 2116 unde
3351 2059 3410 2114 in
3437 2059 3732 2130 Propylaao
3769 2057 3832 2112 ad

2178 2148 2318 2204 Acta
2343 2154 2672 2206 sanctorum
2711 2149 2848 2206 Maii
2880 2149 3178 2222 sequentia
3224 2149 3478 2205 notavit:
3515 2169 3541 2199 «
3577 2147 3838 2204 Secunda

2180 2248 2316 2307 ergo
2359 2251 2491 2308 pars
2529 2238 2811 2308 inciperet
2839 2251 2872 2293 a
2902 2239 3058 2294 dicto
3107 2239 3407 2308 Pontiano,
3452 2243 3507 2293 et
3538 2237 3648 2293 hac
3706 2249 3837 2307 pas-

2181 2325 2292 2379 sim
2312 2327 2526 2394 majora
2547 2326 2883 2396 pontiﬁcum
2901 2327 3086 2396 elogia
3107 2326 3458 2398 referuntur,
3490 2327 3672 2382 iidem
3699 2338 3842 2381 con-—

2181 2412 2340 2468 sules
2368 2419 2725 2483 repetuntur,
2752 2415 2880 2470 dies
2910 2415 3298 2470 ordinationis
3335 2420 3390 2471 et
3421 2416 3627 2471 mortis
3661 2412 3843 2485 ponti-

2185 2499 2353 2556 ﬁcum
2399 2501 2792 2572 assignantur.
2825 2505 2893 2558 Et
2924 2503 3044 2558 haec
3073 2516 3203 2572 pars
3233 2511 3481 2572 quatuor
3510 2503 3844 2560 successive

2181 2593 2414 2645 auctore
2456 2590 2684 2646 videtur
2713 2590 2986 2647 habuisse
3017 2591 3295 2647 nonnulla
3339 2591 3474 2661 styli
3499 2592 3846 2650 diversitate

2178 2676 2632 2750 dignoscendos;
2689 2692 2933 2750 quorum
2981 2679 3204 2749 primus
3247 2692 3374 2735 cum
3422 2684 3620 2734 sancto
3656 2681 3848 2737 Felice

2181 2767 2452 2837 ﬁniverit,
2486 2769 2772 2825 secundus
2805 2773 2920 2825 tres
2951 2768 3126 2838 hujus
3149 2781 3508 2825 successores
3537 2769 3605 2824 ad
3609 2770 3844 2838 jecerit,

2179 2857 2620 2928 Eutychianum,
2649 2857 2870 2927 Caium,
2902 2865 2958 2913 et
2990 2857 3420 2925 Marcellinum;
3455 2857 3670 2914 tertius
3699 2860 3847 2928 jun—

2179 2947 2330 3003 xerit
2359 2947 2686 3004 Marcellum
2717 2954 2773 3005 et
2803 2948 3110 3004 Eusebium
3133 2990 3147 3018 ,
3191 2952 3432 3018 quartus
3461 2960 3492 3002 a
3520 2949 3849 3005 Melchiade

2179 3051 2364 3108 usque
2396 3037 2464 3092 ad
2515 3037 2727 3092 Liberii
2764 3037 2935 3093 initia
2966 3037 3339 3106 scriptionem
3380 3037 3848 3108 continuaverit,

415 3130 692 3186 Pontiano
734 3141 1066 3185 successore
1107 3126 1292 3183 sancti
1334 3126 1567 3196 Urbani,
1603 3126 1718 3181 imo
1756 3125 1894 3182 Acta
1925 3138 2068 3180 san-
2099 3180 2142 3198 η
2178 3127 2440 3184 floruerit
2467 3133 2658 3184 autem
2691 3127 2800 3184 sub
2849 3127 3026 3198 hujus
3052 3127 3348 3183 decessore
3371 3127 3546 3197 Julio,
3577 3127 3640 3183 in
3669 3129 3850 3198 cujus

413 3224 636 3276 ctorum
668 3218 880 3275 Urbani
919 3225 976 3274 et
1005 3217 1209 3274 Calisti
1243 3216 1419 3286 hujus
1461 3180 1783 3272 decessoris
1813 3215 1997 3272 videri
2033 3228 2066 3271 a
2096 3180 2143 3241 θ
2176 3216 2365 3288 elogio
2391 3223 2595 3288 prater
2624 3231 2832 3273 morem
2869 3180 3254 3288 in'prioribus
3293 3216 3500 3288 elogiis
3521 3180 3846 3287 servatum,

409 3313 608 3366 sancto
624 3307 877 3364 Anthero
899 3306 1138 3376 scripta,
1161 3305 1422 3362 dicemus
1441 3303 1514 3361 25
1534 3304 1692 3374 Maii,
1719 3317 1831 3376 quo
1849 3303 2066 3360 colitur
2177 3305 2420 3362 habetur
2473 3312 2740 3363 accurata
2770 3306 3139 3363 basilicarum
3177 3305 3249 3362 ab
3295 3319 3360 3361 eo
3408 3309 3846 3362 exstructarum

363 3381 376 3395 \
411 3404 648 3454 sanctus
696 3396 978 3466 Urbanus,
1007 3402 1064 3452 et
1096 3394 1162 3452 40
1201 3396 1360 3467 Maii,
1397 3409 1510 3468 quo
1555 3395 1830 3451 coluntur
1877 3395 2063 3450 sancti

407 3487 751 3558 Calepodius
782 3486 1094 3558 presbyter,
1127 3485 1442 3541 Palmatius
1467 3485 1694 3555 consul,
1723 3483 2063 3555 Simplicius

407 3583 656 3648 senator,
679 3575 901 3647 aliique
924 3581 1222 3646 martyres,
1247 3589 1494 3645 quorum
1515 3588 1604 3630 res
1626 3580 1798 3646 gestas
1822 3574 1879 3629 in
1901 3573 2062 3630 Actis

409 3664 597 3722 sancti
629 3664 831 3721 Calisti
867 3664 1258 3720 continentur.
1294 3663 1549 3720 Secunda
1575 3676 1710 3736 ergo
1743 3677 1874 3734 pars
1907 3663 2064 3718 inci-

408 3760 564 3826 peret
603 3767 638 3810 a
673 3754 832 3810 dicto
878 3753 1180 3822 Pontiano,
1228 3759 1284 3808 et
1328 3752 1387 3808 in
1429 3753 1536 3808 hac
1583 3751 1798 3823 passim
1846 3753 2062 3823 majora

414 3843 750 3916 pontiﬁcum
787 3842 974 3914 elogia
999 3841 1349 3910 referuntur,
1385 3841 1560 3898 iidem
1590 3841 1860 3898 consules
1894 3855 2062 3912 repe-

405 3937 632 3999 tuntur,
655 3932 784 3988 dies
805 3931 1216 4002 ordinationis,
1240 3937 1296 3988 et
1317 3932 1521 3988 mortis
1543 3931 1880 4001 pontiﬁcum
1902 3931 2060 3988 assi—

408 4025 675 4091 gnantur.
709 4021 778 4076 Et
813 4019 932 4075 haec
961 4033 1094 4090 pars
1122 4019 1189 4076 ad
1232 4020 1400 4076 ﬁnem
1439 4019 1558 4075 fere
1599 4019 1914 4075 deducitur
1957 4019 2058 4076 ubi

406 4109 593 4165 sancti
623 4107 766 4164 Julii
809 4107 1063 4180 elogium
1107 4114 1310 4180 prater
1340 4121 1555 4166 morem
1597 4107 1846 4164 aliorum
1890 4107 2062 4164 habet

404 4202 728 4254 accuratam
751 4197 1124 4255 basilicarum
1149 4198 1220 4254 ab
1243 4212 1308 4254 eo
1329 4203 1756 4254 exstructarum
1781 4197 2060 4252 narratio-

405 4300 552 4355 nem,
583 4301 653 4343 ex
683 4300 796 4359 qua
829 4284 902 4342 42
927 4287 1148 4358 Aprilis
1178 4287 1248 4342 ad
1283 4287 1460 4355 hujus
1491 4283 1676 4339 sancti
1705 4283 1848 4339 .Iulii
1879 4285 2057 4340 vitam

403 4375 810 4432 conﬁrmamus
834 4377 1010 4445 hujus
1032 4375 1277 4445 catalogi
1307 4375 1652 4429 eminentem
1681 4372 2052 4430 soliditatem.

399 4463 692 4520 Successit
715 4469 914 4520 sancto
936 4464 1092 4519 Julio
1121 4463 1408 4530 Liberius,
1433 4461 1602 4530 cujus
1628 4467 1880 4533 tempore
1904 4463 2056 4520 hunc

2177 3395 2452 3450 narratio.
2506 3413 2533 3445 »
2581 3395 2798 3451 Omitto
2847 3402 3049 3452 caetera
3101 3406 3242 3466 quae
3300 3408 3429 3450 cum
3483 3393 3845 3451 Henschenii

2175 3484 2459 3540 sententia
2479 3487 2751 3556 superius
2770 3485 3018 3540 indicata
3043 3485 3402 3554 coincidunt,
3422 3484 3562 3540 adeo
3579 3489 3645 3540 ut
3665 3485 3848 3554 juxta

2172 3574 2620 3645 Papebrochium
2656 3575 2805 3632 nihil
2835 3575 3239 3648 corrigendum
3259 3575 3411 3632 sitin
3453 3575 3579 3645 ejus
3613 3575 3845 3636 verbis.

2173 3679 2342 3735 quam
2386 3667 2535 3736 quod
2565 3666 2688 3723 loco
2727 3666 2974 3724 duorum
3005 3665 3408 3737 antiquissimi
3439 3664 3690 3737 cataIOgi
3716 3678 3844 3721 au-

2171 3762 2418 3823 ctorum,
2441 3757 2698 3828 quinque
2718 3756 2953 3812 omnino
2983 3761 3246 3812 auctores
3267 3755 3662 3812 substituendi
3689 3755 3846 3811 sint.

2168 3845 2332 3902 Circa
2371 3861 2541 3916 quam
2608 3847 3022 3904 correctionem
3073 3859 3144 3902 an
3201 3845 3433 3902 felicius
3481 3845 3850 3916 processerit

2170 3947 2339 4005 quam
2381 3935 2793 4005 Henschenius,
2840 3935 2957 4006 jam
2999 3934 3410 4006 inquirendum
3455 3939 3576 4004 est;
3627 3935 3846 3990 omnia

2168 4024 2320 4076 enim
2353 4037 2480 4092 quae
2503 4023 2574 4078 de
2601 4024 2818 4095 primae,
2850 4028 2908 4078 et
2957 4025 3221 4080 secundae
3265 4023 3446 4094 partis
3484 4022 3850 4078 auctoribus

2168 4122 2201 4164 a
2221 4109 2450 4166 duobus
2481 4110 2573 4166 his
2601 4112 2748 4167 viris
2775 4111 2870 4168 cll.
2900 4111 3056 4169 dicta
3085 4119 3238 4185 sunt,
3275 4112 3606 4169 nullatenus
3633 4111 3848 4167 subsi-

2171 4203 2320 4253 stere
2350 4199 2640 4256 existimo.

2241 4285 2295 4341 6.
2321 4289 2387 4342 Et
2417 4293 2481 4343 ut
2508 4289 2578 4344 de
2626 4289 2842 4360 prioris
2873 4293 3056 4362 partis
3086 4298 3320 4350 auctore
3352 4292 3410 4346 in
3442 4290 3650 4360 primis
3677 4304 3849 4362 aga—

2171 4391 2316 4447 mus,
2346 4378 2567 4436 dicitur
2594 4385 2796 4438 auctor
2846 4380 3029 4438 fuisse
3058 4389 3293 4439 sanctus
3331 4381 3622 4436 Antherus
3650 4394 3842 4452 papa,

2167 4467 2237 4523 de
2269 4481 2382 4538 quo
2407 4467 2705 4542 catalogus
2733 4472 3040 4542 secundus,
3063 4473 3161 4542 qui
3191 4473 3248 4526 in
3277 4471 3459 4526 Felice
3486 4471 3555 4525 ιν
3573 4470 3843 4541 desinit,

399 4557 646 4611 veterem
680 4550 1007 4607 indiculum
1039 4553 1426 4607 Romanorum
1463 4549 1798 4620 pontiﬁcum
1829 4557 2054 4610 contex-
2083 4549 2136 4612 D
2167 4557 2378 4614 saeculo
2407 4564 2566 4616 sexto
2591 4563 2956 4632 conscriptus
2988 4581 3000 4614 :
3039 4581 3065 4613 ‹‹
3096 4562 3200 4614 Hic
3223 4563 3373 4627 gesta
3403 4563 3724 4627 martyrum
3757 4561 3852 4615 di-

400 4653 524 4710 tum
555 4638 756 4710 fuisse,
785 4639 998 4694 asserit
1025 4639 1340 4710 Dionysius
1363 4639 1650 4712 Petavius,
1684 4640 1834 4697 libro
1865 4656 1921 4715 v,
1953 4643 2058 4699 Ra-

401 4728 643 4786 tionarii
675 4733 996 4799 temporum
1022 4741 1153 4799 cap.
1185 4726 1239 4798 5,
1265 4729 1365 4800 qui
1390 4741 1519 4786 eum
1544 4743 1714 4800 penes
1739 4744 1800 4786 se
1826 4731 2051 4790 habuit.

399 4820 534 4876 Post
562 4817 786 4876 obitum
817 4817 1032 4874 Liberii
1064 4817 1421 4874 constitutus
1451 4827 1538 4876 est
1569 4817 1826 4890 pontifex
1855 4821 2054 4878 Roma-

400 4920 510 4963 nus
540 4913 777 4964 sanctus
805 4907 1131 4976 Damasius,
1165 4907 1266 4979 qui
1300 4914 1537 4982 rcgatus
1559 4923 1592 4965 a
1630 4915 1830 4966 sancto
1859 4909 2052 4968 Hiero-

398 5009 568 5067 nymo
593 5004 752 5069 gesta
783 4995 1140 5068 pontiﬁcum,
1175 5011 1302 5068 qua!
1333 5000 1526 5068 potuit
1555 4998 1807 5068 reperire
1841 4998 1900 5054 in
1930 5013 2050 5056 suae

396 5084 552 5141 sedis
597 5084 815 5158 studio,
859 5087 930 5143 ad
963 5099 1092 5143 eum
1145 5085 1381 5144 direxit.
1423 5085 1560 5156 Quae
1605 5087 1836 5143 Damasi
1879 5088 2048 5146 verba

395 5174 751 5232 arbitramur
796 5175 1173 5249 intelligenda
1218 5176 1291 5234 de
1327 5177 1446 5247 jam
1495 5175 1751 5234 indicato
1786 5177 2047 5251 catalogo

396 5277 582 5334 usque
609 5265 679 5321 ad
712 5263 1004 5322 Liberium
1042 5266 1169 5336 ejus
1197 5265 1555 5323 decessorem
1589 5266 1861 5326 deducto.
1899 5269 2047 5340 Epi-

395 5349 574 5406 stolas
603 5353 913 5424 utriusque
941 5355 1048 5410 hac
1075 5355 1148 5410 de
1176 5367 1258 5421 re,
1290 5359 1346 5410 et
1387 5355 1573 5412 sancti
1604 5355 1954 5430 Hieronymi,
1988 5362 2046 5416 et

394 5439 580 5494 sancti
605 5441 834 5496 Damasi
855 5455 926 5498 ex
945 5441 1260 5499 Codicibus
1287 5457 1422 5500 mss.
1455 5446 1856 5516 praeponimus.
1891 5448 2043 5504 Idem

395 5532 597 5584 santus
623 5527 1026 5602 Hieronymus,
1055 5531 1126 5588 de
1159 5532 1558 5604 Scriptoribus
1601 5536 2040 5610 ecclesiasticis,

391 5629 516 5688 cap.
549 5615 637 5688 45,
685 5619 893 5676 statuit
921 5625 1184 5678 sanctum
1226 5623 1568 5683 Clementem
1609 5635 1882 5700 quartum
1913 5634 2044 5700 post

388 5709 622 5768 Petrum
651 5705 972 5766 Romanum
1003 5711 1349 5788 pontiﬁcem,
1379 5716 1690 5790 siquidem,
1712 5719 1928 5790 inquit,
1962 5733 2044 5777 se-

2169 4649 2398 4716 ligenter
2421 4665 2456 4703 a
2505 4653 2738 4706 notariis
2767 4651 3082 4721 emquisivit,
3113 4653 3162 4702 et
3190 4650 3249 4702 in
3301 4649 3524 4702 ecclesia
3561 4652 3845 4706 recondi-

2164 4737 2266 4792 dit.
2293 4755 2320 4788 n
2351 4738 2520 4796 Alius
2549 4741 2928 4796 Romanorum
2961 4737 3298 4808 pontiﬁcum
3343 4738 3641 4810 catalogus
3663 4744 3849 4797 tem—

2161 4839 2298 4896 pore
2326 4827 2514 4885 Caroli
2549 4829 2734 4900 Magni
2767 4833 3054 4898 exaratus,
3087 4833 3145 4882 et
3172 4828 3232 4884 in
3264 4827 3614 4884 bibliotheca
3641 4829 3847 4887 Pala-

2161 4915 2599 4974 tino-Vaticana
2640 4921 2968 4974 asservatus
3014 4917 3184 4974 habet
3223 4918 3294 4974 de
3339 4917 3613 4973 Anthero.
3646 4935 3676 4967 tr
3717 4920 3846 4976 Hic

2157 5012 2308 5073 gesta
2329 5013 2634 5078 martyrum
2659 5007 2948 5076 diligenter
2993 5010 3306 5078 emquisivit.
3353 5026 3380 5058 ι)
3414 5006 3582 5063 Liber
3607 5007 3850 5064 Ponti-

2159 5095 2362 5168 ﬁcalis,
2410 5101 2582 5169 prout
2626 5097 2797 5154 hodie
2837 5102 3044 5168 exstat,
3095 5099 3304 5170 repetit
3343 5097 3512 5154 verba
3555 5097 3842 5172 catalogi

2157 5191 2318 5243 sexto
2345 5187 2554 5244 saeculo
2583 5189 2856 5259 contexti,
2892 5190 2972 5245 ita
2998 5193 3064 5245 ut
3083 5188 3370 5245 constanti
3417 5186 3846 5257 catalogorum

2155 5277 2213 5330 et
2261 5274 2398 5332 libri
2456 5277 2812 5334 Pontiﬁcalis
2853 5279 3167 5336 traditione
3213 5281 3436 5335 constet
3487 5275 3841 5338 Antherum

2155 5376 2358 5435 papam
2394 5373 2549 5437 gesta
2589 5373 2903 5440 martyrum
2932 5369 3244 5441 diligenter
3269 5381 3302 5423 a
3329 5366 3576 5423 notariis
3609 5371 3850 5436 exqui-

2154 5453 2288 5525 sita,
2329 5454 2388 5511 in
2424 5456 2665 5514 ecclesia
2703 5458 3055 5516 condidisse.
3083 5459 3210 5528 Sed,
3247 5470 3458 5528 quaeso,
3501 5453 3641 5526 quid
3685 5455 3840 5518 haec

2154 5539 2378 5599 faciunt
2399 5545 2468 5602 ad
2502 5547 2750 5616 priorem
2777 5556 2992 5618 partem
3033 5547 3302 5620 cataIOgi,
3333 5548 3396 5602 in
3436 5559 3550 5618 qua
3573 5558 3606 5600 a
3638 5545 3839 5606 Petro

2151 5631 2411 5702 apostolo
2443 5649 2626 5707 usque
2651 5639 2722 5694 ad
2747 5639 3088 5696 Pontianum
3111 5638 3232 5694 sola
3255 5637 3639 5694 Romanorum
3673 5650 3844 5706 pon-

2153 5721 2372 5778 tiﬁcum
2401 5728 2633 5782 nomina
2663 5727 3032 5794 exhibentur,
3083 5727 3360 5800 nullaque
3408 5733 3670 5808 actorum
3707 5740 3849 5792 aut
