3996 6478
385 415 480 474 474

1181 412 1270 465 AD
1308 411 1739 466 ANASTASIUM
1778 411 2294 466 PROLEGOMENA
2331 411 2507 467 EDIT.
2554 413 2967 470 ROM.-VATIC.

3689 413 3800 472 472

384 545 580 614 plures
609 557 696 600 res
723 541 844 610 ipsa
877 540 1142 611 postulet.
1172 541 1472 597 Enimvero
1493 547 1753 596 sanctum
1783 540 2029 609 Stepha—
2052 533 2111 592 A
2139 542 2375 598 omnino
2405 544 2587 612 quoad
2617 544 2852 614 stylum,
2875 544 3162 600 scribendi
3188 545 3540 612 methodum,
3565 551 3622 600 et
3643 551 3802 600 tem—

385 646 543 700 num,
594 637 657 687 ut
693 643 886 686 verum
933 629 1260 698 pontificem
1307 630 1462 685 ultra
1509 630 1766 699 quinque
1808 642 2030 683 menses

380 726 577 777 contra
603 719 1018 788 rebaptizantes
1041 719 1226 788 egisse
1256 724 1501 774 testatur
1525 719 1864 788 Cyprianus,
1889 718 2028 774 dum

381 808 486 864 hac
521 809 583 863 in
609 821 670 863 re
712 822 841 863 cum
873 807 1220 864 auctoritate
1263 807 1560 876 pontificia
1600 815 1874 876 tanquam
1906 809 2030 875 epi-

377 911 659 966 scoporum
689 898 997 966 episcopum
1025 897 1212 966 egisse
1243 896 1524 951 insinuat.
1557 895 1708 950 Idem
1737 895 2027 966 significat

375 985 759 1042 Firmilianus
786 997 962 1054 agens
988 984 1059 1040 de
1092 990 1250 1051 petra
1281 983 1552 1040 Ecclesiae
1584 981 2022 1051 fundamentali,

377 1073 450 1130 de
479 1088 590 1143 qua
620 1075 969 1144 Stephanum
1015 1073 1253 1146 gloriari
1289 1073 1550 1140 solitum,
1586 1071 1890 1128 manifeste
1918 1072 2025 1127 de-

377 1162 577 1220 clarat.
603 1163 881 1219 Adderem
913 1163 1009 1218 hic
1037 1163 1199 1232 plura
1226 1163 1288 1218 in
1311 1163 1488 1231 hujus
1513 1161 1596 1216 rei
1629 1159 2024 1217 confirmatio-

379 1261 527 1318 nem,
574 1250 690 1306 nisi
721 1249 1146 1320 Papebrochius
1189 1249 1311 1319 ipse
1351 1249 1410 1304 in
1454 1248 1610 1304 notis
1648 1248 1717 1303 ad
1748 1245 2024 1317 Stephani

374 1337 574 1408 vitam,
621 1353 764 1410 quas
801 1339 1033 1394 exhibet
1075 1340 1136 1394 in
1173 1339 1390 1395 Conatu
1428 1337 1702 1394 chronico
1745 1335 2025 1392 historico

373 1426 670 1484 confessus
722 1426 950 1500 fuisset,
1002 1428 1120 1484 haec
1171 1436 1321 1483 recte
1364 1441 1397 1482 a
1447 1441 1533 1482 me
1580 1430 1773 1482 notata
1817 1423 2018 1490 fuisse,

375 1515 613 1587 ipseque
647 1516 1024 1586 observasset,
1065 1517 1322 1586 ejusdem
1359 1515 1687 1571 Firmiliani
1719 1513 2022 1583 epistolam

371 1604 561 1660 datam
577 1619 720 1673 esse,
738 1620 869 1662 cum
889 1605 1007 1662 fere
1021 1605 1336 1676 vigesimus
1359 1603 1648 1660 secundus
1667 1616 1854 1658 annus
1874 1607 2025 1658 esset

370 1705 406 1748 a
436 1698 616 1749 morte
657 1693 968 1750 Alexandri
1011 1694 1399 1764 imperatoris,
1448 1698 1512 1750 ut
1547 1697 1708 1748 notat
1741 1691 2022 1746 Baronius

372 1780 434 1835 in
461 1780 820 1838 Annalibus:
850 1796 916 1840 ea
955 1789 1142 1839 autem
1174 1782 1454 1838 acciderit
1487 1794 1636 1836 anno
1663 1777 1789 1835 235.
1836 1779 2023 1850 Quare

2141 633 2299 700 poris
2333 639 2495 687 notas
2525 633 2814 688 diversum
2845 639 2951 702 est,
2983 634 3284 704 solumque
3317 633 3375 690 in
3408 634 3656 690 Eusebio
3687 635 3801 688 de-

2138 720 2428 776 sideratur
2447 722 2818 776 consulatus:
2846 721 2995 791 quod
3024 727 3210 776 tamen
3235 722 3445 777 mirum
3469 723 3654 778 videri
3680 735 3799 778 non

2136 807 2321 876 debet,
2349 822 2479 863 cum
2503 822 2613 864 non
2646 809 2913 878 pluribus
2941 808 3129 880 annis,
3153 815 3210 864 et
3234 809 3342 864 sub
3366 809 3614 864 diversis
3645 823 3800 865 con-

2137 895 2385 967 salibus,
2420 897 2514 952 sed
2541 897 2740 966 paucis
2767 897 3048 952 duntaxat
3075 896 3392 966 mensibus,
3421 897 3616 953 eodem
3639 911 3797 954 anno

2137 985 2383 1053 sederit;
2415 985 2549 1040 huic
2573 991 2763 1041 autem
2790 999 2940 1042 anno
2965 985 3326 1040 consulatum
3354 985 3561 1042 addere
3587 993 3802 1042 auctor

2134 1073 2417 1143 omiserit,
2445 1074 2583 1144 quia
2611 1073 2670 1130 in
2691 1074 3005 1130 Melchiade
3030 1073 3266 1129 Eusebii
3293 1088 3622 1130 successore
3645 1089 3798 1130 con-

2135 1162 2361 1218 sulatus
2385 1162 2550 1218 illius
2577 1163 2716 1218 anni
2737 1163 3072 1234 allegandus
3097 1168 3235 1217 erat.
3267 1161 3352 1218 Ita
3381 1163 3536 1217 enim
3566 1163 3801 1218 catalo—

2135 1265 2261 1321 gus.
2293 1271 2320 1303 α
2350 1251 2640 1308 Miltiades
2663 1252 2833 1306 annis
2863 1251 3072 1320 tribus,
3107 1251 3402 1307 mensibus
3431 1266 3550 1320 sex,
3580 1251 3800 1306 diebus

2135 1353 2353 1410 novem,
2394 1354 2463 1396 ex
2499 1339 2596 1395 die
2637 1354 2692 1394 v1
2735 1342 2924 1395 Nonas
2963 1339 3148 1396 Julias
3185 1353 3219 1395 a
3250 1339 3554 1395 consulatu
3597 1339 3801 1394 Maxi-

2136 1429 2328 1484 miano
2357 1429 2476 1485 Vill
2506 1429 2646 1499 solo,
2681 1427 2832 1500 quod
2867 1429 2981 1484 fuit
3007 1443 3196 1484 mense
3227 1427 3564 1498 Septembri,
3603 1427 3800 1483 Volu—

2134 1517 2299 1572 siano
2338 1523 2396 1574 et
2433 1518 2658 1586 Ruﬁno,
2708 1531 2890 1588 usque
2932 1517 2991 1572 in
3034 1519 3108 1572 IlI
3137 1517 3273 1574 Idus
3309 1516 3569 1572 Januarii
3601 1516 3799 1574 Volu-

2133 1605 2297 1660 siano
2317 1609 2374 1661 et
2393 1605 2614 1662 Aniano
2633 1620 2779 1662 coss.
2806 1623 2832 1654 ι)
2864 1607 3250 1662 Maximianus
3271 1605 3430 1661 solus
3450 1604 3652 1660 consul
3671 1603 3801 1662 fuit

2131 1707 2300 1761 anno,
2337 1708 2450 1764 quo
2482 1695 2658 1765 periit
2688 1712 2702 1749 :
2741 1700 2978 1764 tumque
3009 1693 3233 1750 suffecti
3267 1700 3404 1750 sunt
3433 1693 3799 1750 Volusianus

2131 1789 2187 1838 et
2221 1783 2666 1852 Rufinus,,adeo
2709 1789 2774 1838 ut
2813 1797 3008 1838 omnes
3049 1783 3108 1838 hi
3151 1783 3420 1839 consules
3464 1783 3524 1838 in
3566 1795 3798 1838 annum

367 1868 696 1926 Firmiliani
747 1872 1046 1942 epistolam
1099 1885 1328 1927 necesse
1373 1876 1460 1926 est
1511 1869 1785 1939 scriptam
1839 1865 2021 1923 fuisse
2053 1851 2104 1912 Β
2131 1870 2416 1940 incidant,
2441 1851 2554 1941 quo
2580 1872 2650 1926 ab
2669 1876 2902 1926 auctore
2928 1871 3168 1943 catalogi
3197 1871 3468 1942 superius
3491 1871 3799 1942 assignata

365 1969 518 2014 anno
541 1959 776 2016 circiter
802 1957 929 2031 257,
962 1974 1076 2031 quo
1102 1965 1353 2030 tempore
1379 1959 1532 2014 inter
1559 1957 1930 2027 Stephanum,
1962 1959 2021 2010 et

363 2046 710 2118 Cyprianum
739 2049 1266 2120 Carthaginensem,
1293 2049 1635 2118 Dionysium
1664 2045 2020 2102 Alexandri-

366 2147 524 2204 num,
577 2135 858 2208 aliosque,
898 2137 1088 2194 adhuc
1130 2136 1461 2208 agitabatur
1506 2134 1900 2192 controversia
1945 2131 2018 2188 de

363 2224 554 2280 valore
622 2225 895 2296 baptismi
965 2227 1038 2281 ab
1108 2225 1402 2282 haereticis
1461 2225 1694 2292 collato,
1759 2225 2016 2294 adeoque

362 2325 512 2369 anno
537 2311 645 2369 255
671 2315 998 2371 exstinctus
1029 2327 1142 2369 non
1186 2313 1367 2369 fuerit
1395 2313 1740 2381 Stephanus,
1773 2316 1840 2366 ut
1869 2325 2016 2366 con-

360 2403 518 2459 sules
567 2416 602 2458 a
652 2404 911 2474 catalogo
963 2402 1245 2471 assignati
1306 2400 1662 2456 indicabant.
1719 2401 1845 2453 Haec
1897 2399 2016 2453 fere

357 2490 806 2560 Papebrochius,
847 2490 949 2560 qui
988 2489 1204 2546 frustra
1243 2493 1486 2544 conatus
1515 2494 1602 2544 est
1627 2487 1688 2541 in
1725 2487 1882 2542 notis
1907 2501 2015 2540 su-

360 2577 641 2648 pradictis
667 2583 892 2648 tempus
917 2577 1190 2647 Stephani
1221 2577 1279 2631 i'n
1310 2576 1632 2645 antiquiori
1665 2574 1922 2646 catalogo
1947 2585 2015 2627 ex

355 2665 699 2722 consulibus
725 2667 1084 2738 assignatum
1115 2679 1233 2721 sum
1261 2679 1374 2719 aera
1405 2665 1727 2720 restituere.

427 2753 480 2810 9.
515 2757 710 2826 Neque
740 2755 946 2824 majori
989 2753 1362 2810 fundamento
1393 2755 1665 2810 nituntur
1695 2765 1758 2807 ea
1791 2764 1916 2822 qua:
1944 2751 2014 2806 de

358 2844 630 2914 secundo,
660 2843 832 2900 tertio
857 2849 918 2898 et
947 2848 1151 2913 quarto
1177 2842 1440 2899 secunda:
1468 2841 1650 2910 partis
1673 2838 2012 2894 auctoribus

357 2936 651 2990 notantur.
669 2933 806 2988 Sine
822 2932 942 2988 ullo
966 2944 1211 3002 namque
1229 2936 1392 2999 teste,
1415 2930 1541 2986 sine
1560 2928 1680 2984 ullo
1706 2926 2007 2996 scriptore,

355 3021 483 3078 sine
508 3021 629 3078 ullo
653 3021 1028 3093 antiquitatis
1054 3025 1422 3076 monumento
1452 3018 1771 3075 afﬁrmatur
1793 3028 2012 3070 secun-

352 3109 484 3164 dam
523 3109 767 3182 catalogi
818 3115 1032 3179 partem
1069 3122 1102 3163 a
1138 3113 1222 3164 tot
1265 3107 1606 3164 auctoribus
1645 3104 1828 3160 fuisse
1865 3116 2009 3158 con—

353 3198 650 3268 scriptam,
684 3204 741 3252 et
773 3197 955 3270 gratis
983 3197 1218 3252 omnino
1248 3196 1535 3252 statuitur
1563 3193 1744 3250 altero
1773 3198 2009 3247 auctore

349 3285 795 3355 Eutychianum.
839 3286 1040 3341 Caium
1078 3291 1134 3340 et
1173 3284 1570 3340 Marcellinum
1597 3301 1612 3352 ς
1641 3281 1822 3336 altero
1854 3280 2009 3333 Mar-

351 3373 561 3430 cellum
631 3380 688 3429 et
753 3374 1066 3430 Eusebium
1119 3391 1134 3444 ;
1193 3373 1374 3429 altero
1454 3373 1682 3427 demum
1751 3369 2011 3440 reliquos

352 3475 548 3518 omnes
577 3477 611 3518 a
640 3462 957 3518 Melchiade
996 3477 1180 3532 usque
1208 3462 1277 3518 ad
1313 3460 1602 3516 Liberium
1636 3457 1818 3514 fuisse
1847 3463 2010 3511 cata—

351 3549 481 3622 logo
509 3551 781 3620 adjectos.
816 3550 886 3606 Ut
913 3551 1064 3605 enim
1097 3563 1132 3605 a
1159 3549 1344 3620 primo
1377 3548 1747 3618 incipiamus,
1781 3545 1920 3616 quid
1947 3545 2006 3599 in

347 3639 715 3708 Eutycbiani,
743 3639 865 3694 Caii
895 3644 950 3694 et
979 3638 1302 3694 Marcellini
1333 3637 1482 3691 actis
1512 3635 1817 3706 reperitur,
1854 3633 2004 3703 quod

349 3740 460 3784 non
505 3727 566 3782 in
603 3728 742 3782 aliis
780 3726 1173 3784 anterioribus
1221 3725 1595 3796 pontificibus
1638 3725 1853 3795 legitur
1877 3721 1904 3774 ‘2
1933 3722 2008 3774 De

350 3816 708 3886 Eutychiano
752 3815 924 3870 habet
961 3814 1260 3885 catalogus
1293 3833 1305 3868 :
1343 3833 1370 3865 «
1401 3813 1797 3882 Eutychianus
1835 3809 2006 3864 annis

349 3909 499 3973 octo,
527 3903 821 3958 mensibus
849 3903 1134 3972 undecim,
1156 3901 1364 3958 diebus
1389 3901 1596 3956 tribus.
1623 3899 1756 3955 Fuit
1780 3904 2001 3967 tempo-

353 3992 518 4047 ribus
545 3991 844 4046 Aureliani
873 3991 944 4044 III
971 3995 1029 4044 et
1059 3989 1378 4045 Marcellini
1423 4003 1605 4059 usque
1637 3989 1697 4042 in
1736 3987 1892 4042 diem
1923 3998 2002 4038 vu

354 4079 490 4135 ldus
517 4078 862 4148 Decembris,
893 4078 1036 4134 Caro
1066 4091 1106 4132 ιι
1137 4083 1192 4134 et
1219 4078 1427 4134 Carino
1467 4075 1829 4132 consulibus.
1870 4092 1897 4123 ››
1928 4074 2008 4127 De

352 4167 628 4238 Dionysio
647 4173 838 4223 autem
859 4180 972 4222 uno
997 4181 1064 4222 ex
1086 4165 1429 4237 Eutychiani
1454 4162 2002 4234 praedecessoribus:

357 4277 385 4310 α
417 4257 728 4327 Dionysius
771 4257 943 4312 annis
980 4263 1128 4327 octo,
1173 4255 1470 4312 mensibus
1512 4251 1762 4322 duobus,
1801 4249 2008 4305 diebus

355 4352 622 4418 quatuor.
669 4346 803 4402 Fuit
851 4345 1206 4415 temporibus
1246 4343 1498 4399 Gallieni
1547 4354 1616 4395 ex
1658 4341 1754 4394 die
1791 4352 1850 4392 x1
1891 4339 2009 4392 Ka-

357 4435 655 4490 lendarum
717 4435 987 4504 Augusti,
1073 4431 1382 4486 JEmiliano
1459 4433 1516 4482 et
1587 4429 1758 4483 Basso
1835 4441 2008 4497 coss.,

359 4537 541 4593 usque
560 4523 621 4576 in
640 4521 794 4575 diem
816 4521 1122 4588 septimum
1143 4519 1265 4573 Kal.
1291 4517 1573 4586 Januarii,
1597 4529 1744 4571 coss.
1769 4515 2008 4571 Claudio

357 4617 416 4668 et
430 4612 688 4664 Paterno.
717 4623 743 4656 »
767 4607 938 4676 Quid,
963 4619 1177 4676 quaeso,
1199 4607 1260 4659 in
1279 4606 1372 4660 his
1387 4603 1615 4660 duobus
1638 4603 2010 4674 pontificibus

359 4706 447 4756 est
467 4698 618 4770 quod
641 4695 1034 4752 diversitatem
1062 4701 1361 4750 auctorum
1386 4695 1602 4750 indicet
1618 4694 1812 4749 ?Idem
1835 4693 2014 4748 omni-

362 4771 438 4846 no
459 4793 548 4844 est
573 4785 776 4856 stylus,
805 4785 996 4840 eadem
1027 4783 1328 4839 methodus
1360 4784 1594 4840 notandi
1627 4789 1869 4852 tempus,
1899 4795 2012 4852 quo

361 4884 606 4948 uterque
637 4872 892 4945 pontifex
929 4871 1100 4945 sedit,
1130 4873 1272 4928 adeo
1313 4879 1376 4927 ut
1403 4873 1596 4927 omnia
1635 4872 1804 4926 verba
1836 4884 2013 4925 unum

361 4968 754 5037 eumdemque,
772 4977 886 5019 non
901 4963 1094 5032 plures
1104 4968 1365 5018 auctores
1377 4959 1557 5016 fuisse
1573 4960 1846 5014 indicent.
1865 4961 2013 5014 Idem

365 5057 530 5126 plane
567 5055 638 5110 de
675 5053 942 5108 Marcello
980 5059 1036 5107 et
1073 5051 1320 5108 Eusebio
1357 5049 1689 5116 dicendum,
1730 5062 1874 5118 quos
1905 5049 2016 5102 Pa-

365 5143 713 5215 pebrochius
741 5142 813 5197 ab
842 5141 1022 5198 altero
1059 5147 1292 5197 auctore
1333 5139 1584 5207 adjectos
1622 5137 1902 5192 credebat.
1935 5139 2014 5193 De

365 5233 630 5291 Marcello
651 5233 802 5286 enim
831 5231 912 5286 ita
939 5230 1108 5286 habet
1129 5230 1458 5299 catalogus:
1489 5248 1514 5279 «
1541 5227 1841 5283 Marcellus
1865 5241 2014 5283 anno

366 5335 502 5389 uno,
528 5319 822 5374 mensibus
847 5326 1082 5388 septem,
1103 5319 1230 5374 dies
1249 5317 1480 5387 viginti.
1506 5317 1638 5372 Fuit
1658 5317 2014 5387 temporibus

367 5408 662 5476 Maxentii,
695 5421 728 5462 a
757 5408 1132 5463 consulatu...
1165 5407 1220 5462 Χ
1249 5413 1305 5461 et
1342 5407 1675 5461 Maximiani
1711 5407 1792 5478 VI,
1829 5419 2012 5475 usque

369 5503 497 5566 post
518 5495 879 5549 consulatum
901 5497 954 5548 Χ
974 5502 1029 5548 et
1057 5496 1170 5548 VII.
1206 5513 1231 5542 »
1257 5497 1325 5550 Et
1351 5494 1422 5550 de
1451 5495 1696 5552 Eusebio
1723 5513 1736 5548 :
1771 5516 1796 5546 α
1830 5495 2015 5550 Euse—

366 5585 502 5642 bius
533 5595 752 5636 menses
781 5595 859 5652 1v,
891 5584 1016 5637 dies
1045 5596 1164 5653 xvx,
1193 5597 1224 5638 a
1249 5597 1345 5638 xiv
1373 5583 1494 5640 Kal.
1531 5584 1709 5640 Maias
1738 5597 1918 5653 usque
1950 5585 2012 5639 in

363 5673 516 5731 diem
561 5684 660 5726 xvi
698 5669 980 5727 Kalendas
1024 5673 1388 5742 Septembris.
1433 5693 1460 5724 ››
1502 5675 1562 5730 In
1603 5674 1818 5743 quibus
1861 5673 2012 5728 nihil

2129 1957 2245 2015 fuit
2300 1973 2454 2015 mors
2496 1959 2770 2016 Marcelli.
2824 1959 2982 2015 Unde
3025 1959 3322 2016 manifeste
3371 1959 3676 2032 colligitur
3726 1959 3795 2014 in

2128 2048 2464 2118 pontificatu
2483 2050 2735 2105 Marcelli
2754 2049 2823 2104 ab
2840 2055 3073 2105 auctore
3089 2049 3333 2121 catalogi
3353 2049 3549 2105 studio
3569 2047 3800 2104 omissa

2127 2135 2308 2195 fuisse
2332 2138 2634 2194 consulum
2664 2138 2916 2206 nomina,
2944 2151 3012 2193 ne
3032 2151 3096 2192 ea
3131 2142 3520 2208 repeterentur
3548 2138 3603 2191 in
3636 2136 3798 2191 Mel—

2125 2225 2345 2279 chiade.
2381 2223 2542 2293 Quod
2573 2231 2726 2281 certe
2758 2238 3050 2295 nunquam
3083 2223 3296 2280 factum
3326 2231 3494 2290 esset,
3537 2224 3587 2278 si
3622 2222 3798 2278 Mar~

2125 2313 2256 2370 celli
2289 2321 2513 2383 tempus
2545 2328 2578 2368 a
2610 2315 2800 2382 tertio,
2842 2313 3182 2369 Melchiadis
3209 2327 3242 2368 a
3279 2319 3486 2384 quarto
3524 2318 3794 2380 auctore,

2127 2407 2191 2457 ut
2220 2415 2276 2453 v.
2318 2417 2372 2455 c.
2407 2402 2832 2470 Papebrochius
2877 2400 3160 2468 credebat,
3205 2401 3344 2456 huic
3381 2401 3638 2471 catalogo
3685 2399 3802 2456 in—

2124 2493 2277 2544 serta
2301 2487 2568 2542 fuissent.
2596 2488 2682 2542 Ab
2714 2501 2828 2543 uno
2864 2488 3076 2557 itaque,
3104 2494 3160 2542 et
3184 2489 3378 2542 eodem
3423 2496 3658 2544 auctore
3689 2502 3804 2544 se—

2123 2574 2312 2629 cunda
2344 2588 2476 2643 pars
2503 2575 2750 2646 catalogi
2784 2573 3113 2642 conscripta
3146 2573 3277 2643 fuit,
3313 2579 3378 2629 ut
3407 2589 3584 2644 supra
3617 2576 3803 2632 india

2123 2662 2399 2732 cavimus,
2443 2667 2782 2733 tantumque
2813 2663 2978 2717 abest
3006 2675 3076 2718 ex
3101 2661 3359 2732 catalogo
3389 2661 3586 2732 colligi
3618 2677 3803 2730 posse

2122 2750 2382 2806 eumdem
2409 2763 2442 2806 a
2469 2752 2718 2807 diversis
2747 2749 3086 2807 auctoribus
3117 2757 3444 2806 contextum
3481 2750 3684 2820 fuisse,
3723 2769 3760 2808 u
3779 2761 3802 2808 t

2124 2839 2318 2908 potius
2363 2853 2432 2895 ex
2476 2845 2753 2910 perpetuo
2801 2845 3124 2908 temporum
3168 2853 3317 2894 nexu
3357 2838 3669 2910 colligatur
3710 2841 3798 2896 ab

2121 2939 2237 2982 uno
2275 2928 2588 2998 eodemque
2627 2933 2861 2984 auctore
2894 2927 3218 2983 confectum
3255 2925 3453 2982 fuisse.
3490 2927 3615 2982 Nisi
3645 2928 3796 2998 quis

2119 3014 2313 3070 dicere
2343 3015 2499 3086 velit,
2531 3023 2822 3072 auctorem
2860 3015 3038 3084 hujus
3076 3015 3342 3087 cataIOgi,
3377 3028 3576 3084 annos,
3613 3030 3796 3071 men—

2120 3116 2232 3174 ses,
2261 3109 2318 3160 et
2341 3105 2468 3160 dies
2507 3119 2574 3160 ex
2601 3104 2799 3174 aliquo
2829 3103 3107 3158 anteriori
3141 3109 3510 3160 monumento
3534 3103 3788 3160 desum-

2037 3167 2086 3228 ί]
2121 3167 2324 3264 psisse,
2349 3206 2414 3249 eo
2432 3194 2582 3263 quod
2604 3167 2988 3263 illi-perpetuo
3008 3205 3041 3248 a
3060 3193 3366 3250 consulum
3390 3193 3544 3249 notis
3562 3192 3795 3250 discre-

2119 3295 2253 3351 pare
2283 3281 2523 3338 soleant.

2193 3367 2279 3426 40.
2321 3371 2494 3427 Porro
2527 3383 2638 3426 non
2677 3384 2709 3426 a
2751 3371 3021 3442 diversis,
3066 3372 3164 3427 sed
3207 3371 3278 3426 ab
3321 3384 3438 3426 uno
3467 3371 3792 3439 eodemque

2117 3465 2352 3514 auctore
2373 3459 2754 3529 compositum
2788 3459 2968 3515 fuisse
3007 3460 3161 3516 hunc
3190 3459 3578 3530 antiquiorem
3611 3465 3792 3512 cata-

2119 3547 2334 3619 l0gum,
2372 3549 2662 3618 judicavit
2700 3549 3114 3619 Cuspinianus,
3161 3549 3262 3619 qui
3304 3561 3433 3604 eum
3478 3547 3662 3617 primo
3709 3561 3791 3604 ex

2120 3637 2514 3706 manuscripto
2553 3637 2750 3692 codice
2779 3637 2954 3706 eruit,
2999 3643 3055 3691 et
3097 3636 3530 3692 commentariis
3560 3635 3687 3690 suis
3718 3635 3788 3692 in

2115 3723 2442 3780 Cassiodori
2473 3725 2738 3780 consules
2779 3725 3048 3794 inseruit,
3083 3725 3344 3780 scribens
3385 3725 3456 3780 ad
3498 3723 3792 3778 consula-

2115 3817 2238 3867 tum
2264 3813 2512 3882 duorum
2540 3813 2913 3870 Geminorum
2938 3831 2950 3867 :
2988 3833 3014 3866 α
3042 3812 3308 3868 Oblatum
3337 3819 3424 3867 est
3454 3811 3599 3867 mihi
3637 3825 3784 3880 per-

2117 3907 2280 3956 vetus
2317 3901 2664 3971 opusculum
2699 3901 2967 3972 anonymi
2999 3903 3430 3970 auctoris,'quo
3471 3898 3784 3970 pontifices

2118 3989 2353 4044 maximi
2378 3991 2486 4044 sub
2507 3990 2723 4061 quibus
2749 4003 2896 4046 coss.
2924 3988 3144 4044 fuerint
3168 3995 3598 4043 enumerantur.
3625 3990 3691 4042 In
3714 4001 3790 4044 eo

2119 4075 2199 4132 ita
2229 4077 2511 4132 scribitur
2539 4095 2552 4131 :
2585 4079 2902 4148 Imperante
2946 4077 3176 4132 Tiberio
3205 4076 3424 4131 Caesare
3456 4089 3660 4144 passus
3691 4082 3794 4131 est

2116 4166 2397 4221 Dominus
2430 4167 2594 4222 Jesus
2617 4168 2885 4222 Christus
2921 4166 3148 4223 duobus
3186 4165 3448 4221 Geminis
3471 4179 3618 4220 coss.
3646 4178 3788 4238 vni,

2118 4253 2358 4310 Kalend.
2389 4255 2628 4325 Aprilis.
2661 4257 2729 4312 Et
2759 4263 2889 4326 post
2917 4270 3218 4312 ascensum
3243 4256 3372 4326 ejus
3402 4254 3792 4312 beatissimus

2118 4344 2320 4398 Petrus
2361 4343 2697 4415 episcopum
2739 4345 3007 4415 suscipit,
3041 4363 3067 4395 υ
3096 4351 3200 4400 etc.
3237 4346 3320 4400 Ex
3361 4343 3568 4414 primis
3601 4342 3791 4412 hujus

2121 4432 2386 4502 opusculi
2405 4434 2614 4504 verbis,
2644 4447 2769 4504 qua:
2786 4435 2980 4489 eadem
3001 4434 3236 4489 omnino
3257 4439 3396 4488 sunt
3420 4444 3549 4486 cum
3571 4431 3792 4501 primis

2121 4519 2312 4575 verbis
2353 4521 2620 4592 catalogi,
2653 4521 2725 4576 de
2753 4537 2867 4593 quo
2909 4523 2966 4576 in
3012 4521 3278 4592 presenti
3323 4521 3572 4592 agimus,
3606 4519 3792 4575 facile

2119 4608 2421 4679 colligitur
2437 4611 2760 4682 catalogum
2778 4611 3039 4666 eumdem
3059 4624 3185 4666 esse
3196 4623 3365 4681 quem
3381 4607 3791 4678 Cuspinianus

2122 4696 2261 4752 olim
2315 4696 2539 4768 habuit,
2595 4713 2880 4770 quemque
2928 4712 3212 4770 anonymo
3258 4697 3502 4770 auctori.
3540 4695 3787 4769 tribuit,

2126 4791 2296 4855 prout
2317 4786 2571 4841 tribuere
2604 4788 2789 4859 pergit
2816 4801 2874 4844 in
2902 4789 3093 4858 operis
3125 4801 3452 4858 prOgressu,
3484 4785 3582 4841 ubi
3610 4791 3788 4840 cata-

2124 4874 2240 4945 logi
2264 4873 2438 4930 istius
2468 4875 2810 4932 mentionem
2834 4877 2992 4946 facit,
3021 4884 3077 4932 et
3099 4879 3398 4947 signanter
3417 4875 3486 4930 ad
3515 4874 3790 4929 consula-

2125 4971 2246 5019 tum
2277 4965 2575 5020 Saturnini
2608 4967 2710 5020 Iet
2739 4967 2978 5038 Venuvi,
3011 4979 3186 5037 agens
3221 4967 3294 5020 de
3325 4966 3487 5019 Petro
3521 4963 3612 5017 his
3642 4976 3791 5018 ver—

2125 5052 2257 5108 bis:
2295 5073 2321 5105 ί(
2353 5055 2821 5110 Vetustissimum
2865 5056 3118 5126 comperi
3160 5055 3223 5109 in
3253 5051 3604 5108 bibliotheca
3642 5065 3789 5120 qua-

2122 5143 2250 5198 dam
2283 5143 2626 5212 opusculum
2652 5145 2920 5215 anonymi
2951 5144 3228 5212 auctoris,
3265 5156 3376 5212 quo
3405 5141 3790 5197 continentur

2124 5231 2422 5300 pontifices
2461 5233 2700 5289 Romani
2734 5233 2843 5288 sub
2881 5231 3098 5302 quibus
3138 5246 3284 5286 coss.
3330 5230 3547 5286 fuerint
3578 5242 3611 5282 a
3635 5228 3790 5285 Divo

2123 5319 2288 5374 Petro
2332 5335 2514 5390 usque
2553 5323 2621 5376 ad
2660 5321 3080 5393 Marcellinum,
3129 5321 3231 5392 qui
3272 5319 3380 5376 sub
3415 5316 3787 5374 Diocletiano

2123 5408 2258 5476 fuit,
2307 5411 2781 5479 quemadmodum
2828 5411 3103 5480 deinceps
3142 5409 3526 5465 narrabimus.
3573 5424 3600 5456 »
3639 5407 3790 5462 Con-

2124 5502 2360 5570 stanter,
2410 5503 2468 5553 et
2519 5505 2669 5555 recte
2719 5499 2966 5556 afﬁrmat
3012 5499 3397 5570 Cupiuianus,
3454 5495 3788 5552 vetustissi-

2126 5599 2278 5640 mum
2307 5587 2648 5658 Opusculum
2688 5603 2811 5644 esse
2849 5589 3078 5660 antiqui
3122 5588 3432 5658 scriptoris
3463 5585 3782 5656 anonymi;

2124 5675 2218 5730 sed
2254 5676 2526 5732 memoria
2557 5678 2753 5747 lapsus
2796 5678 3052 5748 videtur,
3088 5677 3228 5732 dum
3260 5675 3435 5732 refert
3474 5674 3784 5745 pontifices
