3950 6438
418 435 521 495 475

1209 439 1303 492 AD
1340 437 1770 492 ANASTASIUM
1809 431 2322 489 PROLHGOMENA
2367 435 2541 488 EDIT.
2587 435 3018 490 ROM.—VATIC.

3724 427 3829 485 476

421 585 448 616 ‹‹
491 563 644 634 plius
673 565 802 619 sitit
830 564 1144 619 curiositas
1171 567 1486 631 temporum
1517 559 1981 620 sacerdotalium,
2008 553 2072 610 ιιι
2093 553 2148 612 Α
2179 560 2274 612 sed
2321 559 2665 628 approbator
2699 561 3000 616 duntaxat.
3050 560 3264 614 Auctor
3311 562 3498 612 tamen
3542 557 3695 611 vixit
3723 555 3833 610 sub

420 675 446 706 α
495 653 642 723 quod
673 654 914 722 dignum
941 659 1045 718 est,
1087 655 1466 721 cognoscatur
1498 667 1514 716 ;
1547 649 1696 718 quod
1736 647 2059 714 indignum,

420 761 446 792 α
489 745 811 810 respuatur.
833 741 1228 794 Verumtamen
1260 743 1412 807 gesta
1441 735 1796 806 pontiﬁcum,
1823 749 1946 802 quae
1977 745 2064 800 po-

418 846 444 878 α
481 827 703 882 tuimus
747 827 998 895 reperire
1037 826 1095 880 in
1127 825 1282 879 sedis
1310 830 1517 878 nostra:
1559 822 1775 892 studio,
1807 821 1874 875 ad
1906 827 2061 874 tuam

417 934 445 966 ‹‹
485 915 823 969 charitatem
862 913 1173 983 gaudentes
1211 912 1552 967 direximus.
1597 911 1709 965 Ora
1757 924 1856 978 pro
1899 907 2064 962 nobis

418 1024 444 1053 α
485 1004 554 1058 ad
573 1007 824 1058 sanctam
840 1001 1340 1066 resurrectionem,
1362 999 1536 1054 frater
1553 1005 1738 1054 etcom
1751 995 2057 1066 presbyter.

417 1111 444 1142 α
485 1091 620 1145 Vale
667 1091 724 1144 in
763 1089 994 1143 Christo
1029 1090 1143 1143 Deo
1185 1095 1242 1143 et
1273 1089 1516 1143 Domino
1561 1094 1778 1142 nostro.
1823 1087 1947 1139 Dat.
1999 1097 2056 1136 x.

416 1199 442 1230 α
479 1177 762 1232 Kalendas
809 1177 990 1245 Junii,
1046 1182 1103 1230 et
1152 1181 1380 1246 accepta
1419 1175 1702 1230 Kalendas
1737 1172 2000 1229 Octobris
2044 1191 2056 1226 :

417 1287 445 1319 α
487 1267 664 1322 missa
691 1266 762 1320 de
787 1267 962 1321 Roma
993 1265 1461 1334 Hierosolymam.
1497 1283 1522 1313 »
1571 1292 1583 1302 -
1755 1261 1759 1264 ’

480 1353 536 1411 2.
581 1355 802 1410 Primas
853 1354 954 1408 has
983 1353 1258 1422 epistolas
1311 1354 1464 1423 typis
1507 1353 1818 1421 descripsit
1869 1351 2061 1406 Gode—

411 1443 602 1498 fridus
625 1441 1018 1498 Henschenius
1053 1459 1066 1495 :
1093 1447 1245 1497 tomo
1271 1442 1425 1496 enim
1457 1443 1639 1510 primo
1667 1440 1885 1508 Aprilis
1928 1445 2058 1492 ante

409 1531 707 1601 Catalogos
739 1532 1124 1586 Romanorum
1165 1530 1498 1599 pontiﬁcum
1547 1543 1642 1584 eas
1687 1543 1753 1583 ex
1795 1527 2058 1596 antiquis

411 1633 548 1675 mss.
585 1619 790 1688 edidit,
823 1633 889 1674 ac
915 1633 1016 1688 pro
1052 1620 1339 1690 germanis
1368 1619 1586 1685 habuit,
1618 1618 1858 1672 laudans
1901 1619 2058 1670 Mar-

410 1708 559 1762 tium
581 1707 870 1762 Milesium
895 1706 1263 1761 Sarazanium
1282 1705 1334 1760 J.
1357 1706 1418 1760 C.
1446 1707 1783 1772 Romanum,
1807 1719 1872 1759 eo
1905 1703 2053 1772 quod

411 1795 871 1866 typisVaticanis
888 1808 1038 1850 anno
1067 1793 1204 1850 4638
1237 1795 1384 1849 inter
1403 1794 1584 1862 Opera
1616 1793 1798 1847 sancti
1828 1791 2053 1846 Damasi

2181 647 2426 716 Liberio,
2475 655 2537 703 ut
2580 649 2791 703 Petavii
2840 649 3174 702 testimonio
3219 645 3616 700 Henschenius
3667 659 3835 700 com-

2180 736 2413 804 probat:
2445 757 2470 786 ‹‹
2491 737 2696 790 Sancto
2715 737 2869 791 Julio
2899 736 3186 803 Liberius,
3209 736 3377 802 cujus
3399 740 3653 802 tempore
3675 734 3834 788 hunc

2175 830 2416 878 veterem
2448 825 2772 880 lndiculum
2800 827 3184 880 Romanorum
3218 823 3553 892 pontiﬁcum
3585 826 3836 876 contex—

2176 921 2295 964 tum
2332 909 2531 973 fuisse,
2573 913 2784 966 asserit
2821 913 3133 982 Dionysius
3179 911 3443 964 Petavius
3476 908 3576 964 lib.
3625 924 3680 974 v,
3725 909 3830 978 qui

2173 1012 2303 1053 cum
2329 1013 2496 1068 penes
2527 1015 2586 1054 se
2614 1001 2836 1055 habuit.
2869 1002 2999 1055 Post
3027 991 3248 1054 obitum
3283 997 3497 1053 Liberii
3530 999 3835 1054 constitu—

2172 1092 2266 1141 tus
2297 1093 2383 1142 est
2413 1087 2668 1156 pontifex
2709 1090 2998 1144 Romanus
3025 1089 3077 1143 S.
3111 1089 3408 1153 Damasus,
3443 1087 3544 1157 qui
3591 1093 3829 1158 rogatus

2169 1187 2203 1229 a
2233 1181 2430 1230 sancto
2473 1177 2833 1246 Hieronymo,
2869 1185 3025 1247 gesta
3065 1175 3426 1245 pontiﬁcum,
3467 1189 3595 1244 quae
3637 1175 3832 1244 potuit

2172 1263 2422 1331 reperire
2457 1264 2513 1318 in
2558 1279 2676 1320 suae
2707 1265 2860 1319 sedis
2891 1266 3107 1329 studio,
3147 1263 3214 1318 ad
3248 1276 3378 1318 eum
3411 1263 3647 1319 direxit.
3689 1261 3830 1329 Qua:

2169 1351 2397 1406 Damasi
2426 1353 2592 1408 verba
2623 1353 2978 1408 arbitramur
3007 1351 3382 1421 intelligenda
3412 1351 3482 1405 de
3508 1352 3625 1418 jam
3659 1351 3831 1406 indi-

2170 1445 2296 1494 cato
2324 1440 2590 1508 Catalogo
2627 1456 2810 1511 usque
2852 1443 2921 1496 ad
2955 1441 3247 1496 Liberium
3300 1439 3425 1508 ejus
3465 1439 3826 1494 decessorem

2168 1527 2434 1582 deducto.
2469 1529 2754 1596 Epistolas
2787 1531 3094 1598 utriusque
3127 1529 3232 1583 hac
3259 1527 3330 1582 de
3362 1541 3421 1582 re
3451 1532 3507 1582 et
3529 1527 3584 1581 S.
3615 1527 3832 1583 Hiero—

2171 1617 2323 1685 nymi
2355 1622 2411 1671 et
2439 1619 2492 1671 S.
2527 1619 2753 1673 Damasi
2791 1633 2858 1674 ex
2889 1618 3191 1673 codicibus
3222 1617 3637 1685 manuscriptis
3671 1631 3834 1685 pree—

2171 1705 2458 1773 ponimus.
2489 1706 2639 1759 Idem
2667 1707 2722 1761 S.
2751 1707 3131 1776 ilieronymus
3175 1705 3244 1760 de
3273 1704 3670 1774 Scriptoribus
3712 1705 3834 1758 Ec—

2167 1792 2514 1847 clesiasticis
2547 1795 2734 1862 capite
2767 1793 2833 1850 15
2857 1795 3064 1849 statuit
3093 1795 3146 1847 S.
3174 1794 3519 1848 Clementem
3551 1799 3831 1862 quartum

407 1883 556 1938 alias
578 1883 852 1952 epistolas
878 1883 970 1938 his
992 1883 1156 1952 plane
1177 1882 1398 1937 similes
1415 1882 1664 1936 ediderit
1696 1899 1711 1950 ;
1744 1894 1868 1950 pag.
1901 1880 2052 1934 enim
2088 1866 2142 1926 Β
2169 1885 2296 1950 post
2321 1882 2547 1936 Petrum
2570 1882 2884 1938 Romanum
2915 1883 3257 1951 pontiﬁcem,
3293 1881 3582 1952 siquidem
3603 1881 3834 1950 inquit.

411 1969 506 2027 424
542 1977 599 2028 et
636 1972 928 2041 sequentis
957 1971 1122 2026 habet
1156 1971 1458 2041 epistolam
1488 1970 1717 2025 Damasi
1745 1970 1813 2024 ad
1849 1970 2056 2023 Hiero-

407 2073 658 2132 nymum,
695 2073 762 2116 ex
785 2074 894 2130 qua
926 2074 1098 2130 supra
1141 2066 1488 2116 memoratus
1532 2057 1926 2114 llenschenius
1959 2071 2056 2112 se—

405 2149 640 2220 quentia
678 2149 982 2218 excerpsit.

477 2257 504 2289 (ι
545 2239 821 2293 Damasus
885 2237 1191 2306 episcopus
1245 2237 1410 2292 fratri
1468 2242 1524 2291 et
1593 2234 2054 2304 compresbytero

407 2345 434 2378 α
474 2326 814 2396 Hieronymo
836 2326 896 2379 in
921 2325 1164 2379 Domino
1193 2325 1458 2380 salutem.

479 2437 505 2466 (ι
545 2416 691 2470 Dum
739 2413 917 2468 multa
949 2425 1187 2480 corpora
1233 2413 1515 2466 librorum
1552 2413 1610 2466 in
1651 2423 1776 2465 meo
1809 2411 2055 2464 arbitrio

407 2523 435 2553 α
474 2499 925 2566 allatafuissent,
945 2499 1214 2568 contigit,
1234 2506 1297 2554 ut
1312 2504 1370 2552 et
1391 2498 1602 2552 librum
1624 2497 1977 2551 Psalmorum
1995 2498 2053 2552 in

407 2608 435 2640 α
480 2600 604 2642 meo
632 2587 826 2641 animo
854 2584 1101 2640 festinus
1126 2598 1524 2656 cognoscerem
1554 2585 1824 2654 detineri,
1849 2591 1904 2638 et
1935 2598 2057 2638 me—

407 2696 437 2728 (τ
480 2674 720 2730 moriam
750 2672 1089 2742 capacitatis
1119 2686 1254 2726 mea:
1287 2672 1544 2728 imbuere
1572 2673 1846 2743 cogitavi,
1881 2672 2056 2728 frater

406 2784 434 2817 α
475 2761 889 2826 amantissime,
922 2766 978 2815 et
1023 2760 1081 2815 in
1111 2760 1341 2815 Christo
1375 2774 1595 2831 semper
1627 2762 1911 2831 sacerdos,
1957 2776 2058 2817 se-

405 2872 432 2904 σ
473 2850 727 2907 cundum
749 2847 1113 2918 septuaginta
1146 2850 1579 2915 lnterpretes....
1610 2850 1867 2904 invenire
1891 2853 2057 2906 vesti-

405 2959 432 2990 α
476 2938 590 3010 gia.
641 2938 772 2992 Peto
816 2937 988 2992 etiam
1033 2936 1370 2992 charitatem
1409 2942 1584 3004 tuam,
1628 2942 1693 2991 ut
1725 2939 2051 2994 Grmcorum

405 3047 432 3078 α
475 3024 837 3096 psallentiam
863 3025 931 3079 ad
961 3038 1064 3080 nos
1092 3025 1344 3096 dirigere
1375 3030 1473 3080 tua
1505 3024 1836 3080 fraternitas
1857 3028 2052 3082 delec-

405 3135 434 3167 ¢
475 3121 693 3170 tetur...
721 3114 850 3168 Peto
881 3126 1014 3184 ergo
1049 3127 1145 3182 per
1176 3114 1406 3168 fratrem
1434 3120 1490 3168 et
1527 3115 2049 3184 compresbyterum

2166 1971 2454 2025 secundus
2483 1970 2659 2025 Linus
2687 1969 2818 2036 fuit,
2851 1977 2906 2026 et
2933 1973 3142 2026 tertius
3172 1970 3500 2038 Anacletus,
3533 1975 3588 2024 et
3614 1970 3664 2024 si
3695 1970 3837 2039 ple—

2167 2059 2334 2128 rique
2359 2060 2696 2114 Latinorum
2727 2061 3042 2116 secundum
3075 2067 3201 2130 post
3227 2061 3454 2114 Petrum
3483 2057 3832 2126 Apostolum

2168 2154 2370 2215 putent
2391 2146 2570 2203 fuisse
2589 2149 2964 2204 Clementem:
2993 2149 3096 2204 Ubi
3125 2148 3434 2217 Opinamur
3456 2147 3685 2201 nomine
3709 2147 3836 2200 La—

2167 2236 2421 2290 tinorum
2485 2237 2731 2292 indicari
2785 2239 2939 2292 hunc
2989 2237 3324 2307 Catalogum
3376 2249 3407 2290 a
3464 2235 3517 2289 S.
3577 2237 3837 2290 Damaso

2169 2322 2408 2377 missum
2454 2324 2520 2378 ad
2564 2330 2827 2378 sanctum
2863 2325 3291 2394 Hieronymum,
3327 2325 3427 2393 qui
3459 2323 3631 2378 etiam
3668 2321 3838 2378 libro

2169 2411 2354 2478 primo
2417 2411 2693 2466 adversus
2753 2412 3119 2466 Jovinianum
3173 2411 3422 2480 appellat
3473 2411 3839 2466 Clementem

2167 2511 2551 2552 successorem
2597 2498 2841 2566 apostoli
2888 2499 3060 2552 Petri.
3105 2500 3177 2552 Et
3220 2499 3279 2552 in
3310 2504 3484 2567 caput
3523 2499 3686 2553 Isaia:
3720 2512 3836 2569 ιιι,

2166 2585 2426 2639 scribens
2469 2585 2570 2654 ait,
2617 2598 2747 2640 eum
2798 2590 2925 2654 post
2963 2586 3190 2641 Petrum
3241 2585 3550 2640 Romanam
3602 2588 3842 2642 rexisse

2167 2672 2498 2741 Eeclesiam,
2543 2674 2766 2728 scilicet
2800 2675 3146 2742 interposito
3173 2673 3240 2728 ad
3290 2673 3543 2728 medium
3593 2678 3841 2744 tempus

2163 2761 2216 2816 S.
2250 2762 2410 2823 Lino,
2455 2762 2550 2816 cui
2583 2761 2931 2816 successisse
2958 2761 3319 2829 Clementem,
3363 2760 3601 2814 tradunt
3634 2758 3843 2830 Opta—

2165 2856 2260 2905 tus
2325 2849 2692 2904 Milevitanus
2767 2849 2868 2903 lib.
2923 2863 2986 2912 li,
3052 2854 3108 2903 et
3169 2854 3402 2903 sanctus
3451 2847 3837 2918 Augustinus

2163 2940 2332 3008 epist.
2376 2936 2494 2992 465.
2537 2956 2564 2987 n

2235 3024 2287 3080 4.
2315 3028 2601 3082 Hactenus
2643 3025 3059 3094 Henschenius,
3093 3026 3193 3094 qui
3231 3039 3298 3082 ex
3331 3025 3547 3082 litteris
3587 3038 3619 3080 a
3658 3027 3834 3082 Mar-

2164 3116 2247 3172 tio
2295 3117 2520 3171 Milesio
2554 3115 2866 3185 publicatis
2911 3115 3150 3184 probare
3218 3115 3431 3170 nititur
3487 3114 3828 3171 litterarum

408 3223 435 3255 α
476 3209 737 3258 nostrum
763 3200 1142 3272 Bonifacium,
1179 3207 1242 3257 ut
1261 3201 1460 3272 jubeat
1488 3201 1822 3258 fraternitas
1849 3211 1945 3258 tua
1968 3205 2050 3260 rei
2084 3195 2134 3258 Ο
2162 3205 2564 3260 commercium
2595 3204 2745 3258 inter
2767 3205 3067 3258 Damasum
3094 3217 3292 3273 papam
3319 3209 3375 3259 et
3394 3203 3590 3259 divum
3608 3203 3833 3258 Hiero-

407 3313 435 3346 «
480 3292 654 3360 hujus
693 3290 862 3347 nobis
917 3292 1140 3361 aperire
1183 3291 1442 3362 vestigia.
1489 3292 1663 3347 Missa
1711 3306 1762 3346 v.
1813 3293 2050 3347 Kalend.

406 3400 433 3432 α
473 3379 828 3436 Novembris.
873 3397 898 3428 ››

474 3467 773 3524 Subnectit
806 3468 1234 3537 responsionem
1270 3468 1598 3539 Ilieronymi
1635 3469 1949 3540 presbyteri
1981 3469 2049 3524 ad

404 3559 728 3613 Damasum.

475 3666 504 3697 ex
545 3647 882 3702 Beatissimo
909 3659 1065 3716 papze
1090 3647 1330 3701 Damaso
1357 3648 1513 3702 sedis
1533 3648 1863 3716 apostolicae
1888 3648 2051 3703 urbis

405 3754 432 3786 ‹‹
473 3735 662 3788 Romae
692 3735 1070 3803 Hieronymus
1092 3734 1351 3802 supplex.

477 3843 504 3873 «
547 3823 677 3894 Legi
715 3823 938 3877 litteras
995 3825 1353 3892 apostolatus
1397 3825 1592 3892 vestri,
1638 3832 1933 3894 poscentes
1986 3832 2050 3881 ut

404 3931 431 3962 (ι
474 3911 787 3966 secundum
811 3910 1240 3978 simplicitatem
1270 3914 1634 3982 septuaginta
1669 3915 2046 3982 lnterpretum

406 4019 432 4050 α
474 3998 790 4053 canendum
810 3997 1311 4067 Psalmographum
1332 3999 1695 4068 interpretari
1712 3999 2043 4058 festinem...

407 4106 434 4134 «
468 4087 739 4142 Precatur
762 4097 896 4154 ergo
913 4083 1095 4139 cliens
1113 4091 1250 4141 tuus
1289 4092 1350 4142 ut
1381 4103 1486 4142 vox
1521 4088 1631 4142 ista
1678 4089 2047 4156 psallentium

405 4194 431 4225 α
476 4174 536 4229 ἱη
567 4175 698 4230 sede
727 4177 824 4229 tua
867 4173 1115 4228 Romana
1149 4174 1246 4229 die
1277 4181 1564 4245 noctuque
1593 4185 1853 4244 canatur,
1887 4184 1943 4232 et
1989 4178 2048 4230 in

405 4283 430 4312 α
473 4262 903 4332 ﬁnecujuslibet
924 4262 1126 4332 psalmi
1149 4263 1421 4332 conjungi
1444 4263 1743 4331 praecipiat
1759 4271 2055 4332 etaposto—

403 4371 429 4402 α
473 4351 623 4406 latus
649 4351 735 4406 tui
780 4351 920 4406 ordo
953 4368 966 4404 ε
1001 4351 1187 4404 Gloria
1238 4351 1412 4408 Patri,
1444 4355 1496 4402 et
1523 4350 1682 4409 Filio,
1730 4355 1780 4403 ct
1819 4352 2053 4420 Spiritui

403 4458 431 4492 c
471 4444 678 4500 sancto,
711 4440 852 4492 sicut
869 4442 988 4490 erat
1016 4439 1075 4489 in
1109 4438 1404 4505 principio,
1436 4453 1462 4484 ι)
1493 4441 1602 4489 etc.

2165 3307 2393 3362 nymum
2413 3293 2482 3348 de
2503 3292 2800 3347 similibus
2827 3293 3103 3361 materiis,
3129 3299 3192 3348 ut
3222 3292 3457 3347 facilius
3479 3291 3830 3362 persuadeat

2165 3381 2388 3435 litteras
2416 3382 2688 3452 tle-gestis
2714 3381 3095 3436 Romanorum
3139 3381 3472 3450 pontiﬁcum
3503 3394 3536 3436 a
3574 3393 3634 3434 se
3683 3380 3830 3449 pri—

2165 3483 2318 3524 mum
2347 3470 2550 3536 editas,
2583 3474 2638 3524 et
2670 3483 2967 3538 germanas
2996 3483 3138 3538 esse,
3185 3474 3241 3524 et
3282 3470 3522 3524 Damaso
3555 3480 3712 3537 papae
3749 3482 3825 3524 ac

2161 3558 2503 3628 Hieronymo
2528 3557 2850 3627 presbytero
2878 3557 3059 3612 tribui
3092 3571 3273 3627 posse.
3307 3558 3509 3612 Verum
3542 3556 3600 3610 in
3627 3555 3826 3625 prima

2160 3645 2543 3714 Antiquitatis
2590 3645 2894 3700 illustratae
2933 3644 3187 3700 editione
3233 3645 3476 3700 miratus
3524 3642 3608 3700 fui
3656 3644 3819 3713 quod

2159 3734 2551 3788 Henschenius
2586 3747 2698 3789 non
2731 3733 3114 3788 observarerit
3149 3733 3425 3802 epistolas
3453 3733 3524 3788 de
3554 3732 3824 3802 psalmo—

2158 3822 2256 3877 dia
2291 3823 2521 3878 Basileae
2554 3836 2706 3878 onno
2755 3820 2894 3878 4516
2941 3823 3264 3891 publicatas
3307 3821 3489 3878 fuisse
3520 3835 3619 3892 per
3663 3822 3824 3876 Era-

2159 3925 2365 3980 smum,
2415 3912 2516 3981 qui
2547 3911 2618 3966 de
2667 3911 2850 3981 priori
2900 3911 3054 3966 circa
3087 3910 3461 3981 psalmodiam
3502 3911 3753 3979 epistola
3785 3924 3823 3966 a

2159 4002 2398 4055 Damaso
2429 4000 2497 4054 ad
2529 3999 2933 4070 Hieronymum
2957 4000 3280 4067 conscripta
3313 4004 3643 4067 sequentem
3669 4013 3824 4054 cen—

2159 4087 2530 4143 suramtulit:
2568 4107 2594 4138 a
2625 4087 2853 4142 Clarius
2881 4092 3154 4156 estquam
3174 4093 3238 4142 ut
3265 4087 3559 4141 admoneri
3584 4087 3819 4159 debeat,

2164 4176 2308 4230 hanc
2353 4175 2655 4245 epistolam
2701 4177 2953 4244 ejusdem
2985 4190 3106 4231 esse
3145 4175 3390 4230 artiﬁcis
3421 4176 3590 4243 cujus
3635 4183 3726 4230 est
3751 4191 3824 4233 ea

2162 4278 2288 4332 quze
2337 4265 2592 4333 proxime
2632 4266 2914 4335 sequitur,
2948 4271 3005 4320 et
3032 4265 3223 4320 eadem
3271 4263 3422 4320 febri
3467 4265 3820 4321 laborantis.

2160 4354 2336 4407 Deum
2367 4353 2742 4408 immortalem
2778 4353 2791 4406 ι
2827 4368 2953 4424 qua:
2995 4353 3108 4409 fuit
3151 4353 3531 4423 impudentia,
3563 4352 3668 4409 hoc
3696 4355 3826 4409 tri—

2163 4441 2337 4497 buere
2364 4442 2602 4496 Damaso
2641 4441 2669 4494 ‘?
2701 4460 2727 4490 n
2757 4442 2932 4497 Addit
2956 4443 3026 4497 de
3059 4455 3330 4512 responso
3378 4442 3709 4512 Hieronymi
3741 4445 3820 4499 ad

470 4524 524 4580 3.
561 4525 751 4580 Editis
781 4524 940 4578 hisce
979 4522 1208 4577 duabus
1249 4523 1535 4590 epistolis,
1587 4525 1855 4596 adjungit
1899 4527 2048 4583 idem
2079 4536 2131 4596 ι)
2161 4531 2462 4584 Damasum
2494 4529 3405 4599 :«Mirumestinventumfuisse,
3437 4531 3536 4600 qui
3560 4533 3826 4600 speravit

399 4610 796 4668 Henschenius
821 4627 834 4662 :
869 4629 894 4658 «
922 4610 1044 4663 Non
1071 4609 1298 4664 videtur
1323 4617 1512 4664 autem
1543 4611 1598 4665 S.
1623 4614 1899 4669 Damasus
1928 4617 2050 4684 ipse

401 4697 819 4767 conscripsisse
850 4696 1095 4766 priorem
1139 4697 1470 4767 Catalogum
1515 4699 1585 4754 de
1619 4702 1764 4755 Vitis
1809 4705 2050 4771 pontifi-

401 4804 554 4859 cum,
589 4788 683 4844 sed
717 4787 902 4843 solum
940 4786 1042 4841 has
1066 4786 1134 4840 ad
1169 4786 1458 4842 Liberium
1493 4789 1843 4846 decessorem
1878 4808 2045 4849 suum

402 4890 437 4932 a
471 4877 652 4932 variis
690 4875 966 4931 deductas
990 4873 1334 4943 approbasse
1359 4883 1415 4930 et-
1455 4876 1523 4930 ad
1552 4883 1810 4932 sanctum
1841 4881 2051 4937 Hiero-

402 4977 635 5036 nymum
682 4963 987 5018 direxisse.
1039 4963 1224 5034 Igitur
1277 4976 1407 5018 cum
1463 4965 1802 5021 Ptolomazus
1844 4970 2051 5024 Lucen-

401 5052 506 5119 sis,
539 5051 689 5122 apud
734 5050 1022 5106 Milesium
1056 5063 1180 5122 pag.
1225 5046 1314 5118 21,
1355 5049 1502 5104 dicit
1541 5052 1691 5118 quod
1724 5067 1905 5123 usque
1932 5057 2050 5111 Da—

403 5153 625 5195 masum
665 5138 953 5194 Chronica
1005 5151 1364 5193 summorum
1415 5138 1751 5206 pontiﬁcum
1799 5143 2046 5213 vigorem

403 5228 715 5296 recipiunt,
781 5228 1023 5281 Damaso
1073 5225 1380 5288 scribente,
1438 5227 1631 5281 eodem
1675 5232 2044 5304 approbante,

403 5328 507 5369 seu
532 5312 930 5369 subscribente
961 5313 1017 5367 id
1052 5312 1176 5367 ﬁeri
1219 5313 1621 5384 intelligimus,
1669 5323 1724 5371 et
1751 5321 1897 5388 quod
1933 5322 2044 5390 ipsi

406 5402 544 5455 Vitae
562 5401 916 5470 pontiﬁcum,
947 5406 1013 5454 ut
1033 5402 1218 5468 primo
1240 5402 1507 5470 scriptori
1541 5407 1751 5472 passim
1775 5409 2050 5466 tribuan—

406 5496 506 5544 tur
532 5503 566 5542 a
611 5487 914 5554 Sabellico,
947 5488 1222 5542 Panvinio
1254 5495 1309 5542 et
1342 5490 1496 5555 aliis,
1533 5493 1728 5549 minus
1757 5499 2047 5566 approba-

405 5587 536 5630 mus
604 5591 630 5621 η
681 5577 808 5642 Ipso
854 5575 1048 5642 itaque
1087 5575 1442 5632 Henschenio
1491 5577 1719 5651 fatente,
1767 5586 2046 5642 Damasus

406 5676 518 5720 non
549 5660 660 5717 erit
687 5660 914 5728 proprie
943 5666 1144 5718 auctor
1171 5663 1346 5734 hujus
1375 5668 1726 5738 antiquioris
1762 5673 2038 5745 Catalogi,

2161 4615 2420 4672 futurum
2460 4623 2523 4672 ut
2553 4616 2671 4671 haec
2687 4617 2951 4686 epistola,
2982 4630 3096 4686 qua
3125 4617 3277 4672 nihil
3313 4618 3449 4689 ﬁngi
3490 4618 3680 4687 potuit
3712 4619 3826 4674 in-

2158 4703 2400 4768 sulsius,
2422 4719 2521 4760 nec
2545 4706 2856 4776 indoctius,
2879 4719 2981 4760 nec
3006 4705 3312 4776 infantius,
3332 4719 3364 4761 a
3393 4719 3676 4776 quoquam
3709 4721 3823 4775 pro

2156 4794 2597 4863 Hieronymiana
2635 4793 2937 4864 legeretur.
2994 4812 3020 4844 »
3069 4796 3137 4848 Et
3169 4809 3239 4850 ne
3284 4795 3501 4850 Erasmi
3553 4797 3826 4853 auctoris

2158 4883 2408 4950 suspecti
2439 4881 2664 4949 judicio
2709 4883 2818 4936 niti
2852 4881 2994 4936 velle
3021 4882 3339 4949 videamur,
3380 4895 3657 4938 censuras
3683 4884 3824 4952 ejus

2161 4970 2470 5025 novissime
2495 4969 2958 5025 conﬁrmattomo
2975 4971 3020 5024 Il
3036 4969 3821 5028 CollectionisConciliorum

2159 5057 2220 5111 in
2264 5059 2418 5113 notis
2461 5057 2882 5127 marginalibus
2920 5058 2989 5112 ad
3015 5057 3162 5112 duas
3204 5058 3482 5126 epistolas
3521 5071 3554 5112 a
3585 5057 3822 5116 Milesio

2161 5145 2480 5215 publicatas
2511 5144 2814 5214 Philippus
2841 5145 3132 5200 Labbeus:
3167 5164 3193 5196 α
3225 5145 3644 5214 Supposititiaa,
3665 5160 3824 5216 apo—

2157 5235 2381 5302 crypha:
2425 5239 2481 5288 et
2529 5234 2906 5302 ineptissime
2948 5234 3095 5287 viris
3133 5233 3323 5288 doctis
3367 5234 3648 5289 habentur
3696 5242 3826 5292 tan-

2158 5326 2394 5390 tumque
2419 5335 2450 5375 a
2477 5321 2624 5391 stylo
2647 5321 2874 5376 Damasi
2907 5327 2963 5375 et
2992 5320 3320 5390 Hieronymi
3351 5321 3590 5386 distant,
3619 5335 3824 5392 quan-

2158 5414 2278 5463 tum
2309 5408 2515 5463 cmlum
2545 5422 2577 5463 a
2601 5415 2774 5478 terra,
2803 5415 2860 5464 et
2891 5408 3060 5478 polus
3087 5409 3409 5464 antarticus
3436 5409 3509 5466 ab
3537 5411 3744 5465 artico.
3786 5431 3814 5460 υ

2154 5498 2349 5566 Neque
2389 5497 2652 5553 ulteriori
2688 5498 3024 5567 probatione
3071 5498 3188 5552 haec
3233 5498 3513 5567 indigent,
3548 5511 3677 5553 cum
3725 5502 3816 5557 vel

2155 5583 2378 5640 litteras
2411 5586 2744 5654 inspicienti
2773 5587 2965 5640 eadem
3002 5587 3170 5654 plane
3195 5591 3492 5655 occurant,
3543 5592 3716 5655 prout
3743 5602 3818 5644 ex

2153 5675 2415 5744 epistolis
2437 5689 2535 5744 per
2558 5677 2829 5730 Martium
2850 5675 3140 5730 Milesium
3167 5675 3481 5743 publicatis
3505 5677 3646 5732 adeo
3658 5677 3819 5734 clare
