3950 6406
167 368 264 428 471

870 371 1276 428 SCHELESTR.
1320 371 1626 428 DISSERT.
1669 372 1760 427 DE
1809 371 2035 440 ANTIQ.
2079 370 2245 428 ROM.
2290 372 2490 429 PONT.
2531 372 2870 430 CATALOG.

3486 375 3590 436 478

164 501 514 556 ostenderam
552 502 612 556 in
642 502 825 571 prima
851 501 1238 572 Antiquitatis
1259 501 1675 556 Ecclesiastica:
1705 498 1901 559 edi-A
1932 500 2043 556 lam
2090 502 2362 572 scriptam
2416 515 2560 572 esse,
2607 517 2738 558 cum
2773 505 2842 558 D.
2891 504 3276 576 Hieronymus
3305 505 3366 560 in
3421 503 3584 573 Syria

163 589 331 657 tione,
361 597 425 644 ut
463 589 530 642 V.
557 590 620 644 C.
649 589 1076 660 Papebrocbius
1108 590 1165 644 in
1198 589 1488 660 Pro‘pylaeo
1530 588 1597 644 ad
1633 602 1819 658 quar-

163 683 276 732 tum
313 683 529 734 tomum
576 679 736 745 Maii,
791 691 896 750 pag
953 692 1038 744 Ill,
1090 677 1432 734 sententiam
1469 673 1815 731 Henschenii

164 765 594 834 praedecessoris
621 767 713 822 sui
744 767 1164 822 retractandam
1183 764 1436 833 duxerit,
1470 763 1812 833 adjungens,

161 866 218 909 se
255 853 586 910 rationibus
629 855 775 910 meis
799 853 1126 910 convictum
1163 852 1333 908 malle
1366 851 1642 922 epistolas
1682 849 1816 906 illas

157 955 220 997 ex
250 946 404 998 tomo
435 944 456 997 l
493 943 718 1012 Aprilis
748 947 1086 1012 expunctas.

223 1028 282 1086 5.
331 1031 655 1102 Agnoverat
684 1031 1110 1100 Papebrochius
1129 1045 1296 1102 quam
1336 1030 1608 1101 eleganti,
1643 1042 1814 1101 quam

156 1118 361 1174 ﬂorido
389 1119 558 1189 stylo,
593 1119 687 1175 usi
731 1126 894 1175 erant
933 1121 1000 1175 D.
1031 1121 1413 1191 Hieronymus
1441 1125 1497 1174 et
1519 1120 1572 1174 S.
1602 1119 1816 1173 Dama-

157 1221 274 1274 sus,
322 1220 569 1277 quorum
607 1207 857 1277 plurima
903 1222 1093 1279 opera,
1134 1208 1205 1264 de
1237 1208 1454 1279 quibus
1498 1206 1698 1263 nullus
1728 1213 1817 1262 est

156 1293 480 1365 ambigendi
506 1295 690 1368 locus,
718 1297 788 1352 ad
817 1309 1021 1353 manus
1043 1305 1272 1354 nostras
1291 1303 1692 1367 pervenerunt.
1721 1295 1814 1349 Ut-

154 1397 258 1452 que
281 1385 356 1439 de
399 1385 474 1438 D.
512 1375 842 1457 Hieronymi
873 1385 1148 1455 operibus
1184 1387 1239 1442 id
1277 1387 1333 1441 in
1370 1386 1577 1456 primis
1603 1383 1817 1456 probe-

155 1486 298 1542 mus,
349 1479 580 1530 exstant
627 1475 937 1545 Epitaphia
975 1476 1186 1546 Paulae,
1244 1475 1510 1545 Fabiolae,
1557 1473 1809 1542 Lucinii,

152 1562 430 1617 Marcellae
478 1570 533 1618 et
579 1564 885 1633 Nepotiani
923 1578 955 1619 a
986 1572 1185 1620 sancto
1227 1563 1330 1620 illo
1359 1564 1593 1619 doctore
1622 1563 1811 1628 edita;

151 1655 372 1705 exstant
403 1651 703 1721 complura
742 1653 1021 1722 opuscula
1049 1652 1326 1708 adversus
1355 1651 1704 1720 Helvidium,
1731 1651 1815 1706 lo.

150 1737 469 1808 vinianum,
508 1739 907 1811 Vigilantium,
937 1740 1292 1812 Pelagianos,
1322 1743 1677 1808 Montanum,
1707 1739 1816 1794 Hu-

1927 591 2183 660 percepit
2201 591 2506 646 Damasum
2536 604 2734 660 papam
2759 593 2879 648 sedi
2906 593 3236 663 apostolicae
3258 591 3584 664 praefectum

1928 676 2144 733 fuisse:
2185 680 2334 749 quod
2378 685 2659 750 repugnat
2709 680 2784 736 iis
2816 695 2942 750 qua:
2975 681 3035 736 in
3075 682 3327 738 secunda
3354 681 3582 738 Damasi

1925 765 2168 835 epistola
2194 774 2637 837 supponuntur:
2676 767 2759 822 ibi
2790 769 2943 823 enim
2972 769 3244 824 innuitur
3271 771 3342 824 D.
3378 769 3584 826 Hiero-

1927 866 2180 924 nymum,
2207 869 2338 910 cum
2362 855 2508 910 hanc
2533 855 2836 926 epistolam
2859 856 3121 928 scripsit,
3150 855 3334 913 fuisse
3359 857 3585 930 presby-

1928 949 2114 997 terum
2141 941 2374 1000 rfactus
2401 949 2491 1000 est
2515 951 2706 1000 autem
2736 943 3030 1015 presbyter
3053 961 3086 1000 a
3119 946 3367 1002 Paulino
3391 948 3588 1004 Antio-

1925 1029 2072 1085 chiae
2146 1031 2437 1101 episcOpo,
2495 1037 2800 1104 postquam
2861 1033 3210 1088 discesserat
3259 1046 3327 1088 ex
3394 1047 3585 1091 eremo

1924 1118 2122 1188 Syrias,
2145 1133 2213 1175 ex
2245 1135 2356 1191 qua
2389 1122 2536 1176 duas
2557 1135 2731 1192 supra
2753 1126 3094 1178 memoratas
3125 1121 3404 1190 epistolas
3429 1123 3586 1178 scri-

1926 1214 2116 1277 pserat
2143 1209 2214 1264 ad
2239 1210 2544 1265 Damasum
2570 1223 2792 1280 papam.
2824 1208 2978 1266 Adeo
3009 1215 3075 1265 ut
3104 1208 3315 1267 falsum
3345 1213 3583 1268 omnino

1923 1295 2004 1351 sit
2045 1299 2106 1352 D.
2141 1297 2548 1368 Hieronymum
2575 1300 2693 1368 jam
2724 1299 3112 1370 presbyterum
3148 1299 3335 1370 primo
3364 1313 3581 1371 cognon

1925 1385 2078 1440 visse
2111 1387 2337 1441 Damasi
2380 1389 2798 1456 promotionem
2820 1389 2889 1444 ad
2926 1388 3345 1458 pontiﬁcatum,
3392 1395 3449 1444 et
3475 1401 3582 1458 pa-

1925 1477 2060 1539 teat,
2099 1473 2170 1529 ab
2204 1475 2433 1530 homine
2481 1475 2679 1546 aliquo
2723 1483 2982 1532 actorum
3022 1476 3352 1546 Hieronymi
3380 1477 3582 1547 ignaro

1929 1561 2258 1631 prmdictam
2298 1564 2601 1632 epistolam
2638 1565 3029 1635 conscriptam
3060 1563 3260 1620 fuisse.
3295 1567 3490 1636 Neque
3512 1577 3580 1620 ex

1928 1648 2037 1704 hoc
2085 1649 2558 1718 parachronismo
2606 1657 2852 1723 tantum,
2882 1652 2978 1708 sed
3012 1653 3184 1708 «tiam
3216 1665 3286 1708 ex
3317 1651 3580 1722 sequenti

1926 1735 2306 1804 barbarismo,
2359 1745 2626 1807 quatenus
2670 1746 2856 1795 nostra
2898 1741 3180 1796 humilitas
3209 1743 3448 1796 sentiens
3487 1755 3587 1794 re-

152 1825 343 1897 ﬁnum,
374 1827 644 1900 aliosque
687 1829 876 1899 ipsius
903 1830 1236 1900 Hieronymi
1263 1829 1348 1884 vel
1377 1828 1684 1898 religionis
1709 1840 1813 1882 ca—
1847 1816 1898 1876 Β
1925 1831 2232 1892 cognoscat,
2267 1833 2509 1894 constat,
2555 1829 2886 1896 praedictam
2925 1829 3228 1899 epistolam
3273 1831 3337 1884 D.
3372 1830 3581 1886 Hiero-

151 1915 374 1972 tbolicte
431 1918 800 1974 adversarios
855 1918 1210 1986 composita:
1269 1923 1498 1972 exstant
1551 1917 1814 1986 plerique

151 2009 427 2060 tractatus
457 2005 530 2060 de
573 2005 915 2074 virtutibus,
961 2007 1264 2062 innumera
1293 2005 1713 2060 Commentaria
1743 2004 1813 2058 de

148 2093 470 2164 Scripturis
499 2095 706 2162 sacris,
735 2100 791 2148 et
817 2099 884 2149 ut
911 2093 1133 2163 ﬁniam,
1157 2093 1311 2148 inter
1333 2093 1593 2147 diversas
1608 2093 1816 2160 epistoo

149 2180 238 2243 las,
271 2182 414 2238 dua:
466 2182 730 2252 insignes
759 2181 828 2236 ad
861 2183 1166 2237 Damasum
1210 2194 1410 2251 papam
1450 2181 1809 2250 conscripta,

149 2284 382 2339 quarum
408 2271 620 2341 altera,
648 2271 851 2326 ordine
873 2267 964 2338 57,
995 2271 1080 2326 sic
1109 2270 1316 2340 incipit
1341 2287 1352 2322 :
1385 2290 1409 2320 α
1434 2269 1814 2338 Hieronymus

145 2357 389 2414 Damaso.
444 2357 733 2426 Quoniam
765 2364 989 2415 vetusto
1031 2359 1236 2414 Oriens
1281 2359 1434 2413 inter
1471 2371 1532 2412 se
1561 2357 1808 2427 pOpulo-

147 2461 256 2502 rum
283 2446 494 2504 furore
515 2447 781 2516 collisus,
805 2449 1175 2504 indiscissam
1206 2447 1436 2503 Domini
1470 2447 1726 2502 tunicam
1753 2455 1809 2502 et

145 2535 378 2606 desuper
418 2542 640 2592 textam
694 2537 1027 2593 minutatim
1059 2551 1162 2606 per
1203 2536 1387 2592 frusta
1417 2535 1722 2606 discerpit,
1751 2541 1808 2590 et

143 2623 341 2681 Christi
393 2625 628 2681 vineam
660 2625 1049 2682 exterminant
1091 2625 1311 2694 vulpes,
1348 2630 1411 2680 ut
1458 2625 1608 2679 inter
1652 2624 1804 2679 lacos

145 2717 435 2785 contritos,
466 2716 574 2786 qui
607 2728 816 2786 aquam
851 2729 964 2771 non
999 2715 1231 2780 habent,
1255 2713 1514 2783 diﬁicile,
1546 2713 1648 2770 ubi
1673 2712 1805 2770 fons

145 2803 410 2874 signatus,
432 2813 496 2861 et
515 2804 722 2860 hortus
743 2803 845 2860 ille
860 2804 1172 2860 conclusus
1193 2804 1292 2870 sit,
1319 2803 1500 2873 possit
1524 2801 1798 2873 intelligi.

145 2894 258 2948 ldeo
283 2894 430 2949 mihi
477 2893 816 2949 cathedram
871 2893 1043 2964 Petri,
1077 2897 1134 2948 et
1163 2892 1330 2948 ﬁdem
1356 2893 1676 2964 apostolico
1707 2907 1805 2949 ore

145 2979 413 3038 laudatam
443 2982 653 3038 censui
678 2981 1088 3037 consulendam
1115 2999 1130 3049 ;
1165 2981 1300 3037 inde
1333 2995 1484 3037 nunc
1510 2995 1646 3037 mea;
1667 2983 1806 3038 ani-

144 3083 232 3125 mae
271 3071 582 3141 postulans
601 3070 820 3141 cibum,
863 3070 1016 3125 unde
1045 3069 1182 3126 olim
1215 3069 1434 3126 Christi
1466 3071 1806 3126 vestimenta

1926 1927 2097 1984 nymo
2117 1914 2563 1983 abjudicandam
2591 1929 2732 1984 esse,
2761 1917 2860 1987 qui
2891 1920 3146 1974 eamdem
3168 1930 3465 1987 nunquam
3490 1917 3584 1973 his

1921 2002 2116 2058 verbis
2163 2004 2570 2073 conclusisset,
2609 2005 2694 2058 vel
2736 2006 2786 2057 si
2815 2007 2936 2073 quis
2961 2010 3151 2059 contra
3185 2021 3416 2060 canones
3445 2021 3587 2075 apo—

1923 2091 2188 2144 stolorum
2213 2095 2504 2146 excessisse
2544 2097 2916 2160 cognoscatur.
2956 2095 3098 2149 Nam
3131 2106 3337 2149 sensus
3376 2093 3584 2149 horum

1921 2179 2231 2236 verborum
2263 2180 2548 2237 obscurus
2578 2187 2684 2249 est,
2716 2187 2917 2237 contra
2951 2195 3160 2238 morem
3195 2181 3486 2239 scribendi
3514 2183 3582 2236 D.

1920 2269 2274 2340 Hieronymi,
2310 2272 2411 2340 qui
2433 2271 2781 2326 declarasset
2809 2271 2880 2326 de
2909 2271 3258 2342 quibusnam
3288 2272 3586 2342 apostolo-

1922 2373 2050 2415 rum
2091 2359 2432 2414 canonibus.
2467 2366 2522 2416 et
2569 2361 2640 2414 de
2675 2374 2924 2431 quonam
2963 2373 3236 2417 excessus
3265 2373 3468 2432 genere
3499 2360 3581 2416 ibi

1919 2451 2144 2522 agebat.

1987 2536 2040 2594 7.
2079 2540 2354 2609 Quamvis
2374 2549 2563 2596 autem
2591 2541 2838 2611 supponi
2874 2547 3065 2609 posset
3097 2541 3246 2613 quod
3272 2542 3338 2597 D.
3370 2541 3580 2596 Hiero-

1916 2643 2120 2700 nymus
2156 2639 2295 2686 tunc
2342 2629 2752 2701 Martyrologio
2801 2643 3032 2700 operam
3063 2630 3256 2702 dabat,
3288 2637 3345 2686 et
3388 2632 3518 2687 ideo
3545 2645 3578 2686 a

1913 2721 2154 2776 Damaso
2219 2735 2362 2791 papa
2402 2721 2736 2790 Catalogum
2797 2720 3183 2776 Romanorum
3238 2719 3577 2790 pontiﬁcum

1918 2809 2162 2880 petebat,
2197 2815 2261 2864 ut
2291 2821 2358 2864 ex
2389 2823 2454 2864 eo
2483 2809 2851 2879 dignosceret
2877 2809 3114 2878 quinam
3147 2808 3410 2880 martyrii
3443 2808 3577 2879 pal—

1916 2912 2063 2952 mam
2109 2899 2302 2968 adepti
2349 2905 2548 2963 erant;
2591 2905 2778 2952 tamen
2808 2897 3020 2952 mirum
3060 2898 3246 2953 videri
3292 2903 3479 2968 potest
3505 2897 3572 2952 D.

1915 2988 2324 3058 Hieronymum
2357 2987 2592 3056 petiisse
2619 3001 2650 3041 a
2680 2987 2922 3043 Damaso
2952 2995 3018 3042 ut
3049 2986 3334 3042 indicaret
3354 2987 3405 3042 si
3439 2985 3576 3056 quis
3616 3015 3624 3022 -

1919 3075 2254 3146 pontiﬁcum
2274 3089 2452 3145 praeva
2463 3075 2674 3131 ricator
2690 3075 3139 3144 apostolicorum
3163 3089 3445 3133 canonum
3459 3077 3577 3134 exi.

143 3160 335 3230 accepi,
372 3178 400 3210 ιο
429 3166 551 3216 etc.
585 3159 781 3215 Altera
803 3164 994 3214 autem
1017 3156 1090 3214 58
1117 3159 1204 3214 sic
1243 3159 1507 3215 orditur:
1538 3179 1563 3210 «
1596 3160 1807 3215 Hiero—
1835 3151 1882 3212 C
1916 3173 2073 3221 stens
2097 3180 2166 3220 ex
2199 3164 2306 3221 hoc
2335 3166 2548 3221 mundo
2577 3166 2962 3232 discessisset,
2995 3180 3124 3222 cum
3151 3166 3222 3222 ad
3264 3167 3570 3223 Damasum

143 3261 327 3317 nymus
347 3251 627 3305 Damaso.
655 3251 990 3318 lmportuna
1024 3249 1084 3302 in
1110 3248 1416 3319 Evangelio
1449 3247 1661 3304 mulier
1683 3255 1804 3303 tan.

142 3335 248 3392 dem
302 3338 528 3394 meruit
581 3337 818 3394 audiri:
877 3342 931 3392 et
985 3337 1186 3394 clauso
1223 3351 1352 3392 cum
1398 3337 1582 3392 servis
1619 3337 1793 3410 ostio,

143 3427 303 3482 media
335 3427 476 3484 licet
527 3433 720 3497 nocte,
751 3425 825 3481 ab
858 3426 1048 3481 amico
1079 3439 1254 3496 panes
1295 3426 1520 3482 amicus
1549 3427 1790 3495 accepit.

140 3514 269 3571 Deus
299 3517 440 3587 ipse,
468 3515 587 3587 qui
616 3514 802 3571 nullis
829 3518 1031 3571 contra
1062 3527 1122 3570 se
1150 3514 1378 3570 viribus
1403 3514 1665 3584 superari
1700 3529 1793 3584 po-

140 3609 250 3672 test,
273 3605 582 3674 publicani
607 3603 878 3674 precibus
889 3602 1166 3659 vincitur.
1191 3602 1397 3658 Ninive
1413 3603 1644 3667 civitas,
1665 3617 1792 3673 quae

139 3700 342 3760 peccato
389 3693 604 3765 periit,
657 3692 892 3748 ﬂetibus
949 3692 1129 3748 stetit.
1185 3691 1473 3760 Quorsum
1517 3690 1626 3746 ista
1675 3697 1789 3746 tam

139 3779 284 3853 longo
309 3783 562 3854 repetita
589 3781 883 3852 principio
903 3780 932 3834 ?
961 3780 1266 3849 Videlicet,
1299 3785 1364 3836 ut
1395 3793 1630 3850 parvum
1666 3792 1792 3834 ma-

139 3882 266 3937 gnus
287 3873 562 3943 aspicias.
601 3889 633 3921 κ
662 3877 774 3926 etc.
803 3869 990 3940 Atque
1016 3883 1085 3925 ex
1117 3869 1232 3939 his,
1262 3869 1320 3924 ni
1351 3867 1540 3939 fallor,
1564 3867 1791 3924 abunde

139 3966 337 4016 constat
364 3975 540 4031 quam
581 3959 836 4030 eleganti
879 3958 1049 4030 stylo,
1095 3970 1264 4028 quam
1305 3964 1508 4014 ornato
1540 3971 1682 4012 usus
1709 3957 1791 4012 sit

139 4044 493 4119 Hieronymus
546 4049 614 4104 in
676 4046 894 4102 litteris
937 4047 1006 4102 ad
1053 4048 1361 4102 Damasum
1407 4059 1607 4116 papam
1659 4059 1789 4100 con-

136 4137 367 4208 scriptis,
392 4145 806 4210 quantumque
825 4136 898 4191 ab
921 4137 1108 4206 ipsius
1130 4136 1420 4192 scribendi
1444 4135 1609 4192 modo
1628 4133 1788 4190 diﬁe—

137 4231 210 4279 rat
243 4227 484 4297 epistola
508 4229 586 4284 de
621 4227 804 4298 gestis
837 4225 1172 4296 pontiﬁcum
1203 4225 1476 4295 superius
1499 4223 1782 4280 exhibita.

193 4313 239 4371 6.
282 4319 424 4374 Dum
456 4319 625 4374 enim
657 4317 728 4369 D.
785 4316 1167 4384 Hieronymus
1205 4315 1432 4385 aliquid
1463 4328 1495 4368 a
1543 4316 1785 4368 Damaso

136 4416 259 4473 papa
280 4407 524 4476 petebat,
559 4410 774 4462 ornato
801 4414 1060 4459 sermone
1081 4410 1137 4458 et
1163 4403 1332 4474 longo
1362 4403 1601 4472 repetita
1626 4416 1786 4458 exor-

1913 3255 2226 3324 scripserat
2268 3269 2332 3310 se
2369 3254 2695 3310 cathedram
2753 3255 2902 3310 Petri
2957 3260 3014 3311 et
3043 3253 3210 3310 ﬁdem
3249 3255 3570 3325 apostolico

1909 3355 2007 3398 ore
2039 3343 2326 3398 laudatam
2362 3343 2490 3399 ideo
2517 3344 2838 3412 consulere,
2868 3344 3020 3415 quod
3049 3343 3167 3400 huc
3195 3345 3468 3400 cathedra
3488 3345 3572 3404 sit

1910 3437 2065 3500 petra
2090 3431 2448 3502 Evangelica,
2484 3447 2661 3501 supra
2689 3445 2856 3502 quam
2887 3433 3230 3488 aediﬁcatam
3249 3433 3564 3490 Ecclesia‘m

1903 3519 2174 3591 sciebat;
2234 3523 2385 3589 quod
2417 3521 2800 3576 Romanorum
2844 3521 2986 3576 ﬁdes
3031 3521 3108 3577 sit
3160 3520 3282 3592 illa,
3333 3535 3502 3592 quam
3532 3535 3567 3578 a

1901 3609 2080 3664 Paulo
2115 3607 2406 3663 laudatam
2448 3615 2504 3664 et
2547 3621 2842 3678 nunquam
2875 3607 3228 3664 defecturam
3272 3609 3560 3681 credebat,

1904 3693 1984 3748 ita
2013 3699 2078 3748 ut
2097 3693 2246 3762 apud
2281 3695 2437 3748 solos
2466 3694 2619 3749 Petri
2647 3707 3010 3750 successores
3043 3695 3437 3764 incorruptam
3469 3697 3572 3754 Pa-

1903 3788 2056 3836 trum
2111 3780 2499 3834 haereditatem
2553 3781 2772 3835 servari
2820 3780 3204 3850 proﬁteretur.
3251 3781 3379 3838 Haec
3406 3783 3560 3840 enim

1900 3882 2031 3924 cum
2053 3868 2436 3937 Hieronymus
2451 3867 2510 3922 in
2529 3867 2796 3938 epistolis
2815 3869 2884 3925 ad
2905 3869 3210 3928 Damasum
3232 3854 3565 3942 tradiderit,

1902 3971 2016 4028 quo
2061 3955 2332 4026 consilio,
2365 3969 2478 4026 qua
2511 3956 2735 4011 ratione
2765 3970 2825 4012 se
2877 3957 2949 4012 de
2975 3961 3356 4028 quorumdam
3403 3963 3556 4020 Petri

1897 4058 2298 4102 successorum
2333 4043 2803 4113 praevaricatione
2826 4045 3116 4119 dubitare,
3151 4048 3220 4104 ad
3246 4049 3552 4108 Damasum

1899 4134 2092 4204 ipsum
2125 4132 2500 4202 scripsisset?
2522 4132 2606 4186 An
2642 4131 2807 4203 forte,
2841 4135 2892 4190 si
2927 4135 3234 4206 quisquam
3263 4139 3557 4197 Romano—

1898 4240 2025 4281 rum
2052 4222 2389 4294 pontiﬁcum
2425 4223 2484 4277 in
2511 4222 2712 4292 aliquo
2741 4223 3108 4296 deliquisset,
3143 4218 3293 4284 illud
3315 4229 3386 4284 ad
3412 4232 3558 4286 Mar-

1895 4314 2243 4387 terIOgium
2316 4314 2381 4367 D.
2433 4312 2764 4384 Hieronymi
2821 4320 3080 4384 spectare
3135 4317 3428 4385 poterat?
3474 4321 3553 4376 De

1895 4405 2114 4462 sanctis
2137 4402 2510 4474 pontiﬁcibus
2529 4415 2844 4472 eorumque
2868 4403 3164 4474 martyriis
3186 4406 3250 4459 D.
3283 4406 3557 4481 Hierony-

133 4492 217 4549 dio
243 4495 547 4551 Damasum
583 4505 828 4550 exorare
857 4491 1096 4559 solebat,
1134 4499 1198 4548 ut
1225 4506 1294 4548 ex
1323 4493 1551 4548 duobus
1585 4492 1789 4563 prtedL
1810 4511 1867 4574 D
1900 4511 2028 4554 mus
2050 4507 2153 4566 pro
2177 4491 2532 4550 conﬁciendo
2552 4507 2658 4548 suo
2683 4492 3090 4563 Martyrologio
3115 4494 3408 4554 sollicitus
3431 4511 3557 4556 esse

133 4597 329 4646 ciarum
359 4588 704 4644 litterarum
732 4581 1069 4652 fragmentis
1091 4581 1361 4654 colligere
1383 4584 1534 4641 licet.
1568 4591 1641 4646 At
1668 4597 1777 4666 θμί.

134 4681 258 4736 stola
293 4684 364 4740 de
410 4683 601 4756 gestis
643 4680 1034 4737 Romanorum
1069 4682 1405 4750 pontiﬁcum
1434 4684 1779 4756 Hieronymo

134 4771 330 4827 tributa
375 4773 528 4842 stylo
557 4769 803 4837 humili,
831 4775 887 4824 et
923 4769 1144 4839 abjecto
1175 4772 1301 4828 sine
1335 4772 1522 4829 ullius
1551 4775 1777 4832 exordii

133 4868 443 4918 ornamento
474 4863 684 4918 statim
717 4859 942 4916 indicat
969 4859 1117 4930 quod
1161 4861 1399 4931 petitur,
1437 4869 1500 4919 ut
1530 4869 1682 4932 patet
1711 4878 1781 4920 ex

135 4946 224 5004 hoc
249 4951 408 5008 illius
439 4953 659 5009 initio:
695 4949 940 5004 Gloriam
967 4953 1279 5004 sanctitatis
1314 4956 1422 5006 tuae
1445 4957 1633 5008 nostra
1667 4953 1780 5006 hu-

131 5040 314 5096 militas
352 5043 709 5114 deprecatur.
761 5041 894 5096 Post
935 5039 1086 5112 quod
1119 5042 1313 5097 statim
1361 5043 1775 5113 prosequitur:
1827 5103 1838 5118 ι

139 5127 194 5180 Ut
252 5133 546 5186 secundum
605 5130 759 5186 sedis
813 5131 1122 5196 apostolicae
1163 5131 1563 5191 auctoritatem,
1615 5148 1780 5200 quam

133 5225 449 5285 regnavimus
484 5239 595 5291 per
645 5226 803 5274 tuam
857 5222 1198 5274 sanctitatem
1254 5220 1571 5286 gubernari,
1627 5227 1779 5276 actus

133 5315 371 5370 gestorum
407 5329 445 5365 α
487 5312 642 5365 beati
673 5310 824 5364 Petri
868 5311 1100 5378 apostoli
1121 5311 1444 5378 principatu
1495 5326 1665 5379 usque
1707 5311 1782 5364 ad

134 5403 287 5452 rastra
324 5407 594 5472 tempora,
651 5413 778 5467 quae
825 5399 1027 5452 scilicet
1050 5401 1109 5451 in
1148 5398 1272 5450 sede
1301 5403 1398 5450 tua
1443 5406 1590 5466 gesta
1629 5409 1780 5461 sunt,

133 5488 264 5541 nobis
288 5507 381 5559 per
403 5492 664 5545 ordinem
679 5488 881 5557 paucis
911 5504 1171 5542 enarrare
1196 5488 1456 5553 digneris.
1480 5491 1584 5546 Ubi
1607 5493 1781 5548 etiam

135 5578 350 5633 notanda
384 5587 526 5636 sunt
560 5578 672 5634 illa
694 5574 902 5630 verba:
937 5576 1111 5642 Quam
1132 5577 1475 5640 cat/novimus
1505 5595 1606 5648 per
1631 5584 1782 5633 tuam

136 5670 446 5724 saiwtitatem
461 5667 786 5737 gubernari
809 5682 826 5718 :
851 5664 1065 5734 quibus
1085 5665 1380 5722 indicatur
1405 5669 1546 5722 hanc
1573 5669 1785 5737 episto-

1894 4591 2154 4660 debebat,
2181 4595 2236 4644 et
2264 4602 2392 4643 cum
2417 4587 2603 4642 Romae
2626 4585 2686 4641 in
2705 4585 3005 4655 juventute
3021 4599 3125 4642 sua
3148 4586 3463 4660 studuerit,
3487 4601 3556 4646 ac

1891 4681 2107 4750 saepius
2122 4685 2350 4748 cryptas
2379 4681 2693 4745 martyrum
2713 4687 2780 4730 ac
2800 4675 3194 4746 apostolorum
3229 4679 3458 4751 templa,
3487 4682 3548 4738 in

1892 4771 2107 4845 quibus
2171 4770 2266 4824 SS.
2329 4766 2664 4838 pontiﬁcum
2713 4780 2959 4837 corpora
3011 4767 3308 4824 recondita
3359 4777 3545 4841 erant,

1893 4858 2345 4932 perlustraverit,
2377 4856 2474 4911 vix
2503 4855 2784 4912 credibile
2817 4859 2905 4910 est
2930 4854 2994 4908 E.
3019 4854 3426 4924 Hieronymum
3459 4855 3554 4912 la-

1891 4953 2073 5010 tuisse
2102 4953 2485 5008 Romanorum
2536 4947 2872 5016 pontiﬁcum
2904 4944 3201 5014 martyria,
3253 4944 3553 5014 multoque

1894 5041 2341 5099 inverisimilius
2382 5043 2469 5094 est
2497 5039 2806 5092 Damasum
2835 5046 3036 5102 papam
3077 5032 3264 5088 solum
3310 5033 3424 5089 tria
3445 5044 3549 5092 aut

1891 5141 2142 5204 quatuor
2169 5129 2504 5199 pontiﬁcum
2543 5129 2835 5193 martyris,
2869 5125 3339 5177 enumeraturum
3367 5123 3548 5180 fuisse

1895 5221 1951 5275 in
1981 5216 2308 5286 antiquiori
2334 5214 2626 5280 Catalogo,
2659 5211 2709 5264 si
2745 5209 2910 5263 illum
2940 5207 3008 5262 ad
3042 5209 3105 5260 D.
3139 5207 3546 5282 Hieronymum

1892 5324 2019 5364 cum
2053 5303 2296 5375 epistola
2339 5299 2610 5368 superius
2633 5299 2808 5352 allata
2840 5297 3278 5354 transmisisset.
3315 5300 3436 5370 Qua
3477 5305 3548 5361 de

1897 5412 1958 5454 re
1997 5395 2190 5452 statim
2230 5403 2484 5459 agemus,
2526 5400 2656 5441 cum
2694 5387 3222 5455 monstraverimus,
3277 5396 3427 5462 quod
3477 5395 3547 5451 de

1894 5487 2121 5543 Damasi
2151 5479 2394 5553 epistola
2415 5491 2484 5532 ex
2520 5477 2668 5546 stylo
2695 5473 3010 5544 dijudicari
3041 5478 3244 5552 possit,
3269 5493 3393 5539 eam
3423 5498 3548 5542 esse

1895 5573 2352 5647 suppositittam.

1964 5667 2020 5722 8.
2051 5667 2283 5733 lneptus
2313 5655 2576 5727 equidem
2607 5653 2900 5712 scribendi
2951 5655 3156 5716 modus
3181 5661 3280 5732 qui
3313 5662 3371 5717 in
3415 5661 3550 5730 epi-
