3950 6392
359 323 468 382 479

1141 327 1235 381 ΑΙ)
1285 327 1715 382 ANASTASIUM
1765 327 2276 384 PROLEGOMENA
2331 329 2505 384 EDIT.
2550 329 2981 385 ROM.—VATIC.

3663 327 3758 386 480

367 456 516 512 stola
563 458 936 527 conspicitur,
982 458 1148 526 longe
1186 461 1272 510 est
1300 468 1334 510 a
1365 455 1590 510 Damasi
1625 455 1790 526 stylo,
1818 459 1874 510 et
1917 455 2011 510 lo-
2035 455 2096 516 A
2123 456 2402 512 stolorum
2433 457 2743 512 excessisse
2780 459 3185 528 cognoscatur.
3218 457 3289 512 Et
3324 455 3624 526 respondet
3649 457 3758 510 Da-

368 545 581 614 quendi
627 545 872 614 puritate
918 544 1162 600 alienus.
1217 543 1428 614 Incipit
1478 557 1721 614 namque
1766 543 2010 612 epistola

370 632 464 686 his
492 631 712 687 verbis:
749 633 962 687 Gaudet
989 633 1230 686 Ecclesia
1260 637 1357 685 tua
1397 633 1548 700 fonte
1561 633 1685 700 jam
1712 633 1940 699 satiata,
1961 634 2012 684 et

366 721 603 791 amplius
664 723 783 776 sitit
843 725 1134 776 curiositas
1205 727 1503 792 temporum
1568 721 2008 774 sacerdotalium.

363 807 498 875 Quae
549 805 670 862 sola
718 807 975 864 suﬁicere
1013 809 1285 865 deberent
1330 809 1399 864 ad
1431 808 1733 879 epistolam
1771 809 2010 863 Damaso

361 893 802 963 abjudicandam
835 913 850 950 :
881 901 1257 967 praeterquam
1283 897 1436 953 enim
1463 896 1614 966 quod
1654 897 1718 950 D.
1747 897 2014 966 Hierony-

362 997 510 1054 mus,
559 984 698 1040 dum
752 997 965 1040 munus
1004 984 1319 1054 presbyteri
1361 985 1610 1054 primum
1659 983 2006 1051 obtinuerat,

361 1085 476 1128 non
519 1076 633 1128 tam
683 1072 864 1129 multa
911 1072 1230 1143 scripserit,
1279 1077 1344 1128 ut
1388 1072 1700 1128 Ecclesiam
1740 1071 2014 1142 operibus

362 1160 490 1216 suis
513 1161 836 1232 repleverit,
875 1161 1128 1232 adeoque
1152 1175 1348 1217 verum
1378 1174 1488 1216 non
1525 1161 1606 1216 sit
1633 1161 1785 1231 quod
1812 1160 2014 1216 Eccle—

363 1252 451 1308 sia
476 1251 588 1321 jam
618 1255 767 1307 esset
801 1251 988 1320 ipsius
1013 1248 1168 1305 fonte
1193 1249 1422 1317 satiata,
1455 1248 1868 1319 subjungitur:
1899 1250 2016 1302 Ta-

361 1356 486 1395 men
522 1343 572 1392 et
616 1339 853 1408 amplius
899 1340 1018 1393 sitit
1055 1340 1344 1393 curiositas
1369 1342 1665 1407 temporum
1693 1337 2014 1390 sacerdota—

367 1431 522 1483 lium.
553 1427 688 1496 Qua:
711 1425 878 1483 verba
897 1427 1052 1482 sicut
1079 1427 1335 1496 ineptum
1380 1439 1609 1480 sensum
1639 1425 1905 1494 reddunt,
1931 1425 2012 1481 ita

365 1519 606 1574 Damaso
633 1529 990 1586 nequaquam
1033 1514 1217 1570 tribui
1259 1517 1518 1584 possunt.
1545 1512 1694 1580 Quid
1729 1513 1882 1568 enim
1923 1514 2016 1568 si-

368 1605 644 1677 gniﬁcant
697 1611 948 1672 tempora
1003 1601 1378 1658 sacerdotalia
1411 1602 1440 1655 ‘2
1495 1603 1641 1656 Num
1694 1601 2016 1657 sacerdotes

367 1699 506 1749 tunc
533 1691 840 1762 imperium
866 1689 1150 1759 tenebant,
1178 1693 1280 1746 aut
1302 1696 1438 1746 tunc
1465 1689 1713 1760 primum
1741 1691 1801 1745 in
1830 1689 2018 1745 Eccle-

368 1782 457 1839 sia
485 1795 609 1838 esse
631 1785 937 1851 coeperant,
975 1780 1033 1835 in
1067 1793 1178 1851 qua
1206 1784 1338 1836 ante
1364 1792 1475 1834 non
1504 1777 1782 1834 fuerant?
1818 1780 2016 1834 Nonne

364 1869 724 1941 temporibus
782 1869 1008 1925 Damasi
1060 1882 1216 1939 papa:
1281 1870 1654 1938 imperatores
1701 1867 2016 1939 regnabant

365 1959 520 2016 sicut
548 1959 654 2016 sub
681 1960 907 2016 Damasi
945 1955 1460 2030 praedecessoribus
1487 1957 1718 2027 imperii
1741 1955 2018 2028 guberna-

363 2049 494 2105 cula
534 2047 885 2105 tenuerant?
909 2048 968 2104 Si
1002 2048 1375 2119 imperatores
1397 2051 1529 2102 ante
1556 2047 1861 2102 Damasum
1901 2059 2016 2115 gu-

363 2137 694 2208 bernarunt,
731 2137 782 2194 si
811 2142 978 2194 antea
1010 2137 1308 2208 pontiﬁces
1352 2141 1409 2192 et
1437 2137 1760 2192 sacerdotes
1799 2134 1861 2190 in
1902 2135 2017 2190 Ec—

363 2227 540 2284 clesia
562 2229 927 2297 exstiterunt,
958 2228 1121 2298 quid,
1149 2239 1364 2297 quaeso,
1391 2223 1507 2279 sibi
1539 2224 1740 2280 volunt
1761 2228 2015 2294 tempora

363 2317 744 2374 sacerdotalia
771 2317 800 2372 ‘l
821 2317 1092 2384 Quomodo
1132 2315 1350 2369 sitiebat
1383 2315 1673 2369 curiositas
1716 2319 2015 2382 temporum

361 2407 784 2460 saccrdotalium
801 2407 829 2458 ?
846 2407 933 2458 An
957 2403 1297 2458 curiositate
1311 2402 1672 2457 ducebantur
1693 2402 2015 2456 sacerdotes

363 2495 435 2549 ad
466 2492 785 2548 audiendas
811 2504 844 2546 a
869 2491 936 2544 D.
967 2490 1314 2559 Hieronymo
1340 2489 1844 2558 interpretationes
1871 2487 2019 2542 Scri-é

365 2587 687 2652 pturarum,
720 2583 785 2634 ut
801 2578 1088 2649 quondam
1117 2577 1498 2632 Athenienses
1525 2591 1714 2632 rerum
1742 2589 2017 2633 novarum

365 2669 566 2740 cupidi
610 2681 644 2724 a
670 2669 736 2721 D.
787 2665 1012 2722 Paulo?
1044 2665 1204 2734 Quod
1237 2667 1287 2722 si
1311 2666 1592 2721 Damasus
1623 2678 1766 2736 papa
1817 2665 2020 2736 expri-

367 2772 519 2816 mere
541 2756 820 2814 voluisset
849 2756 996 2814 hanc
1019 2757 1378 2812 sacerdotum
1405 2754 1800 2824 cupiditatem.
1824 2753 2018 2810 dixis-

367 2853 454 2904 set
505 2847 794 2901 curiositas
837 2844 1200 2908 sacerdotum,
1243 2857 1358 2900 non
1400 2845 1688 2898 curiositas
1720 2848 2020 2913 temporum

368 2935 812 2999 sacerdotalium,
866 2939 930 2991 ut
983 2935 1044 2990 in
1103 2935 1288 3005 prima
1329 2932 1719 3004 Antiquitatis
1761 2932 2018 2988 editione

371 3025 902 3082 animadvertimus.
923 3023 1149 3093 Quibus
1171 3024 1238 3080 ad
1241 3025 1482 3095 jungere
1504 3037 1811 3093 possumus
1841 3025 2017 3078 totam

376 3079 1123 3183 Damasiepistolam
1153 3079 1302 3184 stylo
1348 3079 1667 3168 aJdeo.rudi
1711 3116 1768 3166 et
1799 3109 2021 3166 inculto
2046 3079 2095 3141 Ο

374 3205 649 3275 scriptam
699 3217 844 3272 esse,
872 3208 936 3258 ut
973 3203 1134 3258 nulla
1191 3202 1463 3272 periodus
1494 3201 1554 3257 in
1597 3214 1661 3256 ea
1701 3199 2024 3270 reperiatur

377 3300 491 3350 tam
523 3293 752 3349 erudito
776 3298 832 3348 et
859 3291 1160 3362 eloquente
1187 3290 1454 3360 pontiﬁce
1480 3289 1678 3361 digna,
1709 3289 1780 3344 de
1817 3301 1930 3358 quo
1954 3288 2022 3341 D.

373 3383 753 3453 Hieronymus
783 3381 933 3436 libro
952 3381 1023 3436 de
1041 3379 1436 3450 Scriptoribus
1455 3383 1698 3434 testatur
1729 3377 1878 3448 quod
1906 3376 2030 3432 ele-

377 3484 518 3543 gans
537 3471 597 3526 in
618 3469 884 3526 versibus
901 3468 1312 3539 componendis
1329 3467 1624 3540 ingenium
1645 3465 1867 3521 habuit.
1892 3465 2032 3534 Ejus

376 3559 633 3630 epistola:
658 3559 902 3629 eleganti
933 3558 1082 3630 stylo
1107 3557 1446 3627 conscriptae
1471 3555 1640 3611 editae
1669 3559 1807 3610 sunt
1835 3567 1865 3608 a
1893 3556 2036 3609 Mar.

378 3649 461 3704 tio
479 3647 707 3704 Milesio
735 3651 792 3702 et
821 3661 856 3702 a
885 3649 1034 3704 Luca
1053 3645 1383 3702 Holstenio:
1425 3644 1694 3714 pleraque
1731 3642 1866 3696 item
1897 3654 2035 3696 car-

381 3736 536 3792 mina
569 3736 886 3792 etiamnum
914 3735 1287 3805 reperiuntur
1318 3733 1378 3788 in
1417 3731 1774 3788 Bibliotheca
1801 3732 2032 3786 Patrum

380 3823 557 3894 edita,
587 3829 644 3879 et
666 3823 783 3879 alia
809 3823 1144 3880 marmoreis
1177 3821 1397 3878 tabulis
1434 3820 1744 3891 insculpta,
1779 3818 2033 3890 quibus—

383 3924 513 3966 cum
531 3911 582 3966 si
607 3910 968 3967 conferamus
983 3911 1471 3967 constructionem
1489 3908 1747 3979 epistola:
1765 3907 2036 3977 superius

384 4000 574 4068 editae,
603 3999 772 4054 facile
811 3998 1102 4054 constabit
1125 3999 1229 4053 has
1255 3997 1512 4068 phrases,
1557 3999 1618 4051 in
1662 4001 1864 4050 nostra:
1891 3997 2037 4049 sedis

388 4087 591 4149 studio,
635 4090 686 4140 et
725 4086 1028 4154 gaudenter
1072 4086 1420 4150 direximus;
1449 4085 1568 4142 alio
1601 4089 1835 4140 auctore
1865 4095 2037 4153 quam

391 4179 632 4232 Damaso
672 4175 878 4232 editas.
923 4175 1122 4231 Prodit
1152 4181 1344 4232 autem
1383 4188 1444 4230 se
1475 4174 1664 4242 ipsum
1701 4177 1902 4227 auctor
1935 4171 2040 4226 hac

390 4264 684 4321 clausula:
738 4267 878 4319 Dato
916 4277 954 4319 Χ
985 4265 1267 4319 Kalendas
1293 4264 1470 4324 Junii,
1507 4266 1558 4314 et
1591 4263 1808 4328 accepta
1837 4259 2038 4312 Kalen-

393 4354 494 4408 das
532 4355 813 4420 Octobris;
851 4355 1020 4408 missa
1047 4356 1217 4410 Roma
1253 4350 1704 4416 Hierosolymam,
1733 4360 1859 4416 quae
1889 4347 2042 4402 sicut

395 4443 455 4498 in
485 4441 644 4498 nulla
672 4441 919 4498 aliarum
949 4439 1177 4494 Damasi
1209 4436 1584 4508 epistolarum
1620 4436 1923 4505 reperitur,
1962 4435 2040 4489 ita
2071 4423 2124 4483 D

395 4531 468 4586 ab
515 4529 619 4585 illo
649 4527 929 4583 fabricata
975 4531 1080 4596 est,
1131 4526 1234 4599 qui
1267 4525 1548 4596 integram
1578 4525 1883 4596 epistolam
1926 4527 2044 4581 Da-

398 4632 558 4677 maso
581 4617 907 4689 supposuit.

469 4707 523 4765 9.
569 4709 755 4779 Atque
781 4707 898 4762 haec
927 4706 1160 4776 quidem
1209 4704 1495 4763 suﬁicient
1537 4705 1608 4762 de
1647 4703 2048 4775 suppositione

397 4797 800 4870 epistolarum.
851 4797 1014 4850 Nunc
1062 4794 1247 4852 solum
1292 4795 1721 4850 monstrandum
1760 4800 1846 4848 est
1887 4792 2050 4847 anti—

402 4886 660 4958 quiorem
685 4885 1016 4958 Catalogum
1052 4897 1121 4940 ne
1152 4884 1383 4955 quidem
1409 4885 1648 4939 Damaso
1678 4882 2048 4940 tribuendum

400 4989 542 5046 esse,
563 4975 698 5032 licet
725 4976 982 5046 epistola:
1022 4975 1137 5032 illae
1163 4988 1443 5047 germanae
1467 4980 1674 5030 essent.
1707 4975 1864 5042 Quod
1892 4973 2050 5029 facili

405 5064 633 5136 negotio
683 5065 1107 5136 comprobatur,
1159 5065 1211 5122 si
1269 5064 1614 5136 perpendere
1661 5063 1906 5121 velimus
1950 5063 2052 5122 illa

401 5150 607 5223 quain
637 5153 818 5223 priori
837 5154 1082 5226 epistola
1107 5143 1670 5226 petitHieronymus,
1702 5159 1757 5208 et
1779 5153 1838 5210 in
1871 5158 2054 5224 poste-

403 5237 543 5294 riori
578 5241 877 5310 respondet
905 5243 1184 5299 Damasus
1216 5253 1378 5314 papa.
1406 5240 1556 5296 Petit
1579 5240 1730 5297 enim
1764 5243 1828 5296 D.
1858 5241 2052 5299 Hiero-

401 5339 606 5396 nymus
633 5334 697 5384 ut
734 5329 1204 5388 transmittantur
1227 5331 1404 5386 Actus
1427 5333 1716 5400 gestorum
1747 5345 1780 5388 a
1805 5331 1862 5387 Β.
1895 5331 2046 5390 Petri

395 5413 643 5484 apostoli
672 5414 1005 5490 principatu
1031 5431 1216 5492 usque
1238 5418 1310 5475 ad
1333 5433 1438 5478 sua
1461 5424 1732 5489 tempora,
1762 5425 2047 5492 quatenus

398 5509 670 5573 agnoscat
689 5503 823 5574 quis
844 5505 1118 5561 meruerit
1135 5505 1206 5562 de
1225 5507 1512 5578 episcopis
1530 5508 1876 5579 supradicta:
1893 5505 2050 5567 sedis

405 5591 677 5666 martyrio
707 5595 1010 5670 ,coronari,
1039 5595 1125 5653 vel
1152 5596 1203 5654 si
1235 5597 1368 5670 quis
1401 5603 1600 5657 contra
1629 5611 1874 5657 canones
1903 5609 2050 5669 apo-—

2121 557 2314 599 masus
2337 545 2667 616 Catalogum
2714 544 3049 614 pontiﬁcum
3085 558 3117 600 a
3147 546 3211 599 D.
3243 544 3580 612 Hieronymo
3615 542 3760 612 peti-

2121 636 2242 688 tum
2268 639 2324 688 et
2347 647 2380 688 a
2418 647 2478 688 se
2521 633 2925 689 transmissum
2956 633 3251 689 continere
3277 633 3448 686 Actus
3477 637 3762 700 gestorum,

2120 726 2219 774 aut
2245 726 2396 788 gesta
2413 723 2751 791 pontiﬁcum,
2779 721 2996 792 quibus
3020 735 3218 778 eorum
3245 719 3459 788 obitus,
3490 723 3548 774 et
3569 719 3765 774 mortis

2122 822 2302 880 genus
2347 809 2774 866 adnectebatur.
2838 811 2916 865 De
2967 809 3061 864 bis
3098 813 3288 865 autem
3353 807 3620 862 omnibus
3675 805 3764 860 vix

2122 897 2438 968 quidquam
2490 897 2776 967 reperitur
2819 899 2882 954 in
2923 897 3245 968 antiquiori
3293 895 3578 965 Catalogo.
3630 895 3765 950 Nam

2122 985 2218 1040 vix
2251 985 2368 1041 ulla
2406 991 2562 1056 gesta
2591 986 2930 1055 pontiﬁcum
2965 987 3026 1042 in
3051 999 3116 1042 eo
3148 988 3686 1051 commemorantur,
3715 987 3768 1037 et

2123 1072 2274 1128 inter
2311 1079 2398 1130 tot
2430 1075 2748 1144 pontiﬁces,
2796 1080 2938 1146 quot
2988 1088 3021 1131 a
3058 1077 3256 1130 sancto
3305 1073 3468 1128 Petro
3511 1069 3767 1140 apostolo

2123 1176 2307 1232 usque
2335 1163 2406 1218 ad
2443 1164 2750 1218 Damasum
2798 1177 2998 1234 papam
3030 1164 3322 1231 sederunt,
3361 1162 3584 1216 tantum
3621 1171 3767 1230 qua—

2123 1257 2258 1306 tuor
2285 1251 2556 1322 martyria
2581 1257 3011 1323 enumerantur,
3044 1249 3195 1306 Petri
3221 1248 3498 1304 nimirum
3528 1252 3586 1303 et
3612 1245 3768 1302 Pauli

2124 1338 2536 1410 apostolorum,
2559 1340 2630 1394 de
2659 1339 2876 1409 quibus
2904 1339 3158 1396 dicitur:
3191 1339 3385 1392 Petrus
3414 1351 3620 1406 passus
3656 1350 3771 1388 cum

2121 1428 2295 1481 Paulo
2325 1427 2412 1480 die
2451 1441 2514 1482 ιιι
2557 1428 2792 1483 Kalend.
2833 1429 2973 1482 Julii
2994 1446 3010 1492 ;
3045 1425 3308 1482 Pontiani
3341 1425 3411 1480 de
3438 1438 3551 1494 quo
3593 1421 3772 1478 refer-

2123 1521 2256 1571 tur:
2284 1519 2352 1570 In
2376 1517 2564 1571 eadem
2583 1517 2769 1570 insula
2806 1515 3113 1587 (Sardinia)
3139 1516 3438 1569 discinctus
3465 1517 3543 1566 est
3570 1526 3625 1567 1v
3657 1513 3777 1566 Ka-

2127 1604 2277 1658 lend.
2340 1605 2624 1670 Octobris;
2670 1604 2929 1672 Fabiani,
2981 1605 3052 1659 de
3081 1616 3194 1674 quo
3225 1607 3524 1658 narratur:
3577 1603 3778 1656 Passus

2124 1707 2232 1749 xui
2254 1694 2378 1748 Kal.
2403 1695 2598 1759 Febr.;
2627 1698 2685 1748 et
2717 1692 3010 1764 Cornelii;
3041 1693 3112 1748 de
3142 1705 3256 1762 quo
3286 1690 3602 1746 asseritur:
3640 1689 3781 1744 Cen—

2043 1755 2094 1814 B
2127 1783 2406 1837 tumcellas
2457 1782 2717 1852 eapulsus
2744 1782 2823 1834 ibi
2864 1798 2986 1835 cum
3015 1782 3193 1848 gloria
3219 1781 3599 1834 dormitioncm
3623 1793 3784 1831 acce-

2121 1873 2224 1941 pit.
2258 1873 2469 1928 Horum
2515 1872 2710 1942 itaque
2748 1871 3084 1940 pontiﬁcum
3115 1869 3391 1940 martyria
3423 1867 3782 1924 solummodo

2125 1964 2645 2017 commemorantur
2675 1959 2736 2014 in
2775 1959 3062 2029 Catalogo,
3097 1958 3200 2029 qui
3223 1957 3275 2013 si
3305 1971 3338 2012 a
3366 1958 3608 2013 Damaso
3641 1967 3786 2025 papa

2125 2049 2488 2120 conscriptus
2517 2053 2620 2105 aut
2659 2047 2770 2118 ipsi
2814 2047 3090 2118 probatus
3127 2044 3354 2112 fuisset,
3392 2045 3608 2115 illeque
3637 2046 3789 2099 esset

2125 2138 2295 2206 cujus
2327 2138 2386 2192 in
2411 2137 2622 2193 litteris
2652 2138 2998 2192 mentionem
3031 2133 3215 2191 facere
3247 2133 3620 2204 supponitur,
3655 2143 3788 2186 cre—

2124 2226 2262 2282 dine
2305 2231 2489 2295 potest
2517 2227 2821 2280 Damasum
2867 2229 3069 2279 caetera
3118 2222 3456 2292 pontiﬁcum
3511 2219 3790 2290 martyria

2127 2313 2470 2384 ignorasse?
2509 2311 2813 2382 lgnorabat
2861 2309 3055 2366 forsan
3091 2297 3400 2365 Clementis
3442 2308 3792 2378 martyrium

2128 2405 2248 2456 toto
2273 2405 2556 2456 terrarum
2599 2399 2736 2454 orbe
2765 2398 3202 2454 celeberrimum
3224 2397 3252 2451 ‘2
3285 2398 3521 2454 Nihilne
3551 2397 3798 2454 omnino

2129 2491 2394 2556 supereat
2421 2487 2492 2542 de
2521 2486 2699 2556 gestis
2725 2489 3060 2554 martyrum,
3107 2499 3235 2554 qua:
3277 2485 3514 2553 jubente
3534 2485 3797 2541 Anthero

2127 2588 2160 2630 a
2191 2574 2436 2630 notariis
2479 2573 2726 2632 ﬁdeliter
2762 2573 3088 2643 conscripta
3118 2578 3175 2628 et
3205 2573 3263 2627 in
3297 2572 3548 2628 Ecclesia
3583 2587 3798 2630 recon-

2127 2663 2251 2720 dita
2295 2662 2508 2718 erant?
2535 2663 2621 2716 An
2654 2664 2841 2717 mente
2884 2661 3176 2716 exciderat
3207 2659 3356 2730 quod
3398 2659 3469 2714 de
3513 2660 3794 2730 Stephani

2129 2764 2287 2822 papae
2335 2751 2610 2819 martyrio
2652 2750 2778 2819 ejus
2822 2748 2960 2804 Acta
3000 2747 3407 2804 testabantur?
3449 2749 3796 2818 lgnorarene

2128 2843 2350 2911 poterat
2391 2853 2517 2910 qua:
2545 2839 2616 2894 de
2645 2837 2814 2908 Xysti
2849 2837 3013 2894 obitu
3058 2835 3332 2892 retulerat
3357 2835 3548 2891 clerus
3576 2836 3796 2892 Roma—

2129 2943 2260 2999 nus,
2294 2928 2602 2997 scripserat
2629 2926 2970 2996 Cyprianus,
2999 2932 3055 2980 et
3085 2925 3144 2979 in
3182 2923 3326 2980 festo
3365 2924 3418 2978 S.
3469 2926 3789 2996 Laurentii,

2131 3017 2233 3088 qui
2269 3017 2511 3086 Xystum
2545 3018 2675 3084 post
2703 3014 2965 3070 triduum
2997 3017 3230 3068 secutus
3263 3015 3405 3077 erat,
3434 3011 3658 3083 legebat
3682 3015 3795 3069 Ec-

2131 3105 2360 3162 clesia?
2416 3103 2718 3159 Latebatne
2766 3103 2956 3172 ipsum
3017 3101 3155 3172 quid
3223 3101 3552 3157 continebat
3597 3102 3792 3158 Canon

2133 3195 2321 3251 Missae
2351 3193 2559 3248 saeculo
2581 3191 2753 3248 tertio
2777 3189 3133 3260 compositus
3153 3189 3182 3244 ‘l
3210 3191 3357 3260 Haec,
3393 3190 3452 3245 ni
3479 3188 3675 3261 fallor,
3713 3191 3798 3246 ni-

2137 3284 2250 3339 mis
2287 3282 2442 3338 clara
2463 3286 2621 3352 sunt,
2648 3293 2820 3352 quam
2853 3284 2974 3336 uta
3005 3291 3295 3351 quoquam
3321 3279 3383 3334 in
3412 3277 3657 3335 dubium
3688 3292 3796 3335 vo-

2138 3373 2258 3427 cari
2289 3371 2534 3442 possint.

2793 3439 3013 3494 CAPUT
3050 3442 3136 3495 IV.

2143 3517 2218 3568 De
2250 3556 2256 3564 .
2289 3511 2522 3567 secundo
2579 3511 2854 3580 Catalogo,
2913 3513 3012 3580 qui
3058 3527 3179 3564 cum
3225 3510 3382 3565 Actis
3423 3511 3616 3564 Felicis
3678 3510 3798 3578 ejus

2660 3585 2898 3636 nominis
2921 3585 3110 3651 quarti
3135 3583 3278 3652 ﬁnit.

2144 3665 2185 3714 Ι.
2223 3663 2500 3724 Catalogus
2533 3677 2595 3712 ex
2628 3675 2724 3710 ms.
2761 3662 2942 3709 codice
2975 3662 3163 3720 reginae
3195 3661 3397 3710 Sueciaa
3432 3660 3617 3718 editus,
3652 3662 3798 3724 et‘ex

2205 3719 2429 3776 eodem'
2441 3728 2559 3787 post
2591 3725 2808 3786 primam
2854 3719 3132 3771 editionem
3157 3726 3553 3787 correctusuest,
3589 3736 3646 3770 ac
3666 3719 3797 3787 _Cle-

2205 3789 2365 3836 menti
2397 3784 2544 3836 lo'cus
2573 3784 2697 3834 suus
2726 3786 2988 3834 restitutus
3031 3812 3091 3820 —
3127 3785 3194 3834 II.
3222 3785 3478 3834 Doduelli
3507 3785 3604 3832 hac
3649 3784 3716 3831 de
3745 3796 3799 3830 re

2207 3851 2552 3898 cavillationes
2567 3850 2869 3904 refutantur,
2889 3852 2937 3894 et
2963 3846 3269 3906 Catalogum
3298 3851 3438 3895 sexto
3464 3846 3656 3895 saeculo
3679 3858 3799 3893 con-

2209 3914 2454 3974 scriptum
2485 3925 2622 3970 esse,
2647 3911 2887 3974 convenit
2907 3911 3360 3974 interiomnesrj—
3392 3908 3485 3957 IlI.
3525 3909 3580 3957 In
3600 3907 3799 3974 Codice

2207 3969 2458 4036 msfpost
2486 3969 2709 4020 FeliCem
2740 3971 2810 4019 1V
2842 3973 3118 4019 duodecim
3149 3972 3449 4031 pontificum
3473 3970 3684 4018 nomina
3718 3969 3804 4016 ad-

2209 4038 2402 4084 duntur
2420 4048 2538 4083 cum
2560 4037 2680 4081 nota
2704 4037 3014 4093 temporum,
3039 4046 3152 4095 qum
3173 4033 3236 4080 ab
3257 4033 3492 4094 imperito
3514 4031 3688 4095 aliquo
3714 4030 3804 4078 ad-

2203 4098 2342 4159 jecta
2371 4111 2504 4153 esse,
2538 4110 2597 4144 ex
2629 4071 3114 4159 reri-origustqtii‘in
3146 4095 3278 4142 hanc
3306 4071 3644 4159 a‘ppcntlicein
3670 4093 3804 4159 irre-

2214 4154 2760 4220 pserunt,ostenditur.
2797 4183 2858 4190 —
2885 4154 2981 4205 1V:
3007 4157 3183 4206 Codex
3213 4154 3405 4216 regina;
3441 4156 3645 4220 succiaa
3666 4154 3804 4220 hanc

2215 4216 2550 4282 appendicem
2574 4219 2838 4282 exhibens,
2873 4232 2976 4266 non
2997 4221 3224 4267 continet
3248 4219 3627 4282 autograpbum
3656 4216 3806 4267 Cata-

2213 4280 2410 4342 logum,
2430 4283 2518 4328 sed
2541 4284 2656 4342 post
2674 4281 2922 4328 smculum
2943 4285 3143 4329 sextum
3175 4282 3394 4342 scriptus
3411 4287 3487 4328 est
3510 4280 3648 4342 circa
3672 4290 3805 4342 pon-

2213 4339 2459 4392 tificatum
2479 4339 2740 4391 Paschalis
2765 4343 2934 4404 primi.
2950 4369 3010 4378 —-
3031 4343 3096 4392 V.
3124 4343 3196 4391 Ex
3208 4339 3308 4390 alio
3333 4340 3608 4404 antiquiori
3627 4339 3807 4404 codice

2213 4407 2500 4468 descriptus
2529 4409 2606 4452 est
2628 4402 2922 4468 Catalogps,
2949 4405 3211 4468 quietiam
3237 4402 3528 4453 continetur
3554 4404 3606 4450 in
3627 4402 3808 4468 codice

2216 4461 2534 4526 Colbei'tino,
2564 4471 2794 4528 tempore
2811 4461 2992 4516 ἐει-οῐὶ
3031 4467 3212 4526 Magni
3237 4469 3458 4525 exarato,
3491 4469 3635 4528 teste‘
3653 4461 3807 4528 v.70.

2214 4530 2426 4580 Baluzio
2452 4531 2504 4576 in
2526 4525 2706 4577 litteris
2736 4530 2796 4576 ad
2821 4543 2902 4576 me
2923 4529 3071 4576 datis.
3104 4525 3166 4564 4-
3189 4528 3284 4577 VI.
3305 4530 3606 4578 Aiferuntur
3623 4525 3808 4574 lectio-

2216 4606 2309 4640 nes
2337 4605 2398 4639 ex
2427 4595 2642 4652 utroque
2671 4592 2868 4649 codice,
2906 4606 3022 4652 qua:
3047 4592 3290 4640 differunt
3318 4591 3382 4639 ab
3415 4591 3642 4652 editione
3675 4587 3812 4652 lien-

2217 4655 2513 4711 scbeniana,
2547 4649 2679 4702 inter
2707 4667 2762 4702 se
2787 4649 2954 4702 tamen
2981 4654 3391 4702 conveniunt.——
3410 4652 3531 4701 Vll.
3563 4651 3639 4699 Ex
3662 4649 3812 4697 dictis

2218 4715 2476 4775 colligitur
2507 4718 2776 4777 utrumque
2799 4729 2894 4764 ms.
2928 4716 3161 4764 codicem
3187 4729 3248 4763 ex
3279 4729 3380 4765 uno
3401 4715 3690 4777 eodemque
3721 4724 3810 4758 an-

2217 4779 2438 4839 tiquiore
2449 4779 2624 4826 codice
2655 4779 2967 4839 descriptum
2989 4791 3121 4826 esse.
3139 4805 3199 4812 —
3217 4777 3358 4826 VIII.
3391 4776 3670 4839 Catalogus
3683 4786 3812 4839 con-

2220 4837 2378 4900 sules,
2415 4856 2545 4904 quos
2566 4841 2630 4889 ad
2651 4837 2854 4888 initium
2879 4846 2928 4888 et
2955 4840 3487 4904 linempontjticatum
3513 4853 3542 4904 ᾳ
3564 4838 3628 4886 D.
3658 4837 3813 4904 Petro

2220 4905 2284 4953 ad
2316 4899 2577 4953 Liberium
2601 4904 2828 4962 adducit,
2854 4917 2914 4952 ex
2935 4899 3209 4963 antiquiori
3235 4900 3482 4961 Catalogo
3506 4899 3812 4963 desumpsit.

2221 4992 2281 5004 —-
2314 4967 2404 5016 IX.
2443 4967 2749 5016 Pontificum
2778 4961 2906 5014 Acta
2936 4961 3120 5027 partim
3151 4979 3212 5012 ex
3240 4964 3525 5027 antiquiori
3541 4961 3812 5027 catalogo,

2220 5031 2402 5093 partim
2417 5030 2623 5078 aliunde
2645 5025 3140 5093 desumpsit—auctor
3150 5025 3640 5093 secundiCatalogi,
3661 5027 3718 5070 ut
3734 5034 3816 5093 va-

2222 5085 2311 5142 riis
2331 5093 2580 5154 exemplis
2599 5085 2861 5154 probatur.
2882 5117 2946 5127 —
2967 5089 3040 5139 X.
3081 5089 3224 5138 Idem
3254 5088 3587 5154 confirmatur
3611 5100 3674 5154 ex
3702 5085 3816 5134 aliis

2221 5149 2524 5218 pontiﬁcum
2553 5149 2728 5215 gestis,
2753 5166 2866 5218 quae
2892 5154 3286 5218 commemorat.
3310 5177 3372 5186 —
3399 5151 3494 5218 ὶςΙ,
3536 5149 3814 5218 Martyrum

2222 5208 2372 5277 Acta,
2403 5208 2590 5278 quibus
2613 5208 2790 5264 auctor
2819 5214 3047 5272 Calalogi
3080 5214 3256 5272 utitur,
3279 5211 3472 5261 saeculo
3502 5213 3650 5278 sexto
3679 5208 3815 5257 anti-

2223 5273 2574 5340 quiora'sunt.
2603 5278 2966 5328 Ordinationes
2995 5289 3277 5340 earumque
3307 5287 3580 5340 numerum
3607 5273 3818 5340 desum-

2221 5333 2623 5404 psissevidetur
2655 5354 2722 5404 ex
2750 5338 3123 5404 regestgsedis
3154 5333 3469 5404 apostolicae,
3501 5335 3644 5404 quod
3674 5333 3818 5382 desi—

2222 5399 2372 5450 nebat
2402 5403 2452 5450 ln
2483 5402 2784 5454 Hormisda.
2818 5399 2876 5435 ὲ
2901 5399 3022 5450 XII.
3047 5401 3324 5447 Auctorem
3349 5399 3508 5458 igitur
3525 5399 3818 5458 Romanum

2219 5464 2400 5524 misse,
2428 5468 2478 5512 et
2511 5466 2682 5514 forsan
2717 5463 3014 5526 prmfoctum
3044 5461 3262 5526 archivt,
3293 5455 3554 5522 plerisque
3579 5455 3818 5516 Catulogi

2220 5522 2388 5576 verbis
2422 5522 2814 5592 comprobatur.
3163 5522 3172 5530 ’

2232 5593 2284 5653 l.
2313 5599 2660 5671 _Catalogum
2693 5599 2764 5656 de
2791 5610 2904 5670 quo
2936 5598 2996 5656 in
3029 5597 3297 5669 praesenti
3322 5597 3572 5670 agimus,
3621 5607 3692 5652 ex
3717 5607 3823 5652 co-
