3950 6402
196 353 293 411 484

918 356 1326 421 SCHELESTR.
1369 357 1669 413 DISSERT.
1714 358 1804 412 DE
1842 358 2072 427 ANTIQ.
2114 358 2279 413 ROM.
2323 356 2524 411 PONT.
2566 359 2901 415 CATALOG.

3530 363 3635 421 482

193 479 321 534 dice
365 476 700 534 bibliotheze
732 479 1041 538 Christina:
1076 481 1389 537 Succorum
1428 481 1641 552 reginae
1680 480 1853 550 primi
1881 481 1940 541 Α
2041 477 2094 535 3.
2127 482 2320 551 Neque
2351 481 2445 536 his
2469 480 2696 536 obstare
2724 481 2889 537 debet
2921 484 3073 552 quod
3104 482 3162 537 in
3194 483 3390 538 codice
3420 484 3631 555 regina:

195 568 410 623 nostris
432 569 794 638 temporibus
816 570 1191 639 publicarunt
1206 569 1555 627 Godefridus
1579 572 1857 626 Hensche-

192 658 327 713 nius
376 665 431 713 et
474 658 681 714 Daniel
725 659 1153 729 Papebrochius
1196 660 1256 715 in
1306 659 1726 731 prolegomenis
1780 660 1849 715 ad

191 751 406 801 tomum
437 750 460 802 Ι
480 747 725 816 Aprilis,
752 762 819 804 ex
837 747 1055 819 quibus
1076 753 1132 804 et
1152 762 1254 819 ego
1278 749 1335 804 in
1359 749 1546 818 prima
1567 748 1852 819 Antiqui-

189 835 326 889 tatis
375 834 687 891 illustratae
732 836 989 892 editione
1035 850 1185 893 anno
1226 833 1384 905 1678,
1434 842 1650 906 partem
1684 836 1848 891 illius

190 937 372 993 usque
389 924 459 979 ad
482 924 833 993 Sylvestrum
850 924 1043 979 eadem
1069 925 1177 980 ﬁde
1197 924 1503 994 descripsi,
1530 939 1640 995 qua
1656 924 1847 994 ipsum

182 1011 504 1067 clarissimi
533 1013 647 1068 viri
676 1013 737 1068 in
767 1013 951 1069 lucem
977 1014 1303 1070 emiserant.
1342 1013 1451 1068 Ubi
1496 1019 1687 1069 autem
1726 1013 1848 1069 Ro-

183 1114 333 1156 mam
368 1102 777 1171 pervenissem,
795 1108 851 1158 et
872 1102 1183 1159 nonnullos
1205 1116 1428 1159 errores
1448 1102 1507 1157 in
1529 1103 1843 1158 editionem

184 1189 496 1260 irrepsisse
526 1191 861 1261 suspicatus
886 1205 1088 1262 essem,
1124 1207 1157 1247 a
1180 1192 1613 1262 sapientissima
1645 1191 1844 1263 regina

178 1276 517 1334 facultatem
544 1279 776 1334 videndi
809 1279 1064 1335 codicem
1092 1285 1147 1335 et
1167 1294 1298 1335 cum
1326 1280 1482 1336 edito
1509 1279 1842 1335 conferendi

178 1367 351 1437 petii,
386 1367 539 1437 quod
570 1380 672 1437 pro
693 1382 801 1423 suo
822 1382 955 1439 erga
976 1381 1064 1425 me
1088 1368 1486 1424 benevolentia
1501 1366 1673 1423 facile
1698 1382 1844 1423 con-

174 1457 379 1511 cessit.
435 1457 702 1512 Codicem
756 1458 950 1528 itaque
996 1472 1100 1512 ms.
1148 1472 1319 1529 penes
1371 1471 1458 1513 me
1507 1457 1683 1512 habui
1744 1470 1844 1527 per

148 1558 407 1613 ,menses
449 1545 753 1615 plurimos,
793 1551 850 1602 et
894 1546 1210 1618 diligenter
1250 1547 1582 1618 Catalogum
1627 1546 1699 1602 de
1729 1560 1843 1616 quo

172 1634 409 1703 agimus
450 1648 580 1689 cum
639 1635 795 1690 edito
849 1637 1093 1706 contuli,
1153 1641 1209 1691 et
1249 1640 1535 1706 quantum
1588 1634 1739 1690 inter
1780 1647 1842 1688 se

134 1764 143 1769 .
167 1721 912 1791 discreparentanimadvet
927 1724 991 1779 ti.
1042 1727 1164 1780 Non
1188 1723 1374 1780 solum
1396 1723 1550 1779 enim
1569 1722 1842 1793 pleraque

1966 570 2184 624 Suecize
2210 576 2334 640 post
2355 569 2598 624 Felicem
2628 572 2697 625 IV
2726 571 3014 627 addantur
3037 571 3287 627 aliorum
3321 571 3625 627 duodecim

1966 660 2302 729 pontiﬁcum
2318 660 2550 715 nomina
2564 660 2690 715 sine
2704 660 3015 717 ullisActis
3029 663 3195 717 modo
3209 677 3322 732 quo
3335 663 3622 733 sequitur.

2030 745 2121 803 57.
2162 747 2496 803 Bonifacius
2521 749 2822 804 seditann.
2848 748 2905 821 2,
2928 750 3055 805 dies
3082 748 3173 806 25.

2028 834 2121 891 58.
2161 838 2404 891 Joannes
2431 837 2732 892 seditann.
2763 835 2816 904 2,
2848 852 3069 893 menses
3093 837 3147 909 3,
3170 840 3297 894 dies
3312 838 3406 895 25.

2025 921 2098 979 59
2136 924 2295 978 Felix
2324 925 2476 979 sedit
2508 938 2641 979 ann.
2672 922 2723 995 4,
2756 939 2975 981 menses
3008 924 3063 995 2,
3088 927 3215 981 dies
3240 925 3326 981 42.

2026 1010 2114 1067 60.
2157 1011 2490 1068 Bonifacius
2510 1014 2663 1069 sedit
2689 1027 2820 1070 ann.
2853 1011 2907 1083 2,
2931 1015 3058 1070 dies
3076 1012 3165 1070 27.

2025 1097 2113 1155 64.
2154 1102 2399 1157 Joannes
2428 1102 2579 1157 sedit
2598 1115 2693 1160 an.
2718 1100 2773 1174 2,
2804 1116 3023 1159 menses
3042 1101 3097 1174 3,
3115 1105 3241 1161 dies
3264 1103 3316 1160 5.

2025 1188 2114 1245 62.
2154 1190 2437 1261 Agapitus
2456 1191 2607 1247 sedit
2636 1206 2860 1248 menses
2882 1191 2967 1259 44,
2991 1193 3120 1249 dies
3144 1190 3228 1250 47.

2023 1276 2111 1334 63.
2152 1279 2434 1335 Silverius
2464 1281 2615 1337 sedit
2638 1295 2773 1337 anu.
2801 1279 2851 1354 4,
2882 1296 3102 1338 menses
3129 1282 3183 1355 5,
3203 1283 3331 1339 dies
3353 1281 3440 1339 44.

1962 1404 1969 1409 ι
2024 1365 2112 1421 64.
2154 1366 2408 1439 Vigilius
2433 1370 2585 1425 sedit
2603 1383 2749 1431 ann.
2768 1367 2855 1441 46,
2884 1385 3107 1427 menses
3126 1370 3179 1440 6,
3206 1372 3334 1428 dies
3357 1371 3448 1428 25.

2023 1453 2114 1510 65.
2155 1456 2421 1528 Pelagius
2449 1458 2599 1513 sedit
2629 1472 2760 1514 ann.
2792 1456 2844 1529 4,
2868 1473 3091 1515 menses
3122 1459 3209 1531 40,
3232 1460 3360 1516 dies
3373 1459 3465 1517 28.

2026 1542 2113 1598 66.
2154 1545 2398 1601 Joannes
2415 1547 2567 1603 sedit
2588 1561 2721 1605 ann.
2757 1545 2847 1616 42,
2875 1562 3052 1605 mens.
3086 1546 3169 1619 44,
3191 1549 3318 1606 dies
3340 1547 3431 1607 26.

2024 1628 2114 1686 67.
2154 1634 2492 1690 Benedictus
2512 1636 2814 1693 seditann.
2840 1635 2891 1693 4.

2023 1719 2111 1775 68.
2156 1722 2423 1793 Pelagius
2439 1724 2589 1780 sedit
2610 1740 2744 1782 ann.
2774 1725 2859 1798 40,
2881 1741 3058 1783 mens.
3084 1726 3139 1795 2,
3166 1727 3293 1785 dies
3308 1714 3391 1787 40.

168 1809 343 1866 verba
406 1810 469 1865 in
505 1812 664 1867 edito
711 1813 922 1869 omissa
964 1819 1121 1883 sunt,
1163 1828 1289 1883 quae
1330 1814 1393 1868 in
1440 1811 1838 1881 manuscripto
1870 1802 1924 1864 Β
2020 1809 2154 1863 ΑΒ.
2177 1812 2336 1865 Petro
2354 1828 2526 1881 usque
2545 1830 2690 1869 nunc
2724 1819 2864 1884 ﬁunt
2896 1819 3034 1872 anni
3058 1814 3162 1872 444
3187 1823 3237 1873 et
3255 1834 3461 1875 menses
3489 1835 3605 1883 sem,

167 1901 572 1970 reperiuntur,
598 1902 695 1957 sed
721 1901 990 1958 nonnulli
1015 1915 1246 1972 quoque
1276 1900 1578 1971 pontiﬁces
1609 1912 1839 1970 praepo—

164 1996 322 2046 stero
360 1990 571 2045 ordine
613 1992 671 2046 in
704 1991 860 2047 edito
887 1990 1259 2059 exhibentur,
1285 2003 1410 2059 qua:
1441 1994 1592 2044 recte
1624 1988 1682 2043 in
1710 2001 1840 2042 ma-

166 2079 478 2149 nuscripto
505 2080 799 2151 leguntur.
834 2079 1029 2134 Fidem
1052 2078 1193 2135 huic
1212 2078 1296 2134 rei
1321 2077 1463 2134 facit
1482 2079 1623 2134 ordo
1655 2077 1840 2148 quin-

164 2180 274 2237 que
295 2168 633 2237 primorum
657 2168 1015 2238 pontiﬁcum,
1042 2180 1159 2238 quo
1181 2168 1241 2222 in
1269 2167 1376 2224 hoc
1401 2166 1669 2237 Catalogo
1695 2165 1836 2221 editi

162 2262 296 2311 sunt
317 2257 396 2311 ad
427 2260 649 2313 tomum
674 2258 924 2326 primum
944 2257 1187 2327 Aprilis.
1217 2256 1299 2311 Ibi
1323 2256 1477 2311 enim
1500 2256 1687 2326 primo
1714 2254 1838 2311 loco

160 2345 391 2417 Petrus,
427 2346 689 2401 secundo
720 2346 920 2416 Linus,
952 2346 1129 2401 tertio
1152 2345 1430 2414 Clemens,
1464 2350 1670 2414 quarto
1704 2343 1837 2399 Cle—

160 2440 276 2501 tus,
308 2440 371 2489 et
399 2434 614 2503 quinto
658 2433 968 2489 Anacletus
998 2439 1345 2501 recensetur,
1378 2446 1509 2489 cum
1540 2438 1725 2489 tamen
1774 2433 1832 2487 in

160 2524 569 2593 manuscripto
609 2524 809 2579 codice
850 2524 1063 2595 reginae
1110 2523 1346 2593 Sueciaa,
1395 2523 1496 2593 qui
1532 2528 1661 2592 post
1707 2523 1834 2591 ejus

159 2620 407 2668 mortem
448 2625 583 2667 cum
609 2613 834 2667 caeteris
873 2612 1237 2669 bibliothecae
1268 2625 1386 2666 suae
1418 2611 1832 2681 manuscriptis

160 2702 221 2757 in
256 2702 599 2757 Vaticanam
627 2702 917 2773 migravit,
937 2714 1206 2772 expresse
1227 2700 1507 2758 habeatur
1520 2701 1660 2756 ordo
1682 2714 1835 2771 pon-

158 2791 418 2859 tiﬁcum,
454 2796 520 2845 ut
550 2791 817 2861 sequitur
845 2809 857 2845 :
894 2788 945 2845 4.
980 2792 1204 2860 Petrus,
1234 2787 1289 2846 2.
1315 2790 1514 2858 Linus,
1539 2787 1592 2845 3.
1615 2789 1830 2860 Cletus,

157 2877 211 2935 4.
257 2880 548 2950 Clemens,
589 2878 649 2936 5.
686 2879 1018 2936 Anacletus.
1062 2879 1186 2949 Quo
1236 2878 1411 2935 etiam
1469 2879 1674 2935 ordine
1715 2880 1836 2935 Ro-

160 2983 335 3025 mana
374 2968 633 3025 Ecclesia
678 2969 979 3039 pontiﬁces
1027 2968 1162 3025 illos
1212 2974 1465 3025 recenset
1509 2969 1569 3023 in
1612 2969 1838 3024 Canone

158 3059 377 3125 Missae,
438 3058 577 3114 dum
630 3058 897 3115 meminit
937 3060 1085 3122 Lini,
1140 3058 1296 3121 Cleti,
1354 3057 1660 3112 Clementis.
1726 3056 1835 3112 Ubi

1950 1905 2166 1968 excepto
2194 1902 2481 1955 intervallo
2500 1905 2873 1971 pontiﬁcatus.

2020 1990 2160 2043 Nam
2174 1988 2247 2043 ab
2262 1989 2531 2059 imperita
2544 1990 2711 2061 plane
2726 1995 3177 2064 manuadjuncta
3190 2000 3328 2053 sunt
3338 2000 3613 2066 posttem'

1952 2090 2091 2146 pora
2111 2078 2430 2133 Iustiniani
2472 2079 2859 2149 imperatoris,
2892 2096 3020 2137 cum
3060 2097 3161 2138 nec
3202 2085 3340 2140 anni
3367 2098 3611 2155 respon~

1949 2166 2121 2221 deant
2131 2166 2420 2238 Catalogo,
2436 2181 2621 2239 neque
2640 2170 2975 2239 pontiﬁcum
2993 2171 3134 2227 ordo
3159 2172 3216 2227 in
3235 2172 3341 2227 hac
3354 2174 3609 2245 Catalogi

1948 2254 2263 2324 appendice
2276 2255 2627 2312 observetur.
2644 2258 2961 2314 Utenimab
2976 2260 3183 2316 ultimo
3197 2261 3498 2330 incipiam:
3519 2261 3613 2317 hic

1950 2347 2064 2397 tres
2078 2344 2377 2412 pontiﬁces
2388 2345 2564 2415 Felix,
2580 2345 2914 2403 Bonifacius
2925 2350 3234 2405 etJoannes
3248 2351 3307 2405 in
3320 2364 3417 2406 sex
3431 2351 3614 2420 ponti-

1947 2430 2080 2486 ﬁccs
2100 2433 2465 2503 dividuntur,
2494 2436 2758 2504 repetitis
2780 2436 3035 2506 ipsorum
3062 2438 3414 2511 nominibus,
3442 2446 3506 2495 ut
3526 2440 3610 2495 vel

1943 2532 2011 2574 ex
2028 2533 2093 2574 eo
2108 2526 2259 2589 patet
2274 2523 2425 2591 quod
2444 2523 2595 2578 inter
2614 2524 2856 2579 Felicem
2881 2527 2970 2592 1V,
2997 2526 3057 2581 in
3083 2541 3195 2597 quo
3220 2528 3611 2585 desinitCata-

1944 2608 2128 2679 logus,
2155 2615 2211 2664 et
2237 2610 2569 2682 Silverium,
2602 2628 2771 2684 quem
2795 2615 3104 2683 septimum
3126 2630 3158 2672 a
3182 2616 3371 2673 Felice
3400 2623 3605 2689 quarto

1944 2704 2199 2754 recenset
2250 2701 2557 2772 appendix,
2601 2708 2824 2757 tantum
2873 2709 2989 2758 tres
3028 2704 3329 2773 pontiﬁces
3369 2705 3608 2762 Bonifa—

1944 2786 2073 2842 cius
2093 2789 2160 2852 II,
2183 2789 2426 2845 Joannes
2464 2792 2754 2846 secundus
2789 2795 2846 2847 et
2882 2792 3165 2863 Agapitus
3210 2793 3271 2849 in
3304 2807 3434 2850 vera
3455 2808 3606 2867 pon—

1947 2874 2168 2931 tiﬁcum
2223 2878 2372 2934 serie
2416 2880 2800 2949 reperiantur.
2872 2881 3216 2937 Redundant
3251 2882 3434 2953 igitur
3490 2890 3607 2941 tres

1950 2965 2319 3033 pontiﬁcatus
2342 2967 2402 3022 in
2422 2968 2758 3039 appendice,
2783 2983 2976 3024 errore
3004 2969 3170 3039 plane
3196 2970 3602 3049 inexcusabili,

1949 3055 2042 3108 cui
2067 3056 2290 3111 accedit
2312 3070 2549 3113 erronea
2576 3062 2895 3128 temporum
2934 3066 3088 3130 nota,
3117 3061 3188 3115 de
3222 3074 3335 3132 qua
3355 3062 3607 3119 secundo

157 3147 359 3203 Cletus
390 3147 619 3202 medius
662 3148 900 3216 ponitur
933 3148 1085 3203 inter
1126 3147 1335 3203 Linum
1383 3151 1439 3203 et
1466 3145 1833 3207 Clementem,
1866 3138 1915 3200 C
1950 3142 2073 3199 loco
2101 3145 2409 3201 dicendum
2439 3148 2820 3218 suscepimus.
2842 3149 2985 3204 Nota
3009 3149 3163 3204 enim
3192 3149 3294 3206 illa
3315 3150 3608 3222 signiﬁcat

162 3250 271 3291 non
301 3250 440 3291 vero
466 3243 597 3306 post
619 3236 968 3292 Clementem
987 3236 1323 3293 collocatur.

228 3324 284 3379 2.
337 3326 529 3394 Atque
574 3339 645 3380 ex
684 3324 789 3381 hac
834 3325 1089 3397 Catalogi
1137 3326 1535 3381 emendatione
1588 3324 1829 3382 refutari

162 3419 347 3484 potest
371 3414 660 3469 Henricus
688 3414 1034 3481 Dodwellus,
1064 3414 1165 3485 qui
1191 3415 1252 3470 in
1273 3414 1682 3471 dissertatione
1697 3415 1833 3470 sin-

162 3502 355 3573 gulari
396 3503 472 3557 de
514 3502 677 3559 Rom.
728 3502 1067 3573 pontiﬁcum
1124 3503 1392 3574 primaeva
1439 3503 1826 3574 successione,

160 3606 209 3646 c.
242 3589 299 3660 9,
345 3591 378 3662 §
409 3589 467 3662 4,
498 3593 881 3662 conqueritur
910 3592 982 3647 ab
1006 3596 1240 3649 auctore
1268 3591 1524 3664 Catalogi
1566 3592 1828 3648 ordinem

162 3683 539 3737 immutatum
584 3694 709 3736 esse
740 3681 1228 3753 praepositumque
1256 3681 1516 3753 genuino
1551 3671 1829 3736 Cl‘émenti

157 3770 383 3825 Cletum
415 3768 864 3839 supposititium
901 3769 974 3825 ab
1015 3769 1093 3825 iis
1124 3769 1225 3842 qui
1256 3763 1547 3826 auctorem
1588 3769 1827 3824 secundi

156 3858 421 3930 Catalogi
456 3858 755 3915 subsecuti
801 3863 984 3914 sunt:
1021 3859 1079 3914 id
1119 3859 1275 3914 enim
1322 3858 1530 3914 falsum
1553 3871 1677 3915 esse
1710 3859 1826 3928 jam

159 3948 530 4003 ostendimus
573 3961 643 4003 ex
680 3948 807 4017 ipso
854 3949 1053 4004 codice
1098 3948 1515 4019 manuscripto,
1558 3960 1726 4017 quem
1769 3948 1827 4001 in

156 4036 521 4092 bibliotheca
539 4036 932 4093 Alexandrina
949 4036 1244 4107 habemus,
1264 4044 1320 4093 et
1334 4036 1653 4107 unicuique
1676 4050 1834 4092 mon-

156 4133 348 4182 strare
374 4141 705 4196 possumus.
732 4127 951 4183 Auctor
965 4126 1119 4183 enim
1142 4128 1318 4197 hujus
1339 4126 1826 4199 CatalogiCletum

153 4215 441 4271 Clementi
458 4216 923 4287 praeposuit,jam
942 4216 1116 4272 indea
1128 4216 1339 4272 Felicis
1357 4218 1426 4271 IV
1448 4215 1827 4286 temporibus,

155 4304 266 4359 sub
298 4303 524 4374 quibus
560 4305 751 4375 ipsum
794 4305 1102 4376 scripsisse
1128 4306 1455 4362 Dodwellus
1492 4305 1705 4363 fatetur
1736 4306 1828 4361 his

151 4394 352 4449 verbis
378 4413 391 4448 :
426 4414 453 4444 α
477 4394 643 4451 Anno
673 4395 829 4450 enim
859 4393 966 4450 530
997 4396 1314 4451 secundum
1342 4395 1675 4467 Catalogum
1697 4397 1825 4451 col-

1943 3246 1977 3287 a
2004 3233 2065 3286 B.
2096 3234 2257 3289 Petro
2291 3250 2472 3306 usque
2495 3237 2565 3292 ad
2602 3236 3001 3307 pontiﬁcatum
3041 3237 3257 3310 Pelagii
3293 3240 3361 3305 II,
3387 3238 3605 3309 absque

1943 3326 2193 3387 tempore
2241 3323 2395 3379 sedis
2425 3325 2701 3394 vacantis,
2735 3326 3028 3381 numerari
3069 3322 3174 3380 444
3213 3340 3414 3398 annos,
3449 3327 3601 3397 quod

1940 3409 2060 3464 sive
2089 3423 2120 3465 a
2147 3411 2437 3483 principio
2469 3414 2840 3483 pontiﬁcatus
2862 3414 3036 3481 Petri,
3070 3415 3191 3470 sive
3235 3428 3270 3470 a
3294 3414 3406 3471 ﬁne
3436 3415 3603 3471 illius

1940 3521 2155 3578 sumas,
2189 3521 2222 3561 a
2238 3518 2369 3560 vera
2386 3502 2762 3573 chronologia
2786 3503 2998 3557 mirum
3018 3502 3079 3558 in
3098 3505 3330 3560 modum
3347 3504 3594 3561 aberrat.

1940 3596 2209 3666 Pelagius
2251 3593 2405 3648 enim
2450 3592 2739 3647 secundus
2789 3590 3189 3660 pontiﬁcatum
3238 3592 3421 3661 gessit
3469 3599 3602 3649 ante

1940 3683 2284 3753 Gregorium
2320 3682 2588 3749 Magnum
2617 3679 2687 3732 ad
2717 3678 2885 3733 ﬁnem
2918 3678 3065 3733 sexti
3111 3680 3331 3745 saeculi,
3370 3680 3512 3735 adeo
3539 3687 3602 3736 ut

1943 3773 2075 3843 plus
2095 3784 2268 3841 quam
2297 3767 2595 3837 sexaginta
2625 3766 2761 3820 anni
2787 3766 2847 3819 in
2878 3771 3147 3834 computo
3176 3767 3596 3824 desiderentur.

1940 3863 2063 3916 Non
2087 3860 2273 3915 solum
2305 3855 2459 3911 enim
2489 3867 2521 3909 a
2549 3856 2715 3909 Petro
2758 3866 2939 3924 usque
2980 3854 3049 3909 ad
3081 3861 3304 3925 tempus
3335 3870 3450 3927 quo
3490 3870 3601 3927 ap—

1943 3949 2155 4022 pendix
2183 3946 2281 4002 illa
2313 3943 2637 4013 conscripta
2682 3949 2769 3998 est
2813 3943 2950 3999 anni
2994 3941 3117 4011 444,
3167 3945 3262 4000 sed
3303 3946 3529 4002 etiamsi
3565 3964 3596 4007 a

1939 4038 2093 4095 Petri
2138 4049 2398 4103 excessu,
2440 4032 2541 4103 qui
2583 4045 2735 4088 anno
2762 4046 2888 4088 serae
2931 4033 3190 4105 vulgaris
3219 4033 3290 4091 68
3327 4038 3594 4109 contigit,

1943 4128 2242 4201 pontiﬁces
2270 4128 2668 4194 computemus
2691 4122 2849 4187 ,anni
2875 4120 2981 4177 522
3014 4138 3198 4195 usque
3238 4126 3309 4181 ad
3328 4127 3595 4200 Gregorii

1941 4219 2360 4293 pontiﬁcatum,
2411 4213 2513 4283 qui
2560 4224 2712 4267 anno
2748 4209 2855 4267 590
2896 4214 3091 4282 cmpit,
3119 4213 3487 4272 intercedunt
3515 4236 3530 4286 ;
3562 4231 3595 4273 a

1939 4308 2155 4381 quibus
2188 4306 2445 4359 detracto
2494 4307 2814 4371 temporum
2864 4301 3168 4357 intervallo
3198 4303 3319 4358 sedi
3372 4306 3593 4361 vacanti

1940 4396 2265 4463 tribuendo,
2300 4406 2522 4462 semper
2570 4390 2825 4446 manebit
2862 4390 3012 4447 ultra
3044 4392 3391 4464 quingentos
3414 4406 3595 4450 annos

154 4484 301 4553 legit
324 4488 536 4540 auctor
568 4484 825 4539 incertus
854 4483 964 4539 sub
986 4484 1316 4540 Iustiniano
1333 4484 1402 4540 ad
1426 4485 1593 4542 ﬁnem
1615 4487 1825 4544 Felicis
1852 4470 1909 4532 D
1943 4492 2093 4546 inter
2121 4484 2271 4541 Petri
2303 4490 2358 4539 et
2392 4480 2605 4553 Pelagii
2652 4481 2891 4537 secundi
2926 4487 3187 4552 tempora
3219 4484 3591 4545 intercedere.

152 4573 378 4643 quarti.
404 4590 432 4621 »
465 4573 735 4629 Concinit
770 4574 1116 4629 I’earsonius
1139 4574 1436 4630 dissertat.
1466 4590 1483 4631 1
1508 4576 1829 4633 desucces—

151 4662 325 4718 sione
352 4661 676 4731 primorum
698 4664 887 4718 Romae
918 4662 1275 4733 pontiﬁcum.
1300 4678 1425 4734 cap.
1453 4662 1547 4735 42,
1578 4680 1735 4722 num.
1768 4667 1824 4723 6.

154 4752 262 4809 L'bi
293 4751 637 4822 Catalogum
666 4750 834 4807 illum
855 4759 1006 4807 sexto
1027 4754 1220 4807 sacculo
1236 4758 1523 4809 exaratum
1537 4771 1650 4811 esse
1674 4759 1827 4826 afﬁr-

147 4846 287 4895 mat.
318 4841 389 4895 Et
432 4846 568 4895 ante
613 4840 987 4899 Pearsonium
1032 4841 1145 4896 viri
1189 4840 1503 4899 clarissimi
1539 4844 1829 4913 Papebro—

148 4931 350 4997 chius,
399 4934 459 4984 et
496 4928 915 4999 Henschenius,
949 4931 1050 5001 qui
1079 4935 1211 4986 ante
1258 4932 1600 5002 prooemium
1652 4933 1828 5003 hujus

146 5018 416 5089 Catalogi
451 5022 675 5086 notant,
722 5022 958 5087 tempore
986 5021 1292 5074 Iustiniani
1314 5021 1660 5089 imperatoris
1690 5038 1827 5076 con—

150 5109 428 5177 scriptum
459 5122 594 5160 esse.
627 5106 751 5177 Qua
788 5106 1018 5177 quidem
1045 5108 1103 5163 in
1134 5121 1193 5163 re
1218 5108 1363 5163 viris
1396 5108 1646 5164 eruditis
1682 5126 1827 5166 con-

148 5196 367 5262 sentio,
405 5208 539 5251 cum
569 5209 640 5251 ex
660 5195 918 5268 Catalogi
955 5197 1081 5267 ipso
1105 5197 1447 5265 deducatur,
1471 5196 1581 5253 sub
1599 5198 1827 5257 Iustino

147 5291 209 5339 et
230 5284 593 5353 Justiniano,
631 5297 881 5354 quorum
928 5284 1287 5355 temporibus
1312 5284 1478 5341 illum
1503 5289 1829 5357 promiscue

153 5375 214 5430 in
238 5374 347 5430 bos
362 5387 537 5445 apere
557 5372 937 5443 ascrihimus,
967 5373 1150 5431 fuisse
1183 5374 1590 5433 concinnatum
1619 5393 1633 5430 :
1659 5377 1827 5449 ﬁnem

154 5476 404 5536 namque
431 5462 578 5521 facit
622 5464 683 5518 in
713 5462 903 5519 Felice
939 5470 1168 5535 quarto,
1208 5463 1312 5533 qui
1343 5464 1651 5522 consulatu
1682 5466 1830 5523 Ore-

152 5561 285 5616 stis,
336 5566 492 5611 anno
542 5551 929 5623 imperatoris
968 5551 1289 5613 Justiniani
1333 5558 1559 5623 quarto,
1605 5558 1661 5613 et
1702 5567 1831 5613 mra:

153 5644 405 5717 vulgaris
431 5643 570 5716 530,
587 5641 771 5699 Obiit.

2010 4574 2062 4632 4.
2102 4577 2297 4644 Neque
2328 4572 2538 4628 mirum
2581 4571 2855 4642 cuiquam
2900 4572 3083 4628 videri
3131 4573 3299 4630 debet
3341 4577 3491 4648 quod
3531 4578 3589 4635 in

1938 4664 2251 4737 appendice
2277 4662 2452 4732 hujus
2479 4660 2733 4737 Catalogi
2767 4667 2879 4716 tam
2902 4659 3038 4719 ftedi
3065 4677 3288 4721 errores
3308 4667 3594 4737 reperian-

1937 4736 2051 4814 tur.
2080 4754 2267 4810 Codex
2308 4751 2462 4807 enim
2497 4736 2704 4821 regna:
2732 4751 2970 4822 Sueciae,
3001 4766 3071 4808 ex
3108 4767 3223 4823 quo
3258 4736 3586 4826 Catalogum

1938 4846 2089 4917 typis
2117 4843 2367 4911 edimus,
2388 4853 2502 4897 non
2533 4839 2790 4896 continet
2823 4840 2986 4908 ipsus
3029 4840 3284 4910 CataIOgi
3315 4845 3594 4911 autogra-

1939 4936 2136 5006 phum,
2166 4932 2261 4990 sed
2286 4934 2713 4999 transumptum
2738 4934 2869 4983 ante
2899 4928 3064 4997 plura
3089 4928 3300 4983 saecula
3329 4930 3596 4984 conscri—

1939 5030 2119 5095 ptum.
2150 5022 2338 5078 Codex
2364 5019 2519 5076 enim
2542 5017 2602 5073 in
2636 5030 2749 5086 quo
2773 5015 3105 5071 continetur
3146 5015 3241 5069 hic
3262 5015 3589 5089 Catalogus,

1935 5114 2192 5171 continet
2233 5124 2358 5179 pag.
2386 5107 2446 5178 .4,
2481 5107 2648 5161 breve
2682 5103 3009 5159 Chronicon
3039 5103 3111 5157 ab
3141 5116 3294 5159 anno
3320 5101 3448 5175 845,
3477 5121 3593 5177 quo

1933 5202 2174 5259 Carolus
2214 5200 2455 5266 Magnus
2504 5198 2767 5247 mortuus
2812 5196 2918 5257 est,
2978 5194 3036 5246 et
3095 5190 3419 5249 Ludovicus
3471 5196 3597 5265 ejus

1938 5291 2095 5348 ﬁlius
2126 5284 2434 5353 imperium
2453 5279 2789 5347 assumpsit,
2811 5292 2992 5347 usque
3016 5279 3082 5334 ad
3106 5292 3322 5335 annum
3361 5283 3597 5340 millesi-

1939 5391 2116 5446 mum,
2144 5386 2260 5443 quo
2283 5372 2698 5437 consequenter
2725 5357 2878 5423 hunc
2907 5367 3160 5427 codicem
3204 5371 3594 5442 conscriptum

1938 5466 2123 5524 fuisse
2151 5460 2421 5525 dicerem,
2464 5454 2582 5511 nisi
2614 5453 2685 5510 ab
2711 5466 2862 5511 anno
2909 5452 3017 5515 948
3048 5470 3230 5527 usque
3267 5458 3336 5516 ad
3383 5472 3597 5523 annum

1940 5549 2204 5615 4000soli
2219 5544 2357 5604 anni
2377 5542 2657 5611 descripti
2672 5547 2883 5611 essent,
2896 5544 3015 5601 etsi
3034 5546 3175 5615 quid
3201 5548 3280 5605 rei
3305 5556 3478 5619 gestae
3491 5551 3601 5607 ad-

1939 5646 2190 5706 notetur,
2224 5633 2416 5691 aliena
2440 5643 2613 5687 manu
2643 5630 2926 5699 adjectum
2942 5646 3066 5693 esse
3085 5635 3369 5705 videatur;
3393 5651 3465 5695 ex
3489 5650 3604 5705 quo
