3950 6400
369 379 476 438 483

1147 382 1242 438 AD
1277 382 1710 438 ANASTASIUM
1763 379 2274 437 PROLEGOMENA
2321 383 2500 437 EDIT.
2543 383 2986 441 ROM.-VATIC.

3670 383 3763 440 484

375 512 661 581 conjicere
683 509 818 564 licet
847 507 1022 576 hujus
1043 505 1319 562 Chronici
1344 513 1632 562 auctorem
1655 505 1867 560 vixisse
1886 509 2019 558 ante
2040 501 2098 560 A
2128 510 2260 569 ptus
2288 513 2372 561 est
2394 507 2500 563 sub
2532 509 2774 578 imperio
2795 508 2988 564 Karoli
3012 509 3082 562 Μ.
3106 507 3412 578 CataIOgus
3438 506 3763 576 pontiﬁcum

375 611 590 653 annum
607 593 728 652 948.
753 595 946 651 Solent
964 595 1117 650 enim
1143 595 1329 665 aliqui
1346 593 1764 664 chronographi
1790 593 1850 647 in
1878 606 2016 646 mss.

375 684 677 743 codicibus
699 697 882 739 annos
902 683 1237 738 continuata
1260 683 1408 738 serie
1431 696 1652 751 ponere.
1676 681 1847 736 etiam
1885 679 2018 734 illos

374 775 475 844 qui
509 775 764 845 ipsorum
813 778 1034 828 atatem
1075 771 1519 841 subsequentur,
1552 775 1608 826 et
1645 770 1694 824 si
1729 768 1867 838 quid
1901 774 2018 822 vita

375 862 867 920 illorumdurante
881 859 1447 930 memoratudignum
1461 858 1771 928 contigerit
1785 855 2016 925 propria

373 964 545 1006 manu
573 949 866 1017 adnotare,
898 947 985 1003 vel
1015 948 1066 1002 si
1100 953 1228 1016 post
1255 948 1431 1002 vitam
1455 947 1710 1015 ipsorum
1741 943 2014 1012 evenerit,

374 1038 622 1110 posteris
649 1036 1040 1092 adnotandum
1068 1035 1412 1104 relinquere.
1447 1037 1526 1090 Ex
1559 1034 1652 1088 his
1681 1031 1916 1103 quidem
1945 1031 2017 1085 de

370 1132 534 1183 atate
551 1125 928 1194 manuscripti
950 1123 1170 1179 codicis
1185 1123 1447 1192 judicare
1464 1121 1682 1192 liceret,
1711 1120 1761 1175 si
1798 1125 2016 1174 certum

375 1226 544 1290 esset,
587 1218 911 1274 Chronicon
962 1213 1258 1285 prafatum
1307 1210 1380 1266 ab
1427 1210 1620 1265 eodem
1679 1205 2014 1263 amanuensi

379 1309 770 1378 conscriptum
801 1304 1003 1373 fuisse,
1037 1315 1152 1373 quo
1192 1299 1416 1370 reliqua
1468 1299 1525 1353 in
1556 1311 1724 1366 opere
1754 1300 2018 1351 contenta

377 1397 594 1468 scripta
633 1401 784 1464 sunt,
834 1406 948 1464 qua
983 1393 1054 1447 de
1090 1404 1150 1447 re
1192 1402 1302 1444 non
1349 1388 1474 1444 sine
1519 1386 1740 1441 ratione
1776 1383 2022 1440 dubium

379 1487 594 1545 moveri
624 1489 824 1556 potest.
857 1483 1143 1551 Quantum
1175 1479 1328 1535 enim
1369 1491 1437 1534 ex
1486 1476 1813 1531 charactere
1855 1470 2026 1542 judi-

378 1592 509 1636 care
539 1589 792 1648 possum,
829 1574 937 1629 hoc
974 1570 1297 1626 Chronicon
1326 1566 1498 1622 initio
1523 1563 1744 1620 codicis
1768 1561 2020 1631 positum

384 1680 516 1722 cum
534 1647 740 1722 notitia
760 1659 1185 1732 provinciarum
1205 1661 1260 1711 et
1276 1655 1478 1710 arbore
1497 1647 2022 1721 consanguinitatis

377 1753 702 1814 Chronicon
757 1747 1084 1806 immediate
1139 1740 1643 1812 subsequentibus,
1714 1734 2020 1794 recentiori

2127 593 2509 650 Romanorum
2541 597 2749 666 incipit
2779 611 2811 651 a
2846 598 2901 651 S.
2930 599 3119 661 Petro.
3171 603 3227 651 et
3251 596 3418 650 habet
3441 596 3593 650 hunc
3625 597 3765 650 titu—

2129 680 2247 736 lum
2283 701 2295 736 :
2327 704 2351 732 «
2381 685 2481 737 Ilic
2522 691 2650 739 sunt
2671 688 2954 754 pontiﬁces
3003 691 3205 738 sancta
3230 687 3484 738 Romana
3525 685 3768 736 Ecclesia

2131 769 2275 823 beati
2315 775 2460 840 petii
2487 773 2754 843 Apostoli.
2806 774 3033 829 Desinit
3082 779 3272 830 autem
3330 773 3388 826 in
3438 772 3690 826 Adriano
3726 773 3764 829 Ι.

2131 857 2237 913 hoc
2287 863 2452 916 modo
2503 880 2514 916 :
2567 863 2766 918 XCVII
2821 863 3110 916 Adrianus
3171 863 3310 916 sedit
3374 877 3508 914 ann.
3575 861 3764 914 XXIII.

2127 947 2201 998 M.
2258 948 2322 1000 X.
2374 952 2442 1002 D.
2487 951 2656 1005 XVII.
2713 952 2910 1007 Postea
2965 951 3201 1021 quidam
3255 954 3419 1004 vetus
3475 947 3702 1003 addidit
3753 964 3768 1000 :

2125 1033 2370 1090 XCVIII.
2412 1038 2516 1092 Leo
2537 1055 2704 1108 papa.
2735 1058 2760 1088 ω
2813 1040 2998 1110 Atque
3035 1039 3152 1094 hac
3177 1043 3315 1094 sunt
3340 1037 3522 1107 prima
3556 1035 3768 1091 Baluzii

2127 1122 2315 1192 verba,
2349 1125 2565 1194 quibus
2593 1133 2816 1183 constat
2839 1128 2910 1183 de
2931 1127 3281 1196 antiquitate
3323 1124 3544 1180 codicis
3577 1138 3680 1178 ms.
3706 1137 3772 1178 ex

2131 1208 2398 1282 Catalogo
2437 1213 2642 1280 simili,
2696 1221 2760 1270 ut
2810 1220 2948 1284 puto
3002 1215 3093 1270 illi
3145 1225 3312 1284 quem
3364 1226 3469 1266 nos
3517 1211 3772 1266 diximus

2135 1300 2416 1355 contineri
2454 1301 2511 1356 in
2532 1302 2738 1358 Codice
2788 1303 3150 1359 bibliotheca:
3176 1300 3582 1356 Alexandrina
3611 1300 3774 1356 Vati—

2134 1400 2310 1458 cana,
2339 1390 2437 1459 qui
2471 1390 2688 1446 desinit
2720 1406 2776 1445 in
2811 1391 3070 1446 Paschali
3105 1391 3309 1460 primo.

2205 1475 2256 1531 6.
2280 1477 2453 1533 Porro
2481 1478 2552 1533 de
2581 1480 2832 1534 secundo
2861 1481 3150 1550 Catalogo,
3182 1479 3252 1533 de
3275 1492 3389 1548 quo
3413 1478 3507 1532 hic
3529 1478 3773 1547 agimus,

2135 1571 2292 1620 notat
2320 1566 2510 1621 varias
2536 1567 2808 1622 lectiones
2855 1571 2912 1621 in
2939 1571 3111 1624 Gestis
3153 1569 3474 1635 pontificum
3510 1563 3776 1634 reperiri,

2133 1666 2276 1722 quas
2310 1653 2403 1708 hic
2432 1656 2630 1724 paucis
2656 1657 2908 1724 exceptis
2940 1657 3270 1723 referemus,
3301 1668 3368 1709 eo
3417 1653 3569 1722 quod
3611 1652 3780 1706 varia

2135 1739 2250 1796 illa
2271 1742 2544 1798 lectiones
2563 1745 2755 1813 potius
2775 1753 3030 1814 respectu
3049 1741 3781 1800 editionisllenscheniana

382 1857 555 1902 manu
584 1843 803 1912 adlecta
845 1842 1002 1905 sunt,
1051 1834 1204 1890 είοιιῑ
1233 1837 1288 1887 et
1332 1831 1391 1886 in
1426 1829 1534 1884 ίιηθ
1575 1824 1853 1884 nonnum)
1898 1830 2025 1893 νοδι
2051 1806 2104 1867 Β
2136 1844 2306 1900 quam
2335 1832 2515 1888 nostri
2545 1833 2763 1888 codicis
2799 1806 2900 1888 ms.
2927 1834 3113 1888 locum
3138 1831 3344 1887 habere
3373 1830 3780 1884 animadverte-

380 1939 601 1992 atatem
639 1928 860 1986 codicis
905 1925 1102 1982 addita
1153 1923 1442 1992 leguntur.
1499 1919 1674 1973 Porro
1715 1915 1893 1970 codex
1940 1917 2027 1968 est

381 2024 443 2080 in
469 2020 630 2090 folio,
655 2017 836 2074 forma
857 2013 1155 2086 quadrata,
1179 2016 1237 2066 et
1251 2005 1682 2064 characteribus
1701 2016 1818 2058 avo
1834 2001 2025 2090 Caroli

378 2109 567 2182 Magni
594 2105 828 2165 usitatis
852 2101 1240 2171 conscriptus.
1271 2097 1428 2153 Unde
1469 2094 1638 2150 facile
1681 2089 2026 2148 crediderim

381 2198 506 2254 illis
550 2193 900 2266 temporibus
944 2189 1126 2247 fuisse
1157 2191 1453 2244 exaratum
1484 2197 1598 2252 quo
1643 2182 1896 2266 scriptus
1943 2182 2031 2266 est

380 2286 675 2358 catalogus
699 2285 1081 2339 Romanorum
1105 2274 1466 2346 pontiﬁcum,
1489 2271 1587 2342 qui
1606 2284 1736 2358 pag.
1767 2265 1832 2323 lO
1858 2265 2032 2322 exhi—

379 2357 652 2444 bctur,et
679 2368 898 2427 desinit
925 2368 985 2422 in
1011 2363 1274 2419 Paschali
1308 2359 1359 2414 l.
1407 2359 1502 2414 cui
1533 2357 1848 2424 subjicitur
1877 2358 2032 2444 nota

382 2474 702 2534 temporum
736 2459 831 2512 his
858 2454 1050 2510 verbis
1076 2469 1089 2504 :
1117 2451 1167 2504 Α
1192 2451 1452 2504 Passione
1469 2445 1685 2500 Domini
1710 2443 1885 2494 nostri
1905 2443 2035 2493 Jesu

383 2531 588 2608 Christi
629 2561 800 2615 usque
847 2543 923 2596 ad
969 2541 1147 2594 sedem
1179 2536 1478 2591 beatissimi
1514 2531 1824 2587 Marcellini
1875 2542 2036 2598 papa

385 2643 516 2694 sunt
555 2636 693 2690 anni
737 2627 865 2694 276,
894 2642 1101 2684 menses
1140 2623 1194 2680 8.
1239 2626 1316 2677 De
1367 2621 1675 2690 apostolatu
1711 2619 1835 2686 jam
1888 2619 2034 2683 facto

388 2725 592 2782 Christi
611 2719 875 2789 martyris
903 2714 1215 2771 Marcellini
1235 2726 1406 2779 usque
1428 2714 1634 2777 tempus
1659 2705 2038 2772 gloriosissimi

388 2813 608 2870 Domini
638 2808 820 2864 Caroli
845 2806 992 2873 regis
1015 2799 1088 2858 25
1107 2801 1271 2855 annis
1301 2799 1458 2865 regni
1483 2797 1622 2864 ejus,
1647 2795 1741 2848 hoc
1769 2799 1846 2846 est
1868 2806 2039 2860 usque

388 2915 492 2957 vm
532 2899 656 2955 Kal.
706 2895 923 2966 aprilis,
968 2895 1096 2947 sunt
1125 2890 1262 2943 anni
1291 2884 1395 2941 490
1424 2891 1474 2939 et
1527 2897 1733 2937 menses
1761 2878 1843 2936 43.
1873 2880 2038 2934 Circa

393 2991 501 3046 hoc
551 2987 734 3060 igitur
776 2989 1021 3052 tempus,
1057 2979 1113 3034 id
1147 2984 1234 3034 est
1267 2976 1438 3047 paulo
1472 2979 1598 3044 post
1627 2971 1866 3027 initium
1900 2967 2037 3060 noni

395 3059 614 3142 saculi,
645 3071 1014 3141 conacriptus
1043 3067 1272 3122 videtur
1295 3064 1469 3120 codex
1512 3061 1796 3132 quondam
1830 3059 2040 3129 regina

395 3166 634 3235 Suecia,
675 3174 829 3218 nunc
879 3156 1245 3214 bibliotheca
1286 3150 1685 3208 Alexandrina
1732 3148 2038 3216 Vaticana,

399 3271 464 3314 ex
491 3267 604 3326 quo
620 3249 934 3308 secundum
955 3247 1340 3301 Romanorum
1361 3239 1694 3310 pontiﬁcum
1710 3237 2042 3308 Catalogum

401 3325 648 3413 edimus,
681 3351 849 3410 quem
872 3335 1050 3404 hujus
1068 3330 1288 3388 codicis
1305 3326 1644 3384 tabellarius
1661 3340 1730 3382 ex
1756 3326 1874 3381 alio
1899 3325 2046 3380 anti-

404 3431 599 3506 quiori
625 3427 823 3485 codice
849 3422 1178 3491 descripsit.

472 3519 528 3584 5,
559 3519 788 3574 Certum
823 3514 994 3583 hujus
1029 3507 1291 3566 veritatis
1331 3509 1735 3576 argumentum
1767 3503 2052 3572 suppedi—

406 3613 606 3667 tarunt
636 3619 818 3675 nuper
848 3602 1054 3658 littera
1082 3597 1196 3652 viri
1225 3596 1316 3650 Cl.
1361 3594 1596 3650 Antonii
1625 3593 1806 3664 Pagii,
1836 3591 2051 3662 quibus

407 3697 609 3756 retulit
627 3693 788 3751 aliud
813 3691 988 3758 hujus
1007 3684 1261 3754 Catalogi
1282 3682 1572 3751 exemplar
1593 3696 1697 3736 ms.
1723 3679 1963 3749 reperiri
1989 3679 2049 3732 in

409 3784 760 3842 bibliotheca
783 3777 1110 3836 Colbertina
1134 3791 1146 3827 :
1184 3793 1208 3824 α
1235 3773 1292 3827 In
1322 3771 1672 3826 bibliotheca
1700 3771 2048 3839 Colbertina,

411 3874 627 3946 inquit,
655 3875 841 3927 exstat
865 3864 1190 3934 Catalogus,
1220 3874 1253 3916 a
1281 3874 1393 3930 quo
1426 3859 1694 3915 Baluzius
1725 3859 1815 3914 vir
1839 3859 2056 3914 claris—

411 3965 598 4020 simus
638 3956 934 4014 existimat
975 3950 1308 4018 Catalogum
1358 3947 1568 4017 regina
1612 3948 1828 4004 Suecia
1875 3946 2056 4004 fuisse

412 4047 787 4116 descriptum.
824 4057 850 4090 »
887 4041 967 4094 De
1000 4038 1108 4093 hoc
1149 4035 1347 4091 codice
1389 4034 1789 4104 frequentibus
1828 4037 2056 4092 vicibus

415 4137 633 4211 quibus
655 4129 898 4188 Parisiis
921 4125 1032 4197 fui,
1055 4124 1205 4180 nihil
1227 4124 1717 4211 audiveraanec
1737 4123 2054 4211 quidquam

415 4207 547 4285 ante
566 4221 723 4295 Pagii
756 4220 980 4276 litteras
1009 4214 1077 4271 ad
1129 4213 1295 4268 ﬁnem
1334 4210 1473 4265 anni
1516 4207 1654 4264 4680
1681 4209 1750 4264 ad
1781 4223 1867 4264 me
1894 4211 2058 4267 datas

2068 3113 2118 3176 C

2137 1919 2266 1973 rim.
2301 1921 2397 1976 Sic
2422 1928 2583 1976 notat
2626 1922 2714 1976 vir
2751 1922 2823 1976 cl.
2857 1922 2966 1993 legi
3001 1923 3058 1976 in
3106 1922 3304 1975 Petro:
3340 1921 3404 1973 In
3436 1920 3782 1972 territurium

2137 2009 2463 2078 triumphale
2491 2012 2582 2062 via
2606 2010 2836 2063 Aurelia
2869 2023 2929 2064 ιιι
2954 2010 3078 2063 Kal.
3098 2009 3255 2077 Julii,
3284 2021 3398 2077 quo
3418 2007 3584 2062 modo
3611 2007 3782 2061 etiam

2137 2095 2354 2167 legitur
2382 2098 2442 2152 in
2481 2111 2586 2152 ms.
2632 2098 2830 2154 codice
2875 2097 3263 2172 Alexandrino
3305 2095 3602 2165 Vaticano,
3652 2094 3786 2148 licet

2139 2185 2343 2240 habeat
2380 2186 2561 2241 editio
2604 2187 3071 2241 Henscheniana:
3105 2187 3254 2240 Inter
3284 2185 3558 2238 tharium
3591 2183 3785 2236 trium-

2131 2275 2298 2343 phale
2330 2287 2393 2328 Ill
2433 2274 2556 2327 Kal.
2609 2276 2784 2327 Junii.
2819 2275 3036 2329 Deinde
3078 2279 3236 2329 notat
3280 2272 3548 2328 Baluzius
3579 2284 3650 2326 ex
3677 2281 3782 2324 suo

2142 2363 2339 2416 codice
2371 2379 2383 2414 :
2421 2362 2598 2416 Cletus
2624 2365 2850 2432 ponitur
2896 2370 3022 2416 ante
3053 2364 3398 2416 Clementem.
3434 2360 3596 2430 Quod
3633 2359 3788 2413 idem

2145 2447 2314 2502 habet
2342 2447 2516 2502 codex
2541 2448 3302 2516 Alexandrino-Vaticanus,
3327 2448 3638 2518 quuamvis
3656 2445 3797 2499 Hen-

2145 2534 2452 2589 scheniana
2474 2535 2676 2604 editio,
2700 2535 2893 2589 nescio
2915 2549 3027 2604 qua
3047 2536 3290 2603 ratione,
3313 2543 3416 2590 aut
3437 2548 3551 2605 quo
3581 2532 3800 2590 funda-

2147 2629 2357 2691 mento,
2401 2623 2622 2678 Cletum
2669 2622 2944 2677 Clementi
2979 2629 3296 2690 postponat.
3344 2625 3512 2678 Notat
3557 2623 3799 2689 insuper

2147 2711 2416 2766 Baluzius
2445 2725 2512 2766 ex
2539 2711 2736 2766 codice
2759 2710 3089 2766 Colbertino
3114 2729 3127 2764 :
3163 2712 3222 2764 1n
3246 2709 3472 2764 Victore
3499 2711 3640 2780 legi,
3683 2723 3796 2761 cum

2153 2799 2440 2868 Theophilo
2487 2802 2731 2868 episcopo
2756 2798 3118 2852 Alexandria
3143 2797 3208 2850 de
3237 2796 3414 2849 Luna.
3447 2794 3612 2861 Quod
3652 2795 3796 2850 idem

2150 2888 2364 2959 legitur
2391 2888 2447 2944 in
2479 2890 2675 2944 codice
2714 2887 2944 2958 Regina
2973 2887 3209 2954 Suecia,
3239 2884 3374 2938 licet
3420 2883 3607 2938 editio
3649 2884 3800 2939 Hen—

2149 2978 2459 3033 scheniana
2491 2977 2614 3034 loco
2640 2977 2996 3034 Aleaandria
3031 2981 3201 3044 ponat
3227 2973 3499 3038 Caesarea,
3527 2978 3586 3026 et
3615 2973 3804 3026 Theo—

2153 3067 2350 3135 philus
2375 3080 2483 3121 non
2532 3065 2914 3134 Alexandria,
2945 3064 3040 3119 sed
3079 3061 3456 3117 Casareensis
3494 3059 3804 3128 episcopus

2153 3155 2348 3213 fuerit.
2368 3157 2583 3212 Deinde
2598 3155 2870 3214 Baluzius
2889 3169 2958 3210 ex
2982 3155 3178 3210 codice
3195 3151 3525 3207 Colbertino
3545 3149 3606 3202 in
3628 3147 3804 3202 Lucio

2158 3260 2342 3316 papa:
2387 3247 2572 3314 Capite
2615 3249 2900 3300 truncatus
2939 3249 3016 3297 est
3063 3257 3118 3296 Vl
3167 3255 3340 3294 nonas
3385 3239 3600 3307 Martii,
3651 3233 3800 3306 quod

2155 3335 2326 3390 etiam
2360 3335 2602 3390 habetur
2633 3335 2692 3389 in
2723 3333 2920 3389 codice
2946 3329 3356 3398 Alexandrino,
3394 3327 3528 3381 licet
3559 3326 3622 3380 in
3647 3324 3804 3378 Hen-

2160 3423 2469 3478 scheniana
2517 3423 2800 3479 editione?
2827 3421 3050 3492 legatur
3081 3435 3096 3474 :
3129 3433 3194 3474 ιιι
3228 3432 3400 3471 nonas
3438 3416 3650 3470 Martii.
3697 3413 3806 3466 Ba—

2163 3512 2354 3568 luzius
2376 3514 2583 3568 iterum
2607 3526 2676 3567 ex
2700 3510 2898 3566 codice
2920 3508 3250 3564 Colbertino
3272 3506 3413 3575 legit
3443 3505 3502 3558 in
3525 3504 3800 3556 Damaso:

2161 3603 2313 3656 Sedit
2337 3617 2508 3686 annos
2535 3615 2679 3662 xvn,
2725 3613 2931 3653 menses
2953 3611 3040 3666 III,
3068 3597 3182 3650 dies
3214 3609 3293 3649 x1.
3328 3595 3452 3647 Fuit
3477 3589 3805 3660 temporibus

2159 3675 2394 3757 Juliani,
2427 3692 2557 3757 fecit
2585 3689 2934 3742 bibliothecas
2961 3687 3121 3739 duas.
3146 3684 3305 3752 Quod
3331 3681 3478 3736 idem
3504 3679 3722 3749 legitur
3748 3675 3804 3729 in

2163 3779 2358 3834 codice
2376 3785 2592 3847 nostro,
2618 3778 2752 3833 licet
2779 3777 2838 3831 in
2864 3775 3120 3830 editione
3161 3768 3591 3826 Henscheniana
3629 3764 3808 3820 omit-

2165 3873 2365 3922 tatur:
2400 3868 2525 3919 Fuit
2572 3865 2900 3935 temporibus
2946 3863 3177 3916 Iuliani.
3238 3861 3473 3914 Demum
3515 3855 3575 3910 in
3626 3851 3807 3908 Felice

2167 3967 2308 4023 papa
2341 3955 2479 4022 legit
2506 3967 2572 4009 ex
2596 3967 2702 4009 suo
2741 3953 2938 4008 codice
2968 3951 3278 4006 Baluzius:
3322 3947 3563 4002 Cessat-it
3599 3944 3808 4010 cpisco-

2157 4049 2326 4112 patus
2377 4043 2465 4096 die
2499 4055 2536 4109 ι,
2567 4048 2738 4110 prout
2783 4040 2955 4094 etiam
2981 4039 3223 4094 habetur
3284 4037 3344 4092 in
3407 4040 3621 4101 nostro,
3676 4029 3811 4084 licet

2165 4115 2596 4187 Henscheniana
2657 4128 2814 4184 edito
2871 4127 3076 4182 habeat
3118 4145 3132 4181 :
3185 4127 3424 4181 Cessavit
3469 4122 3808 4192 episcopatus

2159 4237 2263 4290 per
2289 4221 2402 4272 dies
2433 4232 2519 4288 ιιι,
2553 4231 2682 4272 cum
2729 4215 2944 4286 quibus
2972 4215 3162 4270 verbis
3205 4211 3599 4269 llenschenlus
3642 4206 3806 4261 ﬁnem

415 4321 792 4387 perceperam.
853 4305 1039 4376 Quare
1104 4313 1308 4371 magno
1339 4297 1735 4387 addiscenda
1798 4298 2060 4387 veritatis
2166 4307 2434 4376 Catalogo
2461 4305 2728 4374 imponit,
2759 4304 2857 4358 ubi
2887 4309 3072 4359 tamen
3104 4304 3163 4358 in
3205 4309 3402 4358 nostro
3442 4312 3546 4353 ms.
3589 4295 3804 4352 codice.

415 4383 610 4462 studio
636 4401 869 4466 ductus,
913 4391 1194 4448 Lutetiam
1239 4383 1448 4452 scripsi
1481 4383 1550 4437 ad
1593 4385 1652 4438 V.
1677 4383 1760 4438 Cl.
1787 4386 2055 4444 Joannem

2169 4413 2234 4453 ex
2276 4410 2388 4466 quo
2433 4394 2752 4464 catalogum
2795 4392 3046 4448 describi
3083 4391 3309 4448 curavit
3336 4393 3662 4459 sequuntur
3713 4381 3808 4436 illa

411 4489 792 4552 Harduinum,
830 4488 894 4537 ut
935 4493 968 4534 a
1015 4477 1247 4533 Baluzio
1291 4478 1349 4529 et
1383 4473 1573 4527 varias
1629 4473 1795 4528 illius
1836 4475 2056 4534 codicis
2084 4467 2138 4529 D
2169 4483 2470 4541 duodecim
2522 4482 2855 4552 ροηιίθευιη
2897 4482 3130 4536 nomina
3168 4494 3298 4535 cum
3355 4484 3488 4532 ηοω
3529 4481 3807 4528 annorum

414 4579 710 4638 lectiones.
737 4577 796 4626 et
815 4566 1104 4638 judicium
1133 4565 1204 4619 de
1223 4568 1387 4617 atate
1417 4573 1529 4632 qua
1553 4563 1918 4632 conscriptus
1945 4571 2051 4633 est,

415 4667 651 4740 peteret.
681 4658 1000 4724 Utrumque
1025 4666 1127 4723 pro
1153 4663 1258 4706 sua
1286 4649 1644 4742 humanitate
1665 4652 1938 4720 prastitit
1965 4655 2056 4710 vir

413 4739 780 4814 clarissimus
809 4742 1098 4810 Baluzius,
1128 4739 1449 4808 cunctaque
1471 4753 1639 4809 quam
1661 4739 1959 4796 celerrime
1984 4743 2054 4799 ad

411 4858 501 4901 me
539 4839 702 4898 misit
739 4832 1090 4891 Harduinus.
1129 4829 1316 4899 Quare
1369 4827 1602 4889 illorum
1648 4826 2054 4886 benevolentia

407 4932 585 4990 debeo
603 4942 727 5001 ego,
776 4924 946 4982 debet
974 4918 1269 4991 republica
1313 4917 1596 4975 litteraria
1643 4919 1906 4974 notitiam
1948 4934 2053 4975 co-

407 5021 560 5078 dicis
585 5013 924 5082 Colbertini,
949 5024 1076 5081 qua
1101 5023 1214 5064 non
1248 5019 1447 5077 parum
1470 5005 1722 5062 conferet
1749 5009 1819 5063 ad
1841 5009 2052 5064 discer-

407 5109 657 5165 nendum
709 5103 920 5160 fontem
967 5113 1038 5156 ex
1082 5111 1197 5168 quo
1242 5100 1446 5152 auctor
1483 5095 1640 5150 Libri
1696 5096 2048 5152 Pontiﬁcalis

405 5197 544 5254 Acta
563 5204 960 5252 successorum
991 5188 1137 5244 Petri
1165 5185 1381 5253 hausit,
1429 5189 1494 5240 ut
1519 5197 1624 5240 suo
1655 5184 1778 5240 loco
1816 5184 2048 5241 videbi-

409 5300 556 5341 mus.
575 5283 835 5352 Adjungo
857 5280 1052 5348 itaque
1064 5275 1229 5332 verba
1243 5272 1554 5330 clarissimi
1573 5272 1810 5338 Baluzii,
1831 5275 2047 5345 quibus

397 5372 687 5442 judicium
716 5370 788 5424 de
819 5382 921 5424 ms.
965 5365 1161 5422 codice
1188 5362 1534 5423 Colbertino,
1558 5367 1614 5416 et
1635 5363 1820 5418 varias
1842 5363 2050 5420 lectio-

403 5473 504 5515 nes
523 5457 772 5527 Catalogi
807 5455 989 5511 nostri
1030 5452 1302 5508 exhibet:
1341 5471 1367 5501 «
1407 5450 1590 5506 Codex
1634 5450 1772 5507 4868
1822 5453 2046 5509 biblio-

400 5548 578 5603 theca
627 5543 986 5611 Colbertina,
1039 5553 1206 5609 quem
1251 5545 1474 5595 constat
1515 5554 1637 5594 esse
1695 5540 1942 5595 similem
1985 5543 2036 5596 ei

399 5635 501 5707 qui
532 5631 792 5690 exstabat
819 5631 880 5684 in
912 5629 1259 5686 bibliotheca
1293 5628 1501 5698 regina
1525 5629 1852 5698 Christina,
1889 5632 2047 5685 scri-

2164 4569 2287 4640 444,
2317 4573 2415 4642 qui
2444 4585 2476 4626 a
2506 4571 2564 4624 B.
2595 4572 2758 4626 Petro
2790 4583 2972 4640 usque
3002 4576 3140 4624 tunc
3173 4567 3640 4628 intercesserunt,
3684 4571 3808 4629 qua

2169 4661 2361 4716 eadem
2376 4663 2698 4729 sequuntur
2712 4658 2768 4712 in
2783 4658 2979 4713 codice
2990 4656 3338 4723 Colbertino,
3377 4652 3542 4709 utvir
3557 4649 3631 4705 cl.
3652 4646 3812 4702 Balu-

2167 4750 2294 4805 zius
2317 4748 2376 4803 in
2393 4747 2572 4802 variis
2590 4745 2937 4802 lectionibus
2959 4745 3029 4800 ad
3055 4759 3140 4799 me
3163 4741 3525 4799 transmissis
3543 4743 3802 4794 testatur.

2233 4833 2286 4892 7.
2317 4837 2386 4892 Et
2417 4850 2485 4892 ex
2531 4836 2626 4890 his
2650 4835 2880 4905 quidem
2922 4833 3220 4888 manifeste
3249 4836 3473 4888 constat
3500 4835 3806 4894 utrumque

2161 4926 2412 4982 codicem
2464 4939 2592 4994 ms.,
2633 4924 3026 4980 Colbertinum
3061 4929 3118 4978 et
3145 4917 3807 4978 Alexandrino-Vatica—

2161 5028 2319 5084 num,
2358 5013 2629 5069 exhibere
2659 5012 2925 5068 eumdem
2956 5011 3192 5067 omnino
3228 5009 3586 5079 CataIOgum,
3633 5011 3689 5060 et
3720 5001 3802 5056 vel

2159 5103 2471 5158 secundum
2515 5117 2584 5158 ex
2631 5103 2818 5172 primo
2863 5102 3218 5170 descriptum
3285 5113 3428 5168 esse,
3487 5104 3552 5153 ut
3597 5097 3806 5167 Pagius

2159 5190 2450 5261 retulerat,
2475 5191 2560 5246 vel
2590 5195 2900 5260 utrumque
2917 5189 3170 5244 codicem
3190 5201 3258 5244 ex
3279 5187 3460 5243 altero
3477 5183 3796 5255 antiquiori

2158 5279 2340 5334 fuisse
2359 5281 2764 5350 desumptum;
2795 5277 2945 5348 quod
2980 5277 3247 5334 ultimum
3281 5275 3451 5332 facile
3471 5275 3802 5345 contingere

2165 5368 2373 5437 potuit,
2401 5382 2530 5422 cum
2561 5376 2800 5436 uterque
2837 5367 3013 5421 codex
3051 5366 3416 5422 Colbertinus
3451 5371 3508 5420 et
3550 5364 3799 5419 Alexan-

2155 5456 2672 5510 drino-Vaticanus
2689 5454 3136 5524 antiquissimus
3159 5455 3256 5523 sit,
3287 5461 3344 5508 et
3369 5452 3800 5509 characteribus

2149 5542 2435 5598 Carolinis
2461 5542 2842 5612 conscriptus.
2872 5549 2929 5598 et
2959 5541 3250 5597 nonnulla
3276 5542 3564 5596 variantes
3593 5540 3800 5595 lectio-

2141 5647 2265 5702 nes,
2302 5632 2439 5687 licet
2468 5645 2658 5700 pauca
2678 5632 3006 5702 admodum,
3041 5632 3100 5686 in
3133 5637 3376 5700 utroque
3407 5629 3796 5700 reperiantur.
