3950 6414
132 400 217 456 185
817 401 1222 457 SCHELESTR.
1267 399 1572 455 DISSERT.
1613 399 1704 453 DE
1743 398 1972 468 ANTIQ.
2017 400 2182 455 ROM.
2232 399 2430 456 PON'I'.
2475 399 2816 456 CATALOG.

3435 395 3535 454 486

131 527 205 580 Sic
233 507 592 582 Colbei'tinus
644 528 702 581 in
749 530 913 584 Petro
959 530 1098 600 legit
1144 531 1522 592 fl'erriturium,
1572 533 1621 580 et
1667 529 1759 579 via
1787 528 1847 587 A
1878 529 2070 595 templo
2099 529 2374 597 Apollinis
2390 529 2561 595 jumta
2589 530 2761 582 locum
2786 530 2884 582 ubi
2912 531 3208 598 cruciﬁxus
3235 532 3330 587 est,
3364 525 3533 593 juxta

130 616 353 680 Aio-cliti,
384 615 486 669 ubi
536 615 1278 673 Alexandririo-Vaticanus
1309 617 1475 671 habet
1503 619 1763 670 Terretu—

128 706 267 764 rium,
296 709 342 756 et
370 706 462 756 eia.
490 706 736 773 Auritia,
773 708 831 760 In
872 707 1216 775 Telesplioro
1249 706 1616 761 Colbertinus
1653 722 1663 756 :
1696 705 1765 756 Et

127 795 327 844 cessa-vit
343 795 686 862 episcopatus
721 795 834 847 dies
861 810 958 862 vn,
987 796 1084 850 ubi
1116 793 1766 849 Alexandriuo-Vatica-

126 893 219 932 nus
244 880 426 949 habet,
455 881 572 934 dies
601 895 678 935 v1.
711 884 770 936 In
804 884 982 951 Ygino
1019 883 1386 938 Colbertinus
1415 901 1426 936 :
1465 884 1765 950 Episcopus

120 970 437 1033 perdi-versa
471 971 586 1022 loca
620 983 697 1024 vn
744 971 1507 1040 Alexandrino-Vaticanus,
1545 986 1645 1039 per
1671 969 1768 1021 di—

123 1072 257 1108 versa
280 1058 388 1110 loca
409 1071 488 1112 v1.
505 1057 688 1113 Vatia.
711 1062 769 1114 In
786 1061 1426 1128 AnicetOCOrbertinus,
1441 1076 1538 1128 per
1551 1061 1770 1112 diversa

120 1145 216 1195 loca
259 1159 334 1198 ιιι.
387 1147 566 1200 \"atic.
613 1165 716 1216 per
759 1149 974 1202 diversa.
1015 1151 1128 1202 locu
1174 1164 1301 1204 Vlll.
1333 1153 1466 1204 ltem
1499 1147 1762 1216 primus:

119 1236 324 1285 cessavit
363 1237 708 1303 episcopatus
749 1237 862 1290 dies
897 1251 1002 1305 VII,
1037 1239 1327 1292 secundus
1366 1239 1481 1290 (lies
1523 1251 1597 1290 v1.
1628 1235 1768 1290 Col—

119 1317 360 1375 bertinus
403 1323 462 1376 in
509 1325 826 1393 Zephyrino
862 1344 872 1379 :
911 1328 1213 1394 Episcopus
1263 1329 1505 1391 interest,
1549 1330 1766 1377 tantum

117 1409 318 1460 clericus
346 1413 652 1480 sustinerit,
683 1413 1428 1470 Alexandrino-Vaticanus
1455 1432 1466 1466 :
1499 1415 1763 1481 Episcopo

118 1496 336 1558 interest,
369 1504 583 1552 tantum
617 1501 802 1554 Clerus
839 1504 1150 1556 sustineret.
1192 1502 1377 1571 Atque
1407 1502 1490 1555 ha“,
1519 1501 1763 1568 aliaeque

117 1583 382 1640 variantes
431 1587 708 1643 lectiones
763 1588 930 1644 facile
990 1591 1343 1645 convincunt
1398 1589 1764 1658 antiquiores

115 1672 318 1728 codices
348 1677 663 1744 exstitisse,
697 1692 765 1732 ex
802 1679 1015 1748 quibus
1057 1679 1365 1749 Catologus
1396 1678 1764 1732 Colbertinus

114 1766 157 1813 et
185 1761 920 1822 Alexandrino—Vaticanus
949 1768 1226 1837 descripti
1258 1766 1517 1835 fuerunt,
1546 1778 1769 1819 omnes.

1875 618 2148 683 palatium
2195 620 2571 671 Neronianum
2620 620 2677 670 in.
2754 619 3018 671 Vaticano
3069 621 3211 671 inter
3259 615 3534 668 Zeturium

1877 707 2207 774 triumphale
2236 721 2296 761 ιιι
2345 709 2476 760 Kal.
2528 710 2744 760 Junias.
2788 707 2924 775 Quae
2955 707 3193 762 aliunde
3231 706 3534 770 desumpta

1878 801 2030 864 sunt,
2055 803 2108 849 et
2130 809 2380 849 errorem
2405 796 2704 850 continent
2727 796 2880 849 circa
2915 795 3154 849 Kalend.
3187 792 3370 860 Junii,
3396 803 3528 846 cum

1879 882 2181 951 legendum
2213 884 2292 937 sit
2316 898 2376 937 ιιι
2416 885 2540 936 Kal.
2569 885 2767 938 Julius.
2802 884 2952 938 Idem
2977 882 3253 951 probatur
3279 894 3348 934 ex
3369 878 3529 933 Actis

1881 987 2006 1042 quae
2035 973 2195 1041 prior
2223 974 2532 1044 Catalogus
2583 975 2639 1028 in
2681 975 2782 1028 Pio
2816 972 2990 1028 refert
3023 972 3118 1027 his
3150 971 3341 1027 verbis
3377 989 3388 1023 :
3420 969 3532 1022 Sub

1880 1062 2045 1128 hujus
2105 1055 2420 1132 episcopatu
2465 1067 2646 1130 frater
2682 1064 2799 1132 ejus
2826 1065 3048 1115 Hermes
3085 1062 3286 1113 librum
3313 1059 3533 1126 scripsit

1879 1151 1936 1202 in
1962 1168 2066 1219 quo
2090 1153 2414 1205 mandatum
2455 1154 2762 1204 continetur
2799 1151 2946 1219 quod
2979 1151 3028 1203 ei
3061 1149 3318 1218 praecepit
3353 1159 3534 1210 ange—

1882 1241 1985 1302 lus,
2015 1256 2136 1294 cum
2160 1243 2308 1294 venit
2334 1243 2409 1294 ad
2447 1258 2566 1294 cum
2596 1244 2650 1293 in
2679 1241 2871 1293 habitu
2891 1240 3154 1308 pastoris.
3184 1235 3319 1303 Qua:
3361 1233 3530 1288 verba

1877 1331 2113 1383 omnino
2141 1330 2513 1398 transcripsit
2534 1335 2737 1384 auctor
2757 1327 2994 1383 secundi
3025 1324 3304 1394 Catalogi,
3331 1323 3532 1391 adjun-

1876 1430 2012 1483 gens
2047 1423 2230 1472 tamen
2267 1437 2277 1470 :
2311 1424 2360 1472 et
2402 1421 2658 1487 praecepit
2698 1421 2747 1471 ei
2787 1423 2848 1470 ut
2894 1422 3143 1469 sanctum
3180 1412 3392 1467 Pascha
3443 1410 3530 1462 die

1873 1506 2158 1558 Dominiea
2186 1507 2566 1560 celebraretur.
2597 1508 2732 1575 Quae
2753 1506 2990 1561 aliunde
3024 1516 3252 1574 quoque
3289 1501 3530 1555 desum-

1878 1593 2013 1660 psit.
2042 1594 2429 1649 Conﬁrmatur
2451 1596 2621 1648 etiam
2661 1608 2728 1649 ex
2769 1595 2848 1649 iis
2879 1608 3004 1663 qu:e
3038 1593 3198 1662 prior
3221 1587 3531 1656 Catalogus

1874 1681 2108 1735 exhibet
2150 1681 2209 1736 in
2238 1683 2513 1738 Pontiano
2543 1703 2554 1738 :
2586 1686 2662 1736 Eo
2685 1689 2921 1753 tempore
2955 1683 3258 1734 Pontianus
3315 1678 3531 1744 episco—

1868 1785 2002 1837 pus,
2030 1770 2438 1837 ctIIyppolitus
2471 1773 2772 1838 presbyter,
2822 1772 3037 1823 exsules
3082 1771 3210 1822 sunt
3258 1764 3532 1834 deportati

118 1860 210 1915 que
238 1849 335 1904 hos
369 1852 645 1908 habuisse
686 1857 945 1925 orginem
984 1871 1050 1910 ex
1081 1856 1439 1926 autographo
1472 1855 1621 1924 quod
1654 1852 1761 1907 sub
1790 1855 1842 1914 B
1875 1859 1933 1909 in
1973 1858 2214 1910 insulam
2265 1861 2510 1911 nocivum
2560 1859 2899 1918 Sardiniam,
2930 1859 3119 1911 Severo
3170 1861 3218 1908 et
3269 1853 3529 1920 Quint-ine

115 1937 421 1996 Justiniano
463 1942 827 2011 imperatore,
865 1952 991 2012 post
1033 1952 1268 1999 mortem
1312 1944 1518 1997 Felicis
1545 1943 1758 2012 quarti,

118 2029 495 2096 conscriptum
527 2029 643 2084 fuit
673 2033 820 2099 quod
862 2032 1014 2086 enim
1054 2033 1112 2085 in
1160 2039 1405 2100 utroque
1437 2030 1765 2085 manuscri—

124 2119 198 2178 pto
224 2115 438 2171 Codice
469 2117 802 2173 Colbertino
835 2127 888 2173 et
911 2119 1611 2173 Alexandrino-Vaticano
1639 2124 1764 2186 post

121 2202 332 2258 Felicem
366 2205 769 2275 adjungantur
793 2207 1094 2261 duodecim
1138 2207 1470 2275 pontiﬁcum
1501 2207 1748 2274 nomina,

120 2303 222 2344 cum
242 2293 444 2359 annis,
479 2293 774 2348 mensibus
799 2300 852 2348 et
879 2295 1084 2349 diebus
1115 2295 1328 2364 quibus
1361 2296 1650 2360 sederunt,
1687 2295 1756 2349 ab

121 2377 290 2446 aliquo
330 2380 612 2447 imperito
643 2382 884 2437 librario
913 2384 1249 2448 adjunctum
1285 2382 1466 2436 fuisse
1498 2385 1761 2438 ostendi-

123 2480 241 2528 mus.
273 2469 451 2537 idque
488 2470 847 2537 temporibus
866 2471 1080 2540 Pelagii
1105 2470 1340 2524 secundi
1368 2469 1577 2524 factum
1607 2478 1764 2538 puta-

124 2566 244 2623 mus,
268 2557 488 2625 quibus
521 2556 801 2611 librarius
827 2557 923 2611 ille
951 2558 1281 2627 Catalogum
1314 2571 1381 2611 ex
1402 2559 1760 2627 autographo

121 2643 427 2698 describens
462 2645 764 2713 pontiﬁces
802 2651 928 2714 post
964 2646 1203 2700 Felicem
1241 2646 1470 2714 adjecit,
1513 2654 1568 2700 et
1598 2660 1763 2702 erro—

123 2745 256 2786 neam
287 2733 445 2787 illam
487 2735 848 2803 temporibus
876 2742 1066 2789 notam
1093 2735 1163 2788 de
1194 2731 1298 2787 444
1337 2734 1508 2787 annis
1538 2749 1570 2788 a
1598 2736 1761 2791 Petro

123 2834 276 2889 usque
298 2825 363 2877 ad
399 2823 699 2888 Pelagium
733 2825 1070 2893 secundum,
1108 2825 1206 2892 qui
1236 2837 1385 2877 anno
1405 2819 1510 2877 577
1539 2825 1762 2892 pontiﬁo

122 2916 282 2963 catum
309 2912 555 2980 adeptus
585 2921 690 2981 est,
738 2912 1023 2980 adjunxit.
1061 2913 1245 2980 Atque
1294 2911 1437 2965 satis
1484 2911 1759 2968 hactenus

123 2997 177 3049 de
203 3001 615 3069 manuscriptis
649 3000 951 3056 codicibus
981 3014 1049 3054 ex
1074 3001 1290 3071 quibus
1329 3002 1636 3072 Catologus
1665 3017 1762 3071 pu-

125 3084 368 3143 blicatur.
432 3091 601 3145 Nunc
657 3089 780 3144 illis
841 3104 967 3160 qua:
1032 3089 1302 3161 Catalogo
1361 3091 1758 3158 continentur,

126 3176 299 3240 paucis
332 3179 621 3248 agendum
647 3184 752 3233 est.

180 3263 226 3316 8.
261 3266 433 3320 llabet
467 3267 566 3320 hic
615 3267 919 3338 Catalogus
947 3269 1215 3322 consules
1259 3268 1473 3338 quibus
1537 3269 1758 3338 singuli

127 3354 395 3418 pontiﬁces
436 3356 621 3410 creati
671 3362 807 3411 sunt
837 3364 890 3411 et
935 3357 1326 3426 decesserunt,
1365 3358 1697 3426 incipiendo
1729 3373 1760 3412 a

126 3440 264 3496 Petro
299 3446 698 3513 apostolorum
739 3446 1003 3515 principe
1040 3454 1095 3501 et
1124 3448 1308 3516 primo
1336 3447 1587 3502 Romano
1615 3461 1761 3515 pon-

127 3529 254 3584 tiﬁce
283 3548 464 3603 usque
485 3535 558 3589 ad
587 3534 902 3605 Liberium,
925 3550 1054 3591 cum
1082 3550 1193 3606 quo
1208 3536 1336 3590 ﬁnit
1366 3537 1524 3604 prior
1543 3535 1760 3590 Catale-

130 3633 231 3684 gus.
250 3627 298 3674 et
315 3636 381 3674 ex
401 3637 520 3691 quo
533 3630 741 3678 auctor
759 3623 995 3678 secundi
1012 3624 1267 3693 Catalogi
1287 3638 1352 3678 eo
1366 3638 1549 3693 usque
1561 3637 1766 3678 consu-

132 3704 223 3760 lum
253 3713 476 3765 nomina
511 3712 834 3780 descripsit
865 3719 928 3766 ut
950 3711 1142 3767 tribus
1184 3713 1549 3780 potissimum
1578 3712 1767 3766 ratio-

130 3795 275 3851 nibus
311 3801 747 3870 comprobatur,
795 3815 1044 3870 quarum
1096 3801 1277 3869 prima
1337 3814 1404 3854 ex
1458 3801 1761 3855 consulum

131 3887 450 3959 nominibus,
478 3902 613 3958 quae
631 3889 823 3943 eadem
855 3889 1072 3958 ubique
1092 3889 1484 3957 reperiuntur,
1514 3888 1763 3943 desumi-

128 3978 220 4024 tur.
253 3976 506 4032 Secunda
539 3991 614 4031 ex
655 3977 975 4042 erroribus,
1020 3977 1119 4047 qui
1180 3977 1238 4030 in
1281 3984 1525 4048 utroque
1571 3977 1755 4046 quoad

126 4065 396 4120 consulum
424 4067 666 4122 nomina
695 4066 865 4120 iidem
900 4066 1075 4121 ferme
1104 4072 1454 4135 comparent.
1489 4066 1668 4120 Tertii
1693 4079 1759 4121 ex

124 4154 324 4220 eoquod
346 4162 553 4209 auctor
582 4161 706 4222 post
735 4155 1025 4208 Liberium
1057 4155 1248 4210 nullos
1267 4155 1533 4209 consules
1563 4156 1758 4224 posuit

125 4237 169 4288 in
193 4243 560 4309 sequentibus
583 4242 978 4311 pontiﬁcibus,
999 4257 1064 4297 eo
1083 4244 1233 4311 quod
1254 4244 1556 4298 deﬁciente
1577 4244 1758 4312 priori

121 4328 359 4400 Catalogo
409 4347 523 4387 non
591 4331 855 4400 habebat,
906 4334 1057 4388 unde
1096 4333 1421 4387 desumeret
1454 4333 1758 4389 consulum

126 4417 384 4473 notitiam.
437 4423 736 4476 Deﬁciunt
783 4421 976 4491 itaque
1024 4423 1080 4476 in
1144 4421 1250 4477 hoc
1294 4423 1546 4477 secundo
1588 4423 1761 4478 Cata—

1873 1947 2210 2000 consulibus.
2240 1949 2307 2000 In
2335 1948 2522 2000 eadem
2567 1948 2755 1999 insula.
2800 1948 3094 2000 discinctus
3122 1951 3199 1998 est
3225 1957 3280 1998 1v
3317 1943 3532 1996 Kalen-

1875 2036 1976 2087 das
2009 2035 2274 2100 Octobris,
2333 2041 2381 2088 et
2428 2036 2537 2088 loco
2570 2037 2688 2103 ejus
2733 2036 3024 2087 ordinat-us
3065 2040 3142 2086 est
3194 2034 3428 2085 Anteros
3472 2041 3530 2080 xx

1874 2125 2153 2177 Kalendas
2166 2125 2469 2178 Decembris
2481 2125 2796 2177 consulibus
2815 2124 3224 2191 supr-ascriptis.
3251 2121 3386 2187 Quae
3403 2130 3534 2172 auc-

1874 2217 1966 2266 tor
1995 2213 2232 2267 secundi
2263 2213 2516 2282 Catalogi
2552 2213 2759 2281 partim
2793 2211 3123 2280 descripsit,
3158 2208 3364 2278 partim
3395 2204 3533 2259 aliis

1875 2299 2064 2354 verbis
2083 2301 2301 2369 retulit,
2327 2302 2471 2369 parti
2484 2315 2533 2354 ιιι
2548 2301 2766 2354 omisit.
2783 2301 2876 2353 Sic
2889 2300 3039 2353 enim
3058 2297 3224 2351 habet
3239 2297 3297 2350 in
3311 2294 3536 2349 Pontia-

1873 2403 1945 2442 no
1971 2408 1982 2442 :
2011 2390 2210 2442 Eodem
2232 2396 2466 2458 tempore
2482 2373 2786 2442 Pontianus
2822 2391 3104 2455 episcopus
3130 2391 3180 2439 et
3198 2383 3529 2452 Hippolytus

1866 2479 2153 2545 presbyter
2177 2479 2373 2529 etrsilio
2394 2484 2522 2531 sunt
2549 2479 2822 2546 deportati
2839 2476 3236 2529 abAleaamdro
3264 2476 3321 2525 in
3341 2472 3532 2525 Sardi-

1871 2567 2022 2618 niam
2063 2567 2303 2618 insulani
2334 2567 2616 2628 Bucinam,
2645 2567 2837 2619 Severo
2863 2570 2913 2618 et
2939 2565 3238 2629 Quintiano
3266 2560 3438 2613 Coss.:
3471 2561 3531 2611 in

1873 2654 2055 2706 eadem
2096 2655 2280 2707 insula.
2319 2657 2581 2720 afﬂictus,
2608 2654 2853 2720 fustibus
2875 2657 3203 2710 maceratus,
3233 2650 3528 2715 defunctus

1873 2747 1950 2794 est
2008 2756 2069 2795 ιιι
2102 2742 2614 2798 Κ(ῑί.ῗλόνυέηηὸ·ι“ἰδ.
2657 2742 2764 2796 Ubi
2801 2741 2935 2796 licet
2980 2739 3251 2809 pleraque
3300 2738 3418 2791 sint
3459 2748 3527 2790 ex

1874 2830 2056 2898 priori
2089 2831 2356 2900 Catalogo
2386 2831 2695 2899 descripta,
2731 2831 3004 2899 adjuncta
3042 2837 3227 2883 tamen
3253 2831 3389 2880 sunt
3416 2837 3528 2878 no-

1875 2933 1999 2972 men
2015 2919 2326 2974 Alexandri
2354 2919 2742 2989 imperatoris.
2759 2927 2813 2973 et
2833 2918 2956 2972 mod
2970 2932 3035 2972 us
3049 2930 3162 2986 quo
3183 2913 3524 2982 martyrium

1876 3007 2064 3062 subiit
2096 3025 2110 3075 ς
2141 3015 2423 3062 mutatum
2454 3021 2684 3078 quoque
2713 3014 2799 3061 est
2830 3020 3032 3061 nomen
3068 3005 3202 3070 loci,
3231 3007 3285 3058 et
3314 3001 3440 3056 dies
3468 3013 3526 3054 ιιι

1876 3094 2000 3148 Kal.
2027 3095 2352 3149 Decembris
2378 3097 2438 3149 in
2461 3097 2613 3151 diem
2649 3109 2710 3149 ιιι
2747 3093 2869 3148 Kal.
2892 3091 3230 3148 Novembris
3259 3093 3532 3144 co‘mmu-

1795 3194 1844 3258 ί]
1876 3189 2049 3238 tatus.
2077 3182 2300 3250 Quibus
2322 3183 2544 3238 accedit
2571 3183 2721 3253 quod
2751 3189 2953 3237 auctor
2983 3179 3223 3235 secundi
3267 3175 3524 3244 Catalogi

1875 3271 1981 3326 sub
2027 3271 2306 3327 Pontiano
2361 3272 2577 3326 nullam
2626 3271 2970 3326 mentionem
3028 3268 3203 3323 faciat
3240 3265 3524 3332 Antheri;

1875 3361 2023 3415 unde
2075 3360 2244 3415 facile
2302 3367 2537 3429 apparet
2598 3365 2890 3415 auctorem
2950 3355 3190 3412 secundi
3267 3351 3524 3422 CataIOgi

1872 3448 2009 3503 Acta
2042 3449 2273 3518 quidem
2313 3449 2593 3503 nonnulla
2641 3462 2708 3503 ex
2747 3445 3068 3517 antiquiori
3114 3441 3383 3512 Catalogo
3415 3440 3523 3494 de-
3597 3502 3600 3504 η

1875 3537 2200 3606 scripsisse,
2233 3551 2342 3592 non
2377 3543 2562 3591 tamen
2586 3550 2712 3591 eum
2750 3537 2805 3590 in
2835 3531 3326 3609 omnibus'fuisse
3347 3542 3523 3582 secu—

1878 3630 2018 3691 tum,
2049 3627 2143 3680 sed
2173 3626 2410 3680 aliunde
2442 3639 2674 3694 quoque
2700 3638 2763 3678 ea
2784 3622 3202 3690 desumpsisse.

1951 3711 2034 3766 40.
2089 3713 2427 3767 Conﬁrmari
2492 3712 2608 3766 haec
2643 3719 2886 3780 possunt
2929 3723 2996 3764 ex
3051 3709 3127 3762 iis
3158 3721 3284 3775 quae
3322 3709 3524 3759 auctor

1878 3801 2093 3870 prioris
2119 3800 2377 3869 Catalogi
2406 3799 2574 3854 habet
2606 3800 2662 3853 in
2698 3798 2969 3866 Fabiano,
3016 3793 3286 3850 Cornelio
3321 3798 3377 3846 et
3404 3793 3526 3845 Lu-

1874 3889 1965 3943 cio
2007 3890 2251 3943 summis
2304 3887 2716 3956 pontiﬁcibus:
2752 3899 2876 3940 nain
2934 3898 3060 3955 quae
3111 3879 3284 3937 refert
3321 3881 3377 3935 in
3413 3881 3525 3934 Fa-

1873 3977 2066 4046 biano,
2097 3975 2307 4046 partim
2361 3976 2693 4044 descripsit,
2732 3975 2941 4045 partim
2975 3973 3176 4030 omisit
3202 3977 3402 4026 auctor
3431 3982 3531 4024 se—

1872 4067 2045 4120 cundi
2092 4065 2370 4134 Catalogi.
2420 4063 2556 4131 Quae
2617 4066 2778 4134 prior
2819 4063 3130 4134 Catalogus
3171 4059 3406 4115 exhibet
3466 4058 3553 4134 in,

1870 4155 2156 4224 Cornelio,
2201 4154 2490 4209 secundus
2529 4154 2835 4223 Catalogus
2878 4153 3045 4222 plane
3089 4150 3310 4219 omisit,
3355 4153 3412 4202 et
3458 4159 3527 4201 ne

1872 4243 2102 4298 verbum
2139 4243 2366 4311 quidem
2402 4257 2468 4297 ex
2501 4243 2576 4297 iis
2605 4243 2824 4297 retulit.
2884 4241 3020 4310 Qua:
3064 4244 3270 4293 auctor
3298 4236 3523 4307 prioris

1870 4332 2127 4401 Catalogi
2156 4331 2326 4386 refert
2361 4331 2418 4386 in
2447 4333 2643 4401 Lucio,
2675 4337 2880 4384 auctor
2911 4330 3150 4385 secundi
3183 4326 3300 4383 fere
3330 4327 3528 4381 omnia

1873 4421 2148 4476 verbatim
2181 4421 2512 4490 descripsit,
2559 4427 2623 4475 ut
2668 4418 2986 4475 conferenti
3032 4424 3344 4486 utrumque
3377 4415 3528 4470 hunc

125 4502 232 4573 logi)
278 4524 306 4562 a
377 4511 610 4565 Liberio
676 4525 856 4580 usque
901 4511 966 4565 ad
1027 4517 1278 4579 tempora
1325 4512 1562 4565 Joannis
1631 4513 1650 4565 Ι
1707 4518 1762 4567 et
1792 4510 2202 4580 DCatalogum
2230 4507 2529 4564 manifeste
2555 4510 2791 4579 patebit.
2816 4510 3026 4564 Praeter
3054 4509 3375 4563 hzecautem
3400 4511 3527 4558 acta

123 4592 306 4648 Felicis
329 4600 548 4668 quarti,
577 4613 828 4669 quorum
857 4599 1106 4654 duorum
1151 4606 1403 4668 tempora
1432 4605 1634 4654 auctor
1661 4615 1760 4669 per

124 4683 358 4753 singulos
378 4689 674 4758 designat,
707 4689 844 4759 quia
874 4688 981 4743 sub
1024 4688 1145 4742 illis
1178 4690 1327 4743 vixit
1359 4689 1712 4760 scripsitque
1741 4710 1756 4761 ;

127 4773 251 4827 unde
270 4782 322 4828 et
347 4791 475 4831 cum
510 4778 589 4831 iis
619 4776 791 4830 ﬁnem
816 4777 1084 4845 Catalogo
1120 4778 1384 4847 imponit.

178 4861 223 4915 9.
257 4865 360 4919 Nec
392 4867 512 4922 sola
537 4865 847 4921 consulum
883 4867 1134 4933 nomina,
1172 4869 1265 4922 sed
1304 4870 1580 4924 nonnulla
1617 4884 1753 4939 quo-

123 4965 214 5016 que
248 4955 580 5020 pontiﬁcum
615 4957 756 5009 Acta
793 4969 858 5009 ex
900 4955 1084 5024 primo
1123 4957 1391 5026 Catalogo
1420 4965 1622 5013 auctor
1661 4973 1758 5012 se-

121 5042 271 5095 eundi
314 5045 570 5114 Catalegi
627 5058 694 5098 eo
742 5045 906 5099 modo
957 5045 1350 5114 desumpsisse
1398 5046 1644 5115 videtur,
1696 5054 1756 5102 ut

123 5133 282 5184 tamen
323 5132 551 5188 licitum
580 5132 700 5188 sibi
732 5133 1067 5202 crediderit,
1097 5135 1171 5188 iis
1204 5135 1550 5204 quandoque
1574 5136 1754 5204 negle-

120 5217 230 5276 ctis.
262 5221 492 5277 aliunde
545 5229 679 5276 acta
721 5221 951 5278 referre.
1003 5223 1098 5277 Sic
1139 5222 1402 5291 quamvis
1453 5223 1510 5277 in
1570 5225 1753 5292 primo

120 5305 355 5378 l"Tatalogo
420 5310 710 5364 habeatur
758 5311 826 5364 de
880 5313 1094 5366 Petro:
1141 5313 1342 5364 Passus
1399 5317 1577 5365 autem
1635 5331 1753 5367 cum

123 5395 264 5448 Ριιιιέυ
314 5399 398 5452 die
461 5415 521 5454 lll
582 5401 865 5453 Kalendas
921 5403 1123 5458 Julius.
1173 5402 1319 5463 (foss,
1362 5404 1754 5469 suprascriptis

126 5486 388 5550 imperante
428 5492 645 5544 Nerone
688 5507 702 5550 ;
754 5495 811 5542 et
858 5496 1062 5543 auctor
1112 5489 1347 5542 secundi
1381 5491 1635 5559 Catalogi
1687 5503 1753 5544 ex

126 5573 273 5638 priori
316 5578 558 5632 habeat:
597 5578 702 5629 llic
724 5580 990 5644 martyrio
1023 5595 1140 5631 cum
1184 5578 1353 5629 Paulo
1389 5585 1748 5634 coronatur...

128 5662 354 5735 adiungit
401 5676 593 5722 tamen
675 5669 771 5733 qui
800 5672 849 5719 ct
878 5668 1121 5735 sepultus
1167 5672 1242 5719 est
1289 5669 1378 5720 υἱέι
1429 5667 1663 5720 Aurelia
1694 5669 1752 5720 in

1874 4599 2368 4668 habetantiquior
2397 4599 2705 4671 CataIOgus
2741 4599 2796 4653 in
2832 4597 3169 4653 Marcellino
3199 4615 3210 4650 :
3247 4596 3361 4661 Quo
3384 4599 3528 4647 tem-

1865 4705 1999 4759 pore
2022 4691 2135 4756 fuit
2177 4691 2502 4758 persecutio,
2554 4695 2604 4742 et
2629 4691 2860 4743 cessavit
2890 4691 3230 4757 episcopatus
3257 4700 3387 4739 ann.
3421 4697 3523 4748 vn,

1867 4795 2036 4832 mens.
2052 4793 2129 4847 v1,
2147 4779 2288 4831 dieb.
2306 4791 2440 4831 xxv.
2456 4778 2590 4846 Quae
2605 4792 2736 4832 secu
2747 4777 2893 4832 ndus
2904 4778 3211 4846 Catalogus
3222 4775 3308 4828 sic
3322 4771 3520 4827 refert:

1869 4871 1981 4935 Quo
2026 4875 2257 4935 tempore
2315 4869 2424 4934 fuit
2473 4867 2774 4934 persecutio
2831 4881 3148 4930 magna.....
3204 4866 3255 4913 et
3297 4861 3526 4911 cessavit

1867 4961 2206 5028 episcopatus
2237 4971 2409 5009 annos
2431 4971 2545 5015 sex,
2579 4968 2787 5008 menses
2819 4967 2934 5010 sem,
2960 4952 3075 5002 dies
3101 4948 3303 5013 viginti
3352 4946 3525 5011 quin-

1867 5065 1988 5117 que,
2031 5049 2388 5116 persequente
2418 5044 2758 5095 Diocletiano
2809 5037 3169 5126 Christipnos.
3215 5035 3274 5086 In
3308 5031 3522 5099 quibus

1864 5137 2072 5192 verbis.
2114 5147 2241 5202 quae
2272 5132 2340 5185 ad
2395 5128 2852 5198 persecutionem
2910 5118 3188 5190 spectant,
3221 5133 3290 5174 ex
3339 5118 3518 5186 priori

1862 5224 2130 5292 CataIOgo
2157 5219 2444 5284 descripta
2475 5221 2642 5282 sunt;
2674 5225 2800 5280 qua:
2825 5210 2893 5262 ad
2923 5209 3102 5263 ann‘os
3133 5207 3288 5262 sedis
3310 5218 3524 5259 vacan-

1869 5313 1945 5366 tis
2004 5308 2309 5376 pertinent,
2364 5310 2578 5355 mutata
2622 5305 2758 5354 sunt
2800 5314 2813 5362 ς
2853 5311 2978 5364 qua:
3026 5299 3093 5350 ad
3139 5294 3523 5364 persecutoris

1870 5410 2072 5452 nomen
2105 5393 2349 5453 faciunt,
2384 5388 2622 5442 aliunde
2665 5387 2969 5449 desumpta
3011 5393 3146 5438 sunt
3186 5385 3522 5443 Sequuntur

1865 5489 2091 5542 demum
2123 5477 2401 5535 nonnulla
2436 5483 2560 5530 acta
2591 5477 2648 5529 in
2673 5472 2830 5527 Julio
2853 5471 3059 5540 primo,
3083 5473 3253 5540 cujus
3273 5469 3522 5524 aediﬁcia

1867 5588 2025 5631 sacra
2067 5575 2270 5626 auctor
2306 5563 2521 5634 prioris
2557 5560 2812 5629 Catalogi
2845 5569 3114 5623 recenset,
3149 5571 3398 5631 quorum
3451 5569 3520 5607 ne

1864 5663 2099 5719 verbum
2132 5658 2364 5730 quidem
2416 5651 2472 5705 in
2523 5651 2775 5707 secundo
2821 5648 3107 5718 Catalogo.
3161 5649 3319 5704 Unde
3377 5642 3524 5697 satis
