3950 6394
394 352 418 407 4
426 350 497 408 87

1200 355 1291 409 AD
1329 354 1762 410 ANASTASIUM
1803 354 2318 411 PROLEGOMENA
2354 355 2532 408 EDIT.
2574 353 2990 409 ROM.-VATIC.

3700 353 3806 410 488

393 497 679 554 superque
707 497 775 539 ex
794 484 953 539 Actis
976 484 1122 554 ipsis
1151 485 1551 542 confirmatum
1583 500 1705 541 esse
1742 491 2029 555 putamus,
2072 485 2127 545 A
2150 484 2345 540 fuerit.
2374 484 2451 540 Ac
2481 487 2550 541 de
2573 486 2803 541 nomine
2828 486 3083 541 auctoris
3107 485 3257 541 nihil
3282 486 3798 554 mihicompertum

396 572 547 641 quod
611 572 966 640 probandum
1025 573 1410 643 suscepimus,
1453 578 1745 629 auctorem
1797 574 2035 628 secundi

392 659 645 729 Catalogi
676 660 814 714 Acta
858 660 1091 730 quidem
1123 660 1404 715 nonnulla
1435 676 1503 715 ex
1554 662 1737 731 priori
1777 662 2041 731 Catalogo

392 747 792 818 descripsisse,
849 748 1076 804 licitum
1126 753 1313 803 tamen
1364 749 1476 803 sibi
1523 751 1906 820 existimasse,
1967 750 2044 805 iis

394 836 735 906 quandoque
788 836 1045 905 omissis,
1078 835 1314 892 aliunde
1365 838 1503 892 Acta
1546 839 1865 908 desumere,
1914 853 2040 908 quae

391 923 821 994 quamplurima
846 924 905 977 in
936 924 1189 995 singulis
1212 925 1586 994 pontificibus
1611 925 1801 981 refert.

464 1009 549 1065 14.
580 1010 832 1066 Adducit
863 1012 1016 1066 enim
1056 1011 1372 1081 complura,
1401 1027 1469 1068 ex
1517 1014 1779 1083 antiquis
1810 1020 2042 1069 sancto-

392 1112 519 1153 rum
560 1098 718 1153 Actis
745 1100 1065 1168 desumpta,
1103 1113 1350 1169 quorum
1401 1100 1600 1171 aliqua
1641 1101 1775 1157 licet
1808 1116 1918 1158 non
1967 1103 2042 1158 iis

392 1187 540 1255 ipsis
557 1186 913 1256 temporibus
931 1188 1257 1257 conscripta
1276 1188 1396 1243 sint
1420 1188 1637 1258 quibus
1653 1190 2038 1259 contigerunt,

392 1275 603 1331 saeculo
635 1282 820 1330 tamen
852 1281 1010 1331 sexto
1032 1276 1365 1345 antiquiora
1408 1283 1545 1332 sunt
1582 1278 1798 1347 omnia,
1830 1284 1886 1332 et
1916 1278 2043 1347 ple-

392 1377 636 1433 rumque
661 1377 730 1418 ex
752 1364 1264 1433 proconsularibus
1285 1371 1596 1435 martyrum
1619 1368 1793 1436 gestis
1811 1372 1866 1422 et
1891 1368 2042 1421 veris

392 1460 721 1512 sanctorum
752 1452 913 1507 Actis
936 1454 1181 1510 deducta
1205 1455 1491 1510 videntur.
1521 1456 1615 1510 Sic
1632 1456 1939 1510 dicendum
1969 1456 2040 1510 de

393 1544 472 1598 iis
502 1556 628 1612 qua:
656 1548 861 1598 auctor
888 1543 1063 1611 hujus
1092 1543 1347 1614 Catalogi
1376 1544 1555 1598 tradit
1588 1543 1647 1598 in
1668 1543 1993 1599 Alexandro
2017 1546 2039 1599 Ι

387 1631 458 1686 de
485 1630 724 1685 Eventio
754 1636 809 1685 et
837 1630 1132 1686 Theodulo
1159 1650 1173 1697 ;
1196 1646 1321 1701 qua:
1341 1632 1411 1686 de
1441 1631 1741 1687 Valeriano
1764 1632 1816 1685 S.
1851 1632 2041 1687 Caeci—

388 1718 483 1773 liae
512 1732 722 1788 sponso
754 1717 924 1774 refert
956 1720 1015 1774 in
1037 1718 1301 1787 Urbano;
1330 1734 1455 1790 quae
1484 1721 1553 1775 de
1584 1721 1642 1773 Β.
1676 1721 1893 1776 Lucina
1923 1726 2036 1777 tra-

2144 579 2249 641 est,
2292 588 2420 629 cum
2446 575 2753 645 Catalogus
2801 575 3055 643 scriptus
3097 575 3174 629 sit
3218 580 3377 629 sexto
3418 573 3649 640 saeculo,
3686 586 3799 643 quo

2145 676 2307 717 nemo
2330 663 2662 717 eveteribus
2681 663 2820 718 Acta
2842 665 3223 719 Romanorum
3250 663 3590 731 pontificum
3614 661 3800 715 colle-

2144 752 2296 821 gisse
2320 758 2685 807 memoratur.
2710 753 2995 821 Quantum
3022 758 3207 807 tamen
3234 766 3300 806 ex
3322 752 3484 805 Actis
3517 751 3662 820 ipsis
3688 749 3801 805 col-

2143 839 2247 909 ligi
2272 839 2521 907 videtur,
2554 847 2757 895 auctor
2788 842 2973 894 Romae
2998 840 3217 907 floruit,
3246 844 3302 893 et
3322 838 3556 893 archivo
3576 843 3799 906 aposto-

2143 926 2257 981 lico
2276 926 2467 981 forsan
2495 927 2838 996 prmpositus
2862 924 2993 982 fuit.
3018 926 3176 994 Quod
3198 925 3350 980 enim
3375 930 3577 979 auctor
3606 925 3800 979 Romae

2142 1014 2464 1083 scripserit,
2498 1015 2721 1069 indicat
2754 1028 2957 1085 magna
2992 1027 3183 1069 rerum
3212 1012 3384 1067 Urbis
3412 1019 3468 1067 et
3508 1012 3632 1081 agri
3675 1012 3803 1066 Ro—

2143 1102 2297 1157 mani
2325 1102 2533 1158 notitia
2553 1116 2723 1171 quam
2746 1102 2970 1157 habuit.
3004 1102 3209 1157 Omnia
3232 1101 3579 1169 cmmeteria,
3613 1100 3797 1154 etiam

2143 1204 2312 1260 quam
2344 1191 2679 1260 longissime
2708 1191 2779 1245 ab
2811 1190 2957 1243 Urbe
2983 1190 3114 1259 sita,
3134 1190 3327 1244 omnia
3354 1188 3618 1258 sepulcra
3649 1202 3801 1243 mar-

2142 1284 2353 1348 tyrum,
2395 1280 2567 1333 etiam
2611 1279 2667 1333 in
2720 1279 2940 1348 cryptis
2968 1284 3024 1333 et
3053 1278 3312 1332 cavernis
3346 1278 3555 1346 posita,
3596 1290 3798 1332 omnes

2139 1366 2412 1421 ecclesias
2433 1374 2488 1421 et
2510 1368 2770 1437 regiones
2802 1366 2989 1430 Urbis,
3015 1380 3211 1421 omnes
3251 1365 3531 1434 reliquias
3554 1372 3610 1419 et
3640 1364 3799 1419 titu—

2141 1454 2249 1525 los,
2290 1469 2485 1509 omnes
2519 1456 2641 1509 vias
2678 1456 3017 1525 viarumque
3051 1454 3383 1521 distantias,
3440 1458 3646 1507 cietera
3685 1454 3799 1507 de-

2142 1556 2295 1597 mum
2342 1544 2534 1599 omnia
2586 1549 2876 1613 perspecta
2911 1542 3307 1609 habuit.Quod
3341 1546 3529 1597 autem
3556 1541 3798 1596 archivo

2138 1632 2457 1702 apostolico
2478 1632 2685 1688 forsam
2706 1633 3009 1702 praefectus
3028 1632 3224 1699 fuerit,
3251 1631 3459 1686 deduci
3481 1631 3714 1685 videtur
3726 1643 3797 1685 ex

2141 1720 2218 1775 iis
2248 1736 2373 1790 qua:
2406 1721 2573 1775 habet
2612 1720 2683 1775 de
2716 1723 2894 1775 Leone
2936 1723 3138 1790 Magno
3173 1738 3184 1773 :
3219 1722 3321 1772 Hie
3367 1721 3495 1785 fecit
3534 1718 3797 1787 epistolas

384 1806 477 1861 dit
526 1807 585 1862 in
627 1807 892 1863 Cornelio
939 1822 1111 1878 gquw
1142 1808 1213 1863 de
1251 1809 1309 1862 Β.
1355 1809 1664 1864 Laurentio
1716 1814 1912 1864 narrat
1970 1810 2031 1866 in
2064 1802 2337 1863 Bmultas
2375 1826 2644 1877 emponens
2682 1811 2841 1878 ﬁdem
2866 1810 3185 1862 catholicam
3223 1814 3445 1869 rectam,
3479 1824 3599 1876 qua:
3634 1807 3797 1860 hodie

384 1896 586 1966 Xysto,
610 1896 778 1965 cujus
810 1896 1069 1965 martyrii
1100 1896 1237 1950 Acta
1264 1898 1327 1951 D.
1360 1896 1653 1952 Ambrosii
1675 1898 2035 1967 temporibus

387 1984 836 2053 reperiebantur.
873 1986 983 2038 Nec
1006 1984 1128 2040 sola
1165 1990 1479 2055 martyrum
1519 1986 1657 2042 Acta
1690 1986 1787 2041 sed
1818 1992 2033 2043 statuta

386 2087 614 2144 quoque
638 2086 739 2143 pro
755 2073 1091 2144 disciplima
1112 2074 1379 2131 Ecclesiae
1405 2076 1560 2130 edita
1577 2076 1811 2131 exhibet
1832 2081 2035 2133 auctor

386 2163 446 2218 in
476 2162 729 2233 singulis
764 2163 1140 2233 pontificibus
1175 2182 1188 2217 :
1221 2162 1396 2219 refert
1423 2165 1575 2220 enim
1622 2166 1682 2219 in
1708 2166 1849 2221 Lino
1880 2168 2033 2236 quod

382 2252 652 2308 statuerit
668 2255 735 2308 ut
751 2253 962 2309 mulier
980 2254 1040 2309 in
1058 2254 1299 2309 ecclesia
1315 2254 1498 2309 velato
1525 2255 1713 2322 capite
1734 2255 2033 2311 introiret;

382 2341 444 2395 in
470 2343 670 2410 Xysto,
700 2341 853 2410 quod
878 2342 1252 2396 constituerit
1272 2347 1337 2396 ut
1358 2342 1684 2396 ministeria
1725 2356 1885 2397 sacra
1920 2357 2033 2399 non

380 2433 778 2500 tangerentur,
831 2429 947 2483 nisi
1001 2441 1034 2482 a
1092 2429 1421 2497 ministris;
1468 2430 1529 2483 in
1572 2428 1831 2499 Aniceto,
1880 2432 2029 2499 quod

377 2518 621 2587 jusserit
668 2529 737 2570 ne
786 2516 1033 2571 clericus
1084 2529 1301 2570 comam
1348 2517 1638 2571 nutriret:
1684 2518 1744 2572 in
1784 2518 2028 2585 Victore,

382 2605 533 2674 quod
562 2604 834 2658 statuerit
864 2608 927 2658 ut
949 2602 1157 2672 pascha
1178 2604 1273 2658 die
1290 2605 1588 2659 Dominico
1606 2604 2024 2661 celebraretur:

383 2694 443 2748 in
470 2692 667 2758 Lucio,
691 2690 840 2761 quod
876 2692 1209 2761 praeceperit
1227 2696 1289 2746 ut
1318 2692 1433 2747 duo
1460 2692 1799 2762 presbyteri,
1832 2699 1886 2747 et
1917 2700 2032 2750 tres

379 2780 612 2837 diaconi
645 2779 704 2834 in
726 2780 881 2835 omni
921 2779 1044 2835 loco
1080 2781 1413 2849 episcopum
1442 2794 1554 2836 non
1590 2782 1916 2837 desererent
1942 2788 2034 2853 ;et

383 2869 468 2924 sic
501 2868 560 2922 in
588 2866 726 2923 aliis
755 2867 1129 2936 pontificibus
1147 2883 1273 2940 qua:
1301 2870 1480 2924 nimis
1501 2869 1735 2941 longum
1754 2878 1903 2926 esset
1919 2872 2034 2928 sin-

381 2954 516 3027 gula
545 2958 899 3023 enumerare,
923 2962 979 3011 et
1010 2956 1179 3013 facile
1205 2958 1392 3013 videri
1424 2963 1666 3028 possunt
1698 2959 1756 3013 in
1784 2959 1909 3028 ipso
1936 2960 2032 3015 Ca-

382 3043 593 3113 talogo‘,
621 3057 690 3098 ex
716 3058 830 3113 quo
853 3044 959 3099 hoc
991 3059 1170 3100 unum
1199 3046 1482 3102 duntaxat
1524 3048 1831 3117 adjungam
1877 3049 2025 3119 quod

382 3132 444 3187 in
475 3132 729 3203 singulis
756 3133 1132 3202 pontificibus
1148 3134 1357 3190 referat
1375 3142 1515 3205 quot
1540 3136 1936 3191 ordinationes
1959 3136 2031 3191 fe-
2059 3122 2108 3183 Ο

382 3220 587 3286 cerint,
621 3226 677 3276 et
715 3228 856 3291 quot
893 3222 1214 3292 episcopos,
1272 3225 1616 3283 sacerdotes.
1648 3238 1713 3279 ac
1756 3225 2030 3281 diaconos

380 3309 793 3379 consecrarint,
823 3310 1154 3380 incipiendo
1170 3325 1202 3366 a
1222 3312 1510 3367 Clemente
1531 3315 1571 3382 Ι,
1600 3314 1659 3367 in
1687 3327 1800 3382 quo
1821 3312 2022 3369 refert:

378 3399 483 3451 Hic
501 3400 631 3463 fecit
646 3400 1020 3453 ordinationes
1051 3406 1180 3463 tres,
1202 3403 1551 3470 presbyteros
1581 3399 1665 3469 10,
1700 3404 1954 3455 diaconos
1972 3401 2025 3465 2,

380 3486 654 3554 episcopos
681 3502 780 3554 per
819 3488 1035 3540 diversa
1084 3490 1199 3541 loca
1227 3486 1281 3543 5.
1326 3491 1385 3543 ln
1437 3489 1697 3544 Evaristo
1729 3507 1742 3543 :
1772 3492 1874 3543 Hic
1899 3494 2031 3557 fecit

379 3575 754 3629 ordinationes
822 3581 1039 3644 quater,
1102 3579 1448 3646 presbyteros
1519 3574 1605 3641 47,
1665 3580 1919 3645 diaconos
1973 3578 2027 3644 9,

378 3664 649 3731 episcopos
684 3680 786 3733 per
815 3665 1033 3718 diversa
1065 3667 1180 3719 loca
1209 3662 1317 3735 45;
1352 3672 1408 3720 et
1440 3667 1519 3721 ita
1550 3668 1607 3721 in
1638 3667 1775 3721 aliis
1808 3668 2033 3737 pontiﬁ-

338 3824 342 3830 .
378 3749 546 3807 cibus
568 3766 793 3823 uusque
819 3752 887 3808 ad
915 3754 1299 3825 llormisdam,
1331 3754 1392 3808 in
1415 3768 1530 3823 quo
1561 3760 1763 3811 auctor
1794 3770 1907 3811 non
1936 3758 2032 3812 ad-

381 3843 541 3894 notat
572 3853 875 3896 numerum
912 3843 1371 3911 ordinationum,
1400 3844 1801 3914 diaconorum,
1833 3859 2031 3900 sacer—

378 3925 578 3982 dotum
604 3927 692 3982 vel
720 3928 1143 4000 episcoporum,
1178 3931 1271 3984 sed
1302 3931 1649 3999 simpliciter
1690 3930 1899 3987 refert:
1927 3934 2031 3986 Hic

380 4016 512 4082 fecit
535 4015 929 4085 ordinationes,
963 4019 1329 4087 presbyteros,
1361 4022 1631 4088 episcopos
1653 4035 1753 4088 per
1784 4020 1919 4072 loca.
1963 4020 2034 4074 Et

382 4102 443 4156 in
467 4103 680 4157 Joanne
728 4103 1043 4160 Hormisdte
1092 4120 1420 4161 successore
1459 4126 1472 4161 :
1513 4109 1616 4160 Hic
1662 4105 2032 4159 ordinationes

380 4192 511 4257 fecit
536 4208 639 4260 per
666 4194 798 4247 loca.
854 4195 916 4248 In
948 4194 1132 4249 Felice
1157 4202 1369 4256 autem,
1404 4194 1641 4249 Joannis
1679 4205 2028 4259 successore,

384 4283 442 4337 in
477 4294 590 4352 quo
616 4281 919 4353 Catalogus
946 4283 1164 4340 desinit
1190 4297 1396 4339 rursus
1412 4281 1581 4336 habet
1612 4293 1913 4334 numerum
1938 4280 2031 4337 his

381 4369 572 4425 verbis
598 4388 609 4423 :
645 4373 749 4424 Hic
769 4374 901 4438 fecit
924 4374 1299 4425 ordinationes
1326 4370 1485 4435 duas,
1504 4368 1849 4437 presbyteros
1876 4370 2030 4436 quin-

380 4461 649 4527 quaginta
690 4461 953 4527 quinque,
986 4461 1241 4510 diaconos
1297 4460 1553 4524 quatuor,
1611 4457 1882 4524 episcopos
1924 4474 2027 4525 per
2056 4453 2109 4514 D

381 4549 498 4599 loca
525 4546 727 4611 viginti
770 4559 975 4597 novem.
1027 4545 1109 4597 Ex
1160 4542 1375 4611 quibus
1402 4543 1612 4614 colligo
1635 4549 1928 4599 auctorem
1958 4559 2027 4600 ex

381 4634 583 4703 aliquo
636 4633 903 4686 Romanae
949 4631 1219 4686 Ecclesiae
1265 4637 1486 4702 regesto
1533 4639 1633 4688 aut
1677 4633 2027 4689 monimento

381 4729 513 4777 ante
535 4720 849 4777 Hormisda:
876 4725 1129 4789 tempora
1158 4721 1486 4790 conscripto
1515 4722 1903 4792 desumpsisse
1934 4736 2030 4780 no-

383 4811 572 4864 titiam
591 4808 1025 4865 ordinationum
1040 4826 1055 4880 ;
1072 4808 1200 4864 ideo
1216 4815 1406 4865 autem
1427 4824 1609 4881 neque
1628 4813 1686 4866 in
1704 4813 2025 4881 Hormisda,

383 4912 567 4969 neque
594 4899 652 4953 in
675 4899 906 4967 Joanne,
942 4897 1035 4953 sed
1070 4898 1257 4954 solum
1292 4899 1350 4954 in
1382 4899 1567 4954 Felice
1599 4901 1665 4955 IV
1705 4901 2027 4973 adnotasse,

384 4989 521 5057 quia
545 4989 843 5044 desidente
880 4993 1099 5058 regesto
1146 4995 1250 5044 aut
1288 4988 1663 5059 monimento,
1700 5002 1813 5045 non
1851 4989 2032 5045 habe-

385 5074 482 5131 bat
530 5076 703 5132 aliam
761 5077 865 5132 hac
901 5078 972 5132 de
1006 5091 1067 5132 re
1106 5077 1373 5133 notitiam
1409 5091 1578 5148 quam
1627 5092 1752 5148 quae
1783 5084 2033 5147 tempore

382 5164 592 5221 Felicis
618 5165 832 5236 quarti,
867 5166 977 5221 sub
1003 5179 1116 5237 quo
1135 5165 1380 5237 vivebat,
1407 5166 1475 5221 ad
1510 5180 1681 5223 aures
1719 5181 1857 5224 suas
1900 5182 2033 5237 per-

384 5259 632 5313 venerat.

457 5337 541 5397 42.
566 5341 751 5409 Atque
774 5342 894 5398 Ilth
919 5343 1149 5413 quidem
1177 5343 1469 5401 sufﬁciant
1492 5344 1562 5398 de
1585 5345 1833 5400 secundo
1860 5345 2033 5401 Cata—

388 5428 536 5497 loso,
563 5428 634 5486 de
655 5444 789 5499 quo,
825 5432 963 5501 quia
990 5432 1369 5502 sequentibus
1395 5432 1687 5501 capitibus
1712 5434 1888 5490 multa
1917 5434 2034 5491 alia

386 5514 835 5586 observabimus,
869 5519 974 5577 hoc
998 5520 1124 5575 loco
1151 5520 1561 5590 inquirendum
1598 5529 1772 5580 restat
1799 5536 1831 5577 a
1883 5537 2037 5594 quo-—

387 5616 515 5667 nam
544 5608 776 5663 auctore
825 5605 921 5663 hic
958 5608 1256 5677 catalogus
1292 5614 1350 5665 et
1399 5608 1631 5665 ubinam
1679 5613 2034 5681 compositus

2134 1900 2352 1951 arehieo
2382 1900 2635 1951 Ecclesiae
2666 1901 2921 1953 Romanae
2951 1903 3220 1950 tenentur.
3258 1898 3325 1950 Et
3365 1910 3433 1950 ex
3457 1896 3605 1950 actis
3635 1896 3799 1949 Hor-

2135 1988 2354 2055 misdze,
2392 1988 2451 2042 in
2481 1988 2695 2057 quibus
2718 1993 2920 2042 auctor
2948 1986 3141 2052 refert,
3169 1999 3240 2041 ex
3282 1986 3548 2040 mandato
3568 1984 3793 2039 Justini

2137 2090 2332 2132 omnes
2353 2076 2652 2146 episcopos
2684 2075 2881 2131 libello
2904 2074 3202 2130 catholica:
3229 2074 3362 2128 fidei
3395 2072 3798 2141 subscripsis-

2138 2178 2197 2219 se
2227 2183 2239 2218 :
2267 2165 2371 2229 Qui
2390 2170 2567 2218 tea-tus
2592 2165 2783 2225 libelli,
2828 2164 3042 2234 inquit,
3072 2164 3229 2215 hodie
3273 2162 3491 2214 archiro
3528 2160 3797 2213 recondi—

2137 2259 2223 2307 tus
2256 2258 2483 2307 tenetur.
2511 2253 2805 2321 Quomodo
2830 2253 2982 2315 enim
3009 2258 3210 2307 auctor
3240 2252 3555 2305 Romanum
3585 2249 3800 2304 archi-

2135 2354 2267 2395 vum
2299 2342 2553 2406 citasset,
2590 2340 2704 2393 nisi
2754 2340 2899 2394 illud
2933 2339 3173 2392 vidisset
3204 2338 3385 2407 eique
3417 2338 3609 2393 forsan
3645 2350 3796 2406 prae-

2137 2427 2361 2495 positus
2391 2427 2616 2481 fuisset.
2650 2427 2752 2481 llla
2773 2439 2907 2480 sane
2933 2442 3059 2495 qua:
3084 2426 3154 2480 de
3180 2426 3544 2495 singulorum
3562 2425 3797 2494 pontiﬁ-

2131 2529 2262 2570 cum
2311 2516 2581 2582 decretis,
2622 2515 2692 2569 de
2740 2528 2937 2569 eorum
2998 2514 3195 2585 gestis,
3246 2514 3317 2567 de
3360 2515 3795 2583 episcoporum,

2133 2602 2592 2672 presbyterorum
2611 2607 2666 2657 et
2682 2602 3055 2656 diaconorum
3072 2600 3540 2656 ordinationibus
3568 2602 3799 2671 ubique

2132 2690 2395 2760 afﬁrmat,
2441 2690 2594 2745 clare
2628 2691 2888 2745 indicant
2932 2694 3224 2744 auctorem
3276 2703 3339 2744 ea
3372 2689 3562 2743 omnia
3591 2703 3660 2743 ex
3689 2706 3799 2746 re—

2136 2781 2313 2852 gestis
2334 2780 2556 2835 arcbivi
2583 2780 2994 2849 desumpsisse,
3021 2780 3161 2835 adeo
3184 2782 3267 2847 ut,
3295 2778 3344 2833 si
3368 2777 3523 2832 sedis
3547 2786 3800 2846 aposto—

2136 2869 2262 2925 licae
2290 2869 2773 2925 bibliothecarius
2802 2882 2911 2923 non
2941 2866 3137 2935 fuerit,
3172 2880 3463 2921 accessum
3487 2866 3555 2920 ad
3580 2866 3798 2923 biblio-

2135 2958 2355 3014 thecam
2389 2958 2744 3029 pontiticiam
2779 2956 3049 3012 habuisse
3073 2957 3388 3011 censendus
3411 2954 3507 3009 sit.

2805 3082 3026 3137 CAPUT
3043 3082 3104 3135 V.

2628 3192 2703 3242 De
2752 3188 2915 3241 Libro
2952 3189 3281 3257 Pontiﬁeali.

2133 3302 2173 3352 Ι.
2198 3297 2354 3346 Liber
2376 3294 2698 3344 Pontificalis
2722 3295 2943 3355 primum
2966 3308 2994 3340 a
3020 3296 3166 3340 Petro
3190 3291 3391 3340 Crabbe
3413 3292 3567 3339 tomis
3592 3291 3788 3341 Conci-

2193 3360 2379 3406 liorum
2406 3359 2644 3414 insertus,
2675 3358 2864 3415 st'epius
2886 3356 3071 3402 deinde
3092 3369 3120 3401 a
3146 3356 3371 3401 Barouio
3403 3355 3585 3401 citatus
3607 3355 3656 3400 in
3682 3357 3794 3402 An-

2194 3422 2413 3479 nalibus,
2446 3422 2574 3481 typis
2594 3420 2812 3481 domum
2838 3418 3129 3481 Moguntina
3156 3431 3298 3481 anno
3327 3417 3442 3463 1602.
3476 3418 3673 3481 integre
3691 3431 3794 3481 ex-

2191 3497 2348 3531 cusus
2371 3477 2541 3529 estf;
2562 3480 2621 3528 ΙΙ.
2652 3480 2774 3526 Post
2800 3480 3159 3537 MOgunlinam
3182 3479 3461 3526 editionem
3484 3478 3669 3538 prodiit
3691 3477 3795 3526 Pa-

2193 3546 2424 3592 risiensis
2457 3542 2743 3589 Annalibus
2776 3542 3020 3595 Fabrotti,
3053 3542 3139 3601 qui
3171 3542 3216 3587 ei
3251 3541 3504 3586 variantes
3534 3539 3793 3587 lectiones

2195 3622 2253 3655 ex
2280 3608 2506 3668 quinque
2543 3620 2663 3651 mss.
2693 3604 3212 3668 codicibussubjecit,
3240 3616 3460 3668 quorum
3492 3602 3593 3668 duo
3619 3602 3668 3668 in
3692 3603 3791 3649 Bi-

2198 3664 2467 3716 Μὶυἶιιυυίδ
2497 3667 2804 3723 Germaniae,
2832 3668 2935 3712 tres
2960 3666 3011 3712 in
3039 3666 3315 3713 Galliarum
3342 3664 3665 3710 bibliothecis
3698 3678 3793 3711 ex-

2196 3735 2342 3778 stant.
2380 3757 2439 3765 —
2470 3730 2555 3777 IlI.
2593 3730 2758 3788 Opus,
2793 3728 2931 3789 quod
2963 3726 3493 3789 AnnibaliFabrottus
3528 3741 3580 3771 se
3600 3726 3794 3789 incor-

2194 3797 2390 3841 rectum
2413 3786 2682 3852 reliquisse
2704 3786 2901 3845 fatetur,
2925 3789 3092 3852 Lucas
3113 3788 3412 3852 Holsteuius
3433 3801 3493 3835 ex
3515 3786 3796 3852 codicibus

2194 3856 2478 3911 Vaticanis,
2512 3848 2710 3911 Regiis,
2746 3852 3028 3905 bledicwis,
3066 3850 3477 3906 CaSsinensibus,
3510 3852 3561 3895 et
3596 3848 3796 3911 Farne-

2195 3918 2339 3963 siano
2363 3910 2971 3973 omniumantiquissimo
2994 3912 3357 3973 corrigendum
3375 3912 3599 3969 suscepit
3622 3924 3630 3955 :
3652 3910 3798 3969 ejus-

2196 3992 2296 4038 que
2329 3978 2483 4022 verba
2514 3978 2577 4038 de
2604 3972 3048 4038 mss.'codicibus,
3078 3972 3264 4038 quibus
3292 3984 3415 4038 usus
3445 3975 3537 4038 est,
3569 3973 3800 4038 atterun-

2192 4030 2294 4085 tur.
2315 4064 2379 4073 ——
2402 4038 2490 4083 ιν.
2516 4037 2588 4083 Ex
2611 4035 2789 4080 codice
2809 4033 3122 4079 Fat-nesiano
3147 4032 3415 4076 adducitur
3440 4030 3797 4087 fragmentum

2194 4100 2308 4146 vitae
2334 4098 2501 4153 Sergii
2531 4096 2592 4149 II,
2618 4096 2863 4140 hactenus
2887 4092 3151 4153 ineditum,
3178 4094 3226 4138 et
3256 4091 3505 4138 variantes
3536 4092 3798 4143 lectiones

2195 4174 2255 4207 ex
2274 4152 2595 4215 autographo
2616 4154 2870 4201 Holstcnii
2892 4152 3212 4199 exhibentur.
3229 4179 3288 4186 ——
3304 4153 3369 4200 V.
3392 4153 3447 4200 In
3472 4154 3627 4201 Libro
3649 4155 3800 4204 Pon-

2194 4221 2367 4268 tiﬁeali
2398 4220 2578 4265 additae
2609 4220 2731 4263 sunt
2764 4215 3055 4274 complures
3079 4216 3379 4262 donationes
3410 4216 3525 4275 piae,
3558 4217 3797 4266 basilicis

2200 4283 2351 4333 Urbis
2382 4281 2539 4327 facta}.
2569 4306 2632 4314 —
2653 4278 2740 4325 VI.
2773 4277 3049 4336 Complura
3080 4292 3285 4337 qunque
3323 4282 3597 4337 martyrum
3634 4280 3796 4339 Acta,

2192 4347 2325 4392 inter
2346 4356 2458 4405 quze
2483 4343 2601 4389 licet
2618 4339 2862 4405 nonnulla
2879 4353 2944 4405 ex_
2960 4340 3305 4405 monumentis
3322 4340 3491 4386 dubiis
3511 4341 3795 4405 desumpta

2193 4409 2313 4465 sint,
2343 4401 2429 4452 iila
2466 4408 2632 4451 tamen
2660 4402 2730 4465 ab,
2755 4401 3027 4465 antiquiori
3054 4416 3182 4453 awo,
3216 4408 3262 4448 et
3287 4405 3594 4465 quandoque
3620 4415 3648 4448 a
3674 4404 3793 4461 pri-

2189 4472 2285 4518 mis
2309 4467 2553 4516 Ecclesiaa
2582 4464 2782 4511 saeculis
2806 4464 3027 4510 extitisse
3043 4467 3257 4510 constat.
3281 4491 3338 4497 —
3360 4464 3475 4511 Vll.
3501 4468 3628 4511 Acta
3650 4477 3791 4523 pon-

2184 4532 2375 4579 tificum
2403 4544 2432 4576 a
2455 4529 2611 4576 Petro
2634 4526 2866 4586 apostolo
2900 4539 3058 4585 usque
3086 4527 3147 4572 ad
3176 4527 3565 4573 Constantinum
3594 4539 3791 4585 papam

2189 4594 2442 4647 breviora,
2475 4604 2503 4637 a
2531 4589 2879 4655 Constantino
2916 4601 3076 4655 usque
3111 4590 3172 4635 ad
3211 4588 3533 4655 stephanum
3577 4592 3793 4655 sextum
3868 4635 3886 4655 .

2191 4655 2442 4715 ampliora
2472 4653 2763 4715 sunt,_adeo
2793 4654 2843 4696 ut
2870 4651 3025 4696 totam
3051 4650 3208 4698 ferme
3240 4650 3507 4698 historiam
3538 4649 3793 4698 ecclesia-

2192 4713 2372 4765 sticam
2408 4713 2863 4775 comprehendant.

2204 4814 2253 4870 4.
2280 4816 2588 4885 Postquam
2613 4813 2839 4883 egimus
2868 4811 2937 4866 de
2956 4810 3184 4867 duobus
3209 4809 3645 4881 antiquioribus
3666 4812 3792 4868 Ca—

2132 4904 2341 4975 talogis
2391 4904 2772 4957 Romanorum
2803 4899 3159 4969 pontificum,
3208 4905 3385 4955 restat
3415 4904 3481 4955 ut
3506 4900 3577 4954 de
3608 4899 3789 4957 Libro

2132 4992 2452 5048 Pontiﬁcali
2486 4995 2816 5055 tractemus,
2852 5002 3018 5059 quem
3054 4989 3278 5057 primus
3306 5003 3376 5043 ex
3404 5003 3537 5043 mss.
3569 4988 3788 5045 codici-

2134 5083 2241 5137 bus
2270 5082 2490 5136 eruisse
2512 5080 2739 5134 videtur
2762 5080 2960 5132 Petrus
2988 5077 3221 5146 Crabbe,
3248 5078 3349 5146 qui
3380 5091 3507 5131 eum
3528 5077 3785 5134 editioni

2131 5167 2860 5225 ConciliorumColoniensi
2878 5166 3014 5220 anni
3189 5166 3435 5220 inseruit
3450 5165 3554 5219 hoc
3572 5166 3785 5223 titulo:

2134 5260 2293 5313 Liber
2331 5262 2651 5325 Pontiﬁcum
2689 5274 2724 5311 α
2767 5258 2924 5311 Petro
2963 5272 3115 5324 papa
3164 5272 3333 5324 usque
3366 5255 3441 5308 ad
3494 5256 3792 5311 Nicolaum

2127 5364 2332 5417 papam
2358 5349 2405 5416 Ι,
2436 5349 2496 5400 in
2525 5362 2630 5414 quo
2660 5361 2845 5400 eorum
2874 5350 3025 5412 gesta
3046 5345 3450 5404 describuntur,
3471 5345 3791 5412 primorum

2128 5453 2229 5507 per
2256 5439 2553 5491 Damasum
2574 5451 2803 5505 papam,
2834 5435 3171 5502 reliquorum
3194 5438 3374 5487 autem
3396 5448 3495 5503 per
3533 5433 3671 5486 alios
3702 5450 3793 5488 ve-

2136 5530 2271 5578 teres
2300 5540 2363 5577 ac
2414 5524 2520 5592 ﬁde
2550 5524 2764 5591 dignos.
2813 5522 2973 5579 Vitas
3002 5523 3320 5592 primorum
3380 5519 3719 5592 pontificum
3750 5535 3787 5579 a

2136 5615 2300 5670 Petro
2328 5626 2508 5684 usque
2537 5612 2605 5668 ad
2638 5612 2930 5668 Liberium
2960 5610 3104 5667 citat
3140 5624 3209 5666 ex
3248 5609 3419 5666 Libro
3456 5608 3786 5667 Pontiﬁcali
