3950 6410
166 343 271 399 489

850 347 1256 404 SCHELESTR.
1316 349 1620 406 DISSERT.
1686 351 1777 406 DE
1814 350 2044 421 ANTIQ.
2114 351 2283 407 BOM.
2336 351 2532 407 PONT.
2578 351 2919 408 CATALOG.

3505 350 3608 411 490

161 468 415 538 Damasi,
466 470 831 541 reliquorum
862 490 993 531 vero
1030 491 1062 532 a
1091 477 1336 532 Damaso
1375 490 1558 547 usque
1590 475 1658 530 ad
1701 476 1836 529 Leo-
1857 474 1917 534 A
1952 474 2163 546 inquit,
2183 475 2498 531 etfortasse
2520 477 2826 546 praestabat
2848 492 3161 547 paucorum
3184 492 3312 533 eum
3338 477 3608 533 manibus

163 570 287 612 nem
334 559 571 614 tertium
617 562 736 618 cita
776 580 843 617 ca.-
880 567 1041 619 Libro
1081 568 1404 637 Pontiﬁcali.
1447 567 1624 635 Cujus
1659 564 1829 619 vesti-

160 645 276 716 giis
308 647 660 705 inhzerentes
693 653 1039 709 Laurentius
1087 657 1316 723 Surius,
1364 662 1420 710 et
1451 655 1549 726 qui
1591 653 1827 708 Surium

159 734 460 791 subsecuti
488 743 647 807 sunt,
673 739 1067 799 Conciliorum
1091 744 1516 814 compilatores,
1550 743 1830 797 Romano-

162 836 286 879 rum
320 828 663 895 pontiﬁcum
691 829 851 885 Vitas
883 834 1132 901 sparsim
1163 833 1494 889 collectioni
1526 833 1827 889 Concilio—

162 925 285 967 rum
310 912 710 988 inseruerunt,
737 918 822 973 uti
844 924 902 975 et
920 920 1244 977 Annalibus
1268 921 1433 993 plura
1455 920 1615 976 Libri
1640 920 1826 976 Ponti-

160 998 345 1055 ﬁcalis
370 1001 692 1076 fragmenta
717 1007 966 1063 inseruit
987 1010 1291 1079 Baronius,
1313 1010 1414 1081 qui
1442 1024 1571 1066 cum
1594 1023 1663 1065 ex
1684 1024 1823 1064 mss.

156 1087 466 1146 codicibus
491 1091 631 1148 libri
664 1094 841 1151 istius
872 1095 1148 1152 lectiones
1181 1096 1509 1168 frequenter
1535 1097 1830 1153 emendas-

155 1182 262 1244 set,
301 1183 667 1239 occasionem
714 1182 961 1253 praebuit
1003 1187 1228 1241 auctori
1272 1184 1651 1256 priefationis,
1702 1199 1829 1255 qua:

155 1273 294 1330 libri
358 1273 538 1343 hujus
582 1272 831 1327 editioni
874 1275 1223 1346 Meguntinm
1280 1289 1432 1330 anno
1477 1272 1617 1330 1602
1674 1275 1827 1344 typis

152 1362 395 1417 Joannis
424 1362 626 1418 Albini
659 1361 878 1432 publici
902 1363 1057 1432 juris
1084 1362 1246 1419 factae
1273 1364 1650 1433 praeponitur,
1681 1376 1829 1418 asse-

155 1451 319 1506 rendi
354 1470 367 1505 :
403 1472 431 1503 α
461 1451 623 1520 Quod
656 1450 830 1508 varite
857 1450 1131 1507 lectiones
1165 1453 1247 1507 vel
1281 1466 1349 1507 ex
1370 1452 1601 1509 duobus
1630 1452 1829 1508 Conci-

152 1539 369 1594 liorum
405 1540 580 1596 tomis
612 1540 874 1597 Surianae
914 1541 1214 1611 editionis,
1249 1541 1332 1596 vel
1376 1556 1447 1597 ex
1488 1541 1827 1597 Annalibus

156 1628 507 1685 Baronianis
541 1670 555 1698 ,
590 1629 649 1684 in
692 1629 909 1701 quibus
952 1629 1120 1686 verba
1166 1631 1460 1687 Anastasii
1505 1631 1721 1701 passim
1762 1631 1824 1685 in

152 1717 411 1789 singulis
442 1718 841 1790 pontiﬁcibus,
862 1721 1061 1789 paucis
1094 1721 1520 1790 praetermissis,
1545 1720 1825 1789 citantur,

1947 565 2075 633 teri,
2108 577 2276 633 quam
2307 565 2496 621 denuo
2525 580 2657 621 cum
2691 571 2773 621 tot
2806 568 3029 623 mendis
3060 568 3312 638 prodire.
3338 568 3443 622 Sed
3475 581 3607 621 om-

1944 652 2080 707 nino
2116 653 2321 708 melius
2342 659 2447 719 est,
2477 655 2650 709 etiam
2687 655 3069 711 inemendatis
3094 657 3435 712 auctoribus
3462 654 3603 719 frui,

1941 736 2110 810 quam
2133 742 2219 797 eis
2250 744 2483 812 penitus
2512 758 2723 799 carere.
2753 746 2990 799 Interim
3018 745 3156 800 dum
3190 746 3395 801 melior
3425 744 3606 800 editio

1937 836 2191 899 curetur,
2206 831 2395 886 varias
2410 832 2686 887 lectiones
2703 846 2771 888 ex
2784 833 2976 888 tribus
2991 834 3299 888 codicibus
3314 832 3607 888 veteribus

1937 924 2231 989 excerptas
2261 920 2598 991 adjecimus,
2632 935 2878 991 quorum
2918 936 3023 990 ope
3053 921 3179 975 sine
3207 921 3390 977 dubio
3421 922 3605 977 casti-

1940 1009 2126 1080 gatior
2146 1009 2328 1065 editio
2347 1010 2561 1078 poterit
2575 1010 2867 1066 adornari.
2887 1009 2987 1065 Usi
3011 1014 3200 1064 autem
3221 1023 3424 1065 sumus
3447 1010 3607 1080 regio

1939 1098 2155 1168 codice,
2190 1102 2246 1153 et
2273 1100 2584 1169 Mazarino,
2618 1114 2733 1170 quo
2771 1098 3003 1154 Gabriel
3036 1099 3328 1168 Naudeus,
3360 1099 3609 1168 praecel-

1941 1185 2114 1241 lentis
2134 1187 2413 1243 doctrinae
2433 1189 2543 1254 vir,
2568 1188 3014 1244 eminentissimi
3044 1186 3361 1242 cardinalis
3383 1185 3607 1242 biblio—

1942 1274 2159 1330 thecam
2213 1276 2399 1332 auxit.
2456 1277 2705 1347 Uterque
2760 1284 2951 1332 autem
3008 1276 3239 1332 videtur
3287 1274 3358 1330 ab
3408 1275 3604 1331 eodem

1940 1366 2251 1435 exemplari
2296 1380 2575 1437 manasse,
2619 1367 2679 1422 in
2714 1366 2917 1436 paucis
2945 1366 3099 1421 enim
3144 1365 3390 1419 invicem
3430 1363 3606 1419 diffe—

1941 1458 2097 1508 runt.
2116 1455 2348 1510 Contuli
2368 1456 2538 1511 etiam
2553 1470 2683 1511 cum
2701 1456 2899 1511 codice
2910 1455 3171 1524 Thuano,
3189 1453 3606 1524 antiquissimo

1942 1542 2047 1597 illo
2078 1544 2333 1615 quidem,
2381 1545 2476 1600 sed
2517 1545 2721 1601 scribze
2761 1544 2993 1599 librarii
3041 1543 3278 1599 inscitia
3310 1543 3371 1597 in
3403 1540 3607 1597 multis

1942 1630 2096 1685 haud
2130 1632 2275 1686 satis
2304 1634 2621 1689 emendato.
2657 1652 2685 1683 λ)

2013 1718 2068 1775 3.
2114 1720 2254 1775 Cum
2304 1734 2374 1775 ex
2424 1723 2717 1791 praedictis
2762 1722 3070 1778 Annibalis
3112 1721 3368 1778 Fabrotti
3411 1719 3604 1777 verbis

150 1812 287 1862 sunt
308 1808 653 1877 desumptze.
687 1827 715 1858 »
746 1810 922 1865 Porro
944 1809 1241 1866 Anastasii
1276 1810 1624 1865 mentionem
1666 1808 1829 1874 facit,
1862 1794 1914 1855 Β
1944 1809 2248 1864 manifeste
2295 1816 2566 1880 appareat
2613 1812 2899 1867 editiones
2936 1812 3096 1866 Libri
3136 1811 3494 1866 Pontiﬁcalis
3530 1810 3601 1865 ad

152 1897 286 1967 quia
306 1897 421 1952 sub
439 1898 675 1954 nomine
696 1897 863 1954 illius
881 1898 1117 1954 Librum
1136 1898 1528 1953 Pontiﬁcalem
1547 1898 1827 1966 ediderat,

154 1985 255 2041 hoc
287 1986 382 2041 illi
416 1987 653 2057 praefixo
684 1987 896 2043 titulo:
926 1987 1220 2040 Anastasii
1251 1987 1307 2040 S.
1341 1988 1403 2040 R.
1438 1988 1503 2040 Ε.
1540 1987 1832 2040 bibliothe-

152 2079 288 2130 ςαήί
361 2078 623 2131 Historia
679 2076 747 2129 de
802 2078 947 2131 Vitis
996 2079 1362 2131 Romanorum
1422 2078 1741 2145 pontiﬁcum
1797 2092 1833 2129 α

149 2168 299 2220 Petro
347 2166 606 2235 apostolo
646 2180 820 2234 usque
863 2165 938 2219 ad
974 2166 1261 2222 Nicolaum
1290 2167 1338 2226 Ι,
1367 2181 1653 2234 nunquam
1691 2165 1830 2219 hac—

149 2263 297 2309 tenus
347 2256 507 2323 typis
552 2270 771 2309 excusa.
817 2255 1024 2308 Deinde
1070 2256 1199 2309 Vita
1235 2254 1483 2307 Adriani
1517 2256 1577 2309 ΙΙ
1613 2258 1664 2308 et
1701 2253 1828 2308 Ste-

144 2345 320 2414 phani
350 2346 463 2405 IV,
498 2348 723 2397 auctore
754 2344 1044 2400 Guillelmo
1087 2343 1494 2397 bibliothecario
1524 2359 1593 2397 em
1623 2343 1828 2396 biblio—

147 2435 294 2486 theca
324 2433 515 2488 Marci
550 2432 762 2486 Velseri
786 2430 1131 2499 Augustam.u
1159 2433 1220 2485 Β.
1252 2433 1315 2484 Ρ.
1352 2433 1422 2485 ΙΙ.
1455 2433 1581 2484 viri.

211 2520 267 2576 2.
296 2521 468 2590 Quod
497 2520 549 2575 si
584 2520 897 2591 quisquam
932 2524 1087 2589 petat
1109 2534 1221 2589 qua
1248 2520 1472 2574 ratione
1503 2519 1684 2575 editio
1712 2519 1826 2574 Mo-

148 2611 397 2682 guntina
428 2610 566 2664 anni
596 2606 737 2665 4602
765 2613 1003 2664 vocetur
1020 2608 1213 2680 prima
1244 2608 1419 2677 hujus
1450 2607 1609 2663 Libri
1634 2608 1825 2663 Ponti-

147 2700 336 2755 ﬁcalis
387 2698 595 2769 editio,
655 2711 787 2753 cum
834 2702 968 2753 ante
1016 2702 1100 2753 tot
1147 2710 1328 2752 annos
1369 2711 1499 2753 eum
1543 2697 1825 2753 edidisset

144 2788 370 2843 Crabbe
413 2787 472 2841 in
516 2787 775 2842 editione
806 2785 1204 2842 Conciliorum
1243 2784 1594 2856 Coloniensi,
1629 2784 1823 2840 facilis

146 2883 231 2931 est
248 2877 433 2945 hujus
448 2876 792 2947 quaestionis
807 2875 1130 2945 responsio,
1147 2874 1298 2945 quod
1313 2874 1594 2930 nimirum
1608 2874 1825 2931 Crabbe

149 2968 304 3022 hunc
338 2965 580 3021 Librum
624 2964 1018 3021 Pontiﬁcalem
1060 2977 1245 3034 neque
1285 2963 1595 3035 integrum,
1641 2977 1826 3034 neque

149 3071 262 3112 uno
308 3062 369 3111 et
414 3054 699 3110 continuo
732 3059 1005 3111 contextu
1048 3053 1349 3124 edidisset,
1394 3058 1565 3124 prout
1606 3067 1675 3109 ex
1714 3067 1820 3109 ms.

1943 1913 2114 1955 suum
2149 1912 2335 1969 usque
2366 1905 2587 1969 tempus
2628 1901 2855 1955 mendis
2884 1901 3130 1971 repletas
3159 1899 3359 1970 fuisse,
3393 1906 3451 1955 et
3480 1913 3607 1955 me—

1944 1988 2149 2044 liorem
2190 1988 2504 2043 editionem
2545 2003 2614 2044 ex
2659 2003 2795 2044 mss.
2833 1988 3135 2044 codicibus
3176 1990 3370 2044 curari
3420 2002 3604 2059 posse,

1944 2091 2142 2132 curam
2174 2077 2323 2132 hanc
2356 2078 2416 2133 in
2448 2092 2507 2133 se
2537 2082 2869 2148 susceperat
2897 2079 2988 2133 vir
3025 2078 3423 2148 doctissimus,
3455 2092 3608 2146 prie-

1941 2166 2208 2222 decessor
2266 2168 2554 2237 quondam
2616 2183 2794 2236 meus,
2857 2170 3038 2224 Lucas
3086 2167 3439 2238 Holstenius,
3502 2168 3604 2237 qui

1939 2255 2233 2311 Anastasii
2262 2256 2566 2312 historiam
2591 2258 2662 2313 de
2682 2256 2832 2313 Vitis
2855 2258 3243 2313 Romanorum
3268 2256 3606 2326 pontiﬁcum

1937 2343 2217 2400 editionis
2244 2346 2596 2415 Moguntinee
2621 2359 2752 2400 cum
2776 2345 3278 2415 prmstantissimis
3303 2345 3486 2400 totius
3506 2347 3609 2401 lta-

1938 2431 2031 2487 lize
2063 2446 2195 2487 mss.
2246 2433 2549 2488 codicibus
2593 2434 2861 2504 contulit,
2898 2440 2960 2489 ut
2995 2434 3153 2488 illam
3193 2434 3605 2489 correctionem

1935 2522 2498 2593 emendatioremque
2524 2523 2733 2578 ederet.
2757 2522 3196 2594 Autographum
3228 2522 3512 2577 Holstenii
3536 2535 3606 2577 ex

1936 2610 2107 2665 libris
2119 2611 2340 2667 Moroni
2356 2625 2439 2665 em
2449 2617 2606 2681 ptum
2623 2612 2682 2666 in
2697 2611 3050 2667 bibliotheca
3062 2612 3333 2667 Vaticana
3352 2612 3607 2680 reposui,

1937 2700 1998 2755 in
2037 2701 2210 2770 cujus
2245 2694 2432 2770 priino
2464 2699 2605 2757 folio
2636 2715 2808 2757 manu
2841 2700 3125 2757 Holstenii
3162 2702 3434 2757 adnotata
3468 2705 3604 2756 sunt

1937 2790 2237 2859 sequentia
2264 2808 2275 2843 :
2307 2791 2436 2845 «.De
2464 2804 2599 2845 mss.
2623 2790 2947 2857 codicibus,
2970 2790 3038 2845 ad
3064 2804 3210 2862 quos
3230 2790 3603 2846 Anastasium

1936 2878 2315 2934 contulimus.
2337 2878 2473 2947 Qute
2497 2892 2530 2934 a
2556 2880 2849 2949 principio
2877 2879 3016 2935 libri
3041 2893 3223 2949 usque
3242 2881 3311 2935 ad
3338 2881 3603 2951 paginam

1935 2963 2008 3021 53
2025 2971 2346 3022 atramento
2368 2973 2562 3022 notata
2583 2974 2720 3023 sunt
2745 2967 2803 3022 in
2830 2969 3108 3039 margine,
3130 2968 3305 3027 variae
3327 2967 3604 3023 lectiones

1937 3060 2074 3111 sunt
2093 3070 2160 3110 ex
2181 3056 2379 3111 codice
2397 3070 2500 3111 ms.
2527 3057 2819 3123 Vaticano,
2839 3057 2941 3127 qui
2962 3056 3076 3112 fuit
3092 3057 3241 3112 sacri
3267 3056 3601 3111 monasterii

148 3145 351 3200 codice
392 3144 573 3198 Marci
616 3142 835 3198 Velseri
876 3143 1177 3198 triumviri
1211 3140 1538 3214 Augustani
1582 3142 1819 3212 prodiit,
1854 3166 1902 3226 υ
1934 3143 2287 3214 Casinensis,
2323 3145 2409 3200 vel
2443 3159 2511 3201 ex
2552 3146 2885 3201 sanctuario
2919 3145 3262 3216 Mombritii,
3304 3145 3390 3200 vel
3429 3145 3603 3203 etiam

148 3234 351 3290 addito
400 3233 641 3289 nomine
694 3233 975 3302 auctoris,
1030 3233 1135 3304 qui
1192 3231 1536 3287 Anastasius
1593 3231 1824 3288 Biblio—

148 3322 453 3378 thecarius
514 3323 890 3393 supponitur,
952 3320 1061 3377 sub
1110 3333 1226 3392 quo
1287 3320 1520 3376 nomine
1570 3319 1821 3378 Annibal

150 3411 462 3467 Fabrottus
504 3424 659 3466 anno
702 3406 843 3466 4648
890 3410 948 3465 in
995 3409 1096 3466 fol.
1147 3409 1300 3479 typis
1341 3409 1519 3480 regiis
1559 3409 1821 3465 eumdem

150 3500 387 3555 Librum
413 3498 811 3555 Pontificalem
832 3498 1161 3555 ediditcum
1184 3498 1476 3569 plerisque
1495 3498 1678 3553 variis
1699 3498 1823 3553 lec—

152 3588 438 3658 tionibus,
456 3602 601 3659 quas
612 3601 681 3643 ex
692 3587 875 3643 variis
890 3601 1024 3641 mss.
1038 3586 1340 3642 codicibus
1352 3587 1685 3656 desumptas
1697 3600 1823 3656 ope-

155 3678 200 3731 ri
220 3677 497 3746 subjecit.
521 3677 603 3732 Ac
627 3676 814 3746 primo
830 3676 1063 3747 quidem
1089 3689 1158 3731 ex
1178 3674 1339 3730 binis
1362 3688 1497 3729 mss.
1522 3674 1824 3730 codicibus

153 3766 489 3837 Marquardi
519 3766 777 3831 Freheri,
813 3779 1058 3836 quorum
1087 3765 1234 3819 alter
1258 3764 1316 3818 in
1350 3764 1535 3818 Leone
1561 3765 1646 3832 1V,
1682 3763 1828 3818 alter

156 3857 211 3909 in
240 3856 539 3926 Stephano
575 3856 664 3926 VI,
696 3854 935 3910 desinit.
984 3854 1204 3910 Deinde
1243 3852 1512 3923 adjungit
1541 3851 1689 3907 alias
1725 3864 1830 3905 va-

154 3946 374 4000 riantes
394 3944 672 3999 lectiones
687 3957 759 3999 ex
779 3942 1008 3999 duobus
1026 3941 1350 4011 codicibus,
1373 3941 1531 4012 regio
1548 3941 1827 3995 nimirum

151 4043 206 4092 et
224 4033 550 4102 Mazarino,
576 4046 824 4105 quorum
848 4032 1096 4089 ultimus
1118 4031 1272 4088 hunc
1296 4030 1532 4085 titulum
1562 4027 1824 4099 praefert:

152 4126 356 4193 Incipit
408 4123 586 4177 Series
643 4123 965 4190 Pontiﬁcum
1020 4124 1410 4181 Romanorum,
1461 4121 1558 4189 qui
1598 4120 1661 4172 in
1704 4118 1829 4173 sede

152 4215 209 4269 Β.
238 4214 397 4268 Petri
417 4211 655 4282 apostoli
677 4212 748 4264 ab
768 4213 886 4279 ipso
914 4225 1086 4279 usque
1107 4209 1183 4263 ad
1201 4210 1298 4264 hoc
1319 4214 1526 4277 tempus
1546 4208 1823 4262 sederunt.

152 4302 350 4358 Refert
377 4308 573 4357 autem
609 4301 763 4356 inter
793 4300 910 4355 alia
944 4313 1013 4355 ex
1046 4299 1137 4354 his
1161 4299 1392 4354 duobus
1430 4296 1734 4355 codicibus
1767 4298 1826 4352 in

151 4392 449 4462 Sylvestro
484 4388 870 4461 fragmentum
910 4388 1249 4445 donationis
1277 4386 1646 4442 Constantini
1684 4385 1828 4441 satis

152 4482 437 4551 amplum,
465 4479 619 4549 quod
646 4479 705 4534 in
730 4477 913 4533 nullis
934 4477 1074 4532 aliis
1099 4477 1255 4532 Libri
1282 4475 1639 4532 Pontiﬁcalis
1660 4476 1830 4531 codi—

151 4570 327 4625 cibus
356 4569 663 4639 hucusque
691 4567 899 4637 reperi.
927 4566 1089 4622 Unde
1118 4566 1338 4634 conjeci
1371 4565 1586 4620 librum
1612 4566 1671 4620 in
1704 4564 1830 4620 illis

152 4658 465 4715 codicibus
487 4656 899 4727 interpolatum
919 4669 1064 4725 esse,
1089 4668 1301 4725 eosque
1324 4654 1630 4710 recentiori
1658 4668 1832 4710 manu

153 4747 525 4816 conscriptos
545 4744 770 4815 fuisse;
798 4758 911 4815 qua
934 4745 993 4798 in
1024 4757 1083 4799 re
1104 4743 1478 4799 conﬁrmatus
1508 4757 1635 4798 sum
1663 4755 1731 4797 ex
1756 4741 1831 4797 iis

154 4852 284 4907 quae
315 4834 573 4889 Annibal
605 4834 909 4890 Fabrottus
930 4833 1231 4889 adnotavit
1250 4832 1405 4888 circa
1430 4832 1597 4888 finem
1628 4829 1832 4886 harum

154 4926 483 4981 lectionum
529 4923 602 4979 de
648 4925 1038 4979 Romanorum
1090 4921 1425 4992 pontiﬁcum
1475 4919 1645 4988 Vitis,
1690 4933 1833 4988 quas

153 5015 463 5071 continent
504 5028 675 5082 usque
706 5012 781 5066 ad
809 5014 1115 5067 Martinum
1154 5013 1215 5067 V.
1250 5010 1566 5081 Antiquior
1596 5007 1836 5078 proinde

152 5111 242 5160 est
273 5103 460 5159 codex
500 5102 803 5171 Thuanus,
840 5103 1011 5172 cujus
1045 5101 1336 5156 variantes
1373 5098 1651 5155 lectiones
1684 5111 1835 5168 prte-

152 5194 340 5251 dictis
370 5191 623 5262 subjecit
651 5205 785 5248 cum
818 5191 925 5247 hoc
964 5189 1185 5249 codicis
1218 5187 1393 5247 titulo
1427 5206 1438 5241 :
1468 5188 1669 5258 Incipit
1703 5187 1837 5242 liber

156 5281 528 5354 Episwpalis,
576 5283 637 5336 in
678 5296 787 5351 quo
829 5281 1177 5337 continentur
1223 5277 1365 5334 Acta
1407 5278 1487 5352 Β.⁸
1518 5277 1836 5347 Pontificum

162 5374 328 5431 Urbis
359 5373 558 5429 Romae.
594 5369 845 5427 Mutilus
874 5372 963 5426 est
990 5373 1047 5428 et
1075 5366 1296 5425 desinit
1332 5364 1391 5425 in
1424 5363 1709 5436 Stephano
1746 5366 1834 5441 ιν,

160 5468 224 5520 ut
249 5458 506 5517 Annibal
532 5459 845 5516 Fabrottus
872 5456 1085 5519 fatetur
1108 5457 1166 5513 in
1197 5454 1327 5524 fine,
1363 5453 1632 5525 praefatus
1665 5453 1838 5513 initio

156 5564 398 5622 operum
422 5546 749 5617 Anastasii,
772 5544 930 5604 hunc
945 5544 1182 5603 Librum
1204 5542 1593 5601 Pontiﬁcalem
1614 5540 1838 5603 mendis

160 5648 401 5699 scatere.
422 5660 445 5695 ‹‹
468 5638 790 5699 Auctorem
808 5635 964 5695 hunc
983 5634 1205 5695 mendis
1227 5638 1445 5691 scatere
1456 5646 1568 5693 non
1584 5633 1834 5705 inﬁcior,

1936 3231 2273 3288 collectione
2302 3232 2594 3289 Canonum
2626 3233 2883 3289 Anselmi
2917 3234 3213 3304 Lucensis,
3237 3247 3366 3304 qute
3393 3247 3605 3288 manu—

1936 3322 2150 3391 scripta
2167 3328 2352 3377 exstat
2369 3324 2426 3377 in
2443 3323 2797 3379 bibliotheca
2813 3323 3265 3379 eminentissimi
3285 3319 3605 3377 cardinalis

1935 3410 2253 3468 Barberini.
2300 3412 2435 3481 Quae
2475 3412 2658 3469 minio
2701 3416 2895 3468 notata
2926 3426 2958 3468 a
2992 3412 3284 3481 principio
3319 3424 3503 3481 usque
3533 3410 3600 3465 ad

1934 3500 2185 3555 eamdem
2230 3501 2494 3572 paginam
2539 3498 2628 3569 53,
2681 3505 2820 3556 sunt
2861 3500 3035 3555 varia:
3080 3500 3355 3554 lectiones
3398 3498 3604 3567 Optimi

1935 3589 2156 3643 codicis
2187 3589 2568 3657 manuscripti
2601 3588 2945 3657 Florentini,
2974 3602 3043 3643 ex
3066 3586 3423 3643 bibliotheca
3459 3599 3608 3641 con-

1937 3681 2143 3731 ventus
2162 3677 2214 3731 S.
2242 3676 2439 3730 Marci.
2465 3676 2602 3730 Inde
2626 3676 2835 3745 pagina
2854 3672 2926 3729 54
2950 3675 3245 3743 incipiunt
3265 3673 3607 3728 collationes

1940 3777 2045 3818 ms.
2071 3762 2403 3818 Farnesiani
2427 3762 2666 3830 scriptis
2690 3761 2907 3816 litteris
2930 3762 3038 3831 maj
3050 3760 3292 3829 usculis,
3318 3775 3431 3830 quo
3454 3759 3606 3815 nihil

1938 3851 2247 3921 antiquius
2270 3856 2495 3905 exstare
2524 3856 2662 3919 puto
2693 3849 2752 3904 in
2784 3849 2891 3904 hoc
2914 3862 3137 3921 genere,
3167 3855 3222 3904 et
3247 3850 3425 3905 codex
3452 3849 3603 3905 haud

1939 3938 2117 3995 dubie
2143 3944 2274 3993 ante
2301 3943 2497 3993 natum
2524 3937 2891 3993 Anastasium
2921 3937 3176 4007 scriptus
3202 3938 3333 4009 fuit,
3363 3938 3447 3994 vel
3471 3951 3608 3993 sane

1941 4043 2006 4084 eo
2036 4032 2289 4098 tempore
2316 4041 2429 4097 quo
2454 4027 2579 4096 ipse
2607 4026 2949 4083 Anastasius
2977 4027 3144 4082 vixit.
3177 4028 3246 4082 Et
3268 4027 3406 4097 quia
3433 4026 3607 4082 colla-

1943 4117 2130 4172 tiones
2163 4116 2493 4171 Farnesiani
2525 4114 2745 4171 codicis
2778 4116 2962 4171 minio
2992 4116 3224 4186 scripta:
3251 4122 3390 4172 sunt
3418 4130 3606 4187 usque

1940 4207 2010 4262 ad
2052 4205 2319 4277 paginam
2366 4202 2455 4268 63,
2504 4204 2613 4260 hoc
2651 4209 2738 4260 est
2780 4218 2964 4274 usque
3004 4205 3074 4260 ad
3115 4204 3476 4262 Bonifacium
3515 4206 3605 4276 1V,

1944 4295 2163 4351 idcirco
2176 4296 2242 4350 ad
2258 4292 2736 4365 distinguendum
2755 4294 3021 4349 codicum
3039 4293 3397 4350 diversorum
3414 4295 3610 4351 lectio-

1943 4400 2064 4455 nes,
2103 4402 2135 4440 a
2176 4383 2383 4454 pagina
2425 4380 2497 4439 54
2544 4397 2727 4453 usque
2769 4383 2839 4438 ad
2884 4379 2954 4439 64
2993 4382 3333 4439 collationes
3374 4382 3606 4439 Codicis

1943 4474 2260 4530 Florentini
2289 4478 2608 4528 atramento
2633 4472 2847 4528 notavi.
2876 4472 3013 4527 Inde
3037 4485 3069 4527 a
3091 4473 3299 4544 pagina
3329 4471 3399 4529 63
3423 4484 3608 4543 usque
3700 4522 3708 4531 .

1945 4564 2013 4620 ad
2034 4559 2171 4618 72...
2198 4562 2267 4617 ad
2297 4562 2481 4617 Vitam
2503 4562 2555 4617 S.
2583 4562 2849 4633 Eugenii,
2882 4562 3243 4618 Farnesiana:
3266 4561 3606 4625 collationes

1942 4658 2281 4719 atramento,
2344 4651 2694 4707 Florentium
2725 4652 2908 4707 minio
2939 4657 3146 4708 notatae
3189 4658 3345 4709 sunt.
3391 4654 3605 4708 Iterum

1944 4755 1977 4797 a
2007 4742 2216 4814 pagina
2234 4736 2307 4795 72
2332 4754 2515 4811 usque
2547 4741 2617 4795 ad
2652 4742 2917 4813 paginam
2952 4737 3074 4813 407,
3106 4741 3204 4797 ubi
3244 4740 3454 4809 incipit
3479 4740 3607 4795 Vita

1944 4829 2232 4886 Zacharia:
2254 4830 2377 4901 PP.,
2401 4830 2745 4886 Farnesiana
2767 4829 2971 4890 minio.
2990 4829 3425 4885 Florentiniana
3446 4832 3607 4880 atra—

1947 4924 2135 4976 mento
2164 4918 2372 4975 collata
2404 4923 2562 4977 sunt.
2594 4920 2724 4990 Pag.
2762 4914 2863 4974 407
2895 4917 3024 4972 Vita
3060 4917 3346 4971 Zachariae
3378 4914 3439 4968 in
3464 4914 3609 4968 Far-

1947 5010 2184 5067 nesiano
2202 5009 2589 5079 desideratur,
2612 5007 2951 5064 collationes
2968 5019 3036 5060 ex
3055 5004 3388 5059 Florentino
3409 5004 3608 5059 codice

1948 5102 2131 5156 minio
2162 5105 2373 5156 notatae
2402 5103 2540 5154 sunt
2572 5108 2757 5167 usque
2786 5094 2858 5149 ad
2894 5093 3157 5163 paginam
3193 5087 3315 5161 415,
3351 5091 3452 5147 ubi
3485 5093 3609 5148 Far-

1948 5190 2225 5246 nesianus
2280 5186 2491 5241 iterum
2550 5182 2783 5252 incipit.
2842 5180 2948 5236 Ubi
3000 5181 3210 5237 iterum
3264 5180 3609 5237 Florentium

1949 5278 2226 5335 lectiones
2249 5276 2573 5331 atramento
2599 5273 2875 5327 notantur
2898 5280 3078 5338 usque
3098 5268 3167 5325 ad
3192 5269 3459 5342 paginam
3486 5268 3607 5345 436,

1952 5366 2085 5425 inde
2128 5360 2308 5423 rubro
2349 5371 2532 5427 usque
2578 5356 2648 5417 ad
2694 5355 2935 5413 mediam
2986 5356 3253 5428 paginam
3305 5355 3427 5419 438.
3476 5359 3610 5415 Inde

1949 5454 2102 5511 enim
2119 5453 2330 5510 iterum
2343 5452 2662 5504 atramento
2683 5449 2956 5503 notantur
2970 5447 3234 5516 usquead
3252 5448 3608 5519 principium

1953 5543 2175 5616 paginae
2209 5534 2332 5606 443,
2368 5548 2495 5589 nam
2538 5533 2673 5591 inde
2706 5546 2889 5605 usque
2925 5533 2994 5591 ad
3032 5535 3299 5605 paginam
3341 5532 3445 5593 458
3473 5536 3612 5593 Ριοη

1955 5629 2170 5691 reutini
2202 5624 2424 5685 codicis
2456 5622 2729 5681 lectiones
2763 5623 3069 5695 signantur
3102 5623 3305 5697 rubro,
3330 5630 3506 5697 atque
3527 5621 3611 5677 ibi
