3950 6410
391 391 485 448 494
1176 396 1268 450 AD
1305 396 1738 452 ANASTASIUM
1779 397 2295 454 PROLEGOMENA
2332 400 2505 454 EDlT.
2574 396 3015 453 ROM.-VATIC.
3697 387 3790 444 492

390 518 450 574 ἱη
473 519 600 574 Vita
623 519 861 574 Adriani
887 518 1122 574 desinit.
1149 517 1334 574 Habui
1356 520 1562 575 deinde
1584 519 1762 574 alium
1785 517 2038 572 codicem
2069 517 2124 576 A
2155 531 2279 586 qua:
2310 517 2376 572 ad
2408 531 2523 572 rem
2556 523 2808 572 nostram
2839 516 3020 587 magis
3047 515 3287 571 faciunt.
3316 515 3394 572 Ac
3417 515 3562 571 illud
3598 515 3657 570 in
3689 515 3792 584 pri-

390 608 844 676 manuscriptum
897 607 1388 678 Longobardicum
1429 608 1926 678 antiquissimum,
1972 620 2040 660 ex

386 695 576 748 eadem
618 694 969 750 bibliotheca
1003 704 1317 751 conventus
1345 697 1400 751 S.
1435 696 1630 765 Marci,
1663 696 1842 750 multo
1872 701 2042 749 vetu—

387 780 620 835 stiorem
650 782 859 852 priore,
887 783 1014 852 ejus
1041 783 1318 838 lectiones
1347 791 1664 838 atramento
1696 783 1908 848 notavi,
1939 781 2037 836 ubi

383 881 512 922 cum
555 869 901 925 Farnesiano
947 875 1002 925 et
1049 871 1377 926 Florentino
1425 872 1712 940 convenit,
1765 869 2040 925 lectiones

383 955 672 1012 dictorum
705 957 968 1013 codicum
1011 957 1160 1014 linea
1203 960 1368 1027 nigra
1401 958 1674 1028 subduxi,
1720 973 1831 1028 qua
1865 957 2040 1024 hujus

383 1043 592 1112 optimi
618 1045 838 1100 codicis
868 1060 1182 1102 consensus
1209 1054 1477 1102 notatur:
1506 1049 1600 1102 sed
1627 1047 1723 1102 ubi
1751 1047 2039 1116 peculiare

386 1132 527 1201 quid
556 1131 744 1202 habet,
783 1139 1100 1190 atramento
1129 1136 1376 1206 signavi,
1411 1136 1675 1205 opposita
1701 1139 1840 1189 nota
1871 1135 1949 1189 Fl.
1978 1132 2032 1200 2,

386 1220 494 1274 hoc
523 1227 608 1274 est
648 1220 1017 1278 Florentinus
1055 1224 1230 1278 codex
1271 1221 1326 1278 2.
1367 1225 1594 1278 Desinit
1638 1230 1829 1278 nutem
1861 1223 2037 1277 codex

386 1309 496 1363 iste
531 1309 590 1364 in
630 1310 810 1364 Leone
859 1312 924 1378 ll,
974 1325 1099 1382 pag.
1140 1310 1228 1367 80.
1286 1313 1558 1369 Praeterea
1607 1312 1850 1367 mutilus
1890 1317 1975 1366 est
2005 1326 2037 1366 a

385 1409 509 1465 pag.
543 1393 613 1452 47
647 1411 830 1468 usque
867 1399 936 1454 ad
967 1414 1090 1470 pag.
1126 1399 1216 1456 58.
1248 1403 1386 1457 Cum
1428 1401 1533 1456 hoc
1566 1401 1764 1456 codice
1798 1400 2039 1455 Floren-

381 1484 508 1541 tino
535 1483 572 1540 2
599 1486 657 1540 in
688 1487 960 1543 omnibus
987 1488 1162 1544 ferme
1189 1490 1478 1544 consentit
1502 1491 1626 1544 cod.
1665 1490 1838 1544 Vatic.
1871 1487 2031 1556 5269,

383 1573 484 1642 qui
515 1573 733 1630 desinit
765 1575 822 1630 in
854 1575 1130 1647 Gregorio
1160 1579 1227 1632 ll.
1264 1579 1447 1647 Hujus
1479 1578 1696 1634 codicis
1725 1585 1870 1634 notae
1900 1588 2038 1634 sunt

380 1661 563 1716 Vatic.
598 1662 805 1717 minor.
841 1664 926 1719 vel
963 1665 1019 1719 V.
1059 1667 1131 1719 Μ.
1167 1684 1193 1714 »

452 1743 504 1801 4.
529 1747 806 1804 Fideliter
827 1751 1126 1822 hucusque
1151 1754 1320 1810 retuli
1347 1769 1471 1824 quae
1495 1756 1678 1810 Lucas
1703 1755 2034 1810 llolstenius

379 1833 554 1890 initio
585 1837 900 1908 adnotavit,
932 1853 999 1894 ex
1035 1855 1149 1910 quo
1181 1854 1346 1897 nemo
1374 1856 1482 1897 non
1511 1843 1666 1897 videt
1707 1856 1874 1912 quam
1917 1843 2034 1896 im—

379 1924 560 1978 mensi
593 1923 808 1981 laboris
845 1942 992 1998 opus
1029 1929 1120 1984 vir
1155 1939 1366 1986 aeterna
1407 1932 1681 1987 memoria
1711 1932 1927 2003 dignus
1963 1945 2034 1986 ex

378 2014 874 2080 praestantissimis
911 2017 1216 2088 Vaticanae,
1252 2019 1458 2090 Regiae,
1495 2021 1551 2073 S.
1585 2021 1758 2074 Marci
1794 2019 2035 2075 Floren-

376 2097 532 2168 tinae,
600 2101 950 2172 Casinensis,
1010 2113 1067 2161 et
1127 2106 1487 2163 Farnesiana:
1550 2107 2030 2163 bibliothecarum

375 2187 676 2245 codicibus
725 2191 1100 2261 inchoaverit,
1153 2203 1208 2250 et
1254 2203 1436 2251 morte
1496 2202 1816 2264 praeventus
1865 2195 2032 2250 nobis

376 2273 774 2343 imperfectum
837 2279 1164 2348 reliquerit,
1217 2295 1287 2334 ex
1337 2296 1470 2349 quo,
1523 2295 1593 2335 ne
1631 2287 1829 2335 tantus
1873 2279 2034 2336 labor

376 2369 586 2430 pereat,
603 2371 732 2432 post
745 2363 1372 2422 hancdissertationem
1385 2368 1619 2422 Librum
1645 2368 2030 2422 Pontiﬁcalem

373 2460 406 2501 a
422 2448 480 2502 B.
504 2450 668 2505 Petro
690 2465 873 2520 usque
894 2454 962 2507 ad
992 2453 1232 2508 Felicem
1262 2460 1530 2523 quartum
1552 2455 1808 2521 edemus,
1829 2459 2032 2507 caetera

377 2533 770 2604 relinquentes
793 2539 870 2592 iis
893 2540 993 2608 qui
1022 2540 1246 2610 integro
1273 2541 1442 2596 Libro
1465 2540 1788 2595 Pontiﬁcali
1815 2539 2032 2595 edendo

374 2621 634 2676 animum
662 2624 988 2681 intendunt.
1022 2627 1167 2681 Sunt
1199 2629 1351 2682 enim
1379 2628 1706 2697 complures
1737 2633 1863 2698 post
1893 2627 2032 2682 Feli-

375 2721 494 2763 cem
529 2717 798 2780 quartum
839 2713 1134 2780 lectiones,
1170 2730 1296 2786 qua:
1327 2717 1396 2771 ad
1449 2717 1854 2788 corrigendum
1885 2729 2032 2786 Opus

377 2795 523 2852 illud
549 2796 733 2854 facere
763 2810 1022 2868 possunt.
1052 2804 1196 2858 Sunt
1218 2804 1390 2859 etiam
1424 2806 1682 2874 qumdam
1715 2803 2030 2874 fragmenta

375 2885 435 2940 in
469 2886 595 2940 Vita
621 2887 807 2959 Sergii
841 2891 1104 2958 secundi,
1138 2907 1264 2962 qua:
1297 2908 1364 2949 ex
1395 2893 1810 2963 antiquissimo
1835 2892 2030 2947 codice

373 2975 720 3032 Farnesiano
753 2978 811 3032 in
839 2978 950 3033 ﬁne
983 2981 1204 3050 retulit,
1239 2997 1307 3036 ex
1337 2983 1553 3052 quibus
1584 2997 1684 3052 pro
1717 2981 2031 3050 specimine

373 3064 674 3132 sequentia
703 3064 1026 3123 referimus.
1061 3071 1122 3123 In
1152 3071 1281 3125 Vita
1313 3084 1558 3140 namque
1585 3071 1768 3141 Sergii
1804 3072 1868 3140 ll,
1904 3076 2030 3138 post

2156 605 2264 658 mis
2301 611 2498 661 notatu
2531 606 2770 676 dignum
2806 605 3097 669 ducimus,
3140 603 3372 658 Librum
3411 603 3788 658 Pontiﬁcalem

2152 692 2304 747 ultra
2346 695 2680 762 pontiﬁcum
2720 701 2858 748 Acta
2891 707 2922 748 a
2955 693 3206 748 secundo
3244 691 3502 762 catalogo
3541 691 3792 746 exhibita

2151 783 2444 837 continere
2469 782 2810 852 quamplura
2840 781 2975 846 alia,
3006 787 3069 836 ut
3097 781 3248 836 inter
3271 780 3387 835 alia
3414 781 3608 834 videre
3628 785 3714 834 est
3737 779 3792 832 in

2148 869 2452 937 Clemente,
2501 870 2764 925 Cornelio
2812 876 2869 924 et
2910 868 3176 924 Marcello
3229 867 3616 938 pontificibus.
3666 867 3794 936 Quae

2148 963 2336 1011 autem
2355 957 2412 1011 in
2424 957 2710 1026 Sylvestro
2727 957 3039 1023 adduntur,
3063 956 3228 1026 longe
3246 954 3464 1010 clarius
3482 959 3796 1010 monstrant

2151 1045 2207 1100 id
2249 1046 2400 1114 quod
2435 1045 2788 1114 probandum
2829 1045 3212 1114 suscepimus.
3247 1045 3384 1098 Acta
3413 1043 3566 1098 enim
3597 1043 3652 1096 S.
3685 1041 3796 1111 Syl-

2147 1133 2322 1188 vestri
2354 1140 2492 1188 sunt
2519 1133 2694 1202 triplo
2719 1133 3021 1202 ampliora,
3052 1145 3222 1202 quam
3253 1131 3356 1185 illa
3377 1143 3504 1200 qua}
3532 1129 3798 1184 exhiben-

2147 1225 2244 1276 tur
2266 1234 2299 1275 a
2323 1221 2576 1277 secundo
2607 1221 2886 1291 catalogo.
2919 1219 3264 1275 Consistunt
3291 1224 3481 1274 autem
3515 1216 3796 1286 praecipue

2149 1308 2207 1362 in
2251 1309 2666 1364 donationibus
2713 1309 2847 1378 piis,
2892 1321 3037 1378 quas
3072 1306 3487 1362 Constantinus
3528 1303 3666 1360 fecit
3699 1317 3796 1374 pro

2145 1396 2316 1452 Urbis
2345 1403 2401 1453 et
2431 1398 2553 1468 agri
2593 1397 2913 1452 suburbani
2952 1395 3235 1452 ecclesiis.
3281 1395 3414 1448 Post
3447 1391 3794 1463 Sylvestrum

2148 1485 2476 1556 frequenter
2499 1485 2696 1540 addita
2727 1491 2864 1540 sunt
2883 1485 2953 1540 ab
2978 1491 3212 1539 auctore
3239 1481 3394 1537 Libri
3423 1479 3794 1548 Pontiﬁcalis,

2147 1590 2273 1646 qua:
2293 1588 2325 1629 a
2351 1573 2726 1643 pontiﬁcibus
2759 1573 3027 1629 Romanis
3051 1572 3242 1627 oblata
3273 1574 3413 1626 sunt
3440 1569 3612 1624 Urbis
3631 1567 3801 1624 eccle

2146 1664 2254 1718 siis
2289 1670 2345 1718 et
2377 1662 2662 1718 basilicis.
2705 1662 2798 1716 Sic
2845 1663 2902 1716 in
2942 1663 3185 1715 Damaso
3231 1672 3394 1729 papa,
3443 1657 3796 1725 Innocentio,

2145 1751 2439 1807 Bonifacio
2481 1753 2520 1820 l,
2565 1750 2727 1805 Sixto
2767 1752 2858 1816 Ill,
2902 1751 3084 1805 Leone
3122 1751 3166 1818 l,
3216 1746 3430 1816 Hilaro,
3471 1744 3798 1815 Simplicio,

2066 1831 2111 1895 Β
2143 1840 2476 1910 Symmacho
2513 1844 2570 1892 et
2609 1838 2856 1908 reliquis
2898 1835 3272 1907 pontiﬁcibus
3310 1834 3637 1890 eorumdem
3679 1845 3803 1886 suc-

2143 1928 2493 1998 cessoribus,
2512 1934 2578 1982 ut
2595 1927 2844 1998 quisque
2865 1941 2934 1982 ex
2959 1927 3082 1996 ipso
3101 1924 3270 1981 Libro
3287 1921 3611 1979 Pontiﬁcali
3631 1919 3802 1976 facile

2144 2016 2381 2071 videbit.

2215 2105 2266 2161 6.
2323 2107 2532 2160 Przeter
2567 2105 2910 2161 donationes
2963 2118 3094 2158 vero
3137 2103 3194 2158 in
3251 2101 3420 2157 Libro
3473 2095 3800 2154 Pontiﬁcali

2143 2195 2513 2249 continentur
2553 2193 2719 2262 plura
2763 2200 3077 2262 martyrum
3115 2193 3274 2259 Acta,
3319 2191 3469 2244 inter
3499 2201 3626 2257 quae
3666 2186 3804 2240 licet

2143 2280 2421 2335 nonnulla
2449 2281 2823 2349 supposititia
2855 2281 2994 2344 sint,
3023 2279 3261 2347 antiqua
3294 2283 3478 2332 tamen
3511 2281 3567 2329 et
3594 2272 3804 2343 primis

2142 2366 2406 2421 Ecclesia:
2425 2366 2653 2420 saeculis
2671 2367 2992 2434 conscripta
3013 2365 3298 2418 videntur.
3320 2365 3413 2418 Sic
3435 2364 3492 2418 in
3513 2361 3806 2416 Clemente

2142 2455 2358 2508 citatur
2378 2454 2608 2522 quidem
2635 2453 2880 2521 epistola
2905 2454 3030 2520 ejus
3049 2451 3117 2505 ad
3137 2451 3431 2518 Jacobum,
3461 2451 3560 2504 illa
3581 2456 3804 2514 tamen,

2144 2541 2278 2594 licet
2301 2540 2607 2594 Clementis
2637 2553 2748 2595 non
2777 2541 2874 2606 sit,
2902 2541 2954 2594 ei
2977 2544 3107 2594 ante
3139 2538 3369 2592 Eusebii
3399 2545 3652 2605 tempora
3686 2537 3810 2592 tri-

2144 2627 2281 2683 buta
2321 2626 2454 2682 fuit.
2505 2631 2565 2683 In
2610 2627 2942 2682 Marcellino
2987 2627 3200 2681 mentio
3249 2625 3312 2680 ﬁt
3350 2625 3475 2693 ejus
3516 2623 3719 2692 lapsus
3752 2629 3808 2679 et

2147 2717 2516 2787 poenitentiae,
2559 2731 2685 2788 qua:
2721 2717 2983 2786 quamvis
3021 2716 3321 2784 desumpta
3361 2713 3481 2768 sint
3525 2726 3594 2768 ex
3637 2713 3809 2768 Actis

2142 2805 2578 2874 antiquissimis
2628 2803 2866 2861 concilii
2897 2803 3254 2871 Sinvessani,
3295 2805 3433 2857 Acta
3467 2807 3655 2856 tamen
3700 2800 3806 2856 illa

2140 2899 2272 2948 ante
2291 2895 2496 2950 Isidori
2515 2894 2847 2950 Mercatoris
2863 2899 3081 2948 aetatem
3100 2892 3440 2948 concinnata
3457 2889 3717 2945 fuerunt.
3741 2891 3804 2944 In

2139 2983 2387 3038 Eusebio
2427 2985 2640 3039 mentio
2672 2983 2734 3038 ﬁt
2765 2982 3120 3037 inventionis
3160 2985 3370 3036 sancta:
3399 2979 3591 3034 crucis
3623 2989 3804 3047 opera

2137 3071 2360 3141 Cyriaci
2390 3073 2592 3143 Judaei,
2623 3086 2754 3147 qua:
2801 3071 2936 3126 licet
2977 3072 3278 3138 desumpta
3321 3068 3442 3124 sint
3471 3080 3539 3122 ex
3571 3067 3740 3120 Actis
3771 3079 3804 3120 a

375 3151 477 3206 illa
507 3152 674 3206 verba
708 3171 720 3208 :
758 3174 785 3205 «
817 3155 976 3223 Quod
1011 3157 1210 3213 nullus
1243 3159 1580 3228 pontiﬁcum
1615 3173 1714 3228 per
1743 3166 1828 3214 tot
1856 3173 2029 3214 anno-
2060 3147 2109 3208 C
2139 3160 2366 3216 Gelasio
2392 3174 2532 3230 papa
2556 3161 2802 3230 rejectis,
2825 3160 3040 3216 Gelasii
3066 3167 3252 3214 tamen
3275 3162 3438 3212 aetate
3460 3155 3802 3224 antiquiora

372 3253 500 3294 rum
538 3240 832 3297 curricula
871 3243 938 3298 ad
984 3246 1131 3300 tanti
1169 3247 1395 3303 decoris
1433 3248 1676 3316 speciem
1719 3248 2027 3317 perducere

371 3327 690 3384 arbitratus
721 3336 822 3384 est.
853 3349 880 3380 »
909 3333 1184 3402 Sequitur
1216 3334 1275 3390 in
1307 3349 1410 3389 ms.
1445 3337 1790 3391 Farnesiano
1817 3353 1829 3388 :
1864 3358 1888 3386 α
1922 3337 2026 3390 Hic

370 3417 777 3473 sanctissimus
791 3421 998 3489 praesul
1019 3420 1278 3493 formam,
1303 3439 1429 3494 quae
1449 3425 1606 3480 .lovia
1625 3431 1878 3495 vocatur,
1901 3439 2026 3495 qua:

372 3518 470 3573 per
489 3506 716 3561 evoluta
743 3521 1026 3564 annorum
1051 3512 1240 3580 Spatia
1269 3512 1544 3568 demolita
1569 3520 1740 3583 atque
1770 3527 1802 3568 a
1833 3513 2025 3568 ruinis

369 3592 536 3660 plena
565 3595 866 3666 existebat,
903 3599 1284 3669 prospiciens,
1318 3601 1472 3656 sicut
1502 3601 1786 3672 benignus
1815 3608 1872 3658 et
1893 3603 2027 3672 pius

369 3687 564 3750 pastor
605 3696 638 3737 a
681 3685 904 3740 noviter
955 3700 1077 3742 eam
1125 3690 1474 3744 restauravit
1521 3709 1532 3744 :
1581 3697 1638 3745 et
1682 3697 1836 3746 tanta
1876 3705 2024 3761 aqua

366 3767 726 3826 abundanter
777 3773 1083 3843 praefulsit,
1137 3790 1249 3846 qua
1307 3792 1446 3846 pene
1502 3784 1677 3833 totam
1730 3779 2021 3834 civitatem

369 3857 621 3913 satiavit.
668 3861 850 3930 Hujus
887 3864 1244 3933 temporibus
1284 3867 1520 3932 ﬂuvius,
1560 3867 1662 3937 qui
1701 3869 2025 3938 appellatur

367 3943 614 4013 Tiberis,
640 3947 858 4003 alveum
888 3965 1053 4005 suum
1082 3964 1346 4022 egressus
1370 3962 1455 4010 est
1477 3962 1533 4010 et
1560 3970 1658 4024 per
1681 3957 2025 4025 campestria

368 4030 548 4085 dedit.
565 4033 1010 4090 lntimuitetiam
1027 4037 1694 4112 inundationeaquarum
1713 4043 2024 4098 multarum

370 4132 472 4188 per
498 4119 701 4176 indict.
723 4129 972 4178 octavam
996 4128 1208 4183 mensis
1230 4129 1564 4184 Novembris
1584 4130 1680 4184 die
1701 4143 1848 4198 xxii,
1874 4132 2022 4198 quod

369 4207 644 4301 agebatur
662 4211 966 4268 Sabbatum
991 4216 1212 4270 Natalis
1233 4224 1442 4271 sancta:
1467 4217 1712 4270 Caecilia:
1736 4219 2024 4301 martyris,

369 4304 424 4351 et
443 4297 736 4369 ingressus
751 4308 835 4355 est
849 4315 946 4370 per
960 4304 1308 4371 posterulam
1325 4319 1450 4372 qua:
1467 4303 1792 4372 appellatur
1809 4297 2027 4361 Sanctae

365 4385 619 4456 Agathae,
686 4389 743 4442 in
799 4390 1108 4444 Romanam
1167 4389 1389 4458 urbem,
1443 4391 1580 4446 hora
1641 4390 1826 4459 prima
1881 4393 2022 4449 diei.

2138 3254 2290 3302 sunt.
2336 3250 2516 3304 Pauca
2553 3249 2810 3319 qumdam
2842 3247 2958 3303 alia
2999 3251 3308 3302 narrantur
3340 3246 3410 3299 de
3455 3241 3800 3312 pontiﬁcum

2139 3337 2451 3406 martyriis,
2487 3350 2612 3408 qua:
2657 3337 2790 3390 licet
2819 3349 2887 3390 ex
2917 3335 3077 3390 Actis
3123 3331 3486 3400 interpolatis
3524 3335 3800 3398 excerpta

2136 3423 2274 3492 sint,
2308 3425 2444 3480 Acta
2474 3431 2660 3479 tamen
2691 3437 2912 3492 semper
2951 3423 3310 3492 reperientur
3337 3418 3408 3472 ab
3437 3416 3801 3487 antiquioris

2135 3512 2239 3567 mvi
2269 3512 2608 3568 auctoribus
2646 3510 2973 3579 conscripta
3015 3509 3215 3578 fuisse,
3252 3514 3313 3563 ut
3343 3520 3470 3576 quae
3498 3505 3568 3560 de
3599 3503 3796 3560 Pontii

2135 3599 2498 3670 aliorumque
2541 3599 2952 3655 nonnullorum
2988 3604 3300 3666 martyrum
3333 3594 3491 3649 Actis
3519 3592 3798 3662 superius

2135 3688 2379 3743 adducta
2411 3695 2563 3744 sunt.
2597 3688 2841 3758 Reliqua
2870 3686 3064 3742 omnia
3091 3699 3159 3739 ex
3191 3683 3437 3738 sinceris
3465 3688 3520 3737 et
3552 3679 3798 3734 minime

2137 3775 2500 3845 interpolatis
2522 3783 2834 3845 martyrum
2857 3775 3035 3842 Actis,
3059 3774 3146 3829 vel
3171 3787 3239 3827 ex
3263 3769 3516 3841 publicis
3544 3767 3797 3823 notario-

2135 3879 2259 3918 rum
2305 3866 2462 3921 sedis
2503 3865 2832 3934 apostolica:
2885 3863 3122 3931 tabulis,
3172 3860 3258 3916 vel
3301 3874 3368 3915 ex
3419 3856 3795 3928 probatorum

2135 3953 2479 4022 scriptorum
2511 3953 2784 4022 operibus
2813 3953 3113 4021 desumpta
3143 3956 3299 4006 sunt.

2203 4039 2260 4096 7.
2302 4041 2518 4096 Omitto
2561 4042 2700 4096 Acta
2739 4041 2863 4108 ipsa
2898 4041 3278 4094 Romanorum
3325 4035 3684 4107 pontiﬁcum,
3732 4033 3794 4086 in

2138 4130 2356 4200 quibus
2396 4144 2429 4185 a
2477 4131 2640 4184 Petro
2687 4127 2948 4197 apostolo
2996 4141 3178 4198 usque
3224 4127 3293 4182 ad
3344 4123 3793 4180 Constantinum

2139 4231 2337 4286 papam
2366 4217 2728 4272 recensendis
2756 4222 2957 4270 auctor
2977 4215 3134 4271 Libri
3159 4213 3509 4270 Pontiﬁcalis
3537 4211 3795 4266 breviter

2139 4319 2198 4360 se
2221 4305 2489 4374 expedire
2520 4304 2680 4359 solet.
2719 4304 2766 4358 A
2797 4305 3172 4360 Constantino
3206 4310 3394 4358 autem
3428 4313 3572 4370 papa
3603 4311 3796 4370 usque

2136 4395 2206 4450 ad
2236 4393 2584 4462 Stephanum
2620 4399 2841 4448 sextum
2886 4393 3025 4448 adeo
3054 4392 3304 4447 diﬁ‘usus
3334 4397 3440 4459 est,
3479 4393 3543 4444 ut
3581 4387 3794 4442 merito

366 4474 743 4529 Transcendit
789 4475 1007 4529 interea
1057 4476 1116 4529 in
1161 4476 1463 4544 aliquibus
1513 4478 1678 4546 locis,
1732 4488 1788 4534 et
1830 4497 2024 4538 muros
2055 4485 2106 4545 D
2133 4483 2252 4538 dici
2281 4483 2482 4553 possit,
2507 4487 2680 4537 totam
2711 4482 3010 4536 historiam
3033 4479 3478 4536 ecclesiasticam
3505 4475 3614 4531 sub
3635 4475 3796 4530 isto-

367 4561 558 4630 Urbis,
581 4568 639 4615 et
652 4576 917 4631 egressus
937 4570 1020 4618 est
1047 4565 1103 4616 in
1121 4565 1451 4620 eccelesiam
1475 4568 1528 4620 Β.
1555 4569 1869 4635 Laurentii,
1896 4586 2022 4640 quae

366 4649 690 4719 appellatur
713 4651 960 4715 Lucinae,
984 4657 1040 4705 et
1060 4651 1265 4706 exinde
1288 4653 1582 4724 ingressus
1603 4662 1689 4711 est
1704 4660 1772 4713 ad
1797 4659 2018 4715 Beatam

366 4751 704 4808 semperque
728 4738 1022 4809 Virginem
1044 4741 1142 4794 Dei
1171 4742 1544 4809 Genitricem,
1575 4761 1700 4815 qua:
1727 4749 1913 4817 posita
1935 4757 2022 4804 est

368 4827 428 4882 in
468 4828 561 4882 via
591 4829 726 4882 Lata
756 4845 768 4880 :
805 4833 862 4883 et
893 4828 1026 4883 inde
1065 4830 1334 4885 transivit
1371 4833 1439 4887 ad
1483 4833 1711 4889 Beatum
1747 4840 2016 4910 Marcum,

369 4929 469 4984 per
498 4915 714 4985 plateas
754 4931 814 4972 se
843 4918 1118 4986 extendit,
1153 4933 1321 4989 agros
1349 4921 1679 4991 desertavit,
1721 4926 2021 4982 eradicans

368 5003 624 5060 arbusta.
652 5007 836 5074 Hujus
858 5006 995 5062 hora
1021 5007 1210 5063 noctis
1243 5021 1450 5077 aquam
1476 5013 1708 5083 amovit,
1732 5023 1786 5068 et
1809 5016 2020 5071 ﬂuvius

367 5092 437 5146 ad
471 5095 768 5162 proprium
803 5110 969 5151 suum
1004 5109 1298 5166 regressus
1327 5104 1414 5153 est
1441 5099 1687 5171 alveum,
1723 5119 1748 5152 »
1781 5110 1888 5158 etc.

437 5176 491 5234 5.
532 5184 718 5252 Atque
754 5196 820 5238 ex
863 5183 956 5239 his
995 5185 1229 5255 quidem
1275 5191 1428 5254 patet
1457 5203 1570 5256 quo
1599 5188 1657 5243 in
1703 5193 1883 5257 pretio
1913 5194 2019 5248 ha-

365 5266 562 5322 bendae
593 5269 713 5324 sint
736 5272 906 5325 varia:
935 5272 1049 5327 illm
1078 5273 1349 5328 lectiones
1369 5281 1424 5329 et
1448 5273 1762 5346 fragmenta
1787 5294 1855 5335 ex
1883 5297 2014 5353 mss,

366 5356 672 5414 codicibus
701 5373 732 5413 a
761 5362 907 5416 Luca
936 5363 1233 5418 llolstenio
1258 5374 1488 5432 exerpta
1516 5385 1529 5433 ;
1560 5380 1804 5437 cumque
1827 5372 2020 5426 omnia

367 5443 531 5498 edere
556 5447 624 5499 ad
659 5447 994 5505 institutum
1041 5458 1300 5507 nostrum
1343 5453 1579 5509 minime
1617 5458 1957 5528 pertineant,
1986 5475 2018 5514 a

368 5529 616 5599 reliquis
647 5539 1012 5594 recensendis
1043 5539 1484 5610 abstinebimus,
1520 5551 1576 5599 et
1603 5546 1670 5600 ad
1708 5548 1898 5616 ipsum
1932 5550 2018 5603 Li-

367 5618 534 5672 brum
557 5619 943 5678 Pontiﬁcalem
967 5626 1270 5682 redeuntes
1287 5631 1562 5687 nonnulla
1584 5633 2018 5692 observabimus

2135 4587 2259 4628 rum
2285 4571 2616 4641 pontiﬁcum
2643 4571 2792 4624 Vitis
2815 4569 3346 4638 comprehendisse:
3373 4563 3605 4621 exhibet
3629 4564 3792 4618 enim

2132 4673 2489 4731 qumcunque
2510 4661 2716 4726 Romae,
2742 4673 3096 4730 quaecunque
3124 4659 3182 4714 in
3212 4657 3397 4723 Italia,
3426 4667 3794 4724 quaecunque

2133 4751 2192 4804 in
2233 4751 2458 4818 Europa
2495 4755 2551 4804 et
2590 4749 2822 4804 Oriente
2864 4749 2989 4818 ipso
3026 4755 3151 4803 acta
3193 4751 3331 4802 sunt
3375 4746 3433 4801 in
3471 4743 3642 4798 rebus
3685 4756 3793 4796 ec—

2131 4841 2478 4896 clesiasticis
2523 4840 2593 4894 ab
2644 4840 3107 4909 imperatoribus.
3153 4840 3248 4895 Sic
3297 4839 3358 4894 in
3404 4836 3792 4892 Constantino

2134 4936 2443 4985 narrantur
2488 4943 2614 4998 quae
2663 4929 3160 4998 Constantinopoli
3217 4928 3605 4998 contigerunt.
3664 4924 3791 4982 Sub

2129 5019 2456 5075 Justiniano
2486 5025 2542 5074 et
2567 5019 2914 5089 Philippit'o,
2949 5021 3009 5074 in
3040 5021 3316 5092 Gregorio
3347 5017 3621 5087 secundo,
3655 5031 3790 5085 qua:

2131 5113 2328 5162 contra
2353 5108 2659 5178 Agarenos,
2687 5108 2744 5162 in
2771 5109 3046 5176 Hispania
3075 5122 3108 5162 a
3131 5108 3316 5164 Gallis
3342 5125 3357 5178 ;
3383 5105 3794 5162 Constantino-

2134 5196 2246 5264 poli
2272 5210 2303 5250 a
2327 5199 2505 5252 Leone
2535 5197 2795 5266 principe
2818 5203 3041 5265 peracta
3063 5205 3214 5252 sunt.
3242 5197 3527 5252 Describit
3555 5198 3792 5267 Longo-

2131 5283 2438 5340 bardorum
2471 5286 2814 5355 invasiones,
2839 5286 3183 5341 Francorum
3207 5302 3308 5356 pro
3335 5287 3585 5342 Ecclesia
3610 5287 3787 5356 bella,

2130 5373 2359 5442 aliaque
2401 5373 2845 5443 quamplurima,
2897 5388 3023 5442 quae
3071 5377 3165 5430 vix
3208 5377 3352 5432 alibi
3402 5378 3655 5445 reperire
3699 5385 3792 5432 est

2129 5463 2267 5517 adeo
2289 5469 2498 5529 exacte,
2519 5463 2658 5516 adeo
2675 5463 2826 5517 clare
2841 5463 3143 5532 descripta.
3170 5465 3394 5520 Desinit
3411 5465 3471 5519 in
3492 5465 3790 5534 Stephano

2130 5557 2287 5605 sexto
2309 5564 2436 5604 cum
2461 5549 2582 5604 illis
2603 5550 2793 5606 verbis
2815 5568 2827 5602 :
2853 5553 2954 5604 Eos
2975 5553 3040 5606 de
3060 5554 3184 5605 caelo
3205 5555 3477 5607 auxilium
3494 5559 3674 5622 petere
3697 5556 3791 5606 de-

2132 5640 2250 5692 bere
2279 5645 2466 5692 contra
2501 5640 2776 5705 ﬂagellum
2812 5643 3120 5704 imminens,
3153 5646 3204 5696 et
3230 5658 3358 5696 mox
3388 5643 3532 5695 laeta.
3564 5641 3787 5700 Caetera
