3932 6392
361 318 477 380 ‘45!
1524 319 1570 378 A
1582 315 1632 376 Ν
1640 313 1943 377 ASTASII
1986 315 2056 378 Bl
2066 315 2185 378 BLI
2193 311 2610 378 OTHECARII
2622 361 2635 376 .
3673 315 3796 378 452

1475 597 1640 668 Llll.
1683 595 2068 670 SANCTUS
2115 596 2674 670 SYMMACHUS.

1115 871 1281 917 anno
1325 871 1569 918 cums'rl
1610 856 1752 930 498,
1796 871 2124 919 suasusu
2166 873 2294 918 mp.
2339 855 2380 916 8
2419 870 2723 923 rusonoa,
2771 869 2942 916 REGIS
2985 855 3044 913 5.

619 996 724 1050 η
770 984 1188 1070 Symmachus,
1233 988 1474 1050 natione
1513 989 1835 1050 Romanus
1865 987 1946 1070 (a)
1991 1007 2069 1051 ex
2105 999 2284 1072 patre
2325 989 2685 1063 Fortunato,
2714 987 2869 1049 sedit
2915 1005 3102 1050 annos
3141 987 3240 1060 15,
3278 984 3360 1068 (b)
3388 1005 3612 1049 menses
3639 996 3800 1060 octo,

529 1095 664 1157 dies
705 1096 807 1156 26.
853 1094 975 1156 Hic
1014 1093 1142 1175 fuit
1182 1094 1542 1175 temporibus
1599 1094 1954 1157 Theodorici
2002 1097 2207 1176 regis;
2255 1107 2310 1158 et
2376 1096 2694 1159 Anastasii
2755 1094 3020 1176 Augusti
3061 1112 3100 1156 a
3141 1093 3243 1156 die
3285 1111 3325 1156 Χ
3367 1093 3802 1156 kalendarum

528 1201 1043 1264 Decembriarum
1126 1220 1326 1282 usque
1395 1202 1460 1262 in
1552 1203 1720 1264 diem
1803 1221 1908 1266 xxv
1971 1203 2387 1265 kalendarum
2459 1204 2910 1282 Augustarum.
2985 1201 3098 1263 Hic
3181 1201 3298 1262 sub
3383 1201 3803 1263 contentione

529 1309 862 1371 ordinatus
905 1315 1000 1371 est
1040 1327 1170 1370 uno
1214 1309 1315 1370 die
1357 1327 1502 1371 cum
1545 1310 1886 1372 Laurentio
1934 1328 1948 1370 :
1999 1311 2417 1392 Symmachus
2459 1311 2526 1371 in
2588 1309 2850 1372 basilica
2911 1308 3459 1382 Constantiniana,
3507 1311 3806 1370 Lauren-

448 1418 486 1476 5
533 1417 656 1478 tius
696 1435 848 1478 vero
891 1416 956 1477 in
1001 1416 1262 1478 basilica
1302 1415 1506 1478 beata:
1549 1417 1787 1478 Mariae.
1836 1419 1926 1478 Ex
1971 1436 2099 1498 qua
2141 1437 2332 1479 causa
2393 1424 2722 1498 separatus
2783 1423 2876 1478 est
2941 1416 3145 1478 clerus
3169 1415 3266 1496 (ε),
3315 1421 3378 1478 et
3419 1415 3657 1477 divisus
3705 1420 3808 1476 est

529 1529 810 1587 senatus.
858 1523 981 1586 Alii
1023 1541 1165 1586 cum
1213 1523 1620 1604 Symmacho,
1666 1524 1774 1586 alii
1815 1542 1966 1586 vero
2013 1543 2155 1587 cum
2199 1523 2562 1587 Laurentio.
2613 1524 2708 1586 Et
2771 1523 2943 1604 facta
3011 1522 3384 1585 contentione
3423 1521 3532 1584 hoc
3571 1521 3806 1585 consti-

530 1639 774 1693 tuerunt
813 1629 902 1712 (ἆ)
939 1639 1164 1712 partes,
1214 1639 1279 1692 ut
1322 1629 1494 1693 ambo
1537 1629 1619 1694 ad
1656 1631 2007 1693 Ravennam
2043 1639 2362 1714 pergerent
2391 1630 2490 1713 (e),
2541 1630 2625 1692 ad
2651 1629 2957 1712 judicium
3024 1632 3183 1710 regis
3255 1619 3628 1702 Theoderici,
3692 1649 3807 1712 qui

528 1737 668 1800 dum
713 1737 903 1800 ambo
944 1737 1312 1799 introissent
1353 1737 1418 1798 in
1462 1740 1852 1812 Ravennam,
1888 1737 2011 1800 hoc
2040 1738 2347 1820 judicium
2379 1737 2697 1818 mquitatis
2741 1739 3090 1800 invenerunt
3124 1755 3138 1797 :
3186 1771 3265 1782 —-
3307 1739 3390 1801 Ut
3431 1735 3542 1817 qui
3585 1735 3807 1818 primo

533 1844 864 1908 ordinatus
906 1843 1149 1919 fuisset,
1195 1844 1295 1906 vel
1356 1844 1468 1906 ubi
1529 1863 1676 1925 pars
1737 1845 2015 1906 maxima
2073 1855 2542 1926 cognosceretur,
2590 1845 2725 1925 ipse
2786 1845 3032 1906 sederet
3095 1844 3162 1905 in
3226 1843 3373 1906 sede
3415 1843 3804 1924 apostolica.

361 1999 368 2004 ς
407 1954 487 2018 10
529 1951 711 2026 Quod
751 1949 992 2013 tandem
1021 1952 1286 2033 aequitas
1329 1951 1394 2012 in
1441 1951 1825 2032 Symmacho
1869 1951 2113 2014 invenit
2153 1951 2552 2032 cognitionem
2582 1950 2666 2033 (ί)
2723 1951 3016 2014 vcritatis.
3074 1951 3168 2014 Et
3220 1959 3386 2014 actus
3442 1957 3526 2013 est
3571 1948 3813 2033 praesul

529 2058 945 2142 Symmachus.
1029 2101 1042 2110 -

616 2173 714 2228 ιη
761 2163 992 2227 Eodem
1055 2173 1315 2248 tempore
1383 2185 1549 2247 papa
1623 2165 2014 2242 Symmachus
2041 2165 2130 2247 (g)
2177 2150 2589 2248 congregavit
2649 2167 2989 2248 synodum,
3052 2175 3110 2228 et
3170 2164 3475 2228 constituit
3515 2162 3806 2226 Lauren-

527 2274 673 2334 tium
748 2274 810 2332 in
880 2271 1202 2333 Nuceriam
1295 2273 1592 2334 civitatem
1678 2275 2036 2355 episcopum,
2110 2274 2333 2334 intuitu
2402 2273 2846 2336 mlsericordiat.
2919 2273 3068 2336 Post
3134 2291 3320 2334 annos
3378 2290 3516 2334 vero
3578 2273 3619 2332 4
3675 2270 3808 2332 zelo

526 2378 697 2440 ducti
735 2377 938 2459 aliqui
973 2397 1050 2438 ex
1091 2378 1267 2452 clero,
1316 2387 1374 2439 ct
1414 2379 1529 2440 alii
1563 2398 1642 2439 ex
1688 2355 1932 2454 senatu,
1977 2381 2256 2441 maxime
2319 2383 2541 2442 Festus
2604 2387 2666 2442 et
2723 2380 3060 2454 Probiuus,
3107 2379 3572 2440 incriminarunt
3617 2377 3812 2461 Sym-

526 2483 824 2559 machum,
891 2493 949 2544 et
1013 2484 1483 2546 subornavcrunt
1553 2494 1718 2546 testes
1773 2486 1986 2566 falsos,
2043 2507 2190 2568 quos
2249 2488 2531 2550 miserum
2572 2487 2926 2550 Ravennam
2968 2485 3054 2549 ad
3091 2506 3288 2568 regem
3337 2483 3806 2561 Theodoricum,

447 2594 484 2652 5
525 2598 869 2654 accusantes
923 2590 1155 2652 beatum
1200 2591 1651 2673 Symmachum,
1697 2602 1752 2654 et
1793 2592 2014 2654 occulte
2055 2603 2488 2656 revocaverunt
2548 2595 2959 2670 Laurentium,
3021 2599 3168 2674 post
3226 2592 3511 2654 libellum
3577 2594 3806 2654 Romae

529 2699 793 2771 factum,
852 2707 910 2758 et
975 2698 1254 2778 fecerunt
1318 2698 1592 2774 schisma,
1639 2705 1702 2760 et
1766 2695 2002 2760 divisus
2046 2707 2142 2763 est
2184 2701 2414 2768 iterum
2459 2701 2684 2762 clerus.
2732 2704 2810 2763 Et
2847 2700 2956 2761 alii
2999 2699 3560 2761 communicabant
3602 2700 3807 2781 Sym-

531 2805 782 2880 macho,
827 2798 936 2865 alii
976 2805 1341 2867 Laurentio.
1389 2807 1565 2868 Tunc
1607 2809 1828 2868 Festus
1871 2812 1933 2869 et
1991 2807 2304 2868 Probiuus
2369 2813 2692 2869 senatores
2755 2807 3062 2868 miserunt
3103 2804 3479 2866 relationem
3527 2805 3692 2886 regi,
3743 2810 3811 2866 et

529 2917 860 2994 cmperunt
899 2929 1113 2990 agere,
1159 2917 1230 2972 ut
1270 2912 1656 2975 visitalorem
1702 2914 1883 2976 daret
1925 2934 2037 2976 rex
2078 2914 2244 2978 sedis
2286 2913 2672 2996 apostolicae.
2704 2916 2883 2976 Tunc
2915 2931 3024 2975 rex
3054 2911 3229 2974 dedit
3255 2913 3511 2972 Petrum
3540 2910 3610 2992 (τ’)
3633 2911 3808 2974 Alti-

529 3020 688 3082 cinae
731 3017 1000 3081 civitatis
1071 3018 1460 3100 episcopum,
1505 3021 2020 3100 quod.canones
2088 3021 2535 3102 prohibebant.
2597 3021 2836 3083 Eodem
2881 3028 3166 3100 tempore
3227 3019 3452 3079 beatus
3513 3015 3810 3098 ngmw

408 3131 486 3193 10
525 3127 668 3190 chus
709 3125 795 3208 (k)
823 3127 1211 3207 congregavit
1251 3129 1546 3209 episcopos
1574 3138 1806 3190 centum
1835 3139 1892 3191 et
1930 3128 2291 3211 quindecim,
2339 3137 2394 3190 et
2435 3129 2600 3208 facta
2639 3119 2892 3210 sgnodo,
2933 3134 3240 3209 purgatur
3267 3144 3306 3188 a
3333 3123 3584 3186 crimine
3609 3123 3802 3204 falso.

526 3235 621 3298 Et
657 3233 982 3295 damnatur
1035 3231 1255 3295 Petrus
1284 3233 1357 3315 (Ζ)
1382 3233 1621 3296 Altinus
1677 3236 1920 3298 invasor
1957 3235 2110 3298 sedzs
2163 3235 2526 3318 apostolicae,
2557 3243 2612 3296 et
2658 3234 3022 3296 Laurentius
3069 3232 3424 3306 Nucerinus,
3459 3231 3612 3312 quia
3654 3231 3806 3292 vivo

527 3343 822 3423 episcopo
867 3339 1254 3420 Symmacho
1298 3349 1714 3422 pervaserunt
1754 3343 1966 3405 sedem
2011 3343 2172 3422 ejus.
2225 3343 2388 3404 Tunc
2443 3341 2514 3404 ab
2564 3342 2834 3403 omnibus
2879 3341 3164 3423 episcopis
3209 3347 3266 3402 et
3309 3337 3702 3420 presbyteris,
3739 3345 3803 3399 et

527 3445 899 3526 diaconibus,
933 3455 986 3510 et
1015 3447 1193 3509 omni
1234 3446 1414 3524 clero,
1449 3449 1548 3512 vel
1591 3450 1775 3530 plebe
1799 3449 1901 3532 (m)
1929 3451 2336 3530 reintegratur
2362 3449 2493 3510 sedi
2516 3449 2852 3530 apostolicae
2885 3447 3086 3510 beatus
3115 3444 3534 3530 Symmachus,
3566 3453 3634 3506 ut
3657 3463 3803 3506 cum

523 3557 724 3641 gloria
753 3557 922 3640 apud
946 3557 1175 3620 beatum
1208 3558 1451 3620 Petrum
1481 3559 1703 3621 sederet
1727 3559 1976 3642 presul.

617 3673 719 3728 σε
763 3665 1000 3728 Eodem
1047 3671 1334 3746 tempore
1378 3669 1600 3728 Festus
1655 3673 1848 3747 caput
1907 3671 2165 3728 senatus
2225 3665 2548 3740 exconsul,
2598 3671 2660 3726 et
2716 3665 3032 3726 Probiuus
3091 3663 3420 3738 exconsul,
3467 3679 3814 3749 cmperunt

526 3772 698 3832 intra
737 3772 963 3834 urbem
1009 3775 1267 3834 Romam
1313 3792 1598 3854 pugnare
1643 3793 1784 3834 cum
1832 3773 1970 3834 aliis
2013 3773 2435 3846 senatoribus,
2483 3777 2544 3834 et
2588 3772 2863 3834 maxime
2925 3791 3074 3834 cum
3136 3775 3366 3834 Fausto
3424 3770 3805 3844 exconsule,

529 3884 594 3942 et
660 3878 886 3953 cades,
959 3884 1022 3940 et
1077 3879 1420 3942 homicidia
1489 3881 1555 3942 in
1627 3880 1794 3942 clero
1867 3899 1946 3942 ex
2015 3880 2257 3942 invidia
2321 3881 2584 3942 ﬁebant.
2631 3879 2750 3952 Qui
2813 3899 2960 3942 vero
3005 3878 3561 3942 communicabant
3603 3876 3800 3939 beato

533 3985 919 4067 Symmacho
955 3985 1150 4066 juste,
1197 3986 1450 4068 publice
1511 3987 1624 4068 qui
1683 3987 1925 4048 inventi
1985 3987 2253 4050 fuissent
2293 3987 2464 4048 intra
2506 3986 2742 4051 Urbem
2800 3987 3012 4066 gladio
3056 3985 3532 4048 occidebantur.
3592 3983 3807 4044 Etiam

444 4097 482 4158 5
524 4099 590 4156 et
637 4093 1148 4156 sanctimoniales
1210 4093 1525 4168 mulieres,
1570 4099 1634 4156 et
1693 4094 1968 4173 virgines
2027 4093 2420 4174 deponentes
2490 4094 2568 4156 de
2630 4093 3054 4168 monasteriis,
3102 4092 3201 4154 vel
3263 4093 3342 4154 de
3409 4089 3798 4152 habitaculis

533 4201 684 4276 suis,
730 4200 1128 4262 denudantes
1171 4219 1390 4262 sexum
1434 4201 1778 4262 femineum
1823 4201 2107 4264 caedibus
2147 4201 2482 4282 plagarum
2528 4201 2797 4262 afﬂictas
2837 4199 3286 4275 vulnerabant,
3333 4205 3397 4260 et
3453 4197 3630 4260 omni
3703 4195 3806 4258 die

531 4327 782 4389 pugnas
825 4312 1048 4370 contra
1074 4307 1419 4370 Ecclesium
1462 4307 1530 4370 in
1573 4309 1784 4371 medio
1829 4308 2099 4371 civitatis
2141 4309 2474 4389 gerebant.
2520 4309 2730 4372 Etiam
2760 4308 2994 4370 multos
3024 4307 3381 4370 sacerdotes
3409 4304 3804 4374 occiderunt,

526 4415 694 4476 inter
735 4433 895 4495 quos
954 4415 1403 4494 Dignissimum
1447 4421 1512 4478 et
1553 4416 1939 4478 Gordianum
1983 4415 2388 4498 presbyteros
2456 4415 2537 4477 ad
2597 4415 2851 4476 vincula
2901 4414 2980 4497 (n)
3026 4415 3228 4476 sancti
3288 4413 3460 4475 Petri
3502 4409 3800 4492 apostoli,

531 4527 596 4584 et
637 4521 719 4582 ad
765 4527 1017 4583 sanctos
1058 4523 1374 4584 Joannem
1417 4527 1482 4584 et
1522 4523 1814 4597 Paulum,
1864 4541 2023 4604 quos
2065 4523 2360 4598 fustibus,
2409 4529 2475 4585 et
2543 4522 2756 4602 gladio
2814 4522 3271 4585 interfecerunt
3315 4519 3414 4602 (ο),
3463 4523 3526 4582 et
3568 4518 3804 4580 multos

414 4631 493 4692 10
535 4629 694 4690 alios
737 4627 1146 4704 Christianos,
1195 4630 1286 4691 ita
1330 4635 1401 4691 ut
1441 4629 1603 4691 nulli
1645 4649 1779 4692 esse
1823 4631 2154 4706 securitas,
2186 4631 2286 4691 die
2329 4629 2430 4692 vel
2475 4634 2680 4704 nocte,
2715 4630 2794 4692 de
2837 4630 3007 4692 clero
3048 4630 3116 4690 in
3159 4629 3412 4690 civitate
3441 4625 3800 4688 ambulem.

525 4736 713 4801 Solus
757 4740 972 4798 autem
1017 4739 1288 4799 Faustus
1330 4736 1632 4798 exconsul
1673 4757 1790 4818 pro
1835 4737 2114 4800 Ecclesia
2155 4736 2507 4818 pugnabat.
2555 4735 2646 4818 (p)
2686 4737 2838 4798 Post
2879 4736 3016 4798 haec
3060 4735 3276 4798 omnia
3337 4733 3560 4796 beatus
3612 4733 3801 4813 Sym-

527 4843 790 4906 machus
834 4843 1078 4904 invenit
1119 4842 1504 4906 Manichaeos
1545 4844 1611 4904 in
1670 4844 1827 4906 urbe
1892 4849 2114 4920 lloma,
2161 4861 2432 4924 quorum
2495 4843 2712 4906 omnia
2773 4845 3138 4919 simulacra,
3182 4843 3284 4904 vel
3345 4840 3594 4902 codices
3651 4843 3800 4900 ante

429 4995 435 5002 .
529 4952 699 5014 fores
739 4951 1016 5012 basilicae
1059 4949 1594 5012 Constantiniana
1636 4949 1930 5014 incendio
1975 4951 2418 5028 concremavit,
2468 4957 2531 5013 et
2591 4969 2698 5013 eos
2758 4949 2928 5030 ipsos
2989 4950 3210 5013 exsilio
3279 4947 3612 5028 relegavit.
3658 4943 3802 5009 Fuit

529 5063 742 5120 autem
787 5075 825 5118 a
869 5057 1205 5119 consulatu
1247 5057 1522 5132 Paulini,
1569 5074 1768 5138 usque
1799 5059 1881 5120 ad
1925 5059 2323 5120 consulatum
2368 5057 2700 5120 senatoris.

618 5173 724 5226 ιω
777 5164 891 5226 Hic
934 5163 1088 5226 fecit
1127 5163 1454 5236 basilicam
1497 5165 1701 5227 sancti
1741 5165 2008 5228 Andreae
2053 5166 2326 5248 apostoli
2385 5165 2556 5248 apud
2617 5166 2876 5227 beatum
2939 5166 3198 5226 Petrum
3259 5161 3646 5246 apostolum,
3692 5157 3794 5222 ubi

531 5271 680 5334 fecit
721 5269 1024 5350 tigurium
1067 5269 1151 5352 (q)
1202 5289 1280 5332 ex
1323 5277 1589 5351 argento
1635 5278 1698 5334 et
1738 5273 2224 5348 confessionem,
2272 5292 2540 5354 pensan.
2599 5273 2795 5334 libras
2843 5277 3110 5334 -centum
3173 5276 3236 5333 et
3295 5269 3572 5351 vigenti;
3619 5282 3796 5330 arcus

1561 5403 1819 5450 NOTULE
1861 5403 2253 5454 MARGINALES
2295 5407 2617 5453 FABROTTI.

441 5499 610 5624 ((9.0,
645 5503 710 5570 Β,
746 5501 991 5558 Sardus.
1069 5502 1146 5574 (b)
1173 5503 1236 5574 Β,
1264 5518 1350 5586 in.
1383 5503 1438 5568 8,
1459 5501 1658 5558 minus
1691 5501 1747 5558 d.
1773 5503 1826 5570 4,
1859 5503 1932 5558 ad
1963 5503 2128 5562 Coss.
2162 5503 2412 5573 Paulini,
2447 5510 2505 5562 et
2537 5504 2784 5577 Scythas,
2817 5505 2887 5560 ad
3019 5505 3159 5560 Aur.
3193 5501 3610 5586 Cassiodorum
3641 5501 3790 5582 (loss.

514 5572 600 5624 tde
629 5574 830 5624 Raron.
862 5573 933 5624 ad
961 5590 1096 5624 ann.
1116 5575 1336 5624 Dommz
1368 5573 1491 5624 498.
1554 5575 1628 5624 (dl
1661 5575 1722 5624 Ο.
1751 5578 2192 5624 contruxernnt-
2265 5577 2332 5624 (el
2365 5577 2438 5624 llt
2467 5577 2652 5624 nmhm
2685 5581 2898 5624 nnrtes.
2961 5578 3030 5624 m
3057 5579 3117 5624 {1
3154 5580 3211 5624 et.
3240 5577 3516 5624 cognitio.
3579 5571 3656 5624 (al
3680 5566 3790 5624 Vada

367 5566 605 5640 (c)‘Vide'
629 5566 830 5630 Raron.
862 5573 933 5629 ad
961 5566 1338 5657 annEDmnini
1368 5566 1504 5656 498..
1554 5575 1629 5699 (c2
1661 5575 1722 5640 Ο,
1751 5566 1919 5656 contr

369 5639 570 5717 paron.
604 5643 674 5697 ad
704 5660 836 5717 ann.
868 5646 1090 5717 Domini
1120 5645 1226 5717 {.99
1299 5645 1378 5716 (h)
1402 5644 1462 5710 C,
1489 5662 1550 5700 1n
1635 5661 1874 5717 ucerma
1905 5661 1920 5699 (

2265 5577 2332 5647 (e)
2365 5566 2438 5632 Ut
2467 5566 2652 5632 ambae
2725 5566 2898 5633 artes.
2961 5576 3030 5648 ff)
3057 5579 3120 5641 ο,
3154 5580 3211 5632 et
3240 5573 3516 5649 cognitio.
3601 5571 3656 5642 g)
3680 5566 3793 5628 γωδ

2240 5648 2366 5705 Vide
2396 5650 2596 5704 Baron.
2632 5593 2720 5702 ad)
2733 5665 2868 5703 ann.
2898 5649 3121 5705 Domini
3147 5649 3276 5703 502.
3370 5647 3435 5717 (ι)
3455 5645 3541 5717 _D,
3572 5572 3790 5717 gilium.

393 5666 570 5694 parun.
604 5666 674 5697 ua
704 5666 836 5700 ann.
868 5666 1090 5700 1101mm
1120 5666 1226 5700 ιιυυ
1299 5666 1378 5716 υι)
1402 5666 1462 5710 ιι,
1489 5666 1550 5700 1n
1583 5666 1624 5699 1V
1637 5666 1874 5700 UCGI‘IHR
1905 5666 2157 5704 leuate.
2241 5666 2366 5705 Υῑαϐ
2396 5666 2596 5704 σανοη.
2632 5666 2699 5702 aa
2733 5666 2868 5703 ann.
2898 5666 3118 5705 υοτηιηῑ
3147 5666 3276 5703 ῧυΖο
3370 5666 3435 5717 υ)
3475 5666 3541 5713 υ,
3572 5666 3790 5700 Λιιωωι

393 5706 844 5800 Qggﬂmfchus
857 5714 928 5796 .in
953 5715 1170 5796 Synodo
1197 5723 1488 5800 purgatus.
1541 5786 1556 5800 ἱ
1594 5717 1659 5789 (ἰ)
1689 5715 2046 5800 Al‘tipensis;
2128 5721 2227 5800 (in)
2277 5719 2334 5788 (ι’,
2369 5719 2866 5800 redintegratum.
2929 5721 3012 5792 (n)
3044 5719 3222 5800 Inter.
3245 5714 3792 5800 qu2s_Go_rdianuu}

417 5735 448 5772 »ι
477 5735 836 5830 οὲτηπιασητιδ
857 5735 928 5796 .m
953 5735 1170 5796 gynoao
1197 5735 1488 5798 purgatus.
1594 5735 1659 5789 (ι)
1689 5735 2034 5773 manemus.
2128 5735 2227 5801 (in)
2277 5735 2334 5788 υ,
2369 5735 2828 5802 redintegratur.
2929 5735 3012 5792 (η)
3044 5735 3202 5777 Inter
3287 5735 3396 5802 uos
3439 5735 3792 5773 uoralanuul

417 5788 511 5872 ἷξε
547 5783 1234 5872 χῊ-ἓῐξιξᾳὲβξξεειωυιῳ
1267 5786 1618 5872 a_d_v1ncula.
1690 5788 2311 5872 ςρ)ριιθιῐιηίιιβζιζηιᾼε3
2339 5790 2639 5872 θιηειειριο
2684 5789 3122 5851 Interfeceruut.
3203 5735 3283 5870 (p3
3316 5787 3456 5851 Vide
3499 5789 3706 5849 Raron.
3732 5777 3794 5842 ad

369 5857 508 5904 ann.
539 5851 763 5910 Domini
781 5851 908 5911 503'
922 5855 986 5912 in
1013 5855 1113 5931 ﬁn.
1147 5855 1577 5921 Manichaeorum
1605 5851 2046 5922 codices'acustt.
2124 5863 2202 5942 (q)
2227 5851 2334 5934 CB,
2369 5851 2680 5925 ciB’orium.
