3932 6398
134 338 250 402 453
840 337 1210 402 HISTORIA
1254 338 1357 402 DE
1401 337 1603 404 VITIS
1649 340 1837 404 ROM.
1887 340 2209 404 PONT.—
2253 343 2317 404 S.
2367 341 2878 408 SYMMACHUS.
3445 343 3561 410 454

291 477 629 553 argenteos
675 478 822 549 tres,
874 493 1135 553 pensan.
1186 475 1346 554 sing.
1394 475 1537 536 libr.
1586 475 1957 555 sexaginta;
2004 476 2348 537 oratorium
2396 478 2594 539 sancti
2652 478 2913 540 Thomas
2978 479 3250 560 apostoli
3320 501 3396 543 ex
3458 501 3561 544 ar-

297 588 518 661 gento,
564 600 742 661 pens.
795 581 938 640 libr.
988 583 1138 654 300;
1189 583 1249 642 in
1306 584 1694 642 confessione
1737 583 1820 661 (/1)
1870 583 2006 642 libr.
2059 584 2332 661 vigenti;
2382 605 2596 644 areum
2661 592 3056 664 argenteum,
3106 607 3366 666 pensan.
3414 590 3559 651 libr.

210 691 250 749 5
299 689 666 762 sexdecim;
710 689 1173 750 confessionem
1219 690 1418 750 sancti
1462 691 1765 763 Cassiani,
1799 695 1862 750 et
1904 697 2264 750 sanctorum
2332 691 2571 764 Protbi,
2621 693 3087 772 et'Hyacinthi
3147 713 3224 755 ex
3270 703 3556 774 argento,

300 815 568 877 pensan.
634 797 828 856 libras
891 797 1146 875 viginti;
1196 815 1409 857 arcum
1470 804 1865 876 argenteum,
1927 815 2104 876 pens.
2176 799 2281 858 lib.
2346 801 2459 869 l2;
2507 799 2854 859 oratorium
2918 801 3120 861 sancti
3180 803 3564 881 Apollinaris

297 923 376 964 ex
448 909 734 982 argento,
781 910 845 965 et
914 904 1370 964 confessionem
1444 923 1586 964 cum
1660 923 1806 965 arcu
1871 923 1946 964 ex
2009 911 2296 982 argento,
2365 925 2540 984 pens.
2607 906 2752 966 libr.
2827 907 3130 985 triginta;
3197 910 3562 972 Oratorium

301 1011 503 1072 sancti
531 1009 614 1091 (b)
662 1011 824 1072 Sosii
867 1030 942 1072 ex
989 1018 1251 1090 argento
1296 1012 1359 1071 in
1406 1012 1817 1084 confessione,
1867 1031 2064 1091 pens.‘
2093 1012 2234 1070 libr.
2283 1012 2526 1090 viginti.
2576 1014 2729 1073 Item
2776 1013 2855 1072 ad
2904 1015 3143 1076 fontem
3192 1016 3255 1076 in
3300 1017 3566 1080 basilica

300 1117 475 1178 beati
515 1117 684 1178 Petri
729 1118 1022 1198 apostoli,
1069 1118 1417 1179 oratorium
1480 1123 1716 1178 sancta:
1780 1118 1982 1178 crucis
2045 1137 2121 1178 ex
2184 1125 2469 1196 argento,
2532 1119 3013 1192 confessionem,
3061 1127 3122 1182 et
3190 1141 3440 1186 crucem
3485 1144 3564 1188 ex

175 1225 256 1285 10
300 1243 458 1285 auro
502 1243 644 1285 eum
689 1225 977 1304 gemmis,
1025 1226 1134 1286 ubi
1177 1226 1429 1286 inclusit
1491 1227 1732 1305 lignum
1779 1226 2202 1298 Dominicum,
2251 1228 2387 1305 ipsa
2449 1244 2603 1286 crux
2667 1245 2860 1288 aurea
2921 1249 3184 1308 pensan.
3244 1231 3389 1292 libr.
3448 1233 3562 1294 de-

299 1350 462 1392 cem.
511 1333 684 1393 Fecit
727 1337 938 1393 autem
985 1333 1264 1394 oratoria
1306 1333 1432 1393 duo
1477 1333 1680 1394 sancti
1729 1333 1993 1395 Joannis
2035 1334 2358 1412 Baptistae,
2421 1339 2482 1394 et
2551 1335 2753 1394 sancti
2819 1336 3082 1397 Joannis
3142 1338 3562 1418 Evangelistae

303 1439 367 1499 in
413 1457 688 1520 quorum
733 1441 1126 1502 confessione
1189 1459 1372 1501 arcus
1432 1445 1764 1518 argenteos
1838 1440 2068 1520 posuit,
2137 1459 2401 1518 pensan.
2448 1440 2591 1500 libr.
2643 1441 2901 1518 triginta
2945 1443 3017 1522 (c)
3077 1445 3226 1516 Quae
3271 1447 3564 1509 cubicula

300 1547 520 1608 omnia
563 1565 601 1606 a
644 1547 1058 1608 fundamento
1105 1548 1383 1626 perfecta
1426 1548 1797 1609 construxit.
1864 1547 2199 1608 Basilicam
2264 1567 2411 1608 vero
2475 1547 2644 1608 beati
2687 1549 2855 1609 Petri
2905 1551 3327 1614 marmoribus
3371 1573 3563 1616 orna-

299 1653 437 1728 vit;
485 1660 549 1714 et
591 1653 966 1714 cantharum
1029 1655 1199 1714 beati
1257 1655 1428 1714 Petri
1490 1673 1630 1715 cum
1697 1654 2170 1733 quadriporticn
2245 1655 2666 1715 marmoribus
2727 1657 2992 1730 ornavit,
3061 1663 3124 1718 et
3185 1677 3258 1720 ex
3318 1661 3562 1725 musivo

175 1762 256 1820 15
300 1779 524 1838 agnos,
573 1765 636 1822 et
677 1779 913 1834 cruces,
963 1765 1025 1821 et
1068 1761 1311 1840 palmas
1356 1760 1440 1840 (d)
1486 1761 1755 1821 ornavit.
1806 1763 2015 1840 Ipsum
2064 1781 2208 1821 vero
2254 1762 2485 1821 atrium
2529 1780 2717 1822 omne
2772 1764 3279 1843 compaginavit;
3327 1769 3563 1846 gradus

298 1886 453 1928 vero
514 1875 662 1928 ante
724 1869 889 1928 fores
953 1868 1226 1928 basilicae
1288 1868 1455 1928 beati
1516 1869 1683 1928 Petri
1745 1868 2097 1947 ampliavit,
2143 1874 2204 1927 et
2266 1868 2424 1928 alios
2486 1868 2720 1947 gradus
2783 1871 3155 1945 construxit,
3202 1873 3319 1933 sub
3382 1874 3561 1954 tigno

299 1975 546 2047 dextra,
583 1975 891 2054 laevaque.
940 1977 1092 2036 Item
1139 1975 1202 2034 in
1248 1975 1469 2036 eodem
1515 1975 1653 2035 loco
1715 1975 2034 2054 cpiscopia
2095 1974 2316 2035 dextra
2379 1975 2663 2053 lazvaque
2725 1976 2904 2049 fecit;
2952 1976 3101 2038 item
3167 1980 3283 2041 sub
3327 1982 3563 2059 gradus

297 2083 364 2141 in
412 2082 574 2142 atrio
620 2082 810 2142 alium
860 2081 1235 2141 cantharum
1286 2083 1434 2143 foris
1477 2083 1539 2142 in
1585 2083 1776 2160 vulgo
1822 2083 2030 2160 campi
2076 2083 2302 2160 posuit.
2353 2089 2416 2142 et
2459 2083 2539 2142 ad
2585 2102 2765 2142 usum
2813 2085 3198 2146 necessitatis
3262 2087 3560 2151 humana:

301 2188 492 2263 fecit;
540 2189 692 2249 item
739 2195 802 2248 et
845 2188 1000 2248 alios
1045 2189 1278 2266 gradus
1323 2189 1806 2249 ascendentibus
1851 2189 1930 2248 ad
1993 2188 2247 2249 beatum
2303 2189 2621 2249 Andream
2685 2190 2851 2264 fecit,
2899 2197 2961 2252 et
3023 2193 3398 2255 cantharum
3445 2215 3560 2276 po-

171 2298 257 2355 20
301 2295 463 2367 suit;
512 2295 615 2355 hic
659 2296 807 2356 fecit
851 2295 1173 2355 basilicam
1222 2302 1456 2355 sanctae
1504 2297 1797 2375 martyris
1841 2297 2109 2375 Agathze
2156 2298 2254 2355 via
2299 2297 2550 2356 Aurelia
2574 2297 2644 2376 (ρ)
2677 2298 2739 2356 in
2790 2299 3054 2358 fundum
3101 2301 3473 2376 Lardarum,
3500 2309 3563 2364 et

296 2421 338 2462 a
383 2401 798 2462 fundamento
843 2421 985 2462 cum
1049 2403 1220 2462 fonte
1285 2404 1658 2475 construxit,
1708 2403 1812 2462 ubi
1875 2403 2085 2482 posuit
2149 2422 2330 2463 arcus
2385 2409 2717 2481 argenteos
2761 2403 2943 2464 duos.
2992 2406 3226 2466 Eodem
3276 2413 3561 2488 tempore

296 2510 448 2571 fecit
490 2510 813 2570 basilicam
861 2509 1058 2569 sancti
1106 2510 1444 2583 Pancratii,
1498 2510 1603 2569 ubi
1647 2516 1709 2569 et
1753 2511 1897 2570 fecit
1941 2529 2154 2569 areum
2202 2517 2597 2588 argenteum,
2646 2511 2754 2589 qui
2802 2512 3110 2589 pensabat
3183 2513 3325 2574 libr.
3373 2517 3561 2595 quin-

296 2616 546 2688 decim;
594 2616 744 2676 fecit
787 2622 999 2677 autem
1043 2617 1107 2675 in
1152 2617 1373 2676 eodem
1419 2616 1555 2676 loco
1601 2617 1942 2690 balneum;
1993 2618 2136 2677 iicm
2201 2619 2369 2697 apud
2433 2618 2686 2678 beatum
2753 2619 3113 2698 apestolum
3160 2621 3448 2696 Paulum,
3498 2624 3563 2684 in

297 2723 560 2782 basilica
624 2723 952 2782 renovavit
1021 2723 1331 2796 absidam,
1379 2742 1520 2802 qum
1585 2724 1646 2782 in
1713 2725 1960 2783 ruinam
2023 2725 2412 2796 imminebat,
2461 2733 2525 2784 et
2587 2733 2728 2804 post
2789 2727 3249 2788 confessionem
3315 2730 3562 2808 pictura

177 2835 254 2894 25
304 2830 582 2892 ornavit.
628 2831 708 2891 Et
750 2848 1064 2891 cameram
1111 2831 1280 2903 fecit,
1327 2835 1388 2890 et
1431 2836 1852 2903 matroneum,
1902 2836 1964 2890 et
2023 2850 2212 2911 super
2272 2831 2726 2892 confessionem
2789 2832 3131 2910 imaginem
3195 2842 3561 2914 argenteam

295 2958 442 3001 cum
488 2939 837 3016 Salvatore,
885 2944 946 3000 et
990 2939 1322 3000 duodecim
1387 2940 1707 3018 apostolos
1752 2939 1980 3019 posuit,
2031 2940 2139 3018 qui
2206 2940 2556 3018 pensabant
2613 2941 2810 3000 libras
2872 2947 3124 3000 centum
3183 2942 3448 3020 viginti;
3498 2951 3564 3006 et

298 3053 450 3108 ante
495 3047 660 3108 fores
719 3045 996 3107 basilicae
1041 3047 1277 3124 gradus
1319 3046 1467 3108 fecit
1508 3046 1570 3106 in
1619 3047 1805 3120 atrio,
1854 3052 1915 3106 et
1975 3046 2394 3119 cantharum;
2442 3051 2505 3106 et
2546 3051 2689 3125 post
2732 3046 3016 3108 absidam
3081 3065 3312 3127 aquam
3355 3049 3560 3113 intro-

303 3154 508 3227 duxit,
556 3153 664 3214 ubi
709 3159 771 3214 et
815 3154 1110 3214 balneum
1157 3173 1194 3214 a
1237 3153 1651 3214 fundamento
1698 3154 1864 3214 fecit.

386 3270 498 3322 80
541 3261 715 3322 Intra
759 3261 1078 3323 civitatem
1125 3264 1476 3322 Romanam
1520 3261 1842 3321 basilicam
1905 3266 2265 3320 sanctorum
2321 3259 2603 3320 Silvestri
2647 3264 2706 3319 et
2767 3260 3020 3321 Martini
3063 3279 3100 3322 a
3143 3261 3558 3326 fundamento

300 3368 656 3429 construxit
703 3367 892 3448 juxta
951 3369 1257 3429 Thermas
1315 3367 1642 3446 Trajanas,
1693 3369 1802 3428 ubi
1862 3375 1925 3428 et
1985 3386 2174 3445 super
2234 3367 2432 3426 altare
2475 3366 2554 3445 (/)
2599 3367 2902 3444 tigurium
2969 3346 3340 3446 argenteum
3389 3371 3556 3446 fecit,

301 3495 566 3557 pensan.
615 3475 760 3535 libr.
812 3477 948 3548 120,
996 3494 1178 3536 arcus
1240 3480 1536 3552 argentos
1600 3477 1673 3534 12
1736 3475 1845 3554 qui
1909 3474 2261 3552 pensabant
2322 3474 2556 3552 singuli
2600 3473 2743 3532 libr.
2792 3474 3048 3549 decem;
3099 3476 3558 3541 confessionem

299 3589 691 3663 argenteam,
743 3602 884 3662 quae
946 3601 1209 3661 pensan.
1258 3582 1401 3641 libr.
1452 3584 1548 3642 15.
1595 3583 1688 3641 Ad
1753 3583 2006 3642 beatum
2067 3584 2374 3643 Joannem
2439 3587 2502 3641 et
2571 3581 2839 3641 Paulum
2902 3582 3050 3642 fecit
3117 3583 3354 3661 gradus
3417 3592 3558 3666 post

205 3696 242 3753 5
283 3691 630 3771 .absidam;
677 3689 825 3749 item
873 3690 953 3748 ad
996 3689 1448 3768 archangelum
1495 3688 1865 3750 Michaelem
1914 3689 2234 3748 basilicam
2280 3688 2629 3767 ampliavit,
2677 3694 2739 3748 et
2781 3688 3014 3767 gradus
3060 3689 3223 3763 fecit,
3251 3695 3312 3752 et
3353 3691 3557 3754 intro-

289 3798 481 3859 duxit
524 3815 798 3877 aquam;
843 3797 995 3856 item
1040 3796 1120 3856 ad
1165 3803 1448 3856 sanctam
1494 3797 1799 3870 Mariam;
1847 3797 2193 3856 oratorium
2240 3801 2601 3856 sanctorum
2645 3796 2885 3855 Cosmae
2929 3803 2992 3857 et
3035 3797 3324 3857 Damiani
3352 3781 3392 3859 a
3419 3800 3556 3878 fun,

287 3907 598 3968 damento
644 3903 1034 3976 construxit;
1082 3903 1232 3963 item
1277 3902 1342 3962 in
1393 3903 1489 3963 via
1530 3902 1865 3963 Tiburtina
1931 3903 2226 3963 milliario
2291 3902 2591 3980 vigesimo
2655 3903 2925 3981 septimo
2987 3904 3067 3964 ab
3123 3904 3293 3966 Urbe
3339 3907 3562 3968 Roma-

284 4018 557 4092 rogatus
598 4011 679 4071 ab
727 4010 809 4091 (g)
856 4009 1079 4070 Alvino
1123 4015 1186 4070 et
1229 4009 1464 4071 Glafira
1506 4009 1854 4070 illustribus
1897 4010 1974 4070 de
2020 4011 2277 4088 proprio
2324 4009 2698 4069 facientibus
2741 4028 2778 4068 a
2808 4010 3178 4071 fndamento
3225 4011 3558 4077 basilicam

286 4123 487 4182 beato
529 4120 718 4179 Petro
760 4118 824 4178 in
876 4116 1137 4177 fundum
1181 4117 1593 4177 Pacinianum
1639 4117 1993 4190 dedicavit;
2040 4116 2191 4175 ite'm
2237 4115 2317 4175 ad
2360 4116 2617 4176 beatum
2661 4117 2918 4177 Petrum
2984 4122 3046 4177 et
3089 4117 3342 4179 beatum
3389 4123 3557 4183 Pan-

176 4231 244 4291 IO
286 4230 428 4289 lum
474 4225 816 4306 apostolos,
857 4229 917 4284 et
960 4223 1038 4284 ad
1085 4230 1370 4284 sanctum
1432 4224 1844 4284 Laurentium
1908 4229 2248 4302 martyrem
2313 4223 2699 4302 pauperibus
2761 4223 3125 4284 habitacula
3178 4229 3554 4290 construxit.

286 4338 454 4404 Item
502 4332 583 4393 ad
627 4332 883 4393 beatum
930 4334 1184 4392 Petrum
1228 4330 1453 4409 viginti
1497 4331 1804 4391 canthara
1845 4335 2149 4410 argentea
2190 4330 2358 4403 fecit,
2407 4348 2672 4409 pensan.
2720 4329 2971 4410 singula
3030 4331 3224 4392 libras
3287 4333 3556 4413 quinde-

286 4443 446 4516 cim,
492 4445 555 4501 et
599 4457 782 4500 arcus
824 4441 902 4498 22
947 4455 1211 4518 pensan.
1257 4438 1418 4516 sing.
1468 4437 1611 4498 libr.
1656 4437 1902 4516 viginti.
1950 4438 2062 4497 Hic
2126 4437 2444 4516 reparavit
2504 4437 2831 4498 basilicam
2894 4444 3130 4499 sanctae
3185 4440 3552 4517 Felicitatis,

288 4550 374 4634 (Ιι)
423 4566 569 4628 quae
604 4546 742 4626 jam
785 4545 849 4606 in
880 4545 1130 4606 ruinam
1175 4544 1588 4618 imminebat;
1634 4544 1738 4605 hic
1782 4544 2065 4605 absidam
2111 4545 2312 4605 beatae
2355 4543 2635 4623 Agnetis,
2672 4564 2814 4625 quae
2858 4545 2922 4605 in
2966 4546 3216 4608 ruinam
3261 4547 3556 4613 immine-

283 4660 402 4720 bat
445 4661 508 4716 et
550 4672 805 4716 omnem
849 4652 1172 4714 basilicam
1219 4653 1569 4714 renovavit.

370 4772 476 4826 81
528 4763 640 4823 Hic
684 4761 1011 4823 constituit
1055 4765 1124 4821 ut
1184 4760 1359 4822 omni
1419 4759 1520 4820 die
1578 4759 1960 4834 Dominicos,
1997 4759 2097 4820 vel
2141 4759 2442 4820 natalitiis
2507 4763 2858 4838 martyrum
2922 4757 3195 4838 hymnus
3240 4760 3554 4824 diceretur

285 4871 640 4953 angelieus,
687 4869 750 4930 id
794 4875 890 4930 est
929 4867 1129 4949 gloria
1161 4868 1225 4928 in
1267 4866 1508 4928 excelsis
1541 4867 1682 4928 Deo.
1731 4867 1842 4926 Hic
1886 4867 2032 4926 fecit
2075 4867 2506 4927 coemeterium
2549 4866 2972 4927 Jordanorum
3020 4867 3083 4926 in
3132 4867 3356 4927 melius
3403 4887 3551 4947 pro-

285 4989 434 5063 pter
474 4994 706 5057 corpus
747 4977 947 5037 sancti
988 4975 1364 5049 Alexandri;
1413 4974 1514 5035 hic
1557 4974 1731 5034 omni
1774 4993 1941 5035 anno
1988 4993 2098 5053 per
2139 4974 2441 5048 Africam,
2489 4973 2586 5034 vel
2632 4973 2987 5034 Sardiniam
3051 4973 3130 5034 ad
3193 4974 3545 5056 episcopos,

283 5089 398 5169 qui
439 5087 502 5147 in
536 5084 758 5146 exsilio
792 5088 974 5145 erant
1014 5083 1264 5156 retrusi,
1299 5082 1632 5162 pecuniam
1678 5086 1740 5142 et
1781 5088 1982 5143 vestes
2030 5081 2464 5153 ministrabat;
2514 5080 2617 5140 hic
2661 5082 2941 5160 captivos
2971 5100 3083 5160 per
3111 5081 3456 5160 Liguriam,
3485 5091 3550 5146 et

203 5201 239 5258 5
288 5193 751 5265 Mediolanum,
797 5196 861 5252 et
919 5209 1035 5271 per
1095 5190 1374 5250 diversas
1439 5189 1794 5269 provincias
1837 5189 1908 5269 (ι)
1953 5189 2218 5269 pecunia
2277 5187 2564 5261 redemit,
2611 5192 2674 5247 et
2734 5186 2904 5247 dona
2966 5187 3432 5267 multiplicavit,
3491 5193 3558 5253 et

280 5301 562 5376 dimisit;
612 5297 707 5359 hic
732 5297 880 5378 fecit
917 5296 1324 5358 ordinationes
1367 5305 1624 5377 quatuor
1667 5299 1730 5357 in
1771 5295 1918 5357 urbe
1958 5297 2150 5357 Roma
2186 5315 2300 5377 per
2340 5313 2556 5355 menses
2602 5293 2975 5356 Decembrem
3029 5303 3083 5356 et
3124 5293 3546 5373 Februarium,

279 5409 664 5491 presbyteros
694 5405 1028 5486 nonaginta
1057 5404 1223 5480 duos,
1256 5403 1536 5466 diaconos
1563 5403 1880 5481 sexdecim,
1913 5404 2212 5484 episcopos
2236 5422 2348 5484 per
2377 5402 2626 5462 diversa
2675 5400 2801 5462 loca
2845 5409 3075 5462 centum
3107 5399 3184 5483 (lc)
3217 5410 3277 5462 et
3311 5412 3550 5484 septem.

283 5517 405 5591 Qui
449 5516 644 5578 etiam
686 5512 947 5594 sepultus
1004 5521 1087 5574 est
1127 5512 1191 5573 in
1233 5511 1495 5572 basilica
1539 5512 1709 5572 beati
1751 5511 1921 5571 Petri
1965 5510 2260 5590 apostoli,
2306 5520 2365 5570 et
2409 5509 2652 5570 cessavit
2697 5510 3067 5591 episcopatus
3108 5509 3241 5572 dies
3282 5516 3549 5593 septem,

283 5625 396 5707 qui
440 5623 640 5686 etiam
684 5620 751 5682 in
795 5639 951 5701 pace
995 5621 1318 5684 ccnfessor
1360 5618 1620 5699 quievit.

1313 5742 1565 5789 NOTULE
1610 5743 1880 5790 MARGINA
1892 5744 1998 5787 LES
2043 5742 2360 5787 FABROTTI.

191 5827 270 5898 (α)
302 5777 408 5898 61;,
440 5833 501 5886 et
518 5825 973 5884 confessionem.
1000 5897 1005 5898 ί
1033 5826 1226 5898 Ῠ(Ιι)7(7,
1261 5823 1431 5880 Sosii.
1501 5777 1651 5898 (ciet
1679 5823 1950 5898 cubicula
1982 5841 2110 5898 p._s.
2167 5823 2265 5898 Δ((1)
2297 5822 2450 5898 fecit.
2495 5824 2584 5898 te)
2617 5821 2673 5898 in
2708 5823 3206 5898 t'undo‘laudario.
3277 5824 3346 5898 (Γ)
3377 5825 3436 5896 C,
3469 5823 3552 5884 ci-

128 5894 403 5960 borium{
457 5902 514 5960 ε.
551 5902 630 5975 (g)
659 5898 868 5958 Albino
898 5902 955 5955 et
981 5894 1274 5974 Glaphyra
1305 5895 1652 5974 praepositis.
1730 5897 1811 5968 (ἡ)
1840 5896 1934 5953 cui
1964 5894 2134 5953 ruina
2160 5894 2530 5967 imminebat,
2607 5896 2672 5973 (ἱ)
2705 5895 2960 5970 pecunii.
3040 5896 3113 5975 (lc)
3143 5897 3246 5970 CB,
3282 5894 3368 5954 17.
