3950 6410
141 379 242 438 493

852 382 1256 437 SCliELESTR.
1303 382 1607 439 DIS'VERT.
1646 383 1737 438 DE
1774 383 2003 452 ANTIQ.
2058 384 2226 441 ROM.
2269 387 2466 444 PONT.
2509 389 2850 447 CATALOG.

3472 396 3576 455 494

137 505 576 561 desiderantur:
605 505 755 560 unde
783 510 934 574 patet
967 505 1152 560 Vitam
1183 505 1326 560 hanc
1349 519 1474 561 esse
1505 503 1790 568 mutilam,
1824 503 1880 561 A
1909 507 2066 563 Libri
2101 511 2452 567 Pontificalis
2479 514 2822 571 mentionem
2858 515 3068 573 faciat:
3099 538 3125 568 «
3150 519 3448 589 Damasus,
3475 520 3576 574 in-

137 601 190 649 et
219 593 442 663 aliquid
487 593 810 648 desiderari
860 594 918 648 in
963 592 1136 648 Libro
1181 593 1500 649 Pontificali
1539 593 1690 665 quod
1728 607 1796 648 ex

140 682 438 753 integriori
480 683 796 752 exemplari
828 683 1086 752 suppleri
1132 683 1358 752 poterit.

791 808 1013 863 CAPUT
1051 810 1137 864 VI.

133 915 221 970 An
251 914 413 968 Liber
439 915 776 984 Pontiﬁcalis
807 931 841 968 a
869 917 1104 969 Damaso
1125 931 1278 986 papa
1309 916 1645 984 conscriptus
1675 916 1747 968 sit
1771 916 1800 967 ?

135 1034 170 1083 Ι.
197 1036 326 1085 Duae
349 1037 584 1101 epistola;
615 1037 824 1101 Damasi
854 1051 1001 1100 papa:
1027 1042 1076 1085 ct
1104 1038 1406 1101 Hieronymi
1436 1037 1719 1101 presbyteri
1745 1038 1795 1085 in

189 1112 318 1146 mss.
342 1099 614 1162 codicibus
639 1100 793 1147 Libro
819 1099 1109 1148 Pon’tilicali
1131 1099 1417 1162 praeposita:
1437 1099 1574 1148 sunt.
1595 1099 1744 1149 Unde
1767 1114 1798 1148 a

191 1160 457 1226 nonnullis
487 1163 646 1210 Liber
676 1163 993 1210 Pontiﬁcalis
1029 1160 1251 1211 Damaso
1283 1177 1428 1226 papa:
1455 1164 1708 1226 tribuitur.
1731 1188 1795 1226 :—

191 1222 257 1270 lI.
294 1222 575 1272 Damasum
609 1238 711 1272 non
747 1239 861 1272 esse
897 1229 1158 1273 auctorem
1193 1222 1328 1274 Libri
1353 1222 1700 1282 'Pontiﬁcalis,
1727 1225 1792 1273 D.

189 1284 493 1344 Hieronymi
527 1287 832 1335 auctoritate
868 1289 1173 1343 ostenditur,
1207 1291 1256 1336 et
1291 1302 1349 1336 ex
1387 1287 1632 1335 omnibus
1665 1287 1794 1334 seri-

189 1350 393 1456 gorum
411 1349 720 1421 testimoniis
737 1350 1123 1422 comprobatur,
1139 1351 1226 1412 qui
1240 1351 1564 1423 postBCdam
1581 1349 1794 1397 Librum

237 1408 555 1456 onttlicalem
597 1425 708 1456 sine
749 1411 850 1456 ulla
898 1412 1105 1456 Damast
1159 1417 1421 1456 mentione
1465 1415 1701 1456 cntarunt.
1733 1437 1794 1446 —

237 1408 555 1457 ontilicalcm
597 1411 708 1457 sine
749 1408 873 1458 ulla‘
898 1412 1105 1459 Damasi
1154 1408 1421 1460 mentione
1465 1413 1701 1459 citaruut.
1733 1437 1796 1446 —

194 1469 285 1518 ΙΙΙ.
326 1471 675 1519 Adducuntur
697 1473 752 1520 S.
776 1474 1013 1520 Ancclmi
1039 1475 1289 1521 Lucensis
1319 1480 1369 1522 et
1389 1475 1527 1521 card.
1557 1473 1793 1521 Deusde-

188 1533 260 1596 dit
290 1531 411 1596 loca
435 1547 497 1580 ex
519 1536 679 1593 gestis
707 1537 914 1582 Damasi
944 1537 1113 1590 citata,
1143 1550 1258 1596 quae
1289 1540 1459 1583 tamen
1487 1549 1591 1582 non
1623 1549 1683 1581 ex
1708 1535 1796 1582 Li-

187 1593 277 1658 bro
302 1593 599 1644 Pontiﬁcali
631 1597 854 1645 Damaso
885 1611 1028 1658 papa:
1059 1593 1268 1650 tributo,
1292 1600 1380 1645 sed
1403 1611 1463 1646 ex
1485 1597 1794 1658 specialibus

185 1656 402 1720 Damasi
429 1660 593 1716 gestis
624 1673 715 1720 per
741 1656 1078 1708 Monbritium
1103 1659 1252 1707 editis
1276 1656 1551 1720 desumpta
1577 1663 1712 1713 sunt,
1743 1661 1793 1705 et

186 1673 402 1704 uamasi
429 1673 593 1716 gesus
660 1673 715 1707 er
742 1673 1078 1708 monui-mum
1103 1673 1252 1707 coms
1276 1673 1551 1720 desumpta
1577 1673 1712 1713 sunt,
1743 1673 1792 1705 et

184 1717 308 1766 nihil
344 1719 542 1784 faciunt
571 1673 967 1782 atfprzesentcm
999 1724 1355 1784 quaestionem.
1383 1747 1444 1758 —-
1481 1721 1571 1768 IV.
1607 1721 1792 1781 Neque

185 1795 311 1827 mss.
334 1782 550 1830 codices
565 1783 818 1838 Vaticani,
837 1782 1028 1846 quibus
1043 1785 1194 1832 Liber
1215 1783 1537 1832 Pontificalis
1558 1785 1791 1846 contiuef

1909 599 2059 667 quit,
2093 600 2357 656 Romanis
2389 601 2559 656 Urbis
2588 603 2918 674 episcOpus,
2959 605 3191 677 elegans
3218 607 3278 662 in
3311 608 3572 664 versibus

1909 688 2321 755 componendis
2358 689 2654 760 ingenium
2698 691 2922 760 habuit,
2970 693 3264 764 multaque
3295 701 3352 750 et
3384 695 3575 750 brevia

1909 776 2188 844 opuscula
2223 777 2453 833 heroico
2496 785 2673 835 metro
2717 781 2922 846 edidit,
2956 788 3013 836 et
3044 796 3218 851 prope
3264 788 3574 855 octogena—

1914 863 2038 918 rius
2055 864 2163 919 sub
2180 865 2498 922 Theodosio
2519 868 2780 936 principe
2803 873 3066 924 mortuus
3087 875 3189 925 est.
3217 889 3242 920 »
3264 872 3383 926 Huc
3400 871 3572 926 etiam

1909 953 2130 1008 accedit
2153 955 2302 1023 quod
2334 967 2496 1010 nemo
2521 955 2754 1011 Librum
2783 956 3171 1013 Pontificalem
3195 959 3434 1014 Damaso
3458 959 3572 1014 tri—

1906 1039 2101 1096 buerit
2123 1045 2494 1100 exomnibus
2523 1045 2646 1100 illis
2677 1047 2777 1116 qui
2809 1061 2939 1101 eum
2967 1047 3225 1103 citarunt
3253 1063 3285 1104 a
3316 1051 3572 1104 Venera—

1905 1127 2046 1185 bilis
2076 1131 2234 1186 BBdIB
2266 1133 2624 1202 temporibus
2656 1149 2837 1205 usque
2865 1135 2934 1190 ad
2981 1137 3296 1204 posteriora
3331 1136 3449 1191 haec
3479 1151 3577 1192 sae-

1904 1219 2054 1274 cula.
2089 1219 2160 1274 Ut
2189 1221 2339 1275 enim
2374 1221 2712 1277 omittamus
2741 1230 2994 1301 tempora
3026 1239 3152 1295 qua:
3184 1225 3335 1280 inter
3359 1226 3573 1280 Dama-

1904 1321 2031 1361 sum
2093 1321 2291 1378 papam
2345 1315 2401 1364 et
2459 1311 2851 1366 Venerabilem
2909 1311 3111 1367 Bedam
3171 1313 3355 1368 media
3411 1318 3569 1371 sunt.

1907 1395 2123 1466 quibus
2173 1397 2322 1467 apud
2383 1398 2576 1454 nullos
2631 1399 2944 1470 scriptores
3004 1401 3162 1456 Libri
3219 1400 3574 1457 Pontificalis

1907 1486 2122 1540 mentio
2167 1487 2472 1558 reperitur,
2521 1487 2667 1544 Beda
2711 1489 2952 1560 primus,
2989 1491 3141 1560 quod
3175 1491 3376 1559 sciam,
3414 1502 3575 1544 more

1906 1572 2132 1638 talium,
2185 1573 2384 1629 citavit
2442 1575 2500 1630 in
2551 1577 2959 1647 Martyrologio
3011 1591 3117 1634 suo
3169 1577 3235 1633 ad
3287 1591 3387 1632 vm
3438 1576 3572 1632 ldus

1901 1659 2150 1730 Augusti
2185 1663 2460 1718 nonnulla
2487 1664 2557 1718 de
2585 1671 2762 1720 morte
2791 1666 2939 1722 Sixti
2971 1682 3040 1720 om
3067 1666 3245 1722 Gestis
3266 1666 3574 1736 pontiﬁca—

1905 1748 2070 1811 libus,
2117 1765 2245 1820 qua:
2291 1765 2389 1806 nec
2428 1754 2686 1824 Damaso,
2722 1769 2822 1810 nec
2864 1755 3044 1810 alicui
3080 1755 3426 1825 particulari
3457 1770 3572 1812 au—

180 1823 1184 1914 {1;}:;nauigium;ista;
1206 1823 1789 1914 501;;5115"5i,‘".§6
1823 1823 1873 1883 Β
1903 1837 2050 1892 ctori
2076 1837 2304 1893 tribuit.
2337 1841 2678 1897 Hincmarus
2703 1823 3177 1914 archiepiscopus
3202 1844 3565 1911 Rhemensis,

181 1905 412 1966 plurium
439 1907 650 1954 Damasi
670 1921 1033 1956 successorum
1055 1911 1184 1955 vitas
1200 1905 1514 1962 contineant,
1534 1907 1669 1954 unde
1691 1911 1790 1953 ter-

182 1968 243 2030 tii
265 1969 474 2016 codicis
509 1969 732 2030 scriptor
754 1984 995 2030 expresse
1027 1971 1236 2026 notavit,
1271 1971 1680 2030 Damasuminon
1703 1982 1791 2028 po-

180 2029 337 2092 tuisse
375 2031 480 2078 nisi
508 2029 674 2092 usque
703 2032 767 2078 ad
795 2029 889 2079 sua
913 2034 1146 2091 tempora
1182 2031 1428 2078 scribere.
1453 2057 1517 2066 —
1547 2029 1610 2078 V.
1650 2030 1790 2076 Petri

179 2090 448 2140 Lambecii
477 2090 738 2140 sent—entia
767 2093 980 2141 aliertur
1014 2090 1076 2140 dc
1107 2093 1268 2153 priori
1299 2093 1440 2141 Libri
1473 2091 1791 2140 Pontificalis

179 2159 318 2213 parte
350 2169 385 2202 a
419 2155 638 2201 notiriis
671 2155 970 2215 apostolicae.
1008 2155 1166 2210 sedis,
1193 2155 1411 2202 diversis
1438 2155 1645 2216 quidem
1669 2157 1793 2201 tem-

181 2217 431 2324 poribus,
445 2216 542 2263 sed
569 2216 756 2290 eodem
787 2218 917 2278 stylo
942 2218 1251 2276 conscripta,
1275 2221 1330 2290 et
1353 2230 1383 2263 a
1409 2217 1630 2264 Damaso
1661 2229 1793 2276 papa

201 2290 227 2323 n
256 2278 464 2324 tabulis
497 2277 768 2324 Vaticanis
803 2283 1004 2324 reperta
1032 2293 1089 2324 ac
1121 2280 1182 2324 ad
1222 2279 1597 2324 Hieronymum
1628 2280 1793 2324 trans-

201 2277 768 2351 u'tabulis'Yati'canis
803 2283 1009 2351 reperta.
1032 2280 1182 2351 acnad
1222 2279 1597 2351 Hieronymum
1628 2280 1794 2351 trans-

183 2340 346 2387 missa.
381 2366 446 2374 —
475 2338 569 2387 VI.
610 2338 876 2388 Lambecii
903 2341 1155 2388 sententia
1183 2338 1518 2396 examinator,
1550 2343 1600 2386 et
1629 2343 1796 2386 osten-

182 2401 737 2474 ditur,.qtio§l'notariis
754 2403 1056 2474 apostolicae
1073 2403 1211 2474 sedis
1231 2406 1472 2474 tanquam
1497 2401 1792 2474 auctoribus

183 2464 313 2523 prior
328 2462 481 2512 Libri
510 2462 828 2511 Pontiﬁcalis
845 2479 962 2524 pars
979 2465 1132 2511 tribui
1152 2478 1252 2511 non
1271 2465 1450 2524 possit.
1470 2490 1529 2498 —
1549 2463 1619 2510 Vl
1634 2464 1669 2510 Ι.
1694 2463 1792 2510 Nc-

185 2539 277 2586 quc
303 2539 334 2573 a
361 2526 598 2574 Damaso
620 2539 753 2586 papa
779 2528 990 2586 probata
1014 2527 1122 2578 fuit,
1149 2532 1204 2572 ut
1223 2540 1283 2574 ex
1315 2526 1568 2586 pluribus,
1601 2525 1790 2584 quibus

185 2591 357 2649 scatet,
393 2586 688 2645 erroribus,
722 2591 772 2635 et
801 2602 862 2636 ex
893 2589 1004 2649 styli
1041 2589 1258 2636 ruditate
1293 2601 1354 2634 ac
1385 2588 1730 2634 uniformitate
1761 2600 1790 2632 a

187 2648 334 2698 Petro
361 2662 533 2712 usque
565 2651 630 2698 ad
653 2664 746 2698 eos
772 2651 858 2712 qui
888 2648 1108 2712 septimo
1140 2649 1336 2698 Sir-culo
1367 2650 1612 2698 sederunt
1645 2662 1791 2696 mon-

186 2715 381 2761 stratur.

197 2805 241 2861 t.
261 2810 400 2866 Cum
423 2811 722 2881 superiori
744 2810 930 2881 capite
954 2811 1464 2867 monstraverimus
1483 2807 1792 2879 antiquio—

139 2910 239 2953 rem
267 2900 608 2972 Catalogum
640 2913 752 2956 non
782 2913 905 2956 esse
933 2900 1099 2956 illum
1129 2904 1299 2970 cujus
1331 2899 1546 2955 mentio
1575 2899 1633 2953 in
1660 2897 1793 2966 epi—

136 2986 286 3042 stolis
303 2988 641 3059 Hieronymi
662 2994 718 3043 et
738 2989 964 3044 Damasi
991 3002 1148 3060 papae
1166 2989 1475 3060 reperitur,
1497 2986 1794 3056 inquiren‘

136 3072 251 3129 dum
277 3083 362 3132 est
388 3078 504 3132 hoc
533 3078 724 3147 capite
753 3091 824 3132 an
854 3077 1046 3134 forsan
1075 3079 1148 3133 de
1170 3077 1342 3133 Libro
1373 3073 1697 3132 Pontiﬁcali
1733 3073 1793 3128 in

1903 1925 2003 1995 qui
2047 1926 2257 1982 sarculo
2295 1941 2446 1983 nono
2479 1929 2734 1998 scripsit,
2769 1931 3012 1999 epistola
3040 1929 3130 1999 28,
3165 1932 3232 1986 ad
3265 1931 3568 1988 Nicolaum

1905 2013 2176 2084 primum,
2215 2016 2390 2085 hujus
2420 2016 2558 2071 libri
2587 2017 2694 2072 sub
2717 2017 2892 2073 titulo
2923 2019 3076 2073 Libri
3101 2020 3422 2089 cpismpalis
3449 2032 3572 2074 me—

1904 2102 2096 2166 minit,
2131 2118 2297 2173 quem
2323 2105 2472 2160 nulli
2500 2105 2665 2175 plane
2686 2107 2911 2162 auctori
2937 2107 3199 2162 ascribit.
3231 2106 3573 2176 Rodulphus

1905 2191 2217 2261 presbyter,
2255 2194 2354 2264 qui
2387 2195 2584 2250 eodem
2629 2201 2883 2264 tempore
2913 2209 3041 2251 cum
3076 2195 3383 2250 Hincmaro
3417 2193 3572 2250 Rhe—

1909 2280 2086 2335 mensi
2121 2282 2286 2352 vixit,
2325 2283 2382 2336 in
2417 2284 2534 2338 vlta
2577 2284 2792 2339 Rabani
2833 2284 3080 2353 abbatis,
3118 2297 3216 2354 per
3245 2285 3566 2339 Browerum

1904 2367 2006 2422 lib.
2045 2383 2106 2424 ill
2143 2370 2293 2426 inter
2322 2371 2715 2442 Antiquitates
2755 2373 3068 2428 Fuldenses
3097 2374 3274 2442 edita,
3308 2372 3568 2443 quedam

1901 2457 1972 2511 dc
1995 2458 2267 2528 reliquiis
2287 2466 2615 2516 sanctorum
2637 2477 2704 2514 c.1-
2723 2461 2899 2515 Gestis
2913 2462 3323 2530 pontiﬁcalibus
3345 2461 3567 2528 citavit,

1901 2545 1997 2599 sed
2045 2560 2406 2617 nequaquam
2456 2562 2520 2604 ea
2563 2549 2805 2604 Damaso
2853 2549 3162 2605 tribuenda
3217 2563 3342 2604 esse
3391 2549 3567 2604 dixit.

1899 2632 1952 2686 S.
1986 2634 2072 2690 lvo
2094 2633 2463 2690 Carnotensis
2487 2636 2802 2706 Episc0pus
2825 2637 3040 2706 saepius
3068 2640 3229 2706 parte
3263 2651 3316 2692 ιν
3345 2636 3566 2691 Decreti

1901 2721 2132 2778 Librum
2161 2724 2547 2780 Pontiﬁcalem
2575 2725 2735 2795 citat,
2761 2726 2857 2781 sed
2885 2724 3098 2781 nullibi
3121 2738 3248 2780 eum
3273 2737 3305 2780 a
3329 2725 3570 2780 Damaso

1901 2818 2133 2868 auctore
2155 2813 2545 2883 conscriptum
2569 2811 2752 2870 fuisse
2774 2815 2988 2884 prodit.
3013 2814 3247 2870 Titulus
3267 2813 3480 2883 capitis
3499 2809 3570 2866 94

1901 2905 1988 2954 est
2019 2899 2128 2955 iste
2157 2918 2168 2954 :
2203 2903 2278 2955 De
2309 2901 2466 2955 libris
2506 2901 2719 2956 Gclassi
2747 2919 2815 2956 ea:
2843 2903 3008 2956 Libro
3043 2902 3367 2972 Pontificali.
3397 2901 3570 2955 Titu—

1905 2986 1998 3043 lus
2027 2989 2238 3058 capitis
2279 2986 2381 3044 424
2411 3007 2424 3043 :
2455 2991 2588 3043 Item
2627 2991 2692 3044 de
2725 2993 3133 3060 conﬁrmatione
3175 2995 3343 3044 sextae
3371 2988 3572 3056 synodi

1906 3093 1974 3130 ea:
2013 3079 2176 3132 Libro
2223 3079 2548 3148 Pontiﬁcali.
2599 3079 2974 3148 Romualdus,
3019 3079 3122 3148 qui
3159 3092 3192 3134 a
3236 3081 3382 3134 Luca
3426 3075 3570 3131 Hol—

139 3164 883 3237 pradictislitterisagatur.
900 3158 1798 3254 Rationemdubitandiprzebent
1823 3193 1872 3254 Ο
1907 3166 2094 3222 stenio
2122 3166 2432 3238 presbyter,
2460 3166 2530 3222 ab
2553 3166 2691 3222 aliis
2715 3167 3114 3224 Salernitanus
3137 3166 3446 3236 episcopus
3469 3163 3570 3220 di-

139 3253 375 3324 plerique
416 3255 658 3312 codices
708 3256 1110 3326 manuscripti,
1161 3257 1217 3310 in
1267 3254 1482 3327 quibus
1524 3253 1609 3308 hae
1659 3252 1788 3307 duze

136 3343 369 3410 epistolae
401 3344 586 3400 Libro
615 3345 938 3401 Pontiﬁcali
974 3350 1409 3415 praeponuntur.
1439 3344 1532 3399 Sic
1563 3342 1713 3398 libro
1746 3353 1785 3395 ιι

138 3431 677 3490 Commentariorum
705 3439 950 3490 testatur
975 3434 1330 3502 Lambecius,
1357 3435 1507 3506 quod
1537 3431 1644 3488 sub
1671 3445 1790 3486 nu—

146 3532 278 3578 mero
291 3519 393 3578 ΞΠΊ
403 3529 741 3579 asservetur
761 3524 817 3578 in
836 3523 1189 3579 bibliotheca
1203 3523 1454 3578 Caesarea
1481 3543 1506 3573 ‹‹
1523 3521 1613 3575 vol
1624 3533 1712 3576 um
1723 3533 1790 3574 cn

147 3611 620 3668 membranaceum
656 3617 1066 3682 pervetustum,
1102 3613 1411 3683 magnique
1444 3609 1614 3681 pretii
1651 3609 1708 3664 in
1737 3604 1792 3665 4a

145 3712 243 3767 quo
258 3702 595 3758 continetur
613 3701 856 3756 historia
875 3702 1260 3756 Romanorum
1282 3699 1640 3770 pontificum,
1665 3709 1793 3768 qua!

146 3788 293 3858 vulgo
316 3791 552 3860 quidem
588 3789 892 3846 Anastasio
919 3789 1367 3845 bibliothecario
1395 3787 1699 3854 tribuitur,
1732 3787 1790 3841 in

150 3875 238 3930 hoc
278 3886 462 3935 autem
515 3884 580 3936 et
632 3879 771 3935 aliis
819 3885 1069 3950 quatuor
1115 3877 1482 3934 bibliothecae
1525 3877 1792 3931 Caesareae

147 3965 420 4024 codicibus
464 3982 608 4024 mss.
647 3967 966 4024 ascribitur
997 3968 1052 4023 S.
1086 3969 1328 4022 Damaso
1372 3979 1548 4036 papm,
1591 3978 1792 4033 nempe

149 4062 351 4123 propter
375 4055 744 4127 praefationis
765 4057 888 4113 loco
916 4056 1006 4112 illi
1038 4055 1298 4126 praefixas
1319 4053 1614 4126 epistolas,
1641 4065 1792 4122 qua-

150 4155 258 4200 rum
287 4161 393 4204 una
427 4146 680 4218 incipit:
712 4147 1033 4201 Beatissimo
1056 4160 1220 4214 papa
1247 4147 1482 4198 Damaso
1511 4145 1792 4210 Hierony—

149 4247 265 4287 mus.
295 4236 535 4292 Gloriam
578 4237 890 4290 sanctitatis
922 4240 1030 4288 tua:
1057 4239 1246 4288 nostra
1275 4234 1558 4287 humilitas
1589 4232 1792 4302 deprc-

149 4327 300 4376 catur.
332 4326 400 4381 Et.
441 4324 702 4381 secunda
733 4341 746 4378 ε
782 4327 1052 4378 Damasus
1094 4325 1374 4393 episcopus
1418 4323 1572 4376 urbis
1611 4324 1792 4376 Romae

147 4409 449 4482 Hieronymo
475 4433 492 4469 :
522 4413 748 4470 Gaudet
781 4413 1022 4467 Ecclesia
1060 4418 1152 4466 tuo
1189 4415 1341 4480 fonte
1379 4413 1603 4465 satiata.
1645 4411 1792 4466 Pro-

151 4503 257 4565 pter
281 4501 376 4558 has
399 4503 588 4575 igitur
605 4503 756 4558 duas
773 4501 1067 4571 epistolas,
1098 4501 1284 4571 pergit
1308 4500 1519 4555 ibidem
1551 4499 1792 4556 Lambe-

150 4586 278 4658 cius,
302 4605 424 4660 quae
443 4606 556 4648 non
580 4591 774 4648 solum
797 4591 854 4646 in
869 4591 984 4660 jam
1012 4590 1342 4646 memoratis
1361 4589 1793 4662 augustissima:

153 4674 488 4737 bibliotheca:
502 4683 795 4746 Caesareae,
811 4693 1005 4736 verum
1019 4680 1191 4735 etiam
1207 4680 1455 4736 aliarum
1473 4678 1792 4735 illustrium

153 4761 612 4826 bibliothecarum
644 4767 953 4824 codicibus
983 4767 1330 4838 quibusdam
1363 4781 1498 4823 mss.
1534 4767 1796 4822 historiae

155 4851 238 4907 isti
267 4855 332 4910 de
361 4857 508 4914 Vitis
547 4857 893 4928 pontificum
933 4857 1317 4912 Romanorum
1362 4856 1605 4926 praatixre
1637 4862 1792 4922 sunt,

153 4943 410 5000 creditum
443 4961 476 5002 a
507 4945 820 5003 nonnullis
841 4949 928 5002 est
955 4946 1216 5001 omnium
1246 4945 1480 5001 illarum
1509 4946 1791 5013 Vitarum,

154 5042 264 5097 quae
302 5047 364 5089 eo
402 5049 573 5105 opere
612 5035 990 5092 continentur
1027 5049 1059 5090 a
1095 5035 1148 5090 S.
1198 5036 1362 5091 Petro
1399 5033 1793 5104 apostolorum

155 5119 390 5191 Principe
404 5139 588 5196 usque
603 5123 676 5180 ad
701 5130 963 5180 sanctum
977 5125 1306 5194 Damasum,
1325 5124 1514 5193 ipsum
1531 5127 1792 5178 sanctum

155 5203 430 5268 Damasum
460 5227 587 5269 esse
616 5218 934 5269 auctorem.
973 5232 998 5262 ι)

213 5293 262 5350 2.
296 5300 564 5369 Quamvis
604 5308 800 5358 autem
843 5302 1179 5358 Lambecius
1224 5301 1368 5356 hanc
1413 5302 1793 5371 quorumdam

156 5383 456 5450 opinionem
483 5397 787 5461 proponat,
815 5397 964 5447 recte
987 5398 1173 5446 tamen
1189 5389 1453 5445 observat
1471 5388 1797 5460 complures

161 5470 235 5526 illi
262 5481 651 5536 contradicere
680 5486 804 5535 tum
836 5479 908 5535 ob
935 5480 1082 5536 alias
1116 5478 1390 5548 rationes,
1421 5485 1544 5535 tum
1575 5481 1647 5536 ob
1673 5494 1794 5536 eam

161 5565 416 5635 pracipue
441 5570 596 5640 quod
625 5570 691 5623 D.
717 5569 1098 5640 Hieronymus
1129 5567 1278 5623 libro
1306 5569 1377 5623 de
1400 5569 1798 5638 Scriptoribus

1901 3255 2075 3326 citur,
2113 3256 2171 3310 in
2205 3256 2477 3326 Historia,
2508 3271 2634 3326 quae
2667 3257 3058 3326 manuscripta
3085 3257 3275 3312 Romae
3301 3266 3570 3309 asserva-

1902 3349 2016 3411 tur,
2051 3346 2205 3400 hunc
2232 3345 2446 3401 librum
2475 3346 2822 3416 simpliciter
2850 3346 3223 3414 Pontiﬁcalem
3249 3349 3450 3411 vocat;
3480 3344 3566 3405 Ut,

1906 3434 2101 3504 inquit
2132 3435 2340 3505 pagina
2367 3433 2458 3501 80,
2487 3438 2548 3488 in
2567 3437 2874 3504 pontiﬁcali
2900 3436 3120 3502 legitur.
3152 3435 3222 3489 Et
3252 3440 3317 3488 ut
3347 3432 3567 3502 finiam,

1906 3522 2198 3580 Laborans
2216 3523 2535 3579 cardinalis
2557 3523 2614 3578 in
2634 3524 3042 3594 compilatione
3062 3523 3424 3578 decretorum
3447 3521 3573 3577 hac-

1906 3615 2074 3666 tenus
2105 3625 2216 3666 non
2246 3612 2421 3678 edita,
2457 3625 2584 3682 quae
2616 3611 2674 3666 in
2703 3611 2940 3667 archivo
2979 3610 3238 3665 basilica:
3280 3608 3572 3678 principis

1904 3701 2294 3769 apostolorum
2325 3701 2397 3754 de
2435 3700 2601 3761 Urbe,
2638 3701 2731 3754 cui
2769 3701 2886 3754 hanc
2925 3699 3187 3754 scribens
3228 3697 3574 3767 praepositus

1903 3802 2053 3858 sum,
2087 3789 2396 3858 reperitur,
2427 3787 2518 3842 bis
2545 3787 2889 3842 mentionem
2918 3785 3058 3840 facit
3087 3785 3264 3854 hujus
3288 3785 3450 3854 libri,
3473 3785 3570 3842 cui

1903 3878 2142 3934 titulum
2174 3878 2456 3932 Gestorum
2492 3876 2895 3946 pontificalium
2937 3875 3149 3930 tribuit
3179 3893 3191 3928 :
3231 3881 3388 3944 parte
3417 3875 3571 3931 enim

1903 3981 1967 4036 ιι,
2001 3981 2123 4036 cap.
2162 3963 2245 4034 lO,
2276 3967 2446 4021 Gesta
2479 3964 2832 4035 pontificalia
2859 3963 3023 4030 citat,
3057 3970 3113 4020 et
3139 3968 3298 4034 parte
3329 3977 3413 4032 x1,
3443 3976 3567 4034 cap.

1901 4055 1954 4124 6,
1989 4073 2058 4110 ea:
2089 4055 2265 4110 Gcstis
2309 4058 2678 4112 Romanorum
2717 4055 3040 4122 pontiﬁcum
3081 4054 3302 4122 Agatho
3343 4055 3570 4107 natione

1901 4145 2140 4204 Siculus,
2187 4149 2292 4199 etc.
2337 4143 2443 4200 Ubi
2485 4142 2678 4197 videre
2708 4141 2848 4197 licet
2877 4141 3249 4197 Laborantem
3291 4142 3571 4198 cardina-

1901 4233 2010 4288 lem
2039 4232 2188 4288 nulli
2211 4232 2433 4288 auctori
2467 4229 2748 4288 tribuisse
2774 4229 2989 4285 librum
3019 4244 3132 4300 quo
3157 4229 3327 4286 Gesta
3353 4231 3569 4286 Roma-

1902 4335 2104 4377 norum
2149 4321 2484 4390 pontiﬁcum
2529 4319 2926 4374 continentur.

1971 4408 2026 4467 3.
2079 4413 2151 4466 Ea
2190 4412 2432 4466 Damaso
2479 4423 2636 4480 papae
2680 4408 2899 4464 tributa
2947 4420 3071 4462 esse
3119 4421 3150 4462 a
3195 4407 3250 4462 S.
3302 4407 3570 4464 Anselmo

1905 4501 2170 4568 Lucensi,
2216 4498 2557 4570 aliquandiu
2607 4497 2852 4567 credidi,
2897 4510 2962 4553 eo
3004 4497 3157 4568 quod
3202 4495 3353 4552 libro
3397 4498 3571 4554 tertio

1905 4590 2150 4659 Decreti,
2170 4589 2320 4660 quod
2347 4587 2803 4657 manuscriptum
2831 4589 3119 4658 reperitur
3137 4587 3196 4642 in
3217 4586 3568 4642 bibliotheca

1906 4678 2214 4734 Barberina
2253 4679 2476 4750 legatur
2509 4697 2520 4732 :
2557 4697 2582 4728 ‹‹
2623 4679 2702 4732 De
2743 4677 2973 4734 Liberio
3016 4690 3158 4747 papa
3203 4681 3260 4732 et
3297 4674 3572 4732 admoni-

1907 4767 2063 4822 tione
2087 4767 2212 4837 ejus
2246 4785 2258 4822 :
2287 4781 2356 4823 ex
2387 4767 2566 4838 gestis
2605 4767 2831 4822 Damasi
2881 4780 3038 4836 papa:
3078 4766 3170 4820 tit.
3218 4761 3339 4818 190.
3385 4766 3570 4818 Iratus

1905 4861 1992 4912 est
2021 4856 2379 4912 vehementer
2407 4855 2780 4912 Constantius
2823 4855 3135 4922 imperator
3163 4855 3362 4906 contra
3397 4849 3572 4904 Libe-

1906 4946 2082 5017 rium,
2106 4951 2162 5001 et
2185 4948 2370 5016 jussit
2390 4959 2520 5002 eum
2553 4950 2712 5000 extra
2741 4943 3034 4998 civitatem
3072 4939 3355 4993 habitare.
3385 4936 3574 4991 Habi—

1906 5035 2063 5092 tabat
2099 5042 2290 5092 autem
2335 5035 2408 5090 ab
2451 5033 2593 5090 urbe
2636 5034 2814 5086 Roma
2855 5026 3136 5082 milliario
3180 5025 3355 5080 tertio
3400 5025 3566 5093 quasi

1905 5125 2067 5182 exsul
2101 5127 2162 5180 in
2191 5123 2625 5179 cmmiterio.....
2668 5119 2761 5173 via
2789 5114 3031 5170 Salaria.
3075 5113 3347 5168 Veniente
3375 5117 3568 5168 autem

1903 5215 2001 5269 die
2033 5214 2258 5267 Pascha:
2289 5211 2512 5267 vocavit
2551 5208 2852 5262 universos
2891 5200 3254 5270 presbyteros
3283 5201 3570 5256 Romanos

1906 5309 1965 5358 et
1990 5302 2285 5366 diaconos,
2318 5306 2373 5354 et
2402 5297 2552 5352 sedit
2587 5295 2646 5348 in
2676 5293 2870 5347 eodem
2913 5289 3250 5358 ccemiterio,
3279 5292 3335 5343 et
3365 5287 3520 5343 dixit
3547 5305 3561 5342 :

1907 5389 2097 5445 Nolite
2123 5387 2343 5452 timere,
2373 5385 2512 5456 quia
2537 5381 2832 5437 vobiscum
2861 5389 2974 5433 non
3001 5377 3200 5434 habito
3225 5379 3284 5433 in
3311 5376 3569 5448 civitate,

1910 5477 2136 5533 habetis
2165 5473 2446 5529 vicarium
2480 5475 2741 5526 nostrum
2783 5467 3016 5522 fratrem
3047 5471 3104 5522 et
3140 5463 3572 5535 compresbyte—

1911 5582 2036 5623 rum
2071 5568 2396 5629 Damasum,
2425 5562 2596 5630 cujus
2623 5555 3026 5614 testimonium
3057 5571 3158 5612 vos
3189 5555 3333 5612 mihi
3363 5553 3572 5623 perhi-

161 5648 558 5714 Ecclesiasticis
583 5671 761 5729 opera
790 5659 1018 5714 Damasi
1045 5673 1202 5729 papae
1235 5671 1555 5728 recensens,
1584 5659 1804 5719 nullam
1897 5656 2133 5715 buistis.
2166 5671 2192 5702 ››
2219 5653 2288 5706 Et.
2308 5651 2480 5722 paulo
2503 5653 2630 5719 post
2659 5666 2671 5703 :
2700 5667 2726 5700 «
2752 5643 2987 5703 Domini
3015 5647 3198 5703 sancti
3220 5649 3278 5702 et
3295 5653 3571 5708 compre-
