3950 6392
354 434 457 491 495

1169 430 1262 483 ΑΙ)
1303 428 1735 483 ANASTASIUM
1780 426 2293 481 PROLEGOMENA
2350 429 2526 483 EDIT.
2570 429 2983 485 liOM.-VATIC.

3677 428 3785 487 496

351 563 586 633 sbyteri,
636 561 813 617 nolite
843 560 1098 631 c0gitare
1126 558 1196 613 de
1234 557 1507 625 crastino,
1542 556 1626 609 sic
1665 553 1815 608 enim
1855 553 2006 607 dixit
2028 551 2083 609 A
2115 554 2200 608 cis
2226 555 2392 609 verba
2417 574 2429 609 :
2456 556 2591 612 licet
2614 560 2767 613 enim
2793 564 2994 615 auctor
3020 559 3185 615 illius
3208 560 3506 617 manifeste
3531 561 3788 617 afﬁrmet

352 652 623 723 magister
653 656 865 706 noster.
902 668 926 698 »
961 649 1166 703 Eadem
1212 647 1446 701 omnino
1495 644 1662 698 habet
1691 642 2006 698 cardinalis

347 740 659 795 Deusdedit
678 739 736 793 in
763 738 1151 806 manuscripta
1170 735 1519 790 Collectione
1538 732 1756 786 Victori
1776 733 1847 785 IlI
1868 744 2008 785 nun-

346 834 572 897 cupata,
606 828 775 895 cujus
804 827 1061 895 unicum,
1092 829 1156 879 ut
1184 830 1340 891 puto,
1369 821 1661 889 exemplar
1695 820 1754 873 in
1786 818 2007 873 biblio-

346 917 512 972 theca
537 917 808 972 Vaticana
839 918 1183 969 asservatur.
1218 911 1391 966 Libro
1421 910 1574 965 enim
1606 923 1669 977 ιι,
1698 908 1887 977 capite
1915 904 2007 975 26,

345 1018 477 1060 cum
527 1005 588 1059 in
634 1002 892 1072 margine
934 1006 1137 1056 auctor
1184 999 1548 1055 collectionis
1598 1002 1898 1051 notasset:
1945 1010 2012 1048 ea:

345 1095 512 1163 gestis
542 1094 767 1145 Damasi
792 1106 974 1160 paper},
1020 1090 1181 1160 ponit
1214 1094 1431 1144 textum
1466 1092 1529 1142 ut
1558 1086 1861 1141 Anselmus
1893 1086 2013 1139 Lu-

347 1182 539 1238 censis
588 1181 680 1236 his
723 1179 913 1236 verbis
953 1197 966 1232 :
1006 1180 1219 1232 Liberio
1268 1179 1603 1231 vehementer
1662 1175 2009 1231 Constantius

346 1274 671 1341 imperatore
690 1273 868 1324 iratus
894 1274 970 1323 est
993 1287 1009 1335 ;
1032 1274 1082 1321 et
1091 1268 1265 1336 jussit
1288 1282 1407 1320 cum
1428 1270 1583 1319 ecetra
1606 1266 1877 1317 civitatem
1901 1263 2009 1314 ha—

351 1361 543 1423 bitare,
574 1366 679 1416 etc.
716 1361 842 1414 Haec
883 1359 1036 1413 enim
1067 1372 1197 1412 cum
1230 1356 1414 1426 primo
1449 1354 1671 1409 intuitu
1720 1352 2007 1422 legissem,

348 1449 565 1505 credidi
588 1448 862 1504 aduobus
885 1448 978 1503 his
998 1446 1384 1516 scriptoribus
1404 1459 1474 1499 ex
1495 1442 1669 1497 Libro
1687 1439 2008 1496 Pontiﬁcali

348 1537 746 1593 testimonium
776 1536 988 1606 afferri,
1025 1535 1310 1604 illumque
1338 1533 1555 1588 librum
1585 1533 1824 1585 Damaso
1852 1540 2009 1597 papas

346 1624 419 1680 ab
443 1625 589 1695 ipsis
614 1624 817 1680 tribui.
847 1627 1061 1681 Verum
1091 1623 1191 1679 ubi
1227 1622 1565 1692 przedictum
1600 1616 2006 1674 testimonium

350 1712 411 1766 in
428 1711 599 1767 Libro
618 1712 941 1767 Pontiﬁcali
966 1711 1296 1767 nullatenus
1318 1709 1525 1778 reperi,
1547 1720 1796 1763 errorem
1818 1717 2005 1758 meum

346 1800 747 1871 animadverti,
790 1804 846 1855 et
884 1812 1241 1869 nequaquam
1285 1798 1378 1852 hic
1418 1796 1651 1851 Librum
1693 1792 2006 1848 Pontiﬁca—

2116 643 2347 698 Lihrum
2390 646 2794 716 Pontiﬁcalem,
2830 662 2943 717 quo
2982 649 3124 703 Vitae
3156 649 3539 705 Romanorum
3574 650 3786 719 ponti—-

2118 730 2286 785 ﬁcum
2317 745 2349 785 a
2381 734 2619 787 Damaso
2652 748 2832 804 usque
2863 737 2930 790 ad
2970 737 3278 791 Martinam
3312 739 3355 792 V
3380 738 3782 805 continentur,

2118 820 2357 875 Damaso
2411 835 2565 889 papae
2615 823 2828 877 ascribi
2884 838 2994 878 non
3051 840 3233 895 posse,
3287 826 3543 881 indicare
3587 832 3784 881 tamen

2120 907 2348 962 videtur
2377 909 2534 964 Vitas
2567 912 2901 979 pontiﬁcum
2931 926 2963 966 a
2991 914 3057 966 D.
3092 915 3254 967 Petro
3288 927 3470 983 usque
3500 916 3569 969 ad
3604 914 3787 969 Libe-

2122 995 2274 1050 rium
2322 999 2547 1053 Damasi
2597 999 3063 1067 prardecessorem
3094 1015 3125 1056 a
3157 1004 3397 1057 Damaso
3438 1003 3563 1071 ipso
3595 1002 3788 1059 fuisse

2122 1087 2493 1155 conscriptas.
2530 1087 2708 1156 Quam
2741 1090 3070 1159 Opinionem
3104 1091 3521 1160 quodammodo
3552 1093 3788 1163 ample-

2120 1188 2227 1229 xus
2258 1180 2344 1230 est
2373 1178 2573 1233 Petrus
2604 1178 2938 1236 Lambecius
2970 1179 3119 1235 libro
3153 1194 3190 1234 ιι
3222 1179 3781 1237 Commentariorum

2118 1263 2486 1320 Bibliotheca:
2522 1267 2805 1333 Cmsareze,
2839 1269 3026 1338 capite
3052 1267 3106 1338 8,
3138 1268 3235 1324 ubi
3271 1269 3377 1324 sub
3409 1283 3648 1327 numero
3674 1268 3786 1327 277

2123 1358 2361 1407 mentem
2396 1368 2555 1409 suam
2588 1355 2837 1425 explicat
2870 1356 3244 1427 sequentibus
3272 1357 3499 1413 verbis:

2188 1439 2241 1495 5.
2294 1464 2319 1493 ‹‹
2365 1444 2713 1513 Verisimile,
2776 1445 2988 1514 inquit,
3043 1446 3185 1500 mihi
3235 1446 3483 1515 videtur,
3532 1449 3785 1517 primam

2122 1526 2379 1585 historiae
2408 1532 2583 1586 istius
2601 1533 2671 1586 de
2701 1533 2851 1587 Vitis
2879 1534 3213 1601 pontiﬁcum
3242 1534 3623 1590 Romanorum
3651 1538 3791 1593 ori—

2120 1617 2307 1688 ginem
2337 1623 2448 1673 no’n
2491 1625 2713 1675 tantum
2745 1622 2797 1674 S.
2832 1623 3072 1676 Damaso
3106 1623 3288 1678 multo
3318 1637 3441 1677 esse
3470 1624 3786 1695 antiquio-

2120 1719 2258 1775 rem,
2286 1721 2479 1763 verum
2512 1709 2686 1763 etiam
2721 1708 2851 1763 inde
2876 1724 2907 1764 a
2941 1710 3124 1778 prima
3156 1712 3512 1767 notariorum
3538 1713 3592 1767 S.
3624 1714 3786 1768 sedis

2117 1795 2447 1864 apostolicae
2475 1810 2572 1865 per
2596 1798 2650 1852 S.
2679 1811 2880 1867 papam
2905 1798 3248 1854 Clementem
3276 1800 3647 1857 institutione
3672 1802 3789 1857 de-

351 1887 485 1957 lem,
534 1890 628 1944 sed
675 1890 881 1959 Vitam,
933 1902 1033 1945 seu
1085 1894 1242 1958 gesta
1288 1885 1519 1941 Damasi
1570 1897 1747 1953 papze,
1807 1894 1932 1951 quae
1976 1894 2009 1934 a
2044 1871 2092 1930 Β
2123 1884 2524 1939 rivandam'et
2568 1888 2929 1955 repetendam
2979 1902 3119 1943 esse.
3173 1889 3309 1944 Cum
3365 1890 3517 1944 enim
3572 1891 3790 1945 horum

349 1979 681 2035 Mombritio
722 1993 791 2033 ex
831 1977 1091 2047 antiquis
1130 1991 1263 2031 mss.
1311 1974 1614 2031 codicibus
1656 1971 1809 2026 edita
1850 1974 2005 2037 sunt,

348 2069 518 2125 citari
551 2067 807 2141 cognovi.
852 2068 973 2122 Non
1006 2065 1216 2121 tribuit
1249 2066 1443 2134 itaque
1474 2063 1676 2117 beatus
1707 2057 2011 2113 Anselmus

347 2164 504 2230 gesta
534 2158 916 2213 Romanorum
960 2155 1297 2225 pontiﬁcum
1338 2155 1580 2207 Damaso
1613 2162 1789 2217 papze,
1822 2153 1879 2202 et
1907 2146 2011 2199 Li-

347 2246 514 2302 brum
536 2244 924 2301 Pontiﬁcalem
948 2244 1030 2298 ibi
1055 2257 1165 2298 non
1190 2242 1415 2309 citavit,
1441 2241 1617 2309 idque
1644 2234 2010 2290 manifestum

348 2335 411 2391 ﬁt
449 2349 518 2390 ex
556 2335 729 2390 titulo
767 2331 859 2388 ’121
897 2350 911 2386 :
946 2335 1022 2385 De
1067 2331 1257 2384 emsilio
1297 2329 1499 2381 Liberii
1534 2340 1714 2394 papa},
1748 2329 1797 2375 et
1841 2323 2010 2375 Felice

347 2425 467 2493 ejus
520 2424 743 2477 consilio
791 2421 1045 2475 ordinato
1099 2434 1167 2470 ea:
1212 2415 1542 2484 Ponti/icali.
1594 2410 2009 2465 Testimonium

348 2511 503 2566 enim
547 2510 696 2579 quod
731 2509 837 2562 hac
882 2508 952 2561 de
984 2520 1043 2560 re
1073 2503 1329 2571 exhibet,
1379 2503 1437 2557 in
1472 2499 1644 2555 Libro
1688 2496 2008 2552 Pontiﬁcali

350 2597 657 2668 reperitur,
691 2608 858 2665 quem
888 2600 957 2651 ut
983 2608 1052 2648 ex
1081 2591 1277 2647 titulis
1307 2591 1454 2659 ipsis
1483 2591 1739 2656 apparet,
1770 2600 1803 2639 a
1833 2585 2010 2654 gestis

348 2686 577 2742 Damasi
607 2683 942 2753 distinguit,
978 2684 1150 2751 prout
1186 2679 1359 2734 etiam
1390 2675 1668 2733 distinxit
1694 2674 2010 2731 cardinalis

349 2773 682 2842 Deusdedit,
716 2772 816 2842 qui
849 2771 1001 2826 libro
1032 2784 1094 2840 ιι,
1125 2782 1282 2823 num.
1323 2764 1415 2836 75,
1450 2781 1519 2819 ea:
1544 2767 1782 2819 Romano
1815 2766 2010 2818 Ponti-

348 2864 497 2934 ﬁcali
529 2863 694 2933 plura
726 2858 1059 2930 pontiﬁcum
1088 2858 1313 2913 decreta
1347 2854 1538 2924 refert,
1573 2868 1699 2923 quae
1729 2852 1920 2907 omnia
1949 2851 2009 2907 in

350 2952 522 3008 Libro
545 2950 869 3007 Pontiﬁcali
901 2948 1289 3017 reperiuntur,
1315 2959 1482 3018 quem
1511 2955 1870 3013 nequaquam
1891 2943 2010 2996 Da—

353 3054 509 3097 maso
542 3038 914 3096 tribuendum
944 3051 1068 3093 esse
1105 3034 1363 3091 aﬁirmat.

420 3127 473 3185 4.
505 3130 645 3186 Cum
674 3143 741 3183 ex
773 3126 1067 3197 prmdictis
1097 3124 1445 3180 sufﬁcienter
1477 3126 1698 3178 constet
1736 3121 1807 3176 ab
1849 3120 2010 3175 anti—

352 3220 486 3292 quis
520 3188 905 3286 scriptoribus
944 3214 1178 3269 Librum
1215 3211 1605 3267 Pontiﬁcalem
1649 3223 2009 3280 nequaquam
2041 3188 2090 3249 Ο

347 3310 588 3363 Damaso
628 3319 786 3376 papae
820 3304 1106 3360 tributum
1145 3302 1345 3371 fuisse,
1390 3300 1699 3355 videndum
1740 3312 1891 3354 nunc
1927 3303 2014 3352 est

350 3398 420 3452 de
451 3394 863 3464 manuscriptis
906 3392 1162 3461 ejusdem
1208 3390 1344 3445 libri
1382 3388 1702 3457 codicibus,
1736 3401 1806 3441 an
1842 3387 1901 3440 in
1937 3386 2012 3439 iis

352 3484 500 3540 liber
532 3483 631 3538 ille
659 3484 900 3537 Damaso
930 3478 1241 3535 scribatur.
1278 3477 1668 3547 Reperiuntur
1698 3476 1757 3529 in
1790 3473 2013 3528 biblio—

351 3574 512 3629 theca
543 3572 814 3628 Vaticana
846 3570 958 3625 tria
991 3569 1167 3637 hujus
1198 3566 1335 3621 libri
1362 3565 1731 3635 exemplaria,
1766 3575 2011 3633 quorum

349 3662 593 3717 alterum
622 3660 728 3715 sub
763 3671 1000 3714 numero
1039 3653 1182 3711 3762
1212 3655 1559 3711 custoditur.
1594 3652 1701 3707 Ubi
1731 3650 2013 3707 exhibitis

355 3750 495 3807 folio
527 3747 548 3804 l
587 3763 761 3819 supra
790 3748 987 3803 citatis
1016 3746 1245 3801 Damasi
1277 3752 1332 3800 et
1363 3743 1691 3814 Hieronymi
1724 3740 2009 3811 epistolis,

360 3838 724 3897 subnectitur
769 3837 863 3892 hic
901 3836 1112 3892 titulus
1145 3854 1157 3889 :
1197 3837 1261 3890 In
1304 3835 1519 3887 nomine
1556 3834 1773 3885 Domini
1818 3831 2013 3897 incipit

356 3930 520 3981 series
553 3928 875 3997 pontiﬁcum
921 3928 1303 3986 Romanorum,
1354 3925 1451 3992 qui
1494 3924 1553 3975 in
1594 3922 1719 3974 sede
1757 3921 1819 3974 B.
1867 3921 2015 3972 Petri

349 4016 580 4084 apostoli
618 4015 687 4067 ab
722 4016 837 4082 ipso
876 4028 1049 4081 usque
1086 4012 1161 4065 ad
1196 4012 1290 4064 hoc
1330 4017 1535 4079 tempus
1576 4009 1852 4063 sederunt.
1894 4009 2015 4061 Ex-

357 4102 517 4159 hibet
546 4106 735 4158 autem
766 4101 924 4157 Vitas
954 4114 1137 4171 usque
1160 4100 1229 4155 ad
1264 4099 1578 4155 Honorium
1610 4098 1703 4165 Ill,
1733 4096 1834 4165 qui
1863 4108 2012 4148 anno

357 4188 483 4246 M34
520 4190 784 4259 decessit,
834 4190 915 4245 ita
947 4195 1010 4245 ut
1042 4190 1137 4244 hic
1179 4189 1477 4259 pontiﬁces
1519 4185 1878 4254 reperientur
1910 4181 2009 4253 qui

353 4294 451 4349 per
478 4276 585 4335 700
611 4293 793 4335 annos
824 4284 951 4348 post
988 4284 1223 4333 mortem
1253 4275 1482 4330 Damasi
1514 4273 1807 4339 sederunt,
1835 4270 2014 4325 adeo-

351 4383 461 4439 que
498 4370 774 4424 Damasus
820 4380 1183 4437 nequaquam
1239 4364 1416 4433 hujus
1460 4361 1618 4416 Libri
1656 4359 2011 4414 Pontiﬁcalis

347 4467 549 4513 auctor
589 4472 713 4512 esse
764 4456 961 4525 possit.
1006 4452 1331 4508 Secundum
1376 4448 1667 4519 exemplar
1710 4446 1817 4502 sub
1849 4461 2007 4504 num.

346 4544 509 4615 5269,
545 4545 752 4615 pagina
783 4542 873 4611 49,
907 4548 1035 4611 post
1067 4540 1369 4610 praedictas
1418 4539 1660 4606 litteras,
1697 4536 1870 4592 refert
1899 4537 2011 4591 Ca-

348 4635 603 4704 talogum
650 4634 1036 4689 Romanorum
1085 4628 1423 4699 pontiﬁcum
1454 4641 1485 4681 a
1517 4628 1682 4683 Petro
1725 4640 1906 4696 usque
1937 4626 2006 4681 ad

347 4723 688 4793 Gregorium
715 4723 782 4791 II,
814 4720 1162 4788 illorumque
1192 4717 1352 4773 Vitas
1374 4717 1499 4771 sine
1521 4715 1641 4771 ullo
1664 4715 1837 4770 titulo
1865 4714 2011 4770 sub—

350 4813 548 4882 nectit,
577 4812 714 4883 quia
743 4810 958 4880 optime
978 4812 1323 4880 cognoverat
1347 4805 1684 4861 tabellarius
1702 4805 2007 4859 Damasum

347 4907 641 4959 auctorem
667 4913 790 4956 esse
816 4912 927 4954 non
957 4898 1214 4968 potuisse
1239 4893 1593 4951 Pontiﬁcalis
1621 4893 1795 4961 hujus
1827 4892 2005 4963 Libri,

349 4994 451 5064 qui
481 4997 567 5049 tot
598 4991 896 5061 pontiﬁces
925 5004 957 5046 a
991 4995 1171 5045 morte
1209 4985 1435 5043 Damasi
1478 4997 1660 5054 usque
1688 4982 1757 5038 ad
1789 4984 2011 5053 Grego-

349 5083 503 5138 rium
534 5081 848 5137 secundum
887 5078 1170 5149 adjungit.
1215 5076 1471 5132 Tertium
1503 5080 1693 5129 autem
1722 5070 2009 5140 exemplar

350 5169 459 5227 sub
484 5184 640 5225 num.
670 5166 811 5226 3763
836 5171 1219 5225 Romanorum
1248 5164 1585 5237 pontiﬁcum
1613 5162 1771 5217 Vitas
1790 5176 1822 5216 a
1844 5162 2008 5216 Petro

350 5259 419 5314 ad
452 5258 762 5313 Martinam
809 5258 1079 5327 quintum
1128 5255 1519 5326 prosequitur,
1551 5266 1616 5307 ac
1648 5251 1790 5307 folio
1822 5251 2007 5320 primo

352 5344 583 5413 quidem
607 5345 753 5402 duas
780 5345 1044 5414 prmfatas
1073 5345 1347 5414 epistolas
1373 5344 1553 5414 ponit,
1584 5342 1679 5396 sed
1706 5341 1811 5395 hoc
1833 5338 2007 5395 titulo

351 5434 438 5486 eis
460 5432 684 5499 praeﬁxo
714 5453 725 5487 :
747 5435 909 5487 Liber
931 5437 1028 5487 iste
1050 5435 1369 5487 intitulatur
1390 5452 1405 5486 :
1428 5435 1706 5486 Damasus
1726 5431 1796 5485 de
1817 5428 2008 5483 Gestis

352 5518 691 5575 Pontiﬁcum
720 5539 732 5573 :
763 5523 857 5574 sed
887 5539 1008 5577 cum
1034 5539 1144 5576 non
1185 5523 1429 5591 potuerit
1459 5523 1569 5574 nisi
1604 5534 1777 5587 usque
1806 5517 1878 5569 ad
1907 5532 2009 5569 sua

354 5612 595 5675 tempora
623 5608 874 5669 scribere,
906 5611 1051 5676 quod
1094 5611 1511 5678 superadditum
1547 5612 1644 5667 est,
1677 5606 1903 5659 alterius
1934 5606 2011 5656 est

355 5695 617 5758 auctoris,
651 5694 809 5762 cujus
840 5710 1033 5749 nomen
1056 5712 1165 5748 non
1191 5701 1357 5750 teneo.
1392 5694 1650 5749 Notanda
1678 5697 1816 5746 sunt
1844 5690 2013 5745 codi—

2122 1974 2481 2030 notariorum
2514 1977 2868 2045 praecipuum
2906 1992 3115 2033 munus
3147 1976 3324 2033 fuerit
3358 1984 3514 2048 gesta
3544 1985 3795 2035 sancto—-

2121 2076 2248 2119 rum
2305 2070 2616 2134 martyrum
2660 2065 2912 2122 sollicite
2951 2072 3007 2122 et
3048 2068 3279 2123 curiose
3322 2068 3674 2138 perquirere,
3727 2074 3795 2122 et

2119 2151 2430 2223 diligenter
2478 2155 2749 2210 adnotata
2796 2156 2856 2209 in
2910 2156 3163 2211 Ecclesia
3216 2156 3565 2226 recondere;
3600 2156 3792 2211 simul

2120 2239 2292 2293 etiam
2320 2244 2456 2294 tunc
2487 2242 2810 2297 necessario
2841 2250 3136 2311 coeperunt
3177 2243 3353 2299 scribi
3385 2244 3527 2300 Vitae
3566 2244 3798 2299 Roma—

2121 2340 2325 2380 norum
2350 2328 2684 2393 pontiﬁcum
2712 2329 2895 2383 instar
2916 2331 3204 2399 simplicis
3225 2331 3477 2401 alicujus
3500 2332 3794 2403 Catalogi,

2123 2426 2236 2482 quo
2265 2415 2665 2481 compendiose
2706 2415 3063 2471 indicaretur
3107 2418 3391 2487 cujusque
3432 2433 3657 2488 nomen,
3696 2432 3804 2489 pa-

2120 2500 2256 2567 tria,
2300 2505 2478 2571 pater,
2512 2507 2738 2570 tempus
2771 2502 3160 2574 pontiﬁcatus,
3195 2505 3610 2577 ordinationes,
3654 2522 3805 2563 con-

2119 2588 2476 2659 stitutiones,
2517 2590 2714 2645 obitus
2743 2604 2807 2645 ac
2838 2592 3154 2662 sepultura,
3189 2598 3245 2647 et
3284 2594 3527 2649 cessatio
3565 2597 3801 2663 episco-

2121 2682 2290 2747 patus
2322 2692 2504 2748 usque
2548 2680 2615 2734 ad
2662 2681 3083 2736 successionem
3126 2683 3257 2737 novi
3299 2683 3613 2751 pontiﬁcis.
3651 2686 3807 2742 Post

2120 2766 2441 2822 libertatem
2516 2775 2705 2824 autem
2785 2769 3052 2825 Ecclesia:
3127 2772 3492 2841 Christianae,
3556 2772 3627 2827 ab
3685 2775 3809 2829 im-

2121 2860 2379 2925 peratore
2402 2857 2777 2913 Constantino
2808 2860 3009 2929 Magno
3043 2860 3479 2931 promulgatam,
3512 2862 3596 2917 uti
3628 2876 3801 2931 pau—

2120 2944 2284 2998 latim
2348 2947 2526 3001 crevit
2590 2946 2857 3001 Ecclesize
2914 2949 3177 3003 Romanae
3234 2948 3506 3017 splendor
3545 2956 3603 3004 et
3645 2964 3801 3019 opu-

2122 3033 2320 3102 lentia,
2365 3035 2450 3088 sic
2495 3034 2666 3089 etiam
2710 3034 3018 3106 Catalogus
3066 3036 3167 3091 ille
3210 3037 3391 3091 evasit
3432 3037 3683 3107 amplior
3728 3040 3796 3094 et

2122 3122 2415 3193 grandior.
2468 3123 2753 3192 Quoniam
2805 3130 3009 3193 praeter
3060 3139 3234 3194 supra
3283 3131 3546 3180 enarrata
3595 3126 3791 3183 inseri

2121 3212 2294 3265 etiam
2328 3211 2417 3265 illi
2463 3226 2778 3282 coeperunt,
2823 3213 2987 3282 quasi
3023 3213 3254 3269 cuidam
3297 3214 3633 3283 rationario,
3674 3229 3797 3270 ex—

2122 3301 2491 3372 structiones,
2526 3301 2978 3357 instaurationes
3008 3308 3063 3356 et
3094 3303 3497 3359 exornationes
3528 3303 3796 3372 templo—

2123 3403 2250 3444 rum
2273 3389 2637 3461 aliorumque
2660 3390 2914 3445 locorum
2938 3404 3232 3446 sacrorum
3257 3405 3368 3446 una
3390 3406 3519 3447 cum
3540 3392 3791 3461 speciali

2124 3479 2453 3534 recensione
2500 3479 2689 3535 omnis
2732 3494 2906 3534 sacra:
2958 3481 3358 3551 supellectilis,
3406 3481 3794 3550 omniumque

2121 3567 2499 3623 donationum
2529 3575 2642 3623 tam
2676 3568 2976 3625 mobilium
3012 3583 3180 3639 quam
3216 3569 3790 3638 immobilium,cum

2122 3657 2248 3711 suis
2271 3656 2613 3712 redditibus.
2647 3658 2751 3713 Hic
2777 3672 2909 3729 ergo
2934 3658 3257 3730 Catalogus,
3289 3660 3388 3729 qui
3416 3659 3552 3715 licet
3577 3659 3790 3715 diver-

2123 3745 2207 3800 sis
2237 3746 2593 3815 temporibus
2622 3752 2677 3802 et
2707 3762 2739 3801 a
2768 3748 3015 3802 diversis
3052 3747 3393 3803 auctoribus
3422 3761 3795 3817 componere-

2124 3839 2238 3903 tur,
2267 3835 2469 3890 ordine
2496 3841 2681 3892 tamen
2709 3842 2764 3891 et
2789 3837 2954 3906 stylo,
2984 3842 3048 3892 ut
3075 3839 3134 3891 in
3160 3837 3407 3891 aliarum
3435 3836 3789 3893 solemnium

2124 3921 2451 3977 tabularum
2473 3923 2911 3979 continuatione
2938 3924 3275 3994 plerumque
3299 3923 3421 3979 ﬁeri
3451 3923 3612 3991 solet,
3640 3923 3791 3979 ubi-

2124 4024 2234 4078 que
2262 4010 2375 4064 sibi
2399 4015 2523 4065 erat
2550 4010 2787 4077 similis,
2819 4011 2992 4067 latuit
3022 4012 3355 4068 reconditus
3378 4012 3437 4067 in
3469 4012 3787 4085 tabulario,

2123 4099 2243 4155 sive
2267 4099 2501 4154 archivo
2528 4099 2781 4155 basilicae
2812 4102 3096 4157 Vaticanze
3120 4103 3175 4157 S.
3208 4102 3359 4157 Petri
3387 4101 3788 4171 apostolorum

2124 4187 2410 4256 principis
2447 4202 2627 4257 usque
2657 4189 2724 4243 ad
2772 4190 3168 4258 pontiﬁcatum
3207 4191 3261 4245 S.
3300 4191 3553 4259 Damasi,
3588 4204 3621 4245 a
3662 4206 3790 4261 quo

2121 4290 2251 4332 cum
2291 4278 2344 4331 S.
2379 4277 2762 4347 Hieronymus
2794 4293 2892 4348 per
2918 4294 3093 4349 supra
3130 4280 3449 4335 exhibitam
3476 4279 3789 4349 epistolam

2122 4364 2385 4435 petiisset
2415 4372 2479 4420 ut
2508 4373 2631 4421 acta
2667 4368 3003 4436 pontiﬁcum
3044 4370 3427 4425 Romanorum
3465 4383 3497 4423 a
3525 4369 3580 4423 S.
3615 4369 3790 4425 Petro

2122 4467 2305 4522 usque
2329 4453 2396 4508 ad
2422 4467 2523 4509 sua
2548 4460 2801 4523 tempora
2825 4456 2939 4510 sibi
2962 4462 3274 4527 enarraret,
3298 4458 3519 4513 curavit
3547 4457 3597 4511 is
3617 4458 3794 4512 anti-

2037 4547 2091 4607 D
2120 4556 2289 4613 quam
2319 4542 2486 4597 istam
2519 4543 2819 4599 historiam
2855 4544 3239 4614 pontiﬁcalem
3267 4560 3335 4601 ex
3366 4545 3583 4600 tabulis
3614 4546 3794 4600 Vati—

2120 4631 2281 4687 canis
2308 4631 2581 4702 describi,
2616 4639 2672 4687 et
2700 4634 2875 4689 Roma
2911 4634 3064 4689 mitti
3105 4635 3577 4704 Hierosolymam,
3612 4634 3793 4690 ideo—

2122 4733 2230 4789 que
2256 4732 2376 4774 eam
2409 4720 2467 4775 in
2502 4734 2774 4789 responso
2805 4736 2909 4777 suo
2939 4723 3009 4778 ad
3035 4723 3089 4777 S.
3119 4723 3447 4794 Hieronymi
3473 4721 3787 4792 epistolam

2120 4820 2232 4862 non
2273 4807 2524 4877 appellat
2570 4810 2826 4865 studium
2874 4825 3063 4880 suum,
3108 4812 3201 4865 sed
3248 4811 3411 4867 sedis
3444 4811 3790 4880 apostolicae

2121 4896 2401 4952 studium.
2448 4897 2543 4953 Sic
2580 4899 2733 4953 enim
2783 4912 2974 4955 revera
3017 4900 3443 4970 interpretanda
3484 4904 3620 4955 sunt
3660 4899 3790 4956 haec

2119 4985 2326 5040 verba:
2367 4988 2586 5049 Tamen,
2619 4988 2768 5055 quod
2804 4994 3015 5056 gestum
3055 4994 3153 5052 est,
3186 4990 3333 5059 quod
3360 4991 3637 5057 potuimus
3680 5005 3788 5045 re—

2110 5076 2294 5143 perire
2348 5079 2547 5129 nostra?
2603 5077 2746 5129 sedis
2800 5079 3067 5140 studium,
3123 5079 3199 5132 ad
3253 5084 3403 5132 tuam
3457 5079 3789 5133 charitatem

2117 5163 2415 5228 gaudentes
2466 5164 2786 5219 diremimus.
2843 5168 2966 5235 Ipse
3014 5167 3199 5237 igitur
3240 5170 3295 5223 S.
3336 5169 3618 5222 Damasus
3662 5181 3785 5223 non

2118 5250 2440 5318 composuit
2467 5251 2769 5308 historiam
2805 5254 2963 5309 illam
2992 5255 3329 5324 pontiﬁcum
3366 5256 3782 5327 Romanorum,

2119 5338 2214 5392 sed
2258 5338 2451 5394 studio
2495 5347 2704 5395 sanctae
2749 5343 2902 5399 sedis
2940 5344 3272 5411 apostolicae
3320 5344 3452 5399 inde
3484 5357 3516 5398 a
3545 5344 3597 5397 S.
3643 5343 3790 5399 Cle—

2120 5426 2327 5480 mentis
2360 5427 2532 5495 primi
2564 5432 2919 5499 temporibus
2948 5447 3016 5487 ex
3049 5433 3409 5488 diversorum
3440 5431 3787 5489 adnotatio-

2119 5514 2293 5569 nibus
2314 5516 2585 5584 paulatim
2609 5521 2930 5591 conﬁatam,
2958 5522 3177 5591 publici
3198 5527 3423 5577 tantum
3448 5520 3779 5592 fecitjuris,

2119 5607 2175 5658 et
2203 5617 2331 5658 cum
2364 5613 2559 5661 sancto
2590 5606 2932 5678 Hieronymo
2961 5610 3434 5666 communicavit.
3469 5628 3493 5658 »

2190 5690 2243 5745 6.
2290 5691 2456 5748 Plura
2499 5700 2636 5749 sunt
2669 5696 2724 5751 in
2767 5698 2871 5753 hac
2903 5699 3187 5754 Lambecii
3230 5699 3514 5754 sententia
3548 5712 3675 5768 quso
3706 5700 3776 5754 ad
