3950 6414
130 403 211 460 497
802 406 1207 461 SCHELESTR.
1269 403 1580 461 DISSERT.
1629 403 1720 457 DE
1757 401 1987 471 ANTIQ.
2033 402 2203 457 ROM.
2268 401 2460 456 PONT.
2502 403 2838 461 CATALOG.

3436 410 3539 467 498

130 530 380 586 trutinam
431 528 690 585 revocari
738 535 1048 599 merentur,
1102 534 1165 585 ut
1212 530 1283 585 de
1324 535 1559 584 auctore
1606 528 1766 583 Libri
1796 526 1856 586 A
1882 539 2015 604 tem,
2040 546 2153 602 qua
2176 531 2387 586 Latina
2420 531 2635 603 lingua
2662 533 2947 601 elegantia
2972 534 3284 591 excellebat
3316 550 3539 608 nequa—

128 616 457 674 Pontiticalis
480 616 782 673 manifeste
803 625 1065 675 constare
1092 619 1294 688 possit.
1312 617 1584 686 Quamvis
1614 617 1766 672 enim

127 706 436 762 Lambecius
489 721 620 762 vere
663 714 880 763 asserat
933 709 1173 777 primam
1217 707 1475 762 historia
1504 708 1574 762 de
1613 706 1768 761 Vitis

126 796 483 851 Romanorum
519 796 857 865 pontiﬁcum
891 797 1175 866 originem
1206 798 1260 851 S.
1294 798 1535 850 Damaso
1585 795 1767 851 multo

124 898 227 939 esse
264 884 677 955 antiquiorem,
712 890 768 940 et
792 900 824 939 a
846 887 1206 941 notariorum
1237 886 1289 939 S.
1340 884 1496 940 sedis
1526 890 1767 954 aposto-

124 972 231 1027 lica
269 973 643 1029 institutione
684 974 1055 1030 derivandam
1100 974 1579 1043 repetendamque
1618 988 1759 1044 esse,

124 1060 339 1130 probare
365 1068 553 1117 tamen
582 1076 694 1117 non
728 1076 959 1131 possum
986 1063 1137 1133 quod
1170 1062 1481 1133 subjungit
1511 1062 1604 1119 his
1630 1077 1764 1118 ver—

120 1149 229 1205 bis:
274 1171 300 1202 «
344 1152 486 1206 Cum
532 1151 688 1206 enim
749 1152 953 1207 horum
999 1153 1359 1209 notariorum
1402 1155 1761 1224 pracipuum

123 1251 311 1295 munus
335 1237 515 1296 fuerit
540 1244 699 1311 gesta
720 1246 1049 1297 sanctorum
1084 1247 1401 1313 martyrum
1429 1243 1681 1298 sollicite
1707 1248 1764 1298 et

119 1326 326 1383 curiose
352 1328 706 1399 perquirere,
733 1330 1116 1401 etdiligenter
1136 1331 1407 1387 adnotata
1428 1332 1487 1387 in
1507 1332 1764 1387 Ecclesia

121 1417 424 1488 recondere,
475 1418 653 1474 simul
703 1419 876 1475 etiam
910 1425 1047 1475 tunc
1097 1421 1420 1476 necessario
1467 1425 1766 1490 caperunt

118 1505 274 1560 scribi
313 1507 460 1561 Vita
482 1508 866 1563 Romanorum
901 1509 1240 1578 pontiﬁcum
1267 1509 1450 1565 instar
1476 1509 1765 1579 simplicis

116 1593 346 1663 alicujus
363 1596 644 1667 Catalogi,
679 1611 793 1668 quo
818 1598 1219 1667 compendiose
1266 1598 1626 1654 indicaretur
1653 1613 1766 1653 cu-

111 1683 301 1753 jusque
344 1698 574 1755 nomen,
613 1686 816 1757 patria,
870 1692 1049 1756 pater,
1094 1693 1320 1757 tempus
1366 1687 1759 1758 pontiﬁcatus,

116 1772 512 1844 ordinationes,
541 1775 1007 1845 constitutiones,
1036 1776 1232 1833 obitus
1257 1790 1323 1833 ac
1353 1777 1671 1846 sepultura,
1705 1782 1761 1831 et

1882 637 2051 694 quam
2084 632 2282 692 sapere
2319 623 2569 691 videtur,
2612 637 2857 693 cumque
2889 624 3202 687 uniformis
3233 626 3311 681 sit
3338 627 3398 681 in
3425 640 3538 681 om-

1881 711 2055 767 nibus
2082 712 2415 782 pontiﬁcum
2452 711 2599 767 Vitis
2619 725 2652 766 a
2679 713 2734 766 S.
2766 713 2930 767 Petro
2951 714 3233 782 apostolo,
3264 728 3447 784 usque
3467 715 3533 769 ad

1876 813 1973 854 eos
1995 800 2094 869 qui
2124 805 2284 855 sexto
2313 798 2398 854 vel
2431 800 2674 867 septimo
2704 800 2916 856 saculo
2949 796 3238 871 sederunt,
3283 803 3538 858 omnimo

1874 887 2174 958 colligitur
2204 901 2563 958 nequaquam
2589 902 2622 944 a
2651 889 2921 953 diversis,
2949 891 3045 945 sed
3074 889 3144 944 ab
3170 904 3282 946 uno
3304 893 3539 946 eodem»

1875 991 1986 1048 que
2006 982 2259 1051 auctore,
2284 977 2386 1047 qui
2413 977 2832 1047 posterioribus
2854 978 3086 1033 saculis
3109 979 3255 1033 vixit
3275 979 3539 1048 scripsit-

1875 1079 2005 1136 que,
2031 1063 2213 1121 fuisse
2239 1066 2645 1136 compositum.
2667 1067 2853 1137 Atque
2880 1067 2988 1122 hoc
3018 1067 3255 1122 omnino
3273 1067 3334 1122 in
3365 1081 3536 1123 causa

1873 1151 2006 1224 fuit,
2075 1169 2188 1224 quo
2253 1156 2545 1211 communi
2603 1159 2988 1211 recentiorum
3035 1155 3321 1210 sententia
3372 1154 3538 1211 Liber

1873 1242 2232 1298 Pontiﬁcalis
2288 1244 2598 1299 Anastasio
2652 1244 3103 1300 Bibliothecario
3162 1244 3299 1299 noni
3337 1242 3533 1300 saculi

1875 1331 2146 1401 scriptori
2187 1332 2447 1389 tributus
2477 1331 2612 1405 fuit,
2640 1337 2706 1388 ut
2727 1333 2924 1389 statim
2956 1333 3300 1390 videbimus.
3342 1335 3536 1402 Neque

1877 1420 2063 1492 igitur
2106 1421 2305 1477 licebit
2334 1423 2481 1477 mihi
2530 1423 2853 1486 admittere,
2888 1423 3039 1493 quod
3081 1422 3417 1478 Lambecius
3442 1421 3536 1477 his

1875 1509 2068 1565 verbis
2105 1511 2373 1581 adjungit
2405 1530 2416 1565 :
2451 1532 2476 1564 ‹‹
2509 1512 2613 1566 Hic
2639 1524 2774 1583 ergo
2810 1513 3116 1583 Catalogus
3146 1512 3247 1581 qui
3282 1511 3415 1566 licet
3436 1510 3537 1565 di-

1873 1598 2058 1653 versis
2080 1599 2436 1668 temporibus
2464 1605 2519 1655 et
2543 1614 2575 1655 a
2591 1600 2841 1656 diversis
2864 1599 3204 1655 auctoribus
3226 1611 3538 1668 compone—

1876 1690 2056 1754 retur,
2089 1688 2293 1743 ordine
2320 1694 2527 1755 tamen,
2561 1694 2617 1744 et
2646 1690 2814 1760 stylo,
2864 1693 2927 1745 ut
2954 1690 3010 1744 in
3040 1689 3288 1744 aliarum
3321 1687 3538 1742 solem-

1875 1776 2038 1832 nium
2053 1775 2382 1832 tabularum
2406 1778 2844 1834 continuatione
2869 1779 3207 1849 plerumque
3224 1777 3349 1832 ﬁeri
3367 1776 3532 1844 solet,

116 1861 334 1917 cessatio
380 1863 752 1933 episcopatus
819 1878 1005 1935 usque
1052 1865 1122 1919 ad
1164 1865 1587 1921 successionem
1629 1865 1759 1920 novi
1792 1866 1845 1926 B
1879 1865 2096 1937 ubique
2122 1865 2235 1920 sibi
2259 1870 2382 1921 erat
2407 1865 2643 1921 similis.
2669 1884 2696 1915 ››
2728 1866 3003 1935 Quamvis
3039 1867 3192 1921 enim
3226 1866 3375 1920 idem
3406 1879 3537 1920 om—

117 1950 402 2017 pontiﬁcis.
455 1970 483 2002 ››
516 1954 659 2008 Cum
701 1954 877 2023 enim,
925 1952 1136 2008 fatente
1184 1953 1504 2022 Lambecio,
1557 1954 1762 2009 horum

115 2040 452 2096 notariorum
484 2042 843 2111 pracipuum
874 2055 1087 2096 munus
1134 2039 1313 2097 fuerit
1344 2047 1499 2111 gesta
1529 2047 1766 2096 sancto-

116 2141 217 2181 rum
242 2134 572 2199 martyrum
606 2129 859 2184 sollicite
885 2136 942 2185 et
972 2131 1202 2186 curiose
1228 2131 1578 2200 perquirere,
1613 2130 1769 2185 etdi-

115 2215 328 2287 ligenter
380 2219 663 2273 adnotata
708 2219 766 2273 in
824 2220 1080 2274 Ecclesia
1126 2219 1450 2289 recondere,
1502 2219 1769 2289 sequitur

113 2308 314 2363 omnino
360 2306 476 2362 hos
510 2307 770 2363 notarios
813 2309 1162 2377 pracipuam
1194 2322 1423 2378 operam
1453 2308 1513 2363 in
1540 2308 1768 2363 descri—

115 2393 699 2452 bendisRomanorum
718 2398 1054 2466 pontiﬁcum
1076 2398 1371 2468 martyriis
1391 2397 1761 2467 impendisse,

112 2488 156 2537 et
185 2486 311 2541 Acta
335 2485 443 2540 illa
482 2485 545 2540 in
568 2485 820 2541 Romana
842 2486 1096 2541 Ecclesia
1130 2487 1475 2556 reposuisse,
1507 2488 1765 2557 adeoque

114 2571 259 2630 initio
307 2574 588 2630 Ecclesia
642 2589 753 2631 non
796 2575 1120 2645 simplicem
1151 2581 1207 2630 et
1237 2575 1461 2630 brevem
1507 2576 1761 2646 aliquem

110 2661 437 2737 Catalogum,
470 2665 570 2720 sed
615 2665 897 2737 integram
948 2665 1287 2734 pontiﬁcum
1321 2672 1636 2736 martyrum
1661 2666 1764 2720 hi—

111 2751 319 2806 storiam
350 2758 647 2807 exaratam
673 2752 873 2824 fuisse,
900 2768 1027 2823 qua
1048 2753 1157 2809 sub
1175 2753 1534 2810 Diocletiano
1566 2752 1761 2810 forsan

110 2836 376 2907 deperdita
410 2840 552 2911 fuit,
576 2841 675 2897 vix
695 2842 850 2897 enim
879 2843 1006 2912 ejus
1029 2842 1301 2897 memoria
1325 2842 1477 2912 apud
1504 2849 1762 2912 posteros

113 2926 284 2985 relicta
312 2936 420 3002 est,
451 2931 611 3001 apud
641 2946 787 3002 quos
804 2936 991 2987 tamen
1012 2933 1289 2987 remansit
1308 2931 1499 2987 brevis
1522 2932 1758 3002 quidam

110 3015 388 3091 Catalegus
428 3022 829 3077 Romanorum
876 3022 1238 3092 pontiﬁcum,
1276 3022 1375 3093 qui
1410 3035 1521 3077 non
1571 3036 1604 3077 a
1640 3022 1761 3076 Da-

112 3118 259 3178 maso,
290 3111 383 3166 sed
416 3110 497 3166 ab
531 3110 766 3167 homine
816 3111 1040 3181 privato
1072 3119 1324 3182 tempore
1352 3110 1568 3166 Liberii
1604 3124 1760 3181 papa

108 3192 303 3253 Damasi
357 3199 811 3269 pradecessoris
849 3201 1217 3270 conscriptus
1261 3199 1398 3271 fuit,
1456 3205 1523 3256 ut
1572 3200 1761 3269 capite
1788 3192 1837 3255 Ο

111 3287 419 3350 pracedenti
465 3290 779 3360 perspicue
810 3288 1188 3347 ostendimus.
1238 3290 1339 3345 Ille
1367 3294 1557 3345 autem
1587 3290 1762 3345 Cata—

110 3370 251 3445 logus
286 3384 392 3449 est,
423 3386 483 3435 et
517 3393 631 3434 non
663 3378 839 3451 alius,
869 3380 970 3450 qui
1011 3394 1283 3435 successu
1311 3385 1631 3449 temporum
1658 3392 1763 3433 va-

112 3462 201 3519 riis
228 3468 455 3524 notitiis
498 3473 717 3525 auctus
746 3466 883 3537 fuit,
927 3475 985 3524 et
1020 3474 1271 3539 tempore
1294 3469 1612 3525 Iustiniani
1646 3468 1764 3523 im—

114 3557 366 3619 peratoris
409 3557 474 3613 in
526 3557 677 3614 illud
711 3558 1055 3627 opusculum
1089 3558 1365 3630 excrevit,
1413 3558 1485 3613 de
1515 3572 1630 3627 quo
1654 3556 1763 3613 sub

112 3645 321 3701 secundi
351 3646 618 3716 Catalogi
654 3646 829 3703 titulo
873 3648 1116 3718 egimus.
1152 3647 1397 3702 Probare
1424 3646 1620 3715 itaque
1650 3659 1765 3701 non

114 3742 337 3803 possum,
368 3737 525 3805 quod
562 3735 715 3791 dicit
737 3735 1093 3802 Lambecius,
1129 3736 1488 3791 notariorum
1531 3733 1765 3788 Catalo-

113 3832 223 3887 ςηω
245 3827 501 3894 tempore
523 3825 898 3881 Constantini
919 3825 1111 3897 magni
1138 3823 1320 3880 variis
1344 3822 1492 3878 actis
1511 3826 1567 3877 et
1587 3821 1765 3893 gestis

111 3911 283 3979 altg'et‘i
323 3914 628 3984 capissse,
687 3918 744 3969 et
798 3913 857 3969 in
894 3913 1133 3970 archivo
1176 3912 1433 3969 basilica
1478 3909 1765 3980 principis

110 4001 478 4064 apostolorum
511 4005 588 4060 de
616 4002 765 4058 Urbe
796 4003 1111 4073 repositum
1141 4001 1343 4072 fuisse,
1392 4015 1463 4055 ex
1492 4013 1608 4070 quo
1633 4012 1763 4053 eum

115 4097 271 4157 usque
304 4092 373 4147 ad
407 4092 638 4148 Liberii
687 4090 1085 4161 pontiﬁcatum
1125 4105 1158 4146 a
1206 4091 1388 4146 variis
1423 4086 1764 4145 auctoribus

110 4172 394 4235 deductum
437 4183 732 4237 Damasus
760 4194 905 4251 papa
955 4180 1283 4250 desumpsit
1323 4183 1380 4233 et
1407 4177 1762 4246 descriptum

112 4261 263 4322 Roma
291 4269 760 4341 Hierosolymam
782 4269 849 4326 ad
884 4269 1292 4339 Hieronymum
1326 4268 1510 4323 misit.

166 4351 215 4410 7.
244 4357 384 4414 Sane
416 4360 578 4415 inter
628 4359 882 4414 rationes
911 4358 1201 4415 evidentes
1227 4371 1371 4428 quas
1396 4356 1509 4412 sibi
1538 4355 1766 4412 obstare

111 4440 215 4511 ipse
253 4446 605 4504 Lambecius
653 4453 1014 4519 cognoverat,
1058 4448 1244 4517 prima
1276 4446 1507 4517 quidem
1552 4445 1651 4500 illa
1680 4449 1767 4499 est

109 4534 241 4599 quod
269 4535 517 4594 historia
549 4538 681 4608 ipsa
715 4537 917 4593 multis
957 4534 1435 4606 chronographia
1464 4533 1765 4590 erroribus
1794 4532 1848 4592 D

110 4624 156 4672 et
183 4625 475 4682 nonnullis
503 4625 755 4682 incertis
783 4624 1209 4681 assertionibus
1233 4622 1437 4680 referta
1459 4623 1557 4694 sit,
1594 4626 1656 4677 ut
1686 4621 1763 4676 fa-

110 4709 205 4765 cile
235 4715 463 4781 probari
514 4719 710 4785 potest
733 4728 802 4770 ex
832 4714 908 4771 iis
940 4729 1067 4785 qua
1114 4712 1455 4783 praecedenti
1486 4712 1675 4781 capite
1693 4710 1764 4765 de

109 4801 529 4872 antiquioribus
549 4804 849 4875 Catalogis
868 4803 1148 4873 diximus,
1175 4817 1320 4873 quos
1341 4808 1543 4859 auctor
1560 4800 1765 4857 Ponti-

112 4886 274 4946 ﬁcalis
296 4895 437 4951 adeo
466 4893 781 4951 manifeste
806 4900 1038 4949 secutus
1059 4897 1147 4947 est
1177 4898 1243 4950 ut
1272 4906 1368 4947 eos
1382 4890 1765 4960 descripsisse

111 4981 158 5030 et
196 4979 251 5035 in
298 4998 467 5039 usum
512 4998 695 5040 suum
744 4982 1133 5053 assumpsisse
1173 4986 1573 5053 cognoscatur.
1606 4978 1765 5033 Unde

110 5066 280 5125 eadem
309 5074 479 5143 ratio,
532 5072 611 5129 ob
657 5084 827 5143 quam
855 5071 1111 5127 Anthero
1140 5070 1390 5140 priorem
1417 5075 1637 5138 partem
1669 5079 1766 5121 an-

111 5154 243 5225 tiqui
280 5161 540 5235 Catalogi
592 5168 653 5217 et
691 5163 933 5217 Damaso
976 5160 1353 5231 posteriorem
1397 5156 1763 5226 adjudicavi-

114 5256 241 5316 mus,
271 5248 639 5306 demonstrat
662 5248 896 5304 Librum
919 5246 1308 5304 Pontiﬁcalem
1343 5247 1583 5300 Damaso
1609 5258 1764 5314 papa

112 5337 355 5406 tanquam
373 5347 624 5397 auctore
645 5337 735 5394 vel
757 5337 1127 5408 approbatori
1147 5336 1213 5391 ad
1218 5335 1596 5405 judicandum
1620 5348 1761 5389 esse.

112 5422 340 5483 Secunda
382 5444 519 5486 vero
560 5427 743 5497 ratio,
791 5426 863 5482 ob
902 5440 1074 5496 quam
1108 5423 1392 5480 Lambecii
1435 5422 1764 5492 Opinionem

114 5511 390 5574 admittere
432 5533 549 5576 non
582 5529 921 5589 possumus,
954 5530 1023 5570 ex
1067 5513 1215 5584 stylo
1254 5514 1496 5582 ejusque
1534 5511 1768 5568 unifor—

119 5601 290 5660 mitate
311 5607 694 5665 desumitur:
730 5618 861 5660 cum
891 5605 1045 5659 enim
1076 5602 1263 5673 stylus
1292 5600 1570 5669 incultus,
1603 5601 1769 5656 rudis

117 5696 161 5743 et
182 5691 470 5765 impolitus
490 5697 598 5768 sit,
636 5693 962 5765 primorum
978 5691 1249 5748 Ecclesia
1274 5687 1617 5746 saculorum
1642 5695 1770 5744 ata-

1875 1955 2017 2010 nino
2060 1954 2247 2026 stylus
2282 1955 2497 2010 servari
2526 1954 2709 2023 possit
2750 1955 2811 2009 in
2862 1954 2986 2009 illis
3025 1953 3261 2020 tabulis,
3289 1966 3415 2023 qua
3439 1953 3536 2006 vix

1876 2058 2077 2112 unum,
2108 2052 2211 2099 aut
2247 2043 2409 2099 aliud
2441 2043 2676 2099 verbum
2703 2042 2984 2111 continet,
3024 2049 3090 2097 ut
3112 2042 3172 2095 in
3198 2040 3365 2095 fastis
3393 2052 3538 2094 con—

1877 2131 2195 2203 sularibus,
2225 2133 2284 2187 in
2313 2133 2535 2188 sedium
2571 2131 3050 2201 patriarchalium
3075 2128 3308 2189 tabulis,
3341 2129 3540 2183 Roma-

1878 2234 2082 2277 norum
2104 2222 2515 2291 imperatorum
2538 2221 2847 2291 CataIOgis,
2869 2226 3227 2275 mortuorum
3243 2217 3535 2287 diptychis

1878 2316 1934 2366 et
1973 2311 2271 2367 similibus
2319 2311 2535 2382 quibus
2567 2311 2662 2365 vix
2690 2309 3009 2380 quidquam
3062 2314 3268 2377 prater
3304 2306 3535 2362 nomina

1875 2400 2243 2470 exhibentur,
2269 2400 2329 2454 in
2360 2400 2483 2454 illis
2499 2404 2687 2465 tamen
2716 2397 2954 2461 tabulis,
2978 2411 3104 2466 qua
3132 2396 3282 2452 ultra
3301 2396 3534 2451 nomina

1876 2490 2213 2559 pontiﬁcum
2237 2488 2378 2544 Acta
2408 2488 2658 2557 plurima
2689 2486 2983 2554 exhibent,
3011 2490 3078 2541 ut
3104 2485 3163 2540 in
3196 2483 3368 2540 Libro
3398 2486 3536 2539 Pon-

1871 2579 2099 2648 tiﬁcali,
2121 2579 2216 2636 vix
2251 2578 2529 2649 possibile
2550 2580 2637 2632 est
2663 2590 2694 2630 a
2722 2575 2974 2631 diversis
2999 2573 3337 2629 auctoribus
3365 2586 3535 2628 eum—

1871 2669 1999 2726 dem
2038 2670 2245 2740 stylum
2288 2667 2528 2737 servari,
2576 2672 2640 2721 ut
2679 2664 2895 2735 cuique
2936 2664 3122 2732 perito
3168 2659 3532 2716 manifestius

1874 2765 2065 2829 patere
2102 2757 2393 2825 existimo,
2422 2757 2611 2827 jquam
2660 2754 2811 2826 quod
2856 2753 2917 2807 in
2956 2751 3058 2807 hac
3088 2750 3329 2805 veritate
3369 2763 3532 2805 com-

1874 2847 2164 2917 probanda
2216 2852 2442 2915 tempus
2504 2851 2682 2900 teram
2738 2850 2796 2898 et
2833 2839 3150 2897 lectoribus
3200 2838 3533 2910 prolixitate

1869 2936 2154 2993 sermonis
2188 2935 2423 2991 tadium
2453 2928 2705 2989 atteram.

2510 3040 2733 3097 CAPUT
2770 3040 2885 3095 VII.

1870 3134 1963 3189 An
2000 3135 2164 3190 Liber
2218 3133 2554 3203 Pontiﬁcalis
2596 3131 2901 3185 Anastasio
2951 3126 3373 3182 Bibliothecario
3418 3126 3530 3178 tri-

2506 3203 2755 3258 buendus
2786 3203 2905 3256 sit?

1875 3311 1916 3361 Ιο
1960 3316 2172 3386 Volsci-1
2212 3311 2595 3386 Bellarmini‘et
2619 3308 2904 3386 _Qnuphrii
2961 3305 3197 3386 lianvini‘i
3257 3303 3527 3386 sententia,

1936 3380 2075 3490 (Exod
2099 3377 2253 3427 Liber
2275 3374 2597 3446 Pontiﬁcalis
2614 3365 3013 3442 tribuendus-sit
3031 3366 3305 3440 Anastasio
3329 3365 3529 3439 Biblio-

1936 3446 1952 3490 t
1994 3442 2183 3491 ecario.
2205 3466 2268 3475 —
2286 3439 2353 3487 Il.
2380 3438 2594 3485 Baronu
2619 3438 2669 3483 et
2690 3433 2946 3482 Holstenu
2971 3433 3242 3485 sententia,
3260 3442 3361 3489 qua
3380 3427 3532 3491 Liber

1934 3489 2257 3553 Pontificalis
2279 3500 2555 3549 Anastasio
2587 3500 2829 3559 tanquam
2849 3493 3047 3559 auctori
3066 3491 3410 3559 adiudicatum
3432 3489 3528 3535 tri-

1934 3566 2033 3614 bus
2048 3566 2215 3614 modis
2229 3563 2435 3625 probari
2449 3574 2615 3625 posse
2639 3554 2871 3625 videtur.
2886 3580 2943 3592 —
2957 3554 3051 3625 Ill.
3066 3554 3245 3625 Primo
3266 3566 3327 3599 ex
3349 3563 3529 3623 eorum

1934 3616 2264 3683 testimoniis,
2290 3616 2610 3686 quivcl'cum
2635 3619 2908 3686 Anasuwio
2924 3616 3005 3686 vel
3025 3618 3142 3686 att-te
3168 3627 3287 3686 eu‘m
3311 3616 3532 3686 scripse-

1934 3671 2351 3747 ii‘di',’€t‘i£uhén
2379 3686 2489 3732 sine
2509 3681 2772 3747 Anastasii
2802 3678 3017 3747 potuine
3035 3675 3187 3747 Libri
3210 3671 3533 3747 Ifgntiﬂcalis

1935 3735 2257 3799 mentionem
2280 3747 2488 3803 faciunt,
2514 3747 2569 3790 ut
2591 3737 3195 3845 RodulphuspresbKter,
3221 3735 3532 3782 Hincmarus

1936 3812 2251 3845 ριπηηρηςιῑςι
2294 3812 2474 3845 ηιιηίηι-
2491 3804 2606 3845 libri
2626 3801 2847 3845 Ritualis
2860 3799 3048 3845 Carolo
3105 3798 3267 3845 Iaa'no
3288 3795 3530 3845 tributus.

1936 3795 2271 3867 ﬁnéiﬁehsis,
2294 3795 2610 3855 auctor'libri
2626 3795 3048 3867 Bitua'liscarolo
3072 3795 3267 3867 Magno
3288 3795 3530 3867 tributus,

1936 3858 2327 3922 iet—Venerabilis
2351 3869 2509 3917 Beda.
2533 3893 2596 3903 —
2619 3866 2714 3914 IV.
2745 3864 2887 3912 Idem
2910 3861 3241 3909 confirmatur
3258 3870 3441 3922 eorum
3457 3858 3530 3905 te-

1937 3919 2213 3993 stimoniis,
2244 3932 2333 3995 qui
2354 3933 2478 3995 post
2507 3927 2837 3995 Anastasium
2867 3924 3197 3995 scripserunt,
3232 3919 3527 3995 etiLibrum

1939 3983 2300 4047 Pontiﬁcalefn
2321 3983 2516 4055 absque
2534 3990 2791 4055 Anastasii
2812 3983 3074 4055 mentione
3089 3986 3325 4055 citarunt,
3348 3985 3403 4030 ut
3424 3983 3528 4055 An-

1938 4044 2133 4111 selmus
2154 4044 2732 4114 Lucensisfcardinalis,
2750 4050 3051 4114 Deusdedit,
3067 4047 3227 4114 et_Ivo
3249 4044 3530 4114 Carnotgn-

1938 4106 3011 4183 sis—Iliomualdus,(Laboranscardinalis,
3033 4106 3091 4159 et
3109 4109 3406 4183 Bernardus
3434 4106 3532 4183 Pa-

1938 4168 2137 4250 ilib’néié
2154 4168 2587 4250 ipraposi'tus._—
2608 4178 2676 4225 V.
2702 4178 2924 4225 Demum
2951 4168 3011 4223 ex
3035 4187 3100 4250 eo
3121 4171 3262 4235 quod
3292 4168 3532 4250 liqetLali—

1941 4230 2544 4313 quvi—prioremjpartemp
2552 4254 2725 4313 amaso
2742 4249 3077 4313 papanneino
3090 4230 3394 4313 tamentanta
3404 4230 3531 4313 Ahaec

1941 4294 2319 4361 adimasacula
2341 4308 2572 4368 repertus
2584 4305 2666 4368 sit,
2697 4294 2785 4365 qui
2810 4294 3149 4368 posteriorem
3170 4297 3380 4368 partem‘
3392 4294 3532 4368 Arna?

1940 4354 2458 4427 stas-i'o—triwbu—crit,‘ut
2484 4354 2732 4427 probatur
2754 4354 3066 4427 testimoniis
3092 4354 3319 4427 Martini
3339 4354 3527 4427 Poloni

1939 4417 2251 4486 83811661;
2269 4417 2508 4481 Patavini
2530 4427 2857 4492 episcopi._--
2993 4420 3252 4492 βρωτιᾶο
3286 4417 3533 4492 probatur

1939 4482 2240 4548 auctoritate
2270 4510 2393 4543 mss.
2416 4482 2673 4551 codicum,
2702 4482 3252 4553 quiranliqiiitatemsua
3272 4482 3531 4553 Anastasii

1936 4545 2138 4611 atatem
2163 4545 2422 4617 superant,
2455 4560 2503 4604 et
2530 4545 2701 4604 tamen
2718 4545 2951 4617 Librum
2970 4545 3327 4617 Poplilicalcth
3362 4545 3527 4591 conti-

1938 4608 2079 4674 {mliti
2090 4608 2161 4660 γὲ
2185 4608 2276 4672 V11
2290 4661 2300 4671 .
2328 4608 2506 4669 Tertio
2527 4618 2772 4682 probatur
2792 4629 2852 4682 ex
2873 4612 3165 4682 diversitate
3187 4608 3355 4682 styli,“
3345 4620 3407 4655 ex
3430 4618 3531 4682 qua

1935 4667 2106 4736 ﬁlictis
2139 4667 2437 4734 licia—tertius
2462 4667 2598 4730 recte
2627 4679 2855 4739 collegit,
2882 4676 3112 4725 ultimam
3142 4667 3285 4740 Libri
3315 4667 3533 4740 P‘ontiﬂ-

1937 4752 2061 4799 culis
2094 4729 2289 4811 partem
2324 4729 2933 4811 a—Vdiversisauctoribus
2968 4729 3523 4811 conscriptamfuisﬁse,

1937 4791 2172 4875 adeoqlue
2192 4791 2729 4875 unijAnas-t—asio‘tribui
2756 4817 2860 4875 non
2881 4813 3056 4864 posse,
3074 4791 3310 4859 quamvis
3322 4791 3377 4839 id
3403 4803 3529 4837 non-

1936 4874 2062 4923 nulli
2088 4867 2412 4924 recentiores
2444 4867 2801 4918 existimarint.

1949 4971 1999 5029 4.
2028 4973 2167 5029 Cum
2201 4974 2390 5043 pateat
2432 4981 2500 5022 ex
2541 4966 2619 5021 iis
2668 4976 2793 5034 qua
2825 4954 3131 5043 superiori,
3156 4949 3344 5019 capite
3367 4946 3532 5001 dixi-

1877 5077 2023 5128 mus,
2050 5042 2285 5119 Librum
2306 5052 2697 5113 Pontiﬁcalem
2725 5056 3086 5116 nequaquam
3107 5042 3351 5093 Damaso
3372 5047 3531 5128 papa

1874 5124 2059 5210 tribui
2092 5163 2276 5221 posse,
2311 5146 2419 5200 hoc
2441 5142 2629 5210 capite
2657 5131 3074 5205 inquirendum
3095 5131 3182 5182 est
3211 5124 3534 5221 num‘Ana-

1876 5209 2057 5298 Stasio
2086 5209 2537 5291 Dibliothecario
2568 5222 2913 5280 tribuendus
2939 5219 3038 5273 sit.
3062 5216 3158 5271 Slc
3177 5212 3330 5267 enim
3363 5209 3532 5298 habet

1877 5294 2106 5387 blarcus
2136 5322 2401 5377 Velserus
2436 5317 2495 5369 in
2530 5310 2871 5383 prafatione
2917 5305 2986 5361 ad
3020 5303 3255 5359 Librum
3287 5294 3532 5387 Pontiﬁ—

1878 5385 2074 5483 calem,
2122 5421 2290 5481 quem
2331 5416 2480 5459 anno
2514 5397 2654 5455 4602
2692 5396 2801 5453 sub
2828 5394 3058 5451 nomine
3096 5386 3387 5445 Anastasii
3430 5385 3531 5439 Bi-

1878 5474 2246 5564 bliothecarii
2269 5492 2484 5549 edidit:
2515 5510 2540 5540 α
2586 5487 2732 5558 Quia
2759 5484 2962 5555 stylus,
2988 5486 3218 5550 totaque
3240 5474 3529 5532 scribendi

1880 5597 2049 5663 ratio,
2085 5602 2212 5661 qua
2241 5590 2327 5639 est
2368 5581 2429 5635 in
2459 5578 2610 5633 Vitis
2658 5574 2953 5646 prioribus
2974 5572 3214 5625 Damaso
3254 5567 3531 5663 hactenus

1873 5648 2178 5751 inscriptis
2205 5671 2314 5746 (uti
2351 5667 2546 5740 quivis
2577 5679 2690 5723 non
2721 5663 2905 5722 obesa
2938 5658 3097 5717 naris
3144 5658 3323 5714 lector
3362 5648 3531 5706 facile
