3950 6420
428 385 528 442 199

1209 386 1302 440 ΑΙ)
1339 385 1772 441 ANASTASIUM
1827 381 2338 437 PROLEGOMENA
2375 383 2552 438 EDIT.
2607 383 3042 439 ROM.-VATIC.

3715 381 3811 439 200

417 507 647 563 odorari
677 514 733 562 et
787 507 1082 562 advertere
1135 509 1363 578 poterit)
1410 523 1644 578 prorsus
1677 509 1733 563 in
1765 521 1886 562 eam
1927 519 2063 560 sen—
2093 493 2149 551 Α
2178 507 2406 575 egregio
2424 521 2486 561 ac
2507 509 2984 576 praestantissimo
3018 507 3456 578 historiographo
3491 505 3811 576 habebatur,

415 597 650 651 tentiam
673 595 1042 664 inclinamus,
1064 598 1316 652 omnium
1345 599 1598 668 illarum,
1616 598 1750 652 licet
1768 593 2064 650 nonnullis

417 684 474 738 in
508 684 650 738 locis
691 683 1020 738 adulterina
1067 684 1316 740 aliorum
1365 687 1705 754 adjectione,
1751 683 1834 738 vel
1885 684 2068 736 detra-

412 771 602 826 ctione
619 771 692 826 ob
713 785 993 826 summam
1017 773 1384 840 superiorum
1406 775 1749 829 saculorum
1775 771 2065 827 inscitiam

410 859 727 927 depravata
765 859 904 927 sint,
948 872 1143 914 verum
1174 867 1230 914 et
1259 875 1594 930 germanum
1623 868 1912 930 parentem
1943 869 2067 911 esse

407 947 779 1001 Anastasium
823 947 878 1000 S.
925 947 990 1000 R.
1021 948 1288 1004 Ecclesia
1318 948 1851 1015 bibliothecarium,
1887 959 2069 1016 quare

409 1035 535 1104 ejus
562 1034 990 1090 nomenclatura
1038 1041 1222 1092 totum
1254 1053 1398 1107 opus
1435 1051 1640 1092 ornare
1669 1049 1780 1091 non
1825 1034 2070 1089 dubita-

410 1123 622 1179 vimus.
658 1143 685 1172 »
732 1124 944 1178 Etcum
978 1122 1210 1181 Velsero
1240 1126 1625 1181 Bellarminus
1653 1123 1804 1178 libro
1832 1123 1901 1176 de
1925 1120 2066 1176 Scri-

411 1211 677 1281 ptoribus
705 1212 766 1268 in
819 1212 1097 1270 Damaso:
1141 1235 1167 1266 α
1199 1213 1504 1268 Tribuitur
1549 1214 1604 1268 S.
1643 1213 1883 1267 Damaso
1924 1207 2072 1263 liber

408 1300 481 1356 de
504 1301 658 1356 Vitis
699 1305 1056 1376 pontiﬁcum,
1093 1305 1192 1373 qui
1225 1309 1411 1358 exstat
1443 1303 1502 1358 in
1535 1301 1723 1371 primo
1751 1307 1904 1354 tomo
1933 1297 2074 1352 Con-

410 1387 718 1459 ciliorum;
760 1392 854 1447 sed
885 1392 1032 1447 liber
1058 1392 1154 1447 ille
1176 1399 1262 1447 est
1288 1391 1578 1446 Anastasii
1611 1384 2068 1450 Bibliothecarii,

410 1490 524 1532 non
550 1479 800 1550 Damasi,
831 1488 894 1536 ut
925 1489 1123 1537 notum
1146 1487 1251 1536 est.
1286 1499 1310 1529 ι)
1363 1482 1430 1534 Et
1451 1479 1510 1532 in
1531 1477 1836 1533 Anastasio
1864 1474 2074 1530 Biblio.

409 1567 702 1622 thecario:
749 1589 775 1619 α
813 1569 1061 1638 Scripsit
1111 1570 1268 1624 Vitas
1303 1567 1647 1623 Pontiﬁcum
1679 1567 2069 1621 Romanorum

407 1668 442 1710 a
471 1656 526 1710 S.
587 1659 749 1714 Petro
798 1671 981 1728 usque
1019 1657 1085 1712 ad
1136 1656 1435 1712 Nicolaum
1479 1657 1749 1724 primum.
1783 1673 1808 1702 »
1847 1654 2068 1707 Etante

407 1743 820 1802 Bellarminum
852 1746 1190 1816 Onuphrius
1215 1745 1530 1801 Panvinius
1555 1745 1612 1798 in
1645 1744 1796 1799 notis
1828 1743 1896 1797 ad
1930 1739 2067 1794 Pla-

407 1831 610 1901 tinam,
645 1834 705 1890 in
749 1836 877 1890 Vita
904 1836 1125 1891 Nicolai
1173 1835 1345 1906 primi
1381 1854 1393 1890 :
1441 1855 1467 1886 «
1493 1833 1837 1890 Anastasius
1862 1842 2052 1885 mona-

407 1918 575 1989 chus,
617 1927 673 1977 et
703 1930 911 1979 sancta
959 1924 1221 1980 Romana
1252 1923 1519 1979 Ecclesia
1560 1919 2058 1982 bibliothecarius,

407 2021 590 2079 usque
610 2011 678 2066 ad
703 2012 1000 2068 Nicolaum
1026 2013 1296 2084 primum,
1321 2015 1704 2068 Romanorum
1727 2007 2060 2079 pontiﬁcum

402 2096 584 2169 Vitas,
617 2114 742 2170 qua
767 2101 958 2157 adhuc
978 2103 1131 2172 apud
1169 2117 1254 2157 me
1281 2107 1436 2166 sunt,
1462 2101 1720 2168 scripsit,
1745 2097 1852 2152 sub
1877 2109 1989 2166 quo
2006 2100 2062 2150 et

409 2184 536 2253 ejus
565 2190 1001 2245 successoribus
1027 2191 1244 2244 Adrian
1309 2192 1356 2244 Il
1377 2190 1660 2244 etJoanne
1689 2188 1808 2240 V’lll
1827 2185 1886 2240 in
1921 2183 2060 2240 urbe

403 2272 623 2330 ﬂoruit.
647 2274 781 2343 Qua
799 2283 1147 2348 sequuntur,
1169 2277 1540 2332 concinnavit
1558 2275 1911 2330 Guillelmus
1937 2272 2062 2341 qui-

399 2359 530 2416 dam
580 2365 727 2420 alter
773 2365 1279 2430 hibliothecarius,
1329 2378 1454 2432 qua
1493 2365 1550 2416 in
1594 2363 1766 2427 libro,
1812 2361 1913 2428 qui
1953 2358 2059 2413 sub

399 2447 627 2505 Damasi
669 2451 899 2506 nomine
921 2450 1349 2514 circumfertur,
1383 2454 1627 2504 exstant.
1667 2467 1692 2495 n
1727 2447 1913 2514 Atque
1942 2447 2059 2499 hac

400 2539 636 2602 quidem
656 2538 779 2591 viri
805 2538 893 2592 illi
926 2537 1166 2604 eruditi,
1197 2550 1442 2606 quorum
1467 2534 1752 2590 sententia
1783 2547 1814 2586 a
1837 2532 2060 2586 cateris

403 2624 643 2680 minime
673 2623 968 2692 probatur.

479 2711 534 2766 2.
559 2712 1072 2767 Eminentissimus
1090 2724 1336 2782 namque
1356 2711 1672 2768 cardinalis
1696 2709 2057 2765 Baroniusad

401 2813 615 2857 annum
659 2799 874 2854 Christi
939 2795 1048 2854 867
1092 2813 1265 2868 agens
1311 2799 1615 2856 Anastasio
1668 2799 2060 2854 Bibliotheca-

401 2889 492 2945 rio
521 2887 730 2944 scribit
759 2906 771 2942 :
819 2907 844 2939 «
877 2887 1243 2942 Collectorem
1279 2889 1474 2957 potius
1515 2901 1686 2958 quam
1719 2887 2056 2955 scriptorem

400 2979 660 3032 Vitarum
697 2975 1056 3046 prateritoru
1075 2990 1126 3030 m
1148 2976 1480 3044 pontiﬁcum
1507 2977 1889 3031 Romanorum
1917 2974 2059 3030 afﬁr-

2177 607 2344 662 quem
2382 596 2436 648 in
2468 597 2666 650 charta
2697 597 3032 652 donationis
3065 609 3166 666 pro
3196 597 3564 652 scholasticis
3595 598 3819 654 Fulden-

2178 683 2342 738 sibus
2367 685 2590 755 egregie
2627 686 2822 740 laudat
2853 687 3174 741 Ludovicus
3205 687 3482 742 Ludovici
3513 687 3600 741 Pii
3634 686 3814 756 frater,

2179 785 2276 826 rex
2301 771 2621 828 Germania
2669 781 2724 829 et
2751 774 3134 830 Orientalium
3175 773 3546 830 Francorum.
3571 775 3674 830 Hic
3699 789 3820 830 vero

2179 859 2519 930 Rudolphus
2552 863 2610 916 in
2642 863 2769 918 Vita
2801 863 3017 917 Rabani
3049 863 3296 931 abbatis,
3327 863 3483 918 edita
3515 877 3549 918 a
3573 864 3820 919 Browero

2181 945 2280 1001 lib.
2334 962 2397 1003 ιη
2453 950 2604 1004 inter
2646 949 3042 1020 Antiquitates
3093 950 3423 1020 Fuldenses,
3478 951 3556 1005 ita
3588 951 3816 1006 scribit:

2178 1035 2510 1093 Theodorus
2553 1058 2579 1089 α
2629 1039 2832 1094 attulit
2879 1052 3108 1110 quoque
3137 1052 3267 1094 ossa
3313 1039 3403 1094 SS.
3439 1039 3690 1110 Agapiti,
3729 1039 3823 1094 Ja-

2183 1124 2400 1192 nuarii,
2430 1131 2486 1180 et
2510 1127 3088 1196 Magnidiaconorum
3112 1127 3172 1180 B.
3201 1127 3356 1183 Xisti
3381 1140 3556 1198 papa,
3583 1127 3824 1196 quicum

2179 1225 2246 1266 eo
2286 1212 2393 1267 sub
2423 1215 2593 1269 Decio
2622 1215 2889 1270 decollati
2919 1222 3073 1284 sunt,
3099 1215 3253 1270 sicut
3286 1215 3344 1269 in
3372 1216 3564 1270 Gestis
3589 1215 3826 1270 Pontiﬁ-

2181 1299 2407 1355 calibus
2429 1301 2664 1372 legitur.
2693 1321 2718 1351 n
2744 1303 2848 1358 Ubi
2868 1317 2899 1358 a
2921 1303 3224 1372 Rudolpho
3243 1303 3569 1373 presbytero
3596 1305 3823 1370 citatur,

2184 1400 2294 1442 non
2328 1389 2560 1458 quidem
2591 1390 2881 1446 Anastasii
2912 1406 3057 1460 opus
3086 1393 3156 1446 de
3182 1392 3332 1446 Vitis
3353 1393 3712 1460 pontiﬁcum,
3740 1392 3828 1445 sed

2184 1473 2344 1528 Grsta
2380 1481 2722 1546 pontiﬁcalia
2753 1499 2769 1544 ;
2799 1480 3055 1550 adeoque
3098 1479 3399 1549 colligitur
3425 1481 3576 1550 quod
3612 1479 3828 1536 Rudol—

2183 1563 2351 1632 phus,
2381 1565 2478 1634 qui
2507 1566 2700 1620 eodem
2731 1573 2980 1637 tempore
3022 1582 3150 1623 cum
3181 1567 3483 1622 Anastasio
3523 1568 3694 1637 vixit,
3719 1569 3827 1636 jam

2181 1651 2412 1706 Librum
2443 1652 2826 1707 Pontiﬁcalem
2864 1669 3032 1723 penes
3061 1671 3120 1710 se
3170 1654 3455 1710 habuerit.
3491 1655 3830 1710 Hincmarus

2179 1753 2406 1809 quoque
2440 1739 2777 1796 Rhemensis
2820 1743 3308 1812 archiepiscopus.
3360 1744 3604 1813 epistola
3654 1741 3727 1799 26
3764 1744 3828 1798 ad

2177 1827 2474 1882 Nicolaum
2497 1841 2717 1898 papam,
2741 1831 2895 1882 Libri
2915 1833 3231 1898 Ppiscopalis
3255 1831 3538 1899 meminit,
3563 1831 3830 1901 quialius

2176 1929 2299 1969 esse
2338 1929 2450 1972 non
2501 1922 2685 1985 potest
2729 1932 2897 1987 quam
2950 1919 3325 1980 Pontiﬁcalis,
3382 1935 3451 1976 ex
3505 1935 3621 1989 quo
3665 1917 3834 1976 refert

2175 2008 2328 2059 tomo
2362 2005 2426 2070 ll,
2459 2018 2582 2074 pag.
2613 2002 2736 2076 305,
2787 2007 2857 2060 de
2883 2007 3111 2062 Ebbone
3149 2021 3182 2062 a
3233 2008 3430 2079 Sergio
3457 2009 3524 2063 ad
3547 2008 3828 2078 synodum

2171 2098 2419 2147 evocato.
2476 2113 2500 2144 (ι
2550 2094 2698 2162 quod
2751 2095 2820 2150 ad
2863 2108 2984 2150 eam
3019 2109 3130 2150 non
3163 2096 3510 2160 convenerit,
3564 2095 3834 2151 videlicet

2173 2179 2326 2234 sicut
2353 2182 2624 2250 superius
2653 2189 2975 2239 memorata
3002 2185 3207 2238 littera
3242 2185 3613 2240 auctoritatis
3635 2191 3833 2239 vestra

2169 2267 2588 2325 demonstrant.
2611 2271 2767 2326 Talis
2793 2286 2822 2325 a
2861 2273 2992 2326 sede
3013 2271 3353 2340 apostolica,
3374 2279 3430 2328 et
3463 2287 3606 2342 papa
3632 2272 3835 2343 Sergio

2174 2353 2427 2424 habitus,
2481 2371 2595 2424 quo
2645 2358 2719 2412 lis
2745 2358 2819 2412 ab
2861 2359 3000 2413 aliis
3051 2373 3162 2414 non
3198 2360 3572 2429 ignorabatur
3609 2359 3831 2426 haberi,

2173 2442 2228 2495 id
2256 2448 2360 2506 est,
2393 2449 2454 2498 ut
2478 2444 2663 2499 Codex
2685 2446 3039 2514 Episcopalis
3059 2447 3330 2514 ostendit,
3357 2463 3458 2516 pro
3479 2447 3840 2504 criminibus

2169 2529 2293 2584 suis
2339 2531 2551 2586 honore
2609 2533 2865 2600 privatus
2913 2533 3068 2588 etab
3113 2533 3365 2588 Ecclesia
3423 2537 3648 2604 pulsus.
3711 2556 3738 2586 υ
3775 2538 3838 2592 Et

2173 2618 2344 2687 paulo
2376 2618 2525 2674 infra
2554 2637 2568 2672 :
2603 2641 2628 2670 α
2655 2619 2818 2676 Sicut
2845 2626 3080 2675 sanctus
3103 2621 3371 2676 Gelasius
3396 2623 3466 2676 de
3495 2623 3712 2680 Acacio
3743 2625 3833 2680 di-

2168 2706 2269 2772 cit,
2305 2707 2404 2776 qui
2451 2721 2484 2762 a
2514 2707 2647 2763 sede
2667 2708 2983 2778 apostolica
3007 2709 3333 2776 damnatus,
3363 2716 3420 2764 et
3443 2724 3550 2764 non
3583 2715 3842 2769 restitu—

2169 2801 2283 2862 tus,
2319 2795 2453 2852 licet
2477 2797 2824 2852 Anastasius
2843 2811 3004 2868 papa,
3040 2798 3194 2852 sicut
3225 2797 3281 2852 in
3303 2798 3472 2854 Libro
3502 2801 3838 2872 EpiscOpali

2170 2884 2434 2954 legimus,
2463 2900 2591 2941 eum
2626 2887 2876 2956 recipere
2906 2885 3172 2956 voluerit,
3201 2887 3374 2941 vitam
3405 2887 3612 2942 ﬁnivit.
3644 2909 3672 2939 »
3699 2891 3838 2960 Qua

2171 2972 2372 3027 ultima
2393 2974 2463 3028 de
2493 2974 2798 3029 Anastasio
2814 2975 3063 3029 secundo
3088 2974 3370 3029 habentur
3393 2975 3449 3029 in
3471 2975 3643 3032 Libro
3677 2979 3836 3033 Pon-

401 3079 641 3120 mamus.
679 3082 704 3113 ››
745 3065 815 3119 Et
858 3063 958 3134 qui
992 3071 1118 3133 post
1164 3064 1472 3120 Baronium
1513 3064 1751 3132 scripsit
1791 3063 2056 3118 eruditus
2087 3096 2137 3158 Ο
2167 3059 2391 3129 tiﬁcali,
2428 3062 2508 3116 ita
2535 3069 2600 3116 ut
2626 3063 2848 3117 nullum
2871 3062 3116 3118 dubium
3143 3076 3265 3117 esse
3294 3064 3476 3132 possit
3506 3065 3651 3134 quin
3682 3067 3838 3120 Hin—

399 3152 732 3208 Holstenius
750 3153 807 3207 in
829 3152 930 3206 illo
947 3151 1314 3207 Anastasiani
1337 3153 1530 3221 Operis
1545 3166 1698 3206 exem
1711 3152 1799 3221 pla
1809 3153 1877 3220 ri,
1904 3152 2052 3222 quod

398 3241 468 3296 ad
523 3240 1034 3310 prastantissimos
1065 3240 1296 3295 codices
1343 3240 1705 3294 bibliotheca
1747 3240 2050 3309 Vaticana,

401 3331 610 3399 Regia,
645 3329 929 3398 Medicea,
985 3329 1346 3383 Farnesiana
1387 3334 1444 3383 et
1473 3329 1804 3384 Casinensis
1853 3342 2055 3383 recen—

399 3417 540 3484 suit,
568 3429 744 3488 agens
770 3416 840 3470 de
868 3417 972 3472 hoc
1004 3415 1233 3471 Baronii
1272 3415 1413 3487 loco,
1439 3417 1516 3471 ita
1551 3418 1610 3470 in
1641 3416 2054 3485 manuscriptis

397 3506 522 3562 suis
552 3505 705 3560 notis
734 3504 1032 3560 observat:
1089 3524 1115 3556 «
1151 3505 1432 3560 Baronius
1463 3505 1838 3559 Anastasium
1869 3504 2052 3558 colle—

394 3599 607 3648 ctorem
643 3593 836 3662 potius
857 3605 1027 3662 quam
1060 3593 1395 3661 scriptorem
1423 3592 1681 3647 Vitarum
1715 3593 2047 3662 pontiﬁcum

395 3695 578 3751 usque
597 3683 667 3736 ad
697 3680 996 3736 Nicolaum
1031 3681 1282 3750 primum
1301 3679 1544 3736 afﬁrmat
1563 3682 1632 3736 ad
1654 3695 1868 3736 annum
1891 3681 2052 3734 Chri-

391 3773 467 3826 sti
495 3767 622 3839 867,
655 3784 812 3826 num.
850 3767 989 3840 439;
1017 3777 1345 3840 sequentem
1375 3777 1566 3826 autem
1596 3771 1836 3826 Adriani
1868 3771 2047 3825 Vitam

390 3861 462 3916 ab
491 3874 556 3915 eo
611 3860 886 3928 scriptam
944 3860 1258 3928 existimat,
1301 3868 1358 3914 et
1399 3873 1519 3916 meo
1565 3861 1794 3930 quidem
1823 3861 2048 3928 judicio

391 3948 728 4003 rectissime.
782 3965 808 3995 »
841 3947 966 4000 Hac
1021 3948 1222 4014 paucis
1269 3949 1450 4002 Lucas
1486 3948 1842 4017 Holstenius,
1876 3949 2048 4017 cujus

391 4035 720 4104 opinionem
746 4033 974 4088 ﬁrmare
1003 4033 1139 4089 licet
1161 4035 1354 4091 tribus
1388 4036 1760 4104 potissimum
1795 4037 2050 4092 rationi—

391 4122 520 4192 bus,
556 4135 800 4192 quarum
850 4123 1030 4192 prima
1061 4124 1277 4180 nititur
1331 4125 1669 4179 testimonio
1696 4125 2046 4192 scriptorum

391 4213 490 4282 qui
525 4214 609 4268 vel
630 4219 761 4268 ante
782 4211 1070 4268 Anastasii
1105 4219 1362 4282 tempora
1392 4212 1626 4268 Librum
1658 4212 2046 4266 Pontiﬁcalem

389 4300 662 4367 citarunt,
688 4300 771 4355 vel
805 4307 932 4370 post
959 4301 1250 4356 Anastasii
1274 4304 1508 4354 mortem
1525 4311 1654 4354 eum
1687 4312 2045 4368 nequaquam

391 4389 698 4444 Anastasio
729 4389 1064 4444 tribuerunt
1097 4407 1110 4440 :
1143 4387 1393 4442 secunda
1423 4399 1490 4440 ex
1525 4387 2042 4455 manuscriptorum

395 4475 656 4530 codicum
677 4474 1385 4542 antiquitatedesumitur,
1407 4479 1799 4544 utpotcexqua
1813 4474 2043 4532 Librum

395 4561 783 4617 Pontiﬁcalem
810 4566 940 4614 ante
972 4560 1263 4615 Anastasii
1298 4564 1550 4630 tempora
1575 4563 1871 4617 exstitisse
1897 4577 2048 4619 mon-

395 4653 632 4706 stratur.
666 4646 853 4702 Tertia
875 4647 1102 4701 demum
1131 4661 1199 4702 ex
1231 4647 1364 4718 styli
1386 4648 1721 4704 diversitate
1742 4653 2041 4722 repetitur,

2071 4436 2126 4496 D

2165 3164 2394 3205 cmarus
2425 3151 2760 3206 Rhemensis
2791 3166 2890 3220 per
2941 3151 3174 3206 Librum
3226 3153 3628 3224 episcopalem,
3657 3155 3834 3210 Gesta

2166 3239 2521 3307 pontiﬁcalia
2550 3240 2920 3295 intellexerit.
2962 3241 3062 3294 liis
3091 3240 3329 3309 adjungi
3363 3247 3545 3309 potest
3572 3241 3728 3297 liber
3756 3243 3833 3296 ri-

2165 3327 2362 3396 tualis,
2401 3341 2566 3398 quem
2611 3329 2953 3398 Onuphrius
3000 3329 3312 3383 Panvinius
3337 3328 3408 3400 (ιι)
3439 3330 3498 3384 ἱη
3527 3331 3686 3385 notis
3725 3345 3828 3385 ms.

2163 3416 2232 3469 ad
2280 3416 2550 3472 Cencium
2597 3417 2988 3472 Camerarium
3039 3417 3240 3471 Carolo
3283 3418 3484 3488 Magno
3525 3419 3830 3488 attribuit,

2165 3503 2224 3558 in
2253 3518 2368 3574 quo
2398 3505 2469 3560 de
2498 3506 2910 3560 Puriﬁcatione
2933 3507 2987 3559 S.
3024 3506 3253 3560 Maria:
3297 3526 3321 3558 α
3351 3507 3426 3560 De
3455 3506 3558 3561 hac
3590 3506 3834 3562 festivi—

2167 3596 2299 3661 tate,
2329 3599 2386 3647 et
2405 3594 2542 3648 aliis
2571 3593 2990 3648 festivitatibus
3017 3594 3071 3648 S.
3104 3593 3300 3648 Maria
3327 3594 3385 3649 in
3415 3594 3606 3650 Gestis
3637 3595 3834 3664 ponti-

2163 3680 2428 3736 ﬁcalibus
2451 3683 2664 3743 legitur
2695 3683 2844 3751 quod
2877 3683 3111 3753 Sergius
3133 3696 3274 3752 papa
3307 3683 3638 3752 praceperit
3671 3684 3833 3738 Leta-

2161 3770 2289 3825 nias
2338 3771 2462 3825 ﬁeri
2496 3771 2554 3826 in
2597 3772 2694 3826 die
2726 3771 3194 3826 Prasentationis
3223 3771 3448 3826 Domini
3484 3773 3541 3826 in
3583 3772 3824 3842 templo.

2160 3859 2239 3913 Ita
2269 3859 2420 3914 enim
2451 3860 2731 3929 scriptum
2763 3865 2866 3927 est,
2901 3866 2965 3915 ut
3003 3859 3062 3913 in
3101 3858 3308 3914 diebus
3333 3859 3828 3916 Annuntiationis

2156 3945 2407 4016 Domini,
2450 3947 2914 4017 Dormitationis,
2948 3961 3013 4002 ac
3043 3947 3378 4002 Nativitatis
3421 3948 3476 4002 S.
3518 3948 3617 4002 Dei
3649 3948 3831 4020 geni—

2159 4035 2328 4089 tricis
2377 4037 2588 4102 Maria,
2623 4041 2680 4090 et
2725 4036 2782 4090 S.
2815 4036 3121 4097 Simeonis,
3164 4035 3314 4106 quod
3359 4037 3692 4106 Hypapante
3723 4037 3831 4092 di—

2158 4121 2314 4176 citur
2362 4122 2574 4186 Grace,
2622 4137 2749 4176 cum
2794 4123 3028 4178 letaniis
3068 4129 3270 4178 exeant
3306 4137 3338 4178 a
3375 4125 3428 4178 S.
3455 4123 3736 4189 Adriano,
3771 4131 3829 4180 et

2157 4210 2226 4263 ad
2249 4209 2304 4263 S.
2331 4211 2567 4264 Mariam
2602 4211 2855 4280 populus
2879 4218 3166 4268 occurrat.
3204 4232 3228 4260 »
3253 4214 3377 4267 Hac
3409 4212 3511 4280 ibi,
3542 4227 3671 4282 qua
3709 4228 3827 4270 non

2159 4295 2267 4351 sub
2297 4297 2486 4352 Caroli
2514 4299 2723 4369 Magni,
2754 4301 2847 4354 sed
2889 4301 3092 4356 incerti
3125 4303 3379 4356 auctoris
3407 4301 3635 4356 nomine
3661 4303 3829 4357 edita

2159 4391 2296 4440 sunt
2331 4391 2457 4454 post
2485 4385 2797 4457 fragmenta
2825 4389 3013 4444 Caroli
3058 4392 3268 4460 Magni.
3309 4390 3412 4444 Sed
3455 4389 3594 4460 quid
3627 4391 3830 4446 hare-

2161 4487 2288 4529 mus
2318 4475 2375 4530 in
2425 4476 2598 4543 hujus
2629 4477 2884 4533 Ritualis
2935 4479 3288 4547 testimonio,
3340 4493 3468 4534 cum
3503 4478 3828 4536 habeamus

2156 4564 2344 4620 locum
2371 4563 2762 4620 clarissimum
2783 4567 3139 4621 Venerabilis
3156 4568 3336 4638 Beda,
3362 4569 3461 4638 qui
3491 4567 3621 4636 plus
3640 4583 3824 4638 quam

2155 4658 2381 4708 centum
2408 4653 2580 4707 annis
2599 4659 2731 4708 ante
2755 4655 3044 4710 Anastasii
3070 4661 3324 4725 tempora
3350 4656 3519 4726 obiit,
3548 4661 3822 4712 ettamen

394 4751 524 4794 nam
547 4750 615 4792 ex
635 4749 698 4791 ea
733 4739 958 4789 constat
985 4735 1178 4803 plures
1207 4736 1365 4790 Vitas
1388 4750 1420 4791 a
1440 4735 1690 4793 diversis
1709 4741 2046 4797 auctoribus
2154 4741 2323 4796 Gesta
2357 4743 2709 4810 pontiﬁcalia
2741 4744 2988 4800 citavit?
3027 4747 3087 4800 In
3121 4745 3527 4816 Martyrologio
3553 4745 3710 4800 enim
3747 4749 3822 4803 ad

373 4827 566 4882 .Libro
599 4823 923 4881 Pontiﬁcali
950 4823 1018 4878 ad
1023 4824 1204 4891 jectas
1223 4837 1365 4890 esse,
1397 4826 1650 4896 adeoque
1673 4827 2042 4884 Anastasium

391 4915 748 4970 collectorem
779 4913 972 4982 potius
997 4924 1164 4982 quam
1197 4918 1486 4968 auctorem
1509 4915 1634 4982 ejus
1665 4914 1861 4971 fuisse.

2153 4845 2256 4886 vm
2291 4831 2424 4886 Idus
2452 4831 2694 4901 Augusti
2729 4851 2740 4887 :
2776 4853 2800 4884 ‹‹
2839 4833 3027 4890 Roma
3069 4833 3124 4889 S.
3156 4834 3304 4888 Sixti
3348 4833 3626 4904 episcopi.
3653 4835 3826 4892 Feli—

2153 4919 2400 4991 cissimi,
2441 4927 2496 4975 et
2535 4922 2765 4992 Agapiti
2799 4923 3051 4987 diaconi,
3099 4923 3200 4993 qui
3231 4923 3501 4978 decollati
3538 4929 3676 4978 sunt
3707 4926 3826 4982 sub

461 5001 514 5058 3.
547 5003 619 5057 Ut
641 5008 830 5058 autem
878 5015 911 5056 a
965 5000 1150 5070 prima
1178 5001 1400 5056 ratione
1433 5001 1804 5072 incipiamus,
1851 5004 2044 5073 profe-
2151 5010 2323 5064 Decio
2353 5028 2364 5063 :
2399 5010 2667 5064 decollati
2700 5016 2837 5066 sunt
2863 5025 2993 5067 cum
3025 5025 3092 5067 eo
3148 5017 3205 5066 et
3232 5011 3336 5066 alii
3384 5016 3634 5080 quatuor
3663 5015 3825 5069 sub—

394 5091 568 5146 renda
613 5095 751 5146 sunt
803 5089 1214 5145 nonnullorum
1260 5089 1590 5145 testimonia
1623 5091 1721 5161 qui
1777 5093 1861 5146 vel
1895 5107 2039 5148 cum

391 5177 694 5235 Anastasio
707 5177 1158 5234 Bibliothecario
1179 5177 1470 5246 vixerunt,
1495 5177 1578 5232 vel
1599 5180 1720 5248 diu,
1736 5188 2037 5252 antequam

393 5264 508 5321 fuit
549 5273 721 5322 natus
759 5267 1122 5334 Anastasius,
1171 5265 1548 5334 scripserunt.
1581 5269 1934 5327 Exstatsane
1980 5273 2038 5328 in

390 5352 714 5411 Annalibus
743 5356 1112 5424 Francorum,
1165 5353 1342 5409 editis
1369 5369 1436 5410 ex
1468 5355 1814 5416 bibliotheca
1845 5361 1902 5416 P.
1939 5363 2041 5418 Pi—

391 5438 532 5492 thai
580 5443 648 5496 ad
698 5455 911 5497 annum
963 5440 1089 5510 865,
1125 5441 1340 5496 mentio
1393 5443 1681 5514 Rudolphi
1738 5449 2038 5506 Fuldensis

391 5526 638 5581 canobii
672 5529 1024 5601 presbyteri,
1045 5528 1147 5599 qui
1169 5532 1305 5584 tunc
1329 5530 1586 5604 ﬂorebat,
1604 5541 1658 5590 et
1679 5550 1781 5604 pro
1805 5537 2038 5594 doctore

461 5613 532 5686 (α)
558 5614 693 5670 Cod.
722 5629 827 5672 ms.
860 5618 1038 5673 Vatic.
1091 5629 1096 5631 λ

2150 5098 2380 5153 diaconi
2407 5099 2740 5162 Januarius,
2772 5103 3029 5170 Magnus,
3055 5101 3354 5156 Vicentius
3379 5106 3434 5154 et
3462 5100 3822 5172 Stephanus,

2154 5185 2298 5240 utin
2341 5186 2532 5240 Gestis
2594 5187 3024 5255 pontiﬁcalibus
3067 5187 3298 5257 legitur.
3349 5205 3375 5236 n
3427 5189 3508 5240 Ita
3543 5188 3692 5243 Beda
3755 5191 3819 5246 in

2151 5275 2572 5345 Martyrologio,
2593 5274 2738 5345 quod
2756 5275 3151 5330 Henschenius
3165 5290 3233 5330 ex
3255 5275 3520 5345 pluribus
3541 5277 3822 5347 antiquis

2151 5377 2284 5418 mss.
2311 5363 2611 5418 codicibus
2637 5364 2973 5429 _corrcctius
3002 5363 3205 5432 edidit,
3234 5371 3290 5418 et
3325 5365 3551 5434 quodin
3577 5365 3824 5423 duobus

2149 5452 2608 5522 octingentorum
2629 5465 2906 5508 annorum
2944 5467 3077 5508 mss.
3112 5453 3415 5508 codicibus
3439 5453 3823 5512 bibliotheca

2152 5541 2734 5597 Palatino-Vaticana
2795 5543 3096 5612 reperitur.
3153 5543 3338 5610 Quare
3377 5550 3532 5598 certo
3579 5552 3824 5602 constat
