3932 6392
122 360 257 422 525

896 356 1262 423 HISTORIA
1313 363 1413 423 DE
1460 360 1663 426 VlTIS
1711 360 1900 426 ROM.
1948 363 2178 427 PONT.
2218 399 2292 409 —
2322 365 2385 426 S.
2434 366 2661 428 FELIX
2705 366 2807 429 IV.

3444 374 3563 437 526

120 490 295 549 neris
328 507 392 546 ac
423 489 1362 576 legationis‘ratam.habuitDeus
1384 494 1537 550 edito
1565 512 1667 576 per
1682 512 1797 576 ser-
1823 497 1870 563 Α
1907 512 2093 576 quam
2116 500 2413 576 senatores
2454 497 3100 576 Ravennamappulsos
3149 505 3296 557 tetro
3346 506 3563 562 carceri

116 581 269 621 vum
306 562 800 617 suum’miraculo
845 563 1126 618 restitutae
1158 565 1397 620 visionis
1429 562 1581 620 caeco
1610 568 1665 620 in
1700 568 1793 621 in-

115 652 339 709 gressu
353 633 531 709 regiae
555 634 740 709 urbis,
768 636 920 706 quod
946 643 1185 709 sanctus
1217 638 1531 709 Gregorius
1548 656 1796 693 enmine-

116 703 559 780 morat_I_)_iaAlog
577 703 658 759 lib
680 722 765 780 iii,
785 703 895 780 cap
916 709 969 771 2,
1003 712 1060 780 et
1075 703 1413 780 honorifica
1444 710 1789 780 receptione,

114 795 310 851 quam
327 775 814 851 Bibliottiecarius
836 775 1195 851 describitin
1216 778 1331 851 hac
1355 775 1628 835 sectione.
1649 804 1675 829 ‹‹
1694 775 1795 836 0c-

110 847 438 907 currerunt
460 847 742 903 B.Joanni
762 864 921 919 papae
940 865 973 902 a
991 848 1265 904 milliario
1293 851 1639 906 duodecimo
1666 869 1791 906 om-

111 921 209 977 nis
246 919 461 976 civitas
499 935 635 974 cum
667 918 847 973 cereis
879 923 935 973 et
966 920 1239 975 crucibus
1273 921 1332 976 in
1365 921 1644 977 honorem
1678 923 1787 979 BB.

112 991 275 1049 Petri
308 996 368 1046 et
402 990 561 1047 Pauli
595 989 1049 1054 apostolorum,»
1077 997 1184 1046 etc.
1209 992 1481 1048 Justinus
1512 1010 1643 1049 vero
1672 996 1788 1049 Au-

109 1069 343 1137 gustus
360 1062 461 1133 qui
486 1060 760 1137 eumdem
791 1060 1005 1116 Christi
1033 1062 1320 1137 vicarium
1354 1081 1575 1137 pronus
1599 1065 1655 1119 in
1681 1070 1792 1120 ter-

111 1132 242 1191 ram
270 1132 562 1192 adoravit.
594 1132 730 1205 licet
760 1148 973 1205 corona
1015 1134 1266 1205 donatus
1289 1132 1415 1205 jam
1449 1136 1658 1191 fuisset
1688 1153 1786 1191 so-

112 1205 502 1279 lemniter_ab
533 1203 859 1279 Epiphanio
876 1204 1221 1279 patriarcha
1251 1203 1789 1279 Censtantinopoli-

110 1284 277 1343 tano,
329 1275 519 1331 voluit
568 1275 780 1347 iterum
813 1292 846 1330 a
876 1275 1027 1347 Petri
1086 1294 1424 1333 successore
1479 1275 1784 1347 coronari;

113 1349 270 1432 quod
293 1352 509 1421 praeter
531 1345 1047 1432 Bibliothecarium
1072 1352 1270 1432 oarrat
1290 1348 1461 1432 etiam
1481 1345 1787 1432 {\iinoinus

113 1417 195 1477 lib
244 1417 313 1486 ii;
346 1436 458 1491 cap
490 1435 543 1491 i._
564 1417 949 1491 Theophanes
979 1418 1147 1491 addit
1171 1420 1441 1491 eumdem
1474 1421 1782 1489 Joannem,

112 1492 212 1565 qui
241 1487 441 1571 causa
462 1488 672 1571 salutis
701 1487 947 1571 publica;
980 1489 1327 1571 legationem
1358 1490 1663 1571 humiliter
1693 1487 1786 1571 su-

114 1560 409 1636 sceperat,
444 1577 579 1616 cum
611 1560 957 1642 invitaretur
985 1561 1057 1642 ab
1091 1560 1413 1642 Epiphanio
1438 1563 1786 1642 'putriarcha

113 1658 140 1685 ‹‹
173 1632 570 1707 congressum
603 1632 947 1707 denegasse,
980 1632 1163 1686 donec
1194 1632 1317 1707 ipse
1350 1632 1785 1707 qui'ARomanus

111 1710 264 1763 esset
286 1702 555 1777 pontifex
578 1702 906 1777 primumin
921 1719 1201 1777 consessu
1218 1702 1783 1777 locumobtineret.»

110 1773 444 1833 Confirmat
462 1773 837 1829 Marcellinus
857 1773 1123 1829 scribens
1146 1775 1202 1828 in
1227 1775 1501 1830 chronico
1524 1776 1593 1831 de
1614 1777 1786 1832 Joan-

1906 569 2279 651 niancipavit,
2308 587 2689 651 processurus
2719 569 2922 651 utique
2943 572 3303 651 adextreuia
3331 576 3562 647 suppli-

1904 639 2130 703 cia,iiisi
2152 639 2842 711 liliilglltltltjllelllJustlni
2870 642 3385 702 tiiiiuisset.Tanto
3410 639 3562 703 atta-

1903 726 2036 764 men
2060 711 2454 766 additameuto
2469 712 2697 766 saivitiae
2712 711 2959 767 carceris
2973 713 3345 771 incommoda
3360 734 3563 775 cumu-

1901 780 2038 835 lavit
2061 787 2125 836 ut
2146 782 2424 837 aerumnis
2464 784 2765 838 confectus
2794 784 3048 847 Joannes
3091 786 3208 841 vita
3246 789 3462 845 cedens
3492 808 3559 846 eo

1902 852 2181 925 martyrio
2214 853 2293 925 sit
2324 858 2634 909 coronatus
2667 871 2678 909 :
2713 854 2990 925 adcujus
3023 857 3298 913 feretrum
3343 860 3559 917 daemo-

1900 923 2106 995 niacus
2138 924 2425 979 deductus
2454 925 2762 980 confestim
2792 923 3074 981 liberatus
3105 932 3212 983 est.
3233 931 3421 995 Quare
3442 948 3561 987 cer-

1898 994 2066 1075 tutim
2117 1000 2416 1075 senatores
2448 1002 2523 1075 Aet
2560 995 2813 1068 populus
2846 997 2915 1053 de
2945 998 3087 1053 velis
3118 994 3558 1075 ejusreliquias

1899 1064 2011 1120 sibi
2042 1065 2485 1137 conquirebant.
2560 1064 2655 1137 ‘7'
2892 1136 2897 1137 ί
3010 1078 3041 1094 '

1971 1137 2098 1191 llzec
2129 1136 2741 1210 omniacomprobant
2770 1136 3002 1193 stetisse
3035 1139 3343 1210 promissis
3374 1142 3551 1199 Joan-

1898 1223 2053 1279 nem,
2087 1207 2186 1279 qui
2221 1207 2447 1279 fortiter
2489 1212 2950 1279 repugnaturum
2985 1207 3053 1265 se
3077 1210 3336 1267 edixerat
3365 1214 3552 1270 Theo-

1897 1278 2184 1356 dorico’in
2218 1278 2395 1356 priori
2426 1278 2679 1356 articulo
2704 1278 3020 1356 petitionis,
3065 1297 3241 1356 quam
3292 1300 3396 1338 nec
3426 1284 3552 1356 ipse

1897 1365 2003 1431 nec
2026 1354 2323 1434 senatores
2340 1350 2399 1434 in
2420 1367 2479 1405 se
2496 1350 2801 1434 recepisse,
2817 1350 3162 1434 autJustino
3175 1350 3552 1434 proposuisse

1896 1419 2292 1495 inveniuntur.
2318 1419 2997 1495 Auxerunt—Theodorici
3012 1419 3418 1495 suspicionem
3455 1427 3551 1482 ho-

1896 1508 2069 1547 nores
2092 1491 2329 1547 maximi
2354 1494 2506 1564 apud
2524 1492 3088 1564 Constantinopolim
3112 1491 3320 1550 redditi
3337 1497 3551 1553 Joanni

1895 1578 2057 1633 papae
2088 1579 2151 1617 ac
2176 1563 2548 1637 senatoribus
2570 1563 3307 1637 Romanistinterpretante
3328 1567 3552 1625 scilicet

1894 1651 2027 1704 rege
2058 1635 2291 1689 eosdem
2326 1635 2584 1689 redditos
2616 1652 2681 1689 eo
2712 1634 2974 1701 consilio,
3000 1634 3066 1691 ut
3105 1643 3345 1694 senatus
3380 1638 3550 1697 Urbis

1894 1705 2217 1783 acrioribus
2240 1704 2499 1783 stimulis
2528 1706 2876 1783 excitaretur
2903 1706 2976 1783 ad
2999 1707 3319 1783 Gothorum
3334 1710 3550 1783 jugum

1892 1776 2326 1851 excutiondum.
2342 1776 2598 1851 Historia
2612 1781 2765 1832 certe
2780 1778 2952 1851 refert
2964 1778 3087 1851 puri
3104 1776 3553 1851 suspicionédu-

110 1866 181 1905 ne
203 1865 217 1905 :
243 1871 290 1930 lc
316 1847 538 1929 Deuter
566 1845 833 1930 dextrum
864 1843 1135 1930 Ecclesiae
1159 1846 1374 1930 insedit
1395 1846 1631 1930 solium,
1660 1848 1779 1904 die-
1809 1864 1857 1930 Β
1892 1852 2050 1930 ctum
2084 1847 2511 1930 Theodericum
2544 1843 2981 1930 Symmachoet'
2994 1850 3188 1930 Boetio
3210 1843 3549 1930 mortemin

110 1937 221 1993 que
243 1916 490 1993 Domini
513 1916 698 1993 nostri
723 1916 1167 1993 resurrectionis
1199 1916 1371 1989 plena
1398 1935 1534 1973 voce
1566 1919 1777 1975 Roma-

109 1987 199 2048 nis
230 1989 519 2048 precibus
545 1987 873 2043 celebravit.
910 2009 938 2036 »

175 2056 263 2141 ᾼΒ
293 2056 1034 2141 imperatorehimpetravit
1081 2059 1238 2141 duos
1278 2064 1604 2130 postremos
1634 2059 1779 2114 arti-

175 2077 263 2118 AD
293 2077 666 2186 imperatore
702 2077 1034 2142 impetrant
1081 2077 1238 2141 auos
1278 2077 1604 2130 posmremos
1634 2077 1778 2114 arn-

115 2135 273 2190 culos
333 2131 509 2202 ilius
554 2134 873 2202 petitionis,
923 2144 1096 2202 cuius
1154 2147 1411 2202 primum
1472 2147 1778 2202 nunquam

116 2223 147 2261 a
168 2223 230 2261 se
270 2200 650 2277 prOpositum
681 2200 751 2255 iri
784 2200 1233 2277 apertedixerat
1258 2200 1642 2277 Theoderico.
1675 2206 1778 2277 Ju-

118 2271 304 2332 stinus
326 2271 553 2349 pariter
570 2271 882 2353 negaverat
902 2271 1043 2353 senid
1075 2272 1267 2353 priesti
1277 2277 1472 2353 turum
1498 2273 1729 2353 etiamsi
1744 2291 1782 2353 a

118 2366 176 2430 se
203 2342 530 2430 petoretu‘r,
556 2342 797 2430 cumnde
822 2342 922 2398 illo
955 2342 1199 2424 forsitan
1234 2344 1588 2430 percepisset
1606 2361 1673 2399 ex
1693 2343 1783 2399 lit-

118 2414 248 2475 teris
274 2414 654 2474 Theodorici.
687 2414 886 2487 Neque
935 2415 1089 2487 enim
1119 2431 1174 2487 Aa
1212 2414 1592 2487 senatoribus
1633 2432 1781 2487 quos

118 2490 321 2546 Joanni
347 2486 668 2559 legationis
682 2484 925 2559 comites
937 2484 1335 2559 Theodoricus
1348 2484 1777 2559 addivoluerat,

119 2580 218 2634 par
235 2566 326 2617 est
345 2556 644 2634 diversam
676 2556 963 2634 suspicari
987 2557 1305 2634 a__Romano
1337 2557 1609 2634 pontifice
1636 2558 1780 2634 pe_ti_-

119 2627 326 2689 tionem
350 2650 365 2699 ;
401 2646 543 2686 cum
575 2630 645 2685 de
674 2627 910 2683 illorum
944 2627 1243 2699 religionis
1269 2627 1410 2683 cura
1430 2627 1674 2684 testetu‘r
1696 2629 1784 2683 Bi-

122 2701 541 2760 bliothecarius
566 2701 858 2755 scribens:
888 2699 1185 2754 «Joannes
1216 2717 1367 2771 papa
1397 2705 1453 2755 et
1484 2705 1783 2771 senatores

120 2776 217 2830 viri
240 2772 507 2831 religiosi
548 2771 747 2827 omnia
777 2775 1137 2831 meruerunt.
1162 2770 1481 2825 etliberata
1501 2776 1589 2825 est
1620 2770 1785 2825 Italia

124 2863 153 2902 a
169 2841 564 2907 Theodorico;
586 2846 682 2898 net
701 2847 904 2897 auctor
924 2841 1194 2896 Miscella:
1216 2847 1493 2904 asserat,«
1510 2842 1783 2897 Justinus

124 2918 198 2974 eis
217 2918 372 2991 quod
400 2915 715 2991 petebatur
744 2913 1062 2991 concessit;
1086 2934 1113 2963 »
1140 2930 1273 2967 cum
1298 2919 1523 2991 constet
1544 2930 1610 2968 ex
1642 2929 1781 2968 ano-

123 2984 285 3071 nynio
315 2984 510 3060 supra
540 2986 816 3071 indicato,
838 2984 1140 3065 Justinum
1166 2984 1633 3071 spopondisse‘se
1665 3001 1785 3071 om:

124 3054 212 3116 nia
231 3054 534 3115 facturum
548 3061 757 3128 printer
767 3054 1215 3128 permissionem
1232 3055 1245 3109 i
1251 3054 1471 3128 inpune
1484 3054 1781 3128 relabendi

122 3131 177 3187 in
198 3130 473 3187 haeresim
505 3126 783 3184 Arianani
814 3127 887 3181 iis
918 3126 1019 3198 qui
1052 3127 1121 3198 ad
1155 3126 1499 3198 catholicam
1522 3127 1695 3198 fidem
1716 3143 1784 3181 ex

125 3202 217 3259 illa
244 3200 514 3259 conversi
548 3199 796 3255 fuerant.
830 3196 953 3252 Hoc
992 3196 1215 3252 scilicet
1258 3196 1654 3253 Theodoricus
1680 3214 1779 3252 cu-

163 3274 331 3345 iebat,
356 3273 464 3329 sed
488 3269 797 3343 legationis
821 3269 1098 3345 princeps
1118 3268 1374 3345 Joannes
1395 3274 1593 3345 aperte
1615 3285 1783 3345 nega-

163 3292 331 3345 ιθοῐιι,
356 3292 464 3329 880
490 3292 797 3343 legationis
870 3292 1098 3340 Γιηυεψδ
1118 3292 1374 3324 δυξιῐιηθδ
1395 3292 1593 3340 δρθνιυ
1616 3292 1780 3340 nega-

126 3292 218 3400 bat
246 3363 307 3401 se
339 3360 610 3416 unquam
646 3292 1102 3416 postulaturum,
1122 3345 1177 3395 et
1198 3340 1440 3416 comites
1470 3339 1780 3416 legationis

128 3360 218 3400 Dat
246 3363 307 3401 se
339 3360 610 3416 unquam
687 3360 1102 3405 osiuiaiurum,
1122 3360 1177 3395 ei
1198 3360 1440 3395 comites
1471 3360 1780 3412 iegationis

128 3421 421 3472 senatores
452 3414 559 3470 viri
591 3360 847 3485 religiosi
880 3411 1215 3485 maluerunt
1255 3411 1476 3485 deferre
1520 3410 1780 3485 exemplo

129 3488 420 3560 pontificis
446 3481 905 3560 summi_,'quam
948 3482 1208 3560 haeretici
1257 3482 1412 3553 regis
1452 3481 1778 3560 cupiditati.

192 3558 426 3617 Reversi
458 3559 518 3613 in
552 3552 780 3612 Italiam
810 3554 982 3636 legati
1013 3554 1362 3679 jimpetratie
1387 3570 1421 3608 a
1449 3552 1781 3635 Justiniano

192 3627 577 3679 dulgentioris
608 3644 747 3679 eriza
792 3627 1039 3679 Arianos
1096 3642 1125 3679 c
1152 3630 1413 3679 ementiae
1473 3640 1781 3679 praemium

131 3627 577 3704 indulgentioris
608 3624 1039 3704 erga__Arianos
1096 3624 1781 3704 clementiasnprzemium

129 3694 504 3777 obtinuerunt
534 3694 707 3770 longe
735 3696 1034 3777 diversum
1065 3713 1099 3751 a
1127 3694 1457 3777 rationabili
1476 3694 1787 3777 'exspnecta-

128 3771 291 3829 tione.
325 3773 626 3829 Barbarus
643 3767 815 3825 enim
845 3784 945 3824 rex
972 3772 1094 3823 tam
1128 3767 1416 3824 Joannem
1447 3767 1781 3839 pontificem

1887 1917 2116 1983 tulisse,
2134 1918 2275 1973 viris
2296 1919 2498 1991 utique
2520 1917 2635 1991 prie
2658 1919 2879 1975 cmteris
2902 1918 3302 1978 illustribusin
3318 1928 3545 1981 senatu.

2607 2034 2824 2091 PAGII.

1958 2129 2110 2184 Num
2143 2131 2232 2200 88,
2262 2130 2423 2203 linea
2447 2134 2503 2186 7.
2537 2132 2609 2187 De
2629 2131 2787 2202 cujus
2808 2132 3066 2187 manibus
3092 2148 3215 2188 cum
3243 2134 3423 2203 gloria
3453 2152 3547 2191 co-

1886 2209 2110 2276 ronatus
2140 2210 2221 2256 est
2245 2202 2495 2276 Justinus
2526 2203 2819 2271 Augustus.
2854 2208 2962 2276 etc.
2980 2203 3153 2258 Porro
3184 2202 3338 2276 lieet,
3371 2207 3549 2262 Justi-

1890 2290 2003 2348 nus
2023 2274 2462 2348 ougustusjam
2478 2278 2790 2348 coronatus
2805 2274 3291 2331 fuissetaJoanne
3310 2274 3548 2348 patriar-

1889 2342 1998 2417 cha
2020 2343 2756 2417 Co‘nstontinopolitano,ut
2768 2350 2997 2400 constat
3010 2363 3077 2417 ex
3100 2342 3363 2417 ejusdem
3378 2349 3550 2404 Joan-

1890 2414 1982 2487 uis
2014 2414 2260 2486 epistola
2290 2415 2360 2469 ad
2394 2416 2763 2470 Hormisdam
2791 2433 3025 2487 papam,
3050 2414 3265 2473 iterum
3288 2424 3483 2474 tamen
3514 2437 3549 2476 a

1888 2485 2124 2559 Joanno
2146 2503 2295 2557 papa
2321 2488 2584 2541 coronari
2616 2485 2819 2559 voluit,
2844 2485 3022 2559 quod,
3048 2494 3253 2559 praeter
3299 2492 3547 2546 Anasta-

1890 2556 2047 2640 sium
2072 2556 2284 2611 diserte
2308 2556 2880 2640 testatur_.{\imoinus
2903 2558 2984 2640 lib
3005 2556 3178 2640 ii,_cap
3202 2562 3545 2640 i,scribens,

1889 2628 2144 2700 Joannes
2176 2645 2364 2700 papa:
2390 2653 2417 2678 ‹‹
2444 2630 2679 2685 Justino
2728 2631 2992 2699 Augusto
3025 2634 3090 2684 ut
3113 2628 3366 2688 vicarius
3398 2633 3548 2689 beati

1893 2698 2044 2772 Petri
2076 2698 2437 2772 imperialem
2468 2700 2752 2772 imposuit
2782 2698 3117 2756 coronam.»
3142 2702 3256 2758 Nec
3287 2703 3549 2760 insolens

1894 2769 2001 2824 fuit
2014 2769 2589 2845 subsecutissaiculis
2608 2772 2989 2845 imperatores
3002 2776 3058 2826 et
3079 2789 3244 2845 reges
3266 2775 3546 2845 secundo,

1891 2846 1993 2916 aut
2024 2841 2200 2896 etiam
2229 2842 2399 2896 tertio
2431 2841 2716 2916 coronari:
2748 2844 2898 2916 Aute
2954 2841 3265 2916 Justinum
3306 2841 3548 2916 quidam

1892 2912 2293 2985 imperatores,
2326 2930 2359 2967 a
2388 2913 2758 2985 temporibus
2792 2913 3102 2985 Theodosii
3122 2912 3413 2985 _Junioris,
3446 2916 3549 2985 qui

1892 2982 2038 3037 teste
2098 2983 2399 3038 Theodoro
2458 2982 2671 3039 lectore
2701 2982 2782 3037 lib
2818 3000 2877 3048 ii,
2914 2999 2949 3038 a
2976 2983 3176 3039 Proclo
3208 2982 3548 3042 Patriarcha

1891 3051 2427 3126 Constinopolitano
2439 3059 2751 3126 coronatus
2770 3058 2877 3122 est,
2893 3069 3167 3126 coronam
3182 3054 3549 3126 imperialem

1891 3123 2277 3196 susceperunt
2306 3125 2378 3196 ab
2411 3125 2725 3196 episcopis,
2749 3125 2848 3196 sed
2868 3123 3069 3179 nullus
3086 3130 3223 3196 ante
3242 3123 3547 3183 Iustinum

1892 3196 1964 3250 ab
1979 3193 2173 3267 aliquo
2187 3193 2461 3267 pontifice
2472 3193 2733 3267 Rom—ano
2747 3193 3068 3251 solemnem
3081 3195 3547 3254 benedictionem

1893 3266 2212 3341 acceperat.
2227 3268 2565 3341 Antequam
2579 3266 2961 3341 imperatores
2992 3267 3393 3341 benedictione
3413 3286 3549 3341 pon-

1888 3337 2091 3392 tificali
2124 3337 2503 3409 donarentur,
2536 3337 2680 3393 fidei
2720 3337 3140 3409 professionem
3179 3337 3545 3409 emittebant,

1891 3410 1967 3484 de
1992 3408 2426 3484 qua,_sicuti_et
2456 3409 2527 3464 de
2555 3409 2680 3484 rit_u_
2712 3408 2828 3480 quo
2872 3409 3385 3484 consecrabantur,
3420 3408 3547 3484 logs

1891 3478 2265 3553 Edmundum
2318 3479 2575 3553 Martene
2622 3478 2711 3553 lib
2732 3478 2793 3553 ii,
2823 3496 2928 3551 cap
2943 3483 3013 3553 Δ2,
3044 3479 3115 3535 de
3143 3478 3417 3553 antiquis
3434 3478 3546 3553 Ea-

1890 3549 2079 3606 clesiee
2112 3550 2361 3606 Ritibus.
2396 3550 2475 3606 De
2507 3549 2911 3606 benedictione
2938 3549 3358 3609 imperatorum
3390 3551 3549 3609 Occi-

1890 3568 2079 3606 ciesiae
2113 3568 2361 3606 munus.
2396 3568 2475 3606 ue
2509 3568 2908 3606 benedictione
2938 3568 3017 3604 im
3065 3568 3358 3608 eratorum
3390 3568 3549 3609 ucci-

1890 3622 2083 3695 dentis
2115 3626 2247 3695 post
2277 3621 2507 3695 imperii
2558 3621 2990 3695 renovationem
3024 3568 3167 3695 Rege
3213 3622 3460 3695 dicenda
3488 3622 3550 3680 in

1892 3639 2083 3676 (lenus
2156 3639 2247 3677 osi
2277 3639 2507 3694 imperii
2558 3639 2990 3677 renovationem
3041 3639 3167 3695 iege
3213 3639 3460 3679 uicenua
3488 3640 3550 3680 in

1892 3694 2081 3819 Ltsone
2114 3639 2210 3761 ill,
2244 3697 2301 3749 et
2330 3694 2401 3748 de
2432 3693 2835 3749 benedictione
2867 3709 3072 3766 regum
3105 3694 3352 3751 dicenda
3369 3694 3430 3751 in
3451 3695 3553 3752 Za-

1892 3781 1921 3819 c
1970 3781 2111 3819 aria.

1892 3781 2111 3820 cnaria.

1208 4064 1387 4135 LVI.
1459 4060 1922 4133 SANCTUS
1982 4059 2290 4131 FELIX
2346 4060 2474 4131 IV.

916 4216 1083 4279 Auno
1127 4229 1374 4277 CHRISTI
1415 4212 1557 4301 526,
1601 4226 1836 4273 JUSTINI
1889 4225 2092 4272 IMPER.
2139 4210 2197 4285 9,
2249 4225 2618 4272 TBEODORICI
2659 4211 2760 4271 34.

356 4476 475 4529 νυ
522 4464 697 4528 Felix
747 4466 989 4527 natione
1045 4462 1363 4533 Samnius,
1419 4480 1494 4523 ex
1524 4511 1533 4517 .
1545 4468 1724 4541 patre
1786 4458 2081 4532 Castorio,
2139 4456 2288 4518 sedit
2342 4476 2526 4519 annos
2584 4465 2862 4538 quatuor,
2923 4477 3141 4519 menses
3196 4457 3381 4534 duos,
3438 4455 3560 4518 dies

292 4575 369 4634 14
400 4572 509 4655 (α).
544 4572 690 4633 Euit
717 4576 928 4633 autem
960 4569 1351 4650 temporibus
1382 4566 1458 4649 (b)
1491 4566 1867 4628 Tlieodorici
1923 4566 2111 4644 regis,
2176 4569 2240 4624 et
2295 4563 2531 4625 Justini
2561 4562 2637 4644 (c)
2667 4564 2957 4642 Augusti,
2986 4584 3025 4625 a
3056 4564 3403 4626 Consulatu
3435 4564 3562 4626 Ma-

292 4677 553 4741 mortini
611 4676 697 4758 (d)
752 4695 933 4758 usque
988 4674 1072 4738 ad
1122 4674 1489 4735 consulatum
1573 4670 1919 4753 Lampadii,
1979 4680 2035 4731 et
2096 4669 2316 4731 Orestis
2364 4688 2403 4729 a
2450 4668 2542 4730 die
2590 4674 2626 4731 4
2682 4668 2829 4731 Idus
2885 4669 3193 4751 juliarum
3254 4687 3437 4751 usque
3492 4668 3560 4729 in

291 4795 512 4867 quarto
568 4783 712 4845 Idus
768 4782 1058 4846 Octobris.
1118 4780 1240 4842 Hic
1294 4778 1437 4859 fecit
1496 4778 1801 4840 basilicam
1865 4786 2204 4839 sanctorum
2283 4774 2507 4838 Casinas
2562 4785 2615 4837 et
2670 4776 2963 4838 Damiani
3017 4778 3080 4836 in
3133 4774 3281 4836 urbe
3341 4774 3559 4850 Roma,

216 4895 252 4952 5
293 4892 356 4953 in
386 4892 527 4953 loco
556 4891 666 4971 qui
713 4890 1075 4971 appellatur
1130 4887 1231 4947 via
1290 4888 1505 4958 Sacra,
1532 4885 1715 4965 juxta
1745 4883 2031 4966 templum
2060 4882 2227 4943 urbis
2255 4882 2479 4944 Roma.
2515 4882 2715 4963 Hujus
2748 4882 3138 4963 temporibxis
3181 4885 3563 4961 consumpta

295 5004 390 5060 est
417 4997 709 5060 incendio
748 4996 1010 5058 basilica
1061 4993 1263 5056 sancti
1322 4992 1618 5072 martyris
1675 4991 2019 5062 Saturnini,
2056 4990 2158 5051 via
2184 4988 2452 5063 Salaria,
2489 5009 2680 5070 quam
2713 5009 2751 5050 a
2780 4989 2915 5050 solo
2946 4988 3187 5050 refecit.
3221 4987 3340 5060 Qui
3371 4986 3564 5047 etiam

297 5104 624 5166 ordinatus
653 5109 747 5165 est
776 5121 920 5165 cum
950 5101 1185 5182 quiete,
1221 5104 1285 5160 et
1315 5099 1469 5159 vixit
1498 5117 1695 5178 usque
1727 5098 1806 5158 ad
1844 5104 2131 5177 tempora
2188 5094 2537 5156 Athalarici
2596 5096 2783 5175 regis.
2818 5094 2941 5156 Hic
2968 5094 3113 5174 fecit
3157 5091 3565 5153 ordinationes

299 5210 445 5272 duas
499 5211 565 5272 in
622 5210 778 5273 urbe
828 5212 1030 5271 Roma
1088 5226 1202 5288 per
1260 5224 1504 5266 menses
1562 5204 1890 5266 Februarii
1944 5208 2007 5265 et
2061 5201 2291 5274 Martii,
2335 5201 2718 5284 presbyteros
2775 5201 3219 5283 quinquaginta
3274 5199 3558 5280 quinque,

299 5315 574 5379 diaconos
624 5326 912 5399 puatuor,
970 5315 1265 5396 episcopos
1315 5329 1425 5392 per
1481 5311 1734 5371 diversa
1791 5310 1919 5371 loca
1976 5326 2238 5369 numero
2290 5308 2554 5386 triginta
2609 5326 2835 5369 novem
2897 5307 2995 5389 (e).
3050 5307 3169 5380 Qui
3211 5306 3405 5367 etiam
3463 5323 3563 5367 se-

190 5423 261 5484 10
300 5424 513 5503 pullus
562 5429 655 5487 est
712 5425 777 5485 in
834 5421 1099 5484 basilica
1155 5418 1325 5480 beati
1383 5416 1553 5479 Petri
1593 5415 1867 5497 apostoli
1896 5432 1958 5477 1v
1989 5413 2138 5476 Idus
2180 5411 2490 5489 Octobris;
2517 5421 2569 5474 et
2598 5413 2846 5475 cessavit
2871 5412 3236 5494 episcopatus
3267 5430 3465 5473 mens.
3502 5412 3562 5487 1,

303 5531 436 5594 dies
465 5533 538 5592 15
563 5530 667 5612 (f).
771 5533 789 5548 ‘

1332 5674 1587 5721 NOTULE
1629 5670 2017 5718 IABGINALES
2060 5668 2379 5716 FABROTTI.

183 5892 208 5933 c

182 5806 228 5891 α)
258 5807 326 5891 [3,
351 5807 588 5891 uiesﬁ}.
632 5805 977 5891 (mustin‘i,
1009 5807 1066 5891 ot
1094 5797 2003 5891 Justiuiouiiinpgetlutoola‘ijoi
2024 5796 2210 5891 rogits),
2228 5792 2661 5891 qgoqsptybrii
2683 5795 2757 5853 ad
2780 5795 3172 5871 Lampadium
3204 5798 3260 5853 et
3281 5794 3566 5857 Orestem.

182 5822 211 5859 a
258 5807 326 5875 B,
353 5807 477 5864 dies
503 5810 588 5863 18.
632 5808 704 5891 (ὁ)
736 5805 977 5870 Justini,
1009 5807 1066 5859 et
1094 5803 1416 5886 Justiniani
1448 5803 1655 5884 impet
1684 5803 2003 5855 Athalarici
2034 5803 2523 5878 regis,aConsUl}

162 5803 228 5954 i0;
254 5879 311 5951 C,
342 5879 682 5944 Justiniani.
714 5877 794 5951 (ά)
824 5877 884 5947 C,
918 5877 1194 5938 Maburti.
1227 5877 1299 5949 Β,
1331 5873 1620 5933 Mavortii.
1654 5872 1724 5947 (ε)
1758 5871 1864 5946 CB,
1896 5871 1988 5929 29.
2021 5870 2093 5947 (ι’)
2125 5868 2206 5927 CB
2237 5866 2364 5927 dies
2384 5869 2523 5927 tres.
