3950 6394
168 399 244 458 901
854 399 1264 456 SCHELESTR.
1303 394 1610 453 DISSERT.
1654 393 1745 446 DE
1782 393 2012 463 ANTIQ.
2057 394 2224 452 ROM.
2268 398 2466 455 PONT.
2507 403 2843 465 CATALOG.

3459 411 3566 468 202

171 531 289 602 quod
311 541 441 586 ante
469 529 842 585 Anastasium
864 527 1034 584 Liber
1061 525 1417 584 Pontiﬁcalis
1438 523 1795 593 temporibus
1824 515 1885 575 A
1977 524 2033 581 5.
2085 528 2260 586 Porro
2291 532 2555 600 quamvis
2585 539 2897 604 scriptores
2944 544 3160 596 veteres
3192 545 3402 611 reperti
3452 544 3571 599 sint

171 621 297 675 Beda:
316 621 430 688 jam
461 618 832 686 conscriptus
875 615 1072 686 fuerit,
1115 621 1172 671 et
1204 615 1417 670 idcirco
1455 612 1798 668 Anastasius

173 710 307 766 illius
330 713 532 763 auctor
562 720 687 762 esse
714 720 823 762 non
857 707 1060 774 possit.

226 794 269 851 l.
320 797 466 851 Idem
498 795 876 850 conﬁrmatur
903 809 970 850 ex
1004 794 1080 850 iis
1127 793 1466 850 auctoribus
1510 791 1633 862 qui,
1666 791 1803 846 licet

173 891 276 956 post
295 885 658 940 Anastasium
689 883 1203 938 Bibliothecarium
1227 881 1585 950 scripserint,
1614 886 1670 935 et
1700 881 1804 934 Li-

170 975 309 1030 brum
361 972 753 1028 Pontiﬁralem
799 973 1058 1040 citarint,
1089 983 1382 1041 nunquam
1431 974 1615 1024 tamen
1646 969 1802 1022 Ana-

172 1063 310 1118 stasii
333 1062 677 1117 mentionem
703 1059 1278 1116 feceruntAnselmus
1303 1058 1574 1113 Lucensis
1587 1057 1806 1126 episco-

171 1168 261 1222 pus
275 1152 666 1222 subGregorio
691 1151 799 1217 VII,
826 1149 929 1204 lib.
951 1164 1014 1204 ιιι
1030 1149 1255 1204 Decreti
1269 1162 1390 1217 cap.
1411 1143 1532 1214 420,
1547 1159 1722 1217 agens
1735 1145 1806 1199 de

170 1241 350 1296 exsilio
378 1239 594 1295 Liberii
617 1253 792 1309 papae,
825 1246 882 1293 et
906 1237 1091 1293 Felice
1121 1239 1246 1306 ejus
1269 1249 1548 1292 consensu
1571 1235 1798 1290 ordina-

171 1334 235 1395 to,
256 1328 480 1396 librum,
501 1341 570 1383 ex
596 1341 710 1397 quo
735 1326 918 1382 locum
939 1325 1282 1395 desumpsit,
1304 1324 1446 1379 citat
1466 1324 1558 1378 his
1582 1322 1802 1378 verbis:

172 1419 243 1471 Et
262 1418 597 1486 Pontiﬁeali;
627 1421 684 1470 et
707 1415 808 1470 lib.
843 1429 883 1481 1,
912 1429 1016 1484 cap
1043 1410 1135 1483 77,
1164 1413 1334 1468 habet
1359 1413 1512 1467 hunc
1536 1409 1800 1466 titulum:

167 1509 230 1561 Dc
268 1506 590 1571 obedientia,
635 1506 685 1558 ei
713 1504 1042 1571 humilitate,
1086 1518 1253 1570 quam
1296 1516 1396 1554 rear:
1423 1501 1656 1569 Papinus
1680 1499 1808 1553 Ste-

163 1596 327 1663 phano
347 1611 510 1664 papa
549 1595 816 1655 exhibuit,
862 1609 930 1647 ea:
957 1592 1285 1660 Pontiﬁcali.
1319 1589 1426 1644 Ubi
1474 1589 1806 1646 nullatenus

164 1684 433 1738 Anastasii
477 1683 760 1750 meminit,
793 1696 857 1737 eo
893 1682 1044 1752 quod
1087 1681 1256 1735 Liber
1285 1677 1643 1735 Pontiﬁcalis
1686 1676 1810 1730 An—

168 1773 308 1827 selmi
341 1771 701 1841 temporibus
720 1771 972 1827 nondum
994 1769 1298 1825 Anastasio
1320 1769 1582 1824 tributus
1603 1765 1802 1822 fuerit.

1914 617 2013 685 qui
2063 618 2221 673 Vitas
2252 621 2589 688 pontiﬁcum
2625 636 2657 677 a
2688 625 2854 680 Petro
2894 627 2962 681 ad
3006 629 3300 686 Liberium
3327 633 3566 688 Damaso

1912 705 2264 771 tribuerunt,
2301 709 2582 764 neminem
2615 715 2801 767 tamen
2836 715 3019 783 reperi
3049 719 3149 786 qui
3190 721 3570 786 posteriorum

1915 795 2251 862 pontiﬁcum
2280 797 2442 852 Vitas
2465 812 2497 852 a
2528 799 2768 855 Damaso
2796 815 2937 870 papa
2962 818 3145 873 usque
3173 807 3242 860 ad
3272 809 3570 864 Nicolaum

1915 882 2186 953 primum,
2228 883 2337 939 sub
2367 901 2482 954 quo
2510 887 2854 944 Anastasius
2897 890 3386 952 Bibliothecarius
3419 897 3575 953 scri-

1918 971 2050 1039 psit,
2097 971 2405 1032 Anastasio
2451 975 2826 1044 adjudicavit.
2878 978 3164 1037 Martinus
3213 984 3464 1042 Polonus
3515 987 3572 1041 in

1914 1059 2185 1116 Chronici
2219 1062 2311 1118 sui
2347 1065 2622 1132 prooemio
2647 1066 2791 1122 citat
2827 1080 3022 1124 omnes
3043 1077 3307 1127 auctores
3332 1087 3400 1128 ex
3435 1075 3578 1144 qui—

1919 1147 2026 1204 bus
2050 1149 2353 1205 historiam
2390 1152 2800 1222 imperatorum
2831 1161 2887 1210 et
2918 1157 3253 1226 pontiﬁcum
3283 1160 3574 1218 Romano-

1918 1253 2047 1295 rum
2072 1241 2396 1310 desumpsit
2426 1259 2438 1295 :
2473 1262 2500 1294 «
2531 1243 2867 1314 Compilavi,
2897 1246 3110 1318 inquit,
3141 1264 3387 1319 prmsens
3412 1266 3586 1322 opus-

1919 1328 2114 1384 culum
2159 1342 2226 1384 ex
2271 1331 2507 1400 scriptis
2543 1333 2659 1388 Titi
2720 1335 2914 1405 Livii;
2974 1337 3106 1392 item
3157 1352 3226 1393 ex
3275 1339 3582 1397 Chronicis

1919 1415 2146 1472 Orosii:
2198 1420 2332 1475 item
2381 1434 2449 1476 ex
2492 1422 2799 1479 Chronicis
2835 1425 3064 1482 Damasi
3104 1441 3260 1498 papa:
3296 1430 3367 1485 de
3390 1427 3583 1486 Gestis

1924 1506 2292 1573 pontiﬁcum:
2327 1509 2460 1570 item
2493 1512 2562 1566 de
2587 1512 2779 1567 Gestis
2800 1513 3015 1570 Bovisii
3048 1516 3303 1587 episcopi
3327 1519 3576 1589 Sutrini,

1919 1594 1990 1648 de
2027 1593 2220 1649 Gestis
2252 1597 2622 1665 pontiﬁcum;
2659 1601 2794 1656 item
2830 1616 2898 1658 ex
2921 1603 3228 1660 Chronicis
3269 1606 3433 1662 Pauli
3460 1608 3578 1664 Ro—

1922 1681 2075 1737 mani
2107 1682 2338 1739 diaconi
2367 1686 2520 1740 card.
2567 1687 2638 1742 de
2665 1689 2858 1746 Gestis
2887 1697 3302 1764 utrorumque;
3336 1695 3471 1751 item
3510 1697 3580 1751 de

1919 1772 2228 1827 Chronicis
2255 1772 2502 1829 Gilberti
2530 1776 2601 1831 de
2637 1777 2829 1833 Gestis
2878 1785 3288 1853 utrorumque;
3343 1783 3480 1839 item
3511 1796 3580 1840 ex

166 1839 472 1916 Cardinalis
488 1861 802 1916 Deusdedit
823 1860 884 1914 in
910 1859 1259 1914 Collectione
1288 1857 1606 1924 Canonum,
1635 1868 1804 1925 quam
1841 1839 1892 1899 Β
1917 1860 2223 1916 Chronicis
2240 1862 2514 1917 Richardi
2539 1866 2802 1920 monachi
2824 1839 3242 1938 Cluniacensis,
3273 1839 3432 1926 lem.
3455 1873 3582 1928 Hac

166 1951 356 2005 Victori
402 1952 476 2005 IIl
510 1949 882 2017 nuncupavit,
941 1947 1044 2002 lib.
1090 1961 1149 2013 ιι,
1186 1960 1344 2001 num.
1399 1941 1492 2014 75,
1542 1945 1706 2014 plura
1735 1945 1807 1998 de

167 2040 366 2096 Conone
407 2053 556 2109 papa
585 2038 729 2094 citat
775 2053 842 2090 ea:
866 2038 1104 2090 Romano
1133 2035 1476 2101 Ponttﬁeali:
1506 2032 1605 2087 ubi
1639 2033 1807 2088 Liber

165 2129 504 2184 Pontiﬁcalis
533 2131 771 2182 vocatur
799 2125 1111 2188 Romanus,
1153 2123 1288 2192 quia
1325 2122 1385 2176 in
1414 2134 1479 2176 eo
1516 2121 1810 2176 Romano-

168 2231 267 2271 rum
297 2215 648 2286 pontiﬁcum
689 2219 814 2268 acta
849 2211 1239 2276 continentur,
1277 2223 1404 2280 quae
1445 2214 1630 2263 tamen
1659 2223 1812 2278 prte-

168 2303 292 2360 latus
315 2303 648 2359 cardinalis
674 2303 799 2356 sine
831 2301 951 2356 ullo
978 2300 1233 2355 auctoris
1259 2298 1489 2353 nomine
1519 2295 1709 2364 refert,
1744 2310 1810 2352 eo

169 2395 291 2462 quod
313 2393 466 2448 liber
486 2391 588 2445 ille
610 2389 967 2457 temporibus
989 2388 1114 2443 suis
1135 2387 1283 2442 nulli
1307 2386 1529 2441 auctori
1553 2386 1812 2441 tributus

165 2488 305 2536 esset.
348 2483 503 2537 Idem
560 2484 786 2533 constat
832 2490 898 2532 ex
949 2478 1115 2530 Ivone
1156 2474 1490 2530 Carnotensi
1543 2475 1812 2543 episcopo

169 2575 288 2636 part.
330 2585 403 2639 ιν,
449 2582 574 2637 cap.
607 2563 699 2636 79,
729 2565 828 2621 ubi
864 2563 1032 2620 habet
1063 2584 1089 2615 «
1120 2563 1382 2633 Sergium
1416 2575 1638 2632 papam,
1674 2575 1814 2631 pro-

167 2664 269 2726 pter
313 2657 578 2728 quaadam
618 2653 874 2724 capitula
922 2658 1083 2707 extra
1130 2653 1309 2707 ritum
1353 2651 1810 2706 ecclesiasticum

164 2758 377 2814 annexa,
399 2759 517 2800 non
544 2742 965 2811 subscripsisse
986 2741 1222 2811 synodo,
1247 2753 1418 2810 quam
1443 2740 1812 2794 Justinianus

165 2832 451 2902 imperator
485 2833 551 2888 in
581 2831 738 2900 regia
771 2829 912 2885 urbe
940 2829 1266 2900 collegerat.
1295 2830 1376 2883 Ex
1403 2827 1573 2883 Libro
1606 2827 1813 2882 Ponti—

165 2920 314 2976 ﬁcali.
344 2941 370 2971 n
398 2923 481 2977 Ex
512 2934 644 2989 cap.
671 2916 778 2974 94:
822 2919 887 2972 de
928 2918 1085 2971 libris
1121 2916 1330 2971 Gelasii
1359 2933 1427 2970 ea:
1454 2917 1618 2970 Libro
1660 2916 1812 2968 Pon—

163 3011 347 3077 tiﬁcali.
407 3013 490 3066 Ex
550 3024 676 3079 cap.
730 3005 851 3062 424.
902 3009 1036 3061 Item
1084 3007 1149 3060 de
1196 3009 1599 3075 conﬁrmatione
1645 3010 1812 3059 sextae

166 3101 357 3165 synodi,
394 3117 463 3154 ea:
493 3101 664 3154 Libro
713 3097 1022 3166 Pontiﬁcali
1074 3097 1226 3150 Idem
1261 3095 1427 3163 plane
1456 3095 1812 3150 Romualdus

166 3155 544 3245 Salernitanus
567 3155 1046 3255 archiepiscopus
1074 3185 1134 3239 in
1156 3155 1410 3238 Historia
1435 3197 1537 3238 ms.
1575 3183 1808 3238 Librum
1845 3155 1893 3216 Ο

168 3277 533 3333 Pontiﬁcalem
577 3277 675 3331 his
712 3274 905 3330 verbis
935 3274 1159 3329 citans:
1212 3273 1317 3328 Hic
1357 3273 1506 3328 idem
1551 3270 1680 3341 (Leo
1726 3273 1814 3343 IV)

167 3368 295 3419 utin
324 3367 642 3435 Pontiﬁeali
674 3365 891 3431 legitur,
927 3362 1214 3418 invidiose
1245 3375 1420 3430 super
1463 3360 1807 3431 quibusdam

165 3454 492 3510 criminibus
528 3453 800 3522 pulsatus
838 3451 1116 3521 synodum
1157 3450 1543 3521 congregavit,
1592 3455 1648 3504 et
1692 3462 1815 3504 sese

161 3539 462 3607 iuramento
489 3542 805 3598 innoxium
823 3541 1254 3595 demonstravit.
1278 3539 1485 3594 Eodem
1509 3536 1626 3592 fere
1648 3538 1813 3592 modo

168 3630 407 3686 intitulat
432 3631 660 3688 librum
683 3629 847 3684 illum
877 3627 1165 3683 Laborans
1180 3626 1518 3696 cardinalis,
1546 3626 1646 3696 qui
1665 3639 1815 3681 anno

169 3716 286 3775 H82
332 3722 598 3790 scripsit,
665 3725 731 3773 ut
767 3731 835 3774 ex
883 3718 1008 3786 ejus
1065 3715 1496 3784 compilatione,
1542 3728 1669 3783 qua:
1708 3727 1812 3767 ms.

167 3810 448 3866 inarchivo
463 3809 734 3866 basilicae
749 3807 802 3862 S.
825 3807 978 3862 Petri
996 3812 1343 3873 asservatur,
1360 3802 1778 3873 licetcolligere
1801 3819 1814 3867 ;

165 3908 303 3964 parte
325 3902 477 3956 enim
510 3915 575 3966 ιι,
615 3911 744 3968 cap.
781 3892 866 3964 40,
900 3902 955 3950 et
994 3900 1153 3963 parte
1178 3908 1257 3962 χι,
1292 3906 1415 3961 cap.
1449 3890 1502 3960 6,
1537 3891 1680 3946 citat
1708 3889 1818 3945 ab-

163 3989 325 4044 solute
346 3990 510 4044 Grsta
531 3990 885 4056 Pontiﬁcum,
909 3984 1250 4053 nullumque
1275 3982 1507 4036 illorum
1528 3984 1816 4050 gestorum

161 4083 426 4132 auctorem
480 4077 743 4132 indicat.
802 4074 903 4128 llis
942 4071 1164 4127 accedit
1201 4069 1526 4126 Bernardus
1566 4067 1814 4136 primum

162 4165 438 4233 Papiensis
481 4164 859 4236 praepositus,
909 4166 1100 4231 postea
1127 4159 1475 4214 Faventinus
1512 4157 1817 4226 episcopus

164 4252 210 4306 in
235 4255 586 4310 Collectione
615 4251 1025 4317 Decretalium,
1051 4262 1221 4319 quam
1247 4247 1534 4302 Antonius
1549 4244 1819 4316 Augusti-

161 4355 255 4397 nus
303 4341 764 4399 Tarraconensis
811 4337 1304 4406 archiepiscopus,
1356 4336 1508 4390 inter
1545 4335 1817 4404 antiquas

160 4432 522 4490 Decretalium
571 4430 964 4488 Collectiones
1017 4427 1202 4496 primo
1235 4425 1360 4482 loco
1403 4424 1626 4480 edidit:
1663 4423 1815 4477 libro

160 4533 384 4592 namque
433 4524 639 4592 tertio,
695 4519 872 4576 titulo
903 4514 953 4587 4,
998 4532 1119 4587 cap.
1167 4513 1222 4584 2,
1267 4513 1467 4570 habet:
1515 4514 1604 4566 Ea:
1641 4511 1815 4565 Gestis
1846 4496 1897 4556 Ι)

161 4609 503 4666 Romanorum
547 4613 904 4682 pontiﬁcum.
946 4609 1050 4662 Leo
1097 4608 1198 4667 ΙΙΙ,
1255 4606 1476 4658 natione
1518 4604 1814 4662 Romanus,

158 4701 362 4753 concilio
399 4701 666 4755 Lotharii
711 4703 762 4752 et
804 4697 1076 4750 Ludovico
1116 4697 1524 4762 imperatorum,
1572 4693 1817 4743 sanctam

159 4791 201 4836 ct
225 4789 588 4844 venerabilem
625 4800 828 4844 Lxxvn
872 4788 1244 4855 epiSCOporum
1272 4784 1332 4836 in
1365 4781 1589 4835 ecclesia
1617 4780 1681 4833 B.
1707 4779 1820 4831 Pc—

158 4877 220 4926 tri
256 4879 524 4944 synodum
580 4876 986 4944 congregavit;
1030 4880 1086 4928 et
1126 4871 1227 4927 lib.
1276 4884 1332 4938 ν,
1367 4870 1458 4926 tit.
1492 4865 1548 4929 5,
1575 4884 1694 4936 cap.
1741 4862 1815 4919 2:

163 4965 232 5016 Er
253 4972 411 5032 gestis
441 4972 832 5023 Romanorum
865 4965 1203 5032 pontiﬁcum.
1237 4961 1490 5028 Tempore
1518 4957 1816 5017 Zachariae,

160 5060 357 5112 natione
395 5059 599 5126 Graeci,
664 5055 915 5125 contigit,
966 5058 1113 5121 etc.;
1149 5059 1204 5107 et
1247 5051 1337 5106 tit.
1383 5045 1419 5103 7
1462 5061 1587 5116 cap.
1641 5042 1690 5099 1.
1734 5047 1822 5098 Ea:

158 5149 305 5204 gestis
381 5151 770 5203 Romanorum
830 5146 1168 5214 pontiﬁcum.
1241 5144 1492 5208 Tempore
1558 5136 1823 5206 Stephani

157 5251 314 5303 P'lpar,
370 5242 603 5291 natione
654 5234 857 5294 Siculi,
902 5238 1008 5288 etc.
1061 5231 1167 5286 Ubi
1221 5229 1389 5284 Gesta
1439 5228 1819 5281 Romanorum

163 5327 472 5388 pontiﬁcum
499 5329 800 5391 citantur,
824 5321 972 5377 nulli
1005 5327 1192 5376 tamen
1211 5318 1433 5375 auctori
1459 5316 1820 5386 tribuuntur,

161 5416 289 5481 quod
319 5418 603 5473 nimirum
639 5413 774 5469 illis
795 5411 1151 5479 temporibus
1181 5407 1431 5462 nondum
1455 5407 1564 5461 sub
1591 5407 1827 5462 Anasta-

163 5505 223 5556 sil
251 5503 696 5562 Bibliothecarii
731 5497 963 5554 nomine
992 5498 1160 5554 Liber
1193 5495 1544 5552 Pontiﬁcalis
1565 5498 1824 5554 circum—

163 5589 400 5662 ferretur,
437 5603 502 5653 ut
528 5597 658 5666 jam
709 5604 888 5661 supra
917 5589 1323 5646 indicavimus.

223 5681 283 5754 (α)
309 5687 364 5740 In
391 5687 598 5741 codice
629 5697 743 5738 ms.
778 5679 896 5734 bib.
929 5679 1239 5736 Vaticante.

427 5785 682 5839 PATBOL.
727 5774 1002 5832 CXXVII.

1918 1950 2209 2007 Martinus
2232 1951 2501 2022 Polonus,
2531 1953 2632 2023 qui
2658 1954 3174 2013 nullibiAnastasii
3202 1960 3590 2016 Bibliotheca-

1918 2040 1994 2094 rii
2026 2040 2307 2110 meminit,
2342 2040 2479 2096 licet
2507 2054 2705 2096 omnes
2735 2050 3028 2100 enumerat
3053 2059 3198 2115 quos
3220 2048 3291 2102 de
3310 2049 3583 2104 Romanis

1919 2128 2295 2197 pontiﬁcibus
2336 2129 2568 2199 legerat,
2610 2135 2666 2185 et
2712 2131 2861 2186 inter
2889 2132 3023 2188 illos
3049 2135 3350 2191 Damasum
3384 2151 3581 2206 papam

1921 2216 2246 2284 ponendum
2287 2229 2411 2272 esse
2445 2217 2817 2273 existimarit.
2867 2221 3078 2276 Eodem
3133 2223 3300 2278 modo
3340 2224 3582 2280 Jacobus

1920 2307 2103 2359 Zenus
2132 2304 2438 2374 episcopus
2479 2303 2787 2362 Patavinus
2820 2307 2878 2361 in
2918 2307 3070 2364 libro
3110 2310 3180 2365 de
3206 2307 3357 2367 Vitis
3385 2313 3584 2380 ponti-

1923 2393 2112 2462 ﬁcum,
2146 2395 2399 2450 nondum
2443 2395 2596 2464 typis
2616 2395 2926 2464 descripto,
2987 2396 3155 2452 habet
3199 2399 3430 2469 quidem
3466 2402 3584 2455 Da-

1924 2496 2144 2537 masum
2177 2496 2377 2552 papam
2407 2496 2509 2552 pro
2536 2490 2770 2538 auctore
2801 2484 3017 2553 prioris
3043 2486 3226 2554 partis
3246 2487 3404 2542 Libri
3436 2489 3581 2543 Pon-

1923 2569 2177 2638 tiﬁcalis,
2225 2572 2320 2627 sed
2374 2585 2733 2642 nequaquam
2774 2572 3146 2629 Anastasium
3190 2574 3586 2632 Bibliotheca-

1925 2659 2077 2713 rium
2111 2659 2453 2727 posterioris
2484 2659 2668 2727 partis
2691 2665 2980 2714 auctorem
3002 2661 3304 2731 agnoscit;
3336 2667 3401 2718 ut
3428 2663 3583 2718 enim

1926 2746 2170 2802 Felicem
2189 2747 2502 2802 secundum
2524 2760 2721 2802 verum
2752 2747 3076 2816 pontiﬁcem
3096 2747 3278 2804 fuisse
3297 2751 3583 2820 ostendat,

1928 2835 2156 2890 Damasi
2210 2834 2558 2890 auctoritate
2611 2835 2667 2891 id
2725 2836 2784 2890 in
2840 2835 3048 2905 primis
3095 2836 3428 2906 comprobat
3470 2836 3579 2909 (a):

1931 2943 1960 2971 «
1989 2923 2251 2990 Damaso,
2292 2923 2506 2994 inquit,
2539 2924 2611 2979 de
2651 2923 3114 2980 antecessoribus
3157 2925 3283 2981 suis
3311 2925 3586 2981 Romanis

1923 3011 2317 3081 pontiﬁcibus,
2344 3017 2403 3066 et
2434 3012 2527 3066 his
2557 3011 2923 3080 potissimum
2946 3013 3045 3082 qui
3078 3026 3146 3068 eo
3176 3018 3377 3084 agente
3407 3015 3584 3070 vitam

1927 3098 2300 3170 praefuerunt,
2330 3100 2470 3155 ﬁdes
2499 3099 2856 3169 probabilior
2883 3100 3209 3157 adhibenda
3238 3101 3484 3158 videtur.
3519 3103 3580 3158 Si

1927 3189 2079 3244 enim
2106 3191 2384 3244 Damasus
2410 3189 2532 3258 ipse
2558 3188 2734 3256 hujus
2756 3189 3025 3245 conditor
3053 3190 3245 3259 Operis
3269 3188 3403 3260 fuit,
3432 3190 3583 3261 quod

1926 3277 2182 3346 epistolae
2202 3277 2377 3332 initio
2399 3274 2593 3345 operis
2609 3276 2734 3331 sitze
2755 3274 3146 3346 praeseferunt,
3165 3277 3302 3348 quis
3316 3276 3588 3332 dubitare

1928 3367 2158 3436 poterit,
2192 3366 2410 3422 certius
2441 3366 2698 3422 tenuisse
2730 3366 2918 3435 illum,
2949 3366 3048 3432 qui
3075 3366 3309 3422 maximi
3346 3367 3588 3435 pontiﬁ—

1926 3468 2020 3509 ces
2060 3469 2159 3524 per
2191 3468 2295 3510 sua
2323 3459 2575 3524 tempora
2613 3453 3016 3523 praefuerunt?
3046 3471 3075 3503 »
3106 3454 3174 3509 Et
3204 3455 3324 3510 haec
3353 3454 3587 3524 quidem

1928 3544 2109 3599 Zenus
2133 3543 2446 3598 Patavinus
2473 3543 2544 3597 de
2579 3543 2762 3611 priori
2795 3541 2950 3597 Libri
2986 3542 3342 3598 Pontiﬁcalis
3373 3547 3531 3610 parte
3554 3557 3589 3598 a

1927 3633 2093 3687 Petro
2118 3630 2377 3699 apostolo
2401 3630 2469 3683 ad
2493 3630 2732 3683 Damasi
2753 3628 3168 3697 pontiﬁcatum,
3194 3629 3266 3684 ob
3283 3629 3430 3683 duas
3457 3629 3592 3698 epi-

1928 3719 2107 3774 stolas
2131 3730 2275 3787 quas
2295 3715 2654 3771 ostendimus
2675 3715 3083 3783 supposititias
3104 3729 3245 3770 esse.
3269 3714 3590 3772 Audiamus

1929 3819 2083 3861 nunc
2131 3803 2272 3874 quid
2304 3803 2462 3858 dicat
2488 3801 2560 3857 de
2589 3801 2736 3857 Vitis
2781 3801 3116 3870 pontiﬁcum
3151 3803 3251 3873 qui
3281 3804 3587 3860 Damasum

1930 3905 2131 3964 papam
2163 3890 2456 3947 subsecuti
2490 3895 2643 3946 sunt.
2678 3892 2759 3945 Ita
2788 3890 2942 3945 enim
2967 3889 3135 3945 habet
3154 3892 3222 3946 ad
3255 3891 3421 3946 ﬁnem
3451 3893 3590 3948 Vitae

1928 3981 2138 4038 Felicis
2184 3979 2458 4035 secundi:
2515 3999 2541 4030 α
2574 3979 2911 4050 Quanquam
2960 3979 3110 4033 enim
3151 3985 3234 4036 tot
3277 3981 3589 4051 scriptores

1926 4070 2029 4126 alii
2059 4068 2312 4137 fuerunt,
2345 4068 2446 4138 qui
2482 4073 2609 4136 post
2632 4069 2956 4136 Damasum,
2987 4069 3353 4138 sequentium
3385 4071 3585 4139 ponti-—

1931 4160 2098 4215 ﬁcum
2145 4163 2301 4228 gesta
2347 4157 2596 4225 adjicere
2643 4156 2832 4211 conati
2880 4163 3036 4224 sunt,
3088 4164 3275 4213 tamen
3316 4159 3587 4228 quoniam

1928 4249 2278 4318 scriptorum
2309 4247 2565 4315 ipsorum
2590 4245 2900 4301 obscurum
2928 4251 3016 4300 est
3035 4259 3258 4316 nomen,
3288 4252 3591 4303 auctores-

1929 4351 2040 4408 que
2067 4337 2373 4392 admodum
2409 4335 2638 4403 incerti,
2662 4333 2920 4389 incultus
2949 4347 3100 4404 vero,
3123 4339 3180 4389 et
3209 4335 3587 4404 perhorridus

1926 4439 2134 4493 sermo,
2164 4423 2484 4479 barbariem
2517 4422 2797 4488 redolens,
2834 4422 3149 4494 magisnec
3171 4423 3354 4480 multo
3386 4424 3581 4494 profe-

1928 4521 2018 4570 cto
2040 4513 2208 4569 nobis
2253 4512 2386 4568 usui
2412 4517 2596 4575 erant,
2633 4531 2657 4561 n
2686 4515 2793 4566 etc.
2837 4513 2918 4566 Ex
2944 4511 3160 4582 quibus
3210 4511 3578 4570 manifestum

1930 4604 1992 4658 ﬁt
2018 4604 2226 4658 Zenum
2263 4602 2594 4656 Patavinum
2625 4601 2988 4656 existimasse
3024 4599 3220 4657 verum
3252 4615 3395 4670 esse,
3429 4604 3582 4674 quod

1930 4693 2286 4764 probandum
2323 4690 2706 4760 suscepimus,
2750 4704 2862 4745 non
2896 4691 3127 4760 quidem
3175 4691 3248 4746 ab
3276 4691 3581 4747 Anastasio

1928 4781 2398 4850 Bibliothecario,
2445 4785 2678 4835 auctore
2723 4779 3048 4847 notissimo,
3100 4778 3196 4832 sed
3251 4791 3284 4832 a
3315 4778 3583 4846 pluribus

1931 4873 2119 4942 iisque
2150 4871 2332 4943 ignoti
2365 4869 2618 4926 nominis
2636 4867 2994 4937 auctoribus,
3016 4866 3252 4922 Librum
3272 4865 3588 4920 Pontiﬁca-

1929 4961 2037 5017 lem
2064 4960 2445 5030 compositum
2476 4958 2676 5014 fuisse.

1998 5050 2053 5106 6.
2084 5048 2344 5106 Secunda
2372 5048 2522 5103 ratio
2557 5059 2669 5116 qua
2716 5045 2942 5099 constat
2984 5039 3219 5094 Librum
3269 5041 3583 5097 Pontiﬁca-

1932 5140 2038 5195 lem
2069 5137 2372 5194 Anastasio
2398 5130 2848 5188 Bibliothecario
2878 5126 3249 5182 tribuendum
3286 5141 3398 5184 non
3434 5141 3580 5191 esse,

1933 5228 2144 5284 nititur
2182 5223 2524 5279 auctoritate
2563 5217 3088 5284 manuscriptorum
3133 5215 3417 5284 codicum,
3481 5217 3582 5285 qui

1932 5315 2279 5385 antiquitate
2330 5307 2618 5364 Anastasii
2667 5310 2886 5360 aetatem
2932 5309 3222 5372 superant.
3264 5303 3386 5372 Qua
3414 5305 3485 5360 de
3525 5318 3586 5358 re

1933 5401 2258 5459 audiendus
2281 5403 2367 5452 est
2392 5394 2696 5462 Philippus
2722 5390 2978 5446 Labbeus
2997 5389 3146 5445 libro
3170 5393 3242 5446 de
3264 5392 3586 5462 Scriptori-

1939 5494 2046 5547 bus
2073 5491 2133 5545 in
2175 5489 2435 5554 Damaso,
2467 5481 2564 5537 ubi
2609 5479 2850 5536 aﬁirmat
2888 5479 3253 5536 Anastasium
3286 5495 3397 5537 non
3428 5494 3591 5550 posse

1939 5594 2064 5638 esse
2091 5584 2379 5634 auctorem
2407 5571 2622 5643 prioris
2639 5568 2843 5640 partis.
2871 5588 2898 5620 α
2920 5568 3082 5639 Cum,
3111 5567 3324 5642 inquit,
3342 5569 3588 5627 viderim

3274 5753 3309 5810 7
