3932 6408
370 363 478 426 551

1521 358 1936 421 ANASTASII
1986 356 2644 423 BlBlJOTHECARII.

370 501 474 588 etas
502 493 1005 588 catholic‘semtqu‘e
1025 491 1360 588 apostolica:
1393 493 2031 588 Ecclesiae,et1revcren-
2062 495 2117 562 Α
2147 497 2296 576 trem
2317 511 2454 576 esse.
2475 493 2732 550 dicimus
2756 510 2769 550 :
2795 492 2921 588 Non
2953 491 3095 588 quia
3115 489 3280 579 Deus.
3299 491 3558 588 Verbum

371 569 602 626 dissimi
643 565 1114 623 archimandritas
1154 569 1493 620 sanctorum
1539 566 2031 620 monasteriorum

369 645 682 713 sequentes
701 637 1096 713 Sanctitatem
1125 641 1464 713 vestram_,e_t
1497 638 1894 713 custodientes
1917 644 2030 691 sta-

367 707 581 778 tufu,et
612 709 898 765 unitatem
920 712 1258 780 sanctarum
1291 707 1391 762 Dei
1425 707 2026 780 Ecclesiarum,quem

366 782 588 838 habent
617 782 689 837 ab
720 779 1041 853 apostolica
1067 785 1274 853 vesti-tu
1309 779 1639 853 sanctitatis
1686 781 1844 844 sede,
1869 778 2028 853 nihil

368 853 604 927 penitus
634 850 1118 927 immutantesde
1147 850 1546 906 ecclesiastico
1579 855 1758 917 statu,
1794 851 1892 927 qui
1916 851 2027 906 ha-

365 922 572 982 ctenus
601 923 875 988 obtinuit,
899 928 954 978 et
985 922 1228 988 obtinet,
1257 940 1372 976 uno
1405 939 1696 977 consensu
1743 925 2026 978 confiten-

365 1001 480 1064 tur,
498 996 814 1052 Dominum
847 995 915 1049 N.
947 993 1002 1049 J.
1027 993 1086 1065 C.
1111 999 1245 1048 ante
1279 993 1492 1048 saecula
1522 999 1578 1048 et
1610 994 1736 1048 sine
1765 1001 2026 1065 tempore

363 1069 434 1123 de
467 1069 634 1123 Patre
667 1071 892 1132 natum,
927 1065 986 1120 in
1021 1064 1244 1119 ultimis
1291 1065 1497 1120 diebus
1551 1064 1923 1120 descendisse
1955 1066 2026 1121 de

363 1137 558 1206 oculis;
590 1143 648 1194 et
678 1138 1050 1193 incarnatum
1083 1137 1153 1191 de
1184 1138 1242 1191 S.
1277 1136 1515 1208 Spiritu,
1535 1141 1820 1208 etsancta
1848 1142 2025 1208 atque

401 1209 617 1265 loriosa
640 1209 898 1281 Virgine,
933 1213 990 1264 et
1019 1208 1120 1263 Dei
1149 1207 1442 1281 Genit’rice
1477 1207 1660 1262 Maria
1709 1207 1942 1275 natum,
1969 1213 2026 1263 et

403 1226 617 1265 Ionosa
649 1226 898 1281 Virgine,
933 1226 990 1264 et
1019 1226 1120 1263 U61
1149 1226 1442 1263 uenitrice
1478 1226 1660 1262 maria
1709 1226 1938 1275 natum,
1969 1226 2024 1263 et

360 1226 660 1337 Eominem
693 1280 944 1347 factum;
967 1283 1026 1334 et
1054 1279 1398 1334 crucifixum
1433 1296 1617 1334 unum
1649 1295 1778 1336 esse
1810 1285 2024 1334 sanctaa

359 1356 418 1424 et
442 1351 983 1424 consubstantialis
999 1350 1373 1424 Trinitatis...
1393 1351 1526 1424 Ideo
1556 1355 1610 1405 et
1628 1350 1685 1407 S.
1703 1357 1878 1424 atque
1898 1351 2024 1424 glo-

358 1423 578 1480 riosam
603 1423 905 1497 Virginem
937 1423 1184 1478 Mariam
1220 1423 1450 1496 proprie
1481 1426 1539 1478 et
1580 1439 1712 1479 vere
1761 1423 1862 1478 Dei
1895 1423 2024 1478 Ma-

2188 566 2310 620 ium
2341 566 2570 649 exipsa
2598 567 2936 649 sumpserit,
2961 565 3065 648 sed
3097 565 3235 649 quia
3257 565 3804 649 inultimisldfidu

2141 637 2444 691 descendit
2465 638 2534 692 de
2566 637 2748 705 cmlis,
2781 643 2839 692 et
2869 655 2937 710 ex
2966 637 3096 710 ipsa
3116 637 3502 710 incarnatus,
3521 643 3580 710 et
3621 639 3798 696 homo

2139 709 2350 782 factus,
2376 713 2434 764 et
2465 713 2642 764 natus
2671 712 2827 782 est...
2863 708 3027 782 Sicut
3055 713 3253 765 vestra
3280 709 3605 782 apostolica
3633 711 3804 768 sedes

2139 780 2326 853 docet,
2351 785 2526 852 atque
2556 781 2855 852 praedicat.
2889 780 3054 836 Unde
3076 780 3528 853 properavimus
3578 781 3692 839 hoc
3724 783 3800 840 ad

2139 851 2404 926 notitiam
2432 851 2649 906 referre
2669 856 2874 926 vestrae
2898 851 3230 926 sanctitatis
3262 870 3367 925 per
3396 852 3713 926 Hypatium
3743 857 3803 910 et

2137 922 3046 1007 Demetrium.Ireverendissimos
3067 922 3393 1007 episcopos,
3532 940 3638 982 nec
3669 941 3804 1007 ves-

2136 996 2287 1049 tram
2319 993 2922 1080 sanctitatem‘late‘at,
2954 1011 3080 1068 quae
3102 993 3148 1078 'a
3191 993 3804 1080 quibusdamOpaucj‘s

2137 1065 2443 1142 monachis
2474 1065 2626 1121 male
2656 1069 2713 1121 et
2733 1063 3318 1136 judaice’secu'nd‘um
3349 1063 3612 1124 Nestorif
3627 1069 3805 1142 perli-

2137 1137 2294 1192 diam
2327 1137 2618 1209 denegata
2644 1142 2802 1209 sunt.
2839 1159 2866 1187 ))

2208 1208 2467 1281 Pontifex
2485 1207 2820 1281 declaravit
2846 1207 3229 1264 orthodoxam
3269 1207 3612 1281 hujusmodi
3657 1228 3801 1281 pro-

2135 1279 2449 1362 fessionem
2473 1279 2614 1360 fidei
2642 1280 2735 1362 .ab
2747 1279 3136 1362 _imperatqre
3182 1279 3803 1362 transmissam._Vide

2133 1351 2441 1478 iequertitia
2468 1350 2529 1406 in
2557 1351 2714 1408 notis
2744 1349 2905 1424 Pagii
2938 1352 3013 1408 ad
3060 1349 3215 1408 hanc
3263 1349 3407 1409 sect.
3451 1357 3510 1410 et
3549 1351 3708 1412 infra
3733 1355 3801 1412 in

2180 1439 2323 1478 sane
2353 1439 2406 1478 ο.

2178 1428 2406 1495 gapeto.

1510 1737 1680 1810 LIX.
1741 1738 2126 1810 SANC'IUS
2179 1736 2665 1810 AGAPE'IUS.

1171 1905 1332 1952 ANNO
1375 1904 1618 1952 CHRISTI
1661 1886 1802 1961 535,
1847 1901 2188 1949 JUSTINIANI
2234 1888 2295 1966 9,
2341 1904 2654 1951 raeorum
2698 1902 2872 1950 REGIS
2913 1889 2976 1948 2.

1858 2029 2286 2042 ’ψ

595 2164 701 2216 In
751 2155 1078 2235 Agapz‘tus,
1129 2150 1388 2211 natione
1433 2150 1776 2220 Romanus,
1823 2165 1897 2208 ex
1945 2153 2124 2228 patre
2187 2147 2504 2210 Gordiano
2549 2147 2942 2229 presbytero,
2994 2145 3263 2209 clericus
3324 2147 3406 2210 ad
3457 2149 3531 2212 S.
3592 2147 3798 2212 Joan-

516 2281 661 2324 nem
705 2266 768 2322 et
811 2259 1109 2330 Paulum,
1159 2256 1322 2317 sedit
1365 2273 1611 2315 menses
1658 2256 1753 2328 11,
1784 2253 1937 2324 dies
1982 2255 2079 2316 18.
2129 2255 2211 2336 (a)
2259 2255 2371 2316 Hic
2413 2253 2558 2316 ortu
2601 2255 3004 2335 episcopatus
3047 2254 3145 2316 sui
3201 2253 3454 2318 libellos
3515 2253 3798 2318 anathe-

517 2368 726 2440 matis,
761 2384 922 2446 quos
966 2363 1221 2424 invidiae
1263 2361 1412 2422 dolo
1455 2343 1809 2422 extorserat
1850 2361 2213 2422 Bonifacius
2256 2361 2663 2442 presbyteris,
2707 2367 2767 2422 et
2835 2361 3147 2442 episcopis
3205 2367 3428 2424 contra
3487 2380 3801 2438 canones,

517 2481 579 2536 et
621 2478 842 2534 contra
907 2471 1277 2531 Dioscorum
1341 2466 1406 2526 in
1480 2467 1688 2527 medio
1751 2467 2045 2528 Ecclesiae
2107 2467 2508 2547 congregatis
2567 2467 2863 2528 omnibus
2905 2467 3200 2528 incendio
3255 2470 3676 2550 consumpsit,
3730 2473 3802 2532 et

435 2584 472 2642 5
516 2578 787 2642 absolvit
851 2582 1048 2638 totam
1121 2573 1466 2636 Ecelesiam
1542 2573 1619 2633 de
1687 2573 1924 2634 invidia
1996 2574 2380 2654 perfidorum
2428 2573 2509 2655 (ὁ)
2555 2574 2666 2634 Hic
2739 2573 2963 2634 missus
3025 2578 3122 2634 est
3165 2591 3200 2634 a
3243 2573 3576 2638 Theodoto
3640 2591 3804 2658 rege

516 2685 866 2750 Gothorum
940 2683 1020 2743 ad
1085 2682 1387 2741 domuum
1459 2679 1890 2742 Justinianum
1964 2683 2314 2759 Augustum
2381 2681 2442 2740 in
2509 2681 2916 2759 legationem,
2983 2680 3136 2760 quia
3199 2677 3422 2742 eodem
3497 2687 3806 2763 tempore

514 2794 787 2854 domnus
827 2789 1224 2854 Justinianus
1292 2788 1638 2866 imperator
1703 2788 2024 2865 Augustus
2083 2787 2450 2865 indignatus
2511 2793 2605 2846 est
2663 2786 2993 2848 Theodato
3058 2786 3212 2866 regi,
3259 2805 3335 2848 eo
3399 2787 3571 2868 quod
3617 2791 3803 2852 oeci-

513 2900 708 2960 disset
754 2897 1044 2978 reginam
1089 2891 1595 2955 Amalasintham
1651 2893 1732 2974 (ρ)
1775 2894 1970 2955 ﬁliam
2031 2893 2411 2955 Thcodorici
2466 2893 2630 2972 regis
2696 2893 3207 2956 commendatam
3269 2893 3412 2969 sibi,
3460 2894 3570 2976 qui
3639 2913 3800 2960 eum

519 3023 731 3085 regem
777 3005 1038 3066 fecerat.

597 3120 709 3174 οὗ
757 3111 878 3185 Qui
945 3128 1094 3171 vero
1166 3107 1474 3188 Agapitus
1543 3106 1894 3168 ambulavit
1953 3106 2564 3187 Constantinopolim
2629 3123 2666 3168 Χ
2711 3106 2977 3168 Kalend.
3023 3105 3193 3182 Maii,
3242 3106 3562 3188 ingressus
3621 3107 3799 3174 Con-

517 3216 1025 3298 stantinopolim,
1102 3220 1165 3276 et
1234 3220 1564 3294 susceptus
1642 3219 1738 3273 est
1805 3214 2114 3294 Agapitus
2183 3214 2518 3294 episcopus
2587 3232 2729 3274 cum
2799 3214 3026 3292 gloria.
3100 3216 3183 3276 Et
3249 3215 3526 3296 primum
3595 3219 3802 3300 coepit

518 3326 757 3388 habere
829 3322 1306 3386 altercationem
1398 3340 1541 3382 cum
1622 3320 1904 3401 piissimo
1976 3320 2261 3400 principe
2328 3320 2689 3383 Justiniano
2771 3321 3058 3401 Augusto
3129 3319 3208 3382 de
3275 3318 3604 3402 religione.
3678 3320 3801 3387 Cui

522 3432 920 3494 beatissimus
961 3429 1268 3508 Agupitus
1313 3427 1650 3507 episcopus
1720 3427 2247 3488 constantissimae
2318 3426 2465 3487 fidei
2535 3428 2969 3508 apostolorum
3041 3445 3414 3508 responsum
3489 3428 3797 3508 reddidit,

435 3542 472 3600 5
517 3541 795 3602 dicens:
843 3537 1181 3599 Dominum
1253 3544 1538 3595 nostrum
1614 3537 1829 3596 Jesum
1895 3533 2214 3594 Christum
2288 3534 2488 3593 Deum
2558 3539 2622 3594 et
2691 3533 3013 3595 hominem
3079 3553 3236 3610 esse,
3283 3533 3406 3596 hoc
3465 3539 3560 3597 est
3625 3535 3799 3599 duas

518 3653 780 3708 naturas
841 3663 973 3705 esse
1043 3643 1108 3702 in
1171 3661 1300 3703 uno
1362 3641 1650 3715 Christo;
1699 3648 1762 3702 et
1823 3641 1974 3701 dum
2041 3639 2362 3701 contentio
2426 3641 2776 3702 verteretur
2817 3639 2931 3722 (d),
2979 3641 3068 3702 ita
3109 3641 3414 3702 Dominus
3467 3642 3676 3718 aﬂuit,
3719 3647 3800 3706 ut

517 3755 882 3834 episcopum
956 3749 1736 3830 Constantinopolitanum
1831 3747 2088 3807 nomine
2172 3746 2548 3808 Anthimum
2623 3747 2939 3810 inveniret
3027 3748 3420 3810 haereticum.
3496 3749 3574 3811 Et
3645 3769 3797 3813 cum

519 3859 842 3920 contentio
886 3861 1236 3917 verteretur
1299 3874 1439 3915 cum
1506 3857 1814 3932 Augusto,
1860 3860 1922 3912 et
1981 3853 2251 3933 Agapito
2316 3872 2502 3933 papa,
2552 3851 2674 3914 hoc
2735 3854 2894 3914 dixit
2953 3853 3011 3915 ei
3069 3855 3465 3918 Justinianus
3519 3855 3799 3936 impera.

518 3973 620 4028 tor
666 3983 681 4026 :
730 3968 858 4028 Aut
899 3964 1214 4026 censentis
1259 3961 1468 4033 nobis,
1517 3967 1628 4022 aut
1687 3960 1907 4022 exsilio
1966 3966 2028 4021 te
2088 3961 2410 4040 deportari
2471 3960 2723 4021 faciam.
2781 3961 2961 4022 Tunc
3021 3961 3419 4024 beatissimus
3476 3963 3796 4044 Agagain

389 4074 480 4136 ’10
525 4092 694 4154 papa
737 4071 1064 4152 respondit
1109 4089 1250 4131 eum
1297 4069 1557 4148 gaudio,
1603 4067 1818 4128 dicens
1881 4067 1962 4127 ad
2021 4067 2468 4145 imperatorem
2517 4085 2532 4127 :
2580 4069 2712 4146 Ego
2773 4069 3029 4148 quidem
3094 4076 3390 4149 peccator
3449 4069 3531 4131 ad
3585 4071 3790 4134 Justi-

517 4181 780 4241 nianum
855 4177 1308 4257 imperatorem
1372 4173 1980 4237 Christianissimum
2052 4173 2266 4234 venire
2335 4173 2688 4234 desideravi
2737 4191 2752 4234 :
2801 4192 2971 4236 nunc
3040 4182 3251 4237 autem
3323 4174 3789 4239 Diocletianum

518 4286 761 4362 inveni,
810 4285 923 4365 qui
967 4289 1178 4345 tamen
1225 4282 1430 4342 minas
1474 4288 1615 4342 tuas
1659 4299 1785 4341 non
1831 4279 2228 4360 permitesco.
2278 4281 2355 4340 Et
2397 4279 2680 4341 dixit.et
2738 4280 2967 4341 iterum
3032 4281 3340 4362 Agapitus
3408 4283 3792 4346 venerabilis

519 4411 748 4476 papa:
795 4396 1036 4455 Tamen
1085 4397 1154 4452 ut
1223 4391 1384 4452 scias
1447 4395 1506 4450 te
1569 4387 1868 4450 idoneum
1914 4386 1988 4466 (ε)
2037 4405 2163 4448 non
2233 4405 2368 4447 esse
2439 4385 2733 4466 religioni
2803 4385 3200 4462 Christianae,
3239 4388 3580 4470 episcopus
3639 4395 3787 4452 tuus

515 4499 898 4562 confiteatur
939 4499 1100 4560 duas
1145 4502 1404 4558 naturas
1447 4497 1510 4557 in
1555 4495 1828 4558 Christo.
1875 4497 2052 4556 Tunc
2095 4512 2171 4554 ex
2218 4501 2536 4574 praecepto
2581 4494 2852 4574 Augusti
2896 4495 3200 4556 accersito
3241 4495 3539 4576 episcopo
3571 4497 3781 4559 Cons-

399 4594 476 4670 l5
521 4607 1084 4687 tantinopolitano,
1115 4606 1371 4666 nomine
1413 4603 1740 4680 Anthimo,
1767 4608 1832 4664 et
1873 4601 2258 4663 discussione
2301 4603 2620 4681 patefacta
2663 4601 2738 4682 (/)
2782 4621 3111 4682 nunquam
3156 4602 3356 4664 voluit
3397 4602 3782 4666 conﬁteriin

516 4715 811 4778 doctrina
855 4713 1184 4775 catholicae
1229 4712 1655 4793 responsionis
1699 4711 1777 4771 ad
1821 4709 2382 4788 interrogationem
2431 4709 2594 4770 beati
2640 4727 2822 4790 papae
2866 4709 3146 4790 Agapiti,
3191 4709 3350 4771 duas
3405 4716 3672 4772 naturas
3711 4711 3777 4772 in

517 4837 644 4886 uno
689 4822 960 4885 Domino
988 4823 1145 4883 Jasu
1190 4820 1457 4881 Christo.
1506 4819 1704 4891 Quem
1749 4817 2023 4880 convicit
2065 4823 2318 4877 sanctus
2375 4834 2543 4897 papa
2605 4817 2936 4898 Agapitus,
2986 4823 3049 4879 et
3108 4817 3502 4897 glorificatus
3556 4825 3660 4880 est
3692 4816 3778 4880 ab

517 4929 815 4993 omnibus
854 4927 1247 4990 Christianis.

595 5045 712 5099 96
757 5037 934 5100 Tunc
978 5034 1298 5114 piissimus
1339 5033 1659 5112 Augustus
1711 5030 2106 5093 Justinianus
2176 5030 2408 5110 gaudio
2464 5031 2742 5110 repletus
2813 5029 3173 5092 humiliavit
3232 5049 3298 5092 se
3367 5036 3603 5093 sanctas
3637 5025 3777 5094 sedi

514 5141 906 5224 apostolicae,
959 5148 1022 5202 et
1081 5141 1371 5202 adoravit
1431 5139 1863 5200 beatissimum
1928 5155 2159 5218 papam
2218 5136 2586 5216 Agapitum.
2643 5137 2880 5198 Eodem
2939 5143 3224 5218 tempore
3291 5135 3478 5216 ejecit
3544 5137 3768 5200 An’thi-

518 5269 691 5313 mum
762 5268 802 5311 a
871 5248 1344 5322 communione,
1392 5255 1456 5308 et
1527 5246 1770 5328 expulit
1838 5246 1903 5306 in
1975 5243 2289 5305 exsilium.
2357 5246 2534 5305 Tunc
2605 5243 2922 5324 piissimus
2992 5247 3316 5324 Augustus
3361 5243 3772 5306 'Justinianus

515 5376 746 5437 rogans
819 5355 1253 5418 beatissimum
1329 5355 1673 5434 Agapitum
1745 5371 2001 5432 papam,
2076 5357 2140 5412 et
2209 5351 2274 5412 in
2367 5351 2502 5412 loco
2583 5349 2872 5412 Authimi
2937 5351 3305 5431 episcopum
3389 5349 3770 5414 consecravit

434 5465 473 5522 5
516 5463 900 5526 catholicum
948 5463 1202 5523 nomine
1248 5463 1566 5522 Mennam.
1618 5459 1696 5540 (g)
1744 5459 1860 5530 Qui
1906 5476 2053 5520 vero
2097 5458 2404 5538 Agapitus
2447 5477 2615 5538 papa
2673 5458 2892 5519 omnia
2949 5457 3247 5528 obtinuit.
3293 5476 3372 5521 ex
3413 5477 3548 5540 qua
3581 5473 3766 5522 causa

515 5566 790 5632 directus
831 5571 1061 5632 fuerat.
1107 5570 1258 5629 Post
1299 5568 1436 5628 dies
1478 5585 1629 5628 vero
1674 5564 2037 5644 aliquantos
2081 5565 2456 5644 aagritudine
2508 5571 2862 5628 commotus
2907 5564 3016 5647 (Ιι),
3063 5564 3408 5631 defunctus.
3455 5570 3554 5628 est
3607 5568 3760 5629 Coh-

1538 5717 1780 5764 NOTULE
1822 5715 2092 5761 MARGINA
2100 5717 2199 5762 LES
2243 5717 2392 5764 FABB
2403 5717 2563 5764 ΟΤΤΙ.

427 5827 712 5908 (uipera):
733 5831 857 5889 vult
886 5851 1049 5908 anno
1073 5833 1304 5891 vixisse.
1381 5836 1458 5908 (ὁ)
1493 5833 1618 5892 Vide
1649 5834 1829 5888 Baron
1861 5833 1931 5888 ad
1962 5851 2074 5908 (om
2095 5833 2316 5908 Domini
2343 5835 2469 5890 536.
2565 5837 2637 5904 (ε)
2669 5834 3128 5894 Malasuntham.

3223 5834 3302 5912 (ά)
3328 5839 3396 5906 B,
3423 5833 3756 5894 versaretur.

357 5895 429 5973 te)
462 5895 566 5972 CB,
597 5903 663 5955 tu
685 5915 842 5959 eum.
920 5907 991 5979 (1)
1023 5904 1194 5962 facta.
1275 5908 1353 5982 (g)
1381 5895 1564 5993 Βᾲνοη
1586 5909 1781 5980 negat,
1813 5921 1929 5962 ann
1958 5906 2085 5962 536.
2164 5906 2240 5982 (h)
2267 5904 2325 5979 0,
2360 5895 2682 5983 correptus.
