3934 6416
262 337 382 399 563
1419 334 1522 392 AN
1530 333 1726 394 ASTA
1738 335 1807 395 SI

2197 333 2534 396 HECAlill.
3571 334 3701 396 564
3741 359 3749 366 ι

1426 767 1560 837 LX.
1619 765 2002 837 SANCTUS
2053 765 2516 837 SlLVERIUS.

1183 1038 1344 1084 ANNO
1388 1038 1627 1086 CHRISTI
1671 1025 1793 1086 536
1835 1041 2173 1086 ws'rmuuu
2220 1027 2318 1098 10,
2365 1041 2672 1088 TBEODATI
2717 1025 2778 1084 3.

505 1492 611 1545 97
648 1485 1238 1561 Silverius,natione
1256 1488 1719 1568 Gampanus,ex
1743 1493 1922 1568 patre
1937 1487 3079 1568 Hormisda,episcopoRomano,sedit
3099 1506 3335 1548 annum
3371 1486 3658 1569 unum(a)
3680 1535 3700 1562 ,

426 1609 674 1652 menses
705 1593 1007 1672 quinque,
1043 1594 1176 1655 dies
1207 1595 1522 1655 undecim.
1557 1594 1670 1656 Hic
1701 1595 1945 1656 levatus
1973 1601 2068 1656 est
2097 1615 2134 1656 δ.
2163 1601 2433 1676 tyranno
2463 1595 2793 1655 Theodato
2824 1595 2956 1655 sine
2987 1594 3443 1656 deliberatione
3473 1594 3702 1655 decre-

428 1698 471 1758 ti
505 1715 519 1757 :
557 1700 666 1779 qui
694 1701 1058 1761 Theodatus
1088 1709 1423 1781 corruptus
1455 1702 1723 1782 pecunia
1757 1702 1838 1783 (b)
1872 1703 2023 1764 data
2055 1703 2242 1764 talem
2274 1703 2564 1764 timorem
2617 1702 2868 1763 induxit
2912 1703 3104 1777 clero,
3138 1707 3210 1762 ut
3238 1701 3350 1782 qui
3390 1720 3518 1762 non
3548 1720 3709 1764 con-

428 1808 688 1866 sentiret
716 1806 781 1866 in
813 1807 950 1886 eius
979 1808 1466 1881 ordinationem,
1503 1809 1714 1888 gladio
1747 1810 2098 1890 puniretur.
2159 1810 2277 1882 Qui
2325 1810 2581 1889 quidem
2632 1809 2991 1871 sacerdotes
3017 1808 3095 1889 (c)
3130 1827 3255 1869 non
3302 1807 3704 1888 subscripse-

344 1911 382 1969 5
429 1917 577 1972 runt
605 1911 668 1972 in
701 1931 844 1973 eum
877 1913 1224 1974 secundum
1256 1933 1494 1975 morem
1547 1915 1903 1994 antiquum,
1939 1915 2036 1976 vel
2071 1915 2156 1995 (d)
2189 1916 2515 1976 decretum
2565 1915 3104 1975 confirmaverunt
3150 1920 3296 1975 ante
3343 1913 3705 1975 ordinatio-

426 2035 594 2078 nem.
627 2020 769 2080 Jam
799 2026 1012 2081 autem
1045 2021 1335 2082 ordinato
1367 2021 1483 2081 sub
1514 2021 1572 2080 vi
1605 2027 1668 2082 et
1697 2027 1866 2083 metu
1899 2022 2185 2094 Silverio,
2224 2028 2485 2101 propter
2514 2021 2969 2082 adunationem
3019 2021 3310 2082 Ecclesiae
3343 2027 3406 2082 et
3434 2021 3706 2100 religio-

424 2123 544 2197 nis,
579 2136 721 2204 post
751 2126 1008 2186 modum
1042 2127 1130 2188 sic
1159 2127 1664 2207 subscripserunt
1700 2128 2075 2208 presbyteri.
2112 2131 2261 2189 Post
2294 2147 2540 2190 menses
2590 2129 2749 2190 duos
2799 2135 2956 2190 nutu
3006 2129 3221 2190 divino
3270 2128 3708 2208 exstinguitur

417 2231 782 2293 Theodatus
814 2238 1139 2313 tyrannus,
1176 2241 1240 2295 et
1267 2235 1514 2295 levatur
1539 2253 1648 2295 rex
1681 2235 1947 2314 Guitigis
1979 2234 2077 2315 (ρ).
2112 2235 2349 2296 Eodem
2403 2243 2689 2315 tempore
2738 2235 3003 2314 Guitigis
3050 2235 3399 2297 ambulavit
3453 2238 3711 2296 Raven-

422 2357 594 2413 nam,
628 2346 856 2400 etcum
890 2341 952 2400 vi
982 2341 1128 2402 tulit
1160 2342 1354 2402 tiliam
1386 2341 1843 2402 Amalasinthm
1875 2342 1960 2422 (ί)
1997 2343 2232 2422 reginae
2265 2342 2382 2403 sibi
2415 2361 2701 2403 uxorem.
2736 2344 2866 2402 Hoc
2895 2341 2981 2421 (g)
3013 2341 3378 2422 indignatus
3417 2343 3709 2404 domnus

304 2443 380 2502 10
423 2443 770 2523 imperator
816 2446 1210 2508 Justinianus
1261 2452 1606 2526 Augustus,
1661 2449 1812 2528 quia
1859 2449 2146 2528 reginam
2197 2449 2315 2510 sibi
2367 2448 2876 2510 commendatam
2928 2448 3256 2509 occidisset
3301 2448 3704 2524 Theodatus,

424 2549 594 2611 misit
622 2552 984 2614 Vilisarium
1019 2553 1104 2634 (Ii)
1132 2555 1467 2634 patricium
1499 2572 1642 2615 cum
1674 2556 1983 2629 exercitu,
2039 2561 2106 2616 ut
2155 2556 2455 2617 liberaret
2501 2573 2755 2615 omnem
2788 2553 3034 2615 Italiam
3084 2573 3123 2613 a
3170 2553 3535 2632 captivitate
3568 2557 3709 2617 Go-

431 2656 901 2719 thorum.Tunc
931 2660 1189 2721 veniens
1220 2661 1527 2741 patricius
1557 2662 2020 2743 suprascriptus
2052 2662 2117 2723 in
2151 2668 2363 2742 partes
2393 2661 2643 2734 Siciliae,
2679 2661 2800 2721 fuit
2827 2660 3060 2721 ibidem
3093 2660 3491 2739 aliquantum
3525 2665 3714 2720 tem-

428 2763 622 2842 poris.
655 2765 933 2826 Audiens
964 2772 1175 2827 autem
1206 2767 1375 2846 quod
1408 2767 1595 2829 Gothi
1624 2767 1742 2828 sibi
1773 2768 2062 2829 fecissent
2114 2787 2326 2848 regem
2377 2773 2598 2830 contra
2646 2773 2863 2828 votum
2914 2766 3133 2828 domni
3179 2765 3521 2828 Justiniani
3558 2767 3711 2828 Au-

431 2871 620 2951 gusti,
656 2873 827 2934 venit
855 2874 918 2935 in
952 2881 1163 2955 partes
1193 2876 1553 2956 Campaniae
1577 2875 1761 2954 juxta
1790 2875 2108 2937 civitatem
2143 2876 2493 2956 Neapolim,
2531 2882 2593 2936 et
2623 2874 2869 2935 obsedit
2899 2892 3038 2935 eam
3069 2891 3212 2933 cum
3242 2871 3519 2934 exercitu
3553 2893 3711 2950 suo,

315 2978 390 3036 15
432 2978 584 3058 quia
609 2979 951 3042 noluerunt
980 2981 1036 3042 ei
1067 2981 1232 3042 cives
1265 2981 1665 3061 Neapolitani
1694 2982 1937 3062 aperire
1969 2982 2060 3062 (ι).
2109 2983 2344 3044 Eodem
2397 2989 2681 3062 tempore
2732 2981 3077 3062 pugnando
3128 2979 3428 3060 patricius
3475 2985 3715 3042 contra

425 3085 743 3147 civitatem
775 3087 1078 3161 introivit,
1113 3093 1173 3149 et
1205 3089 1431 3149 ductus
1461 3089 1673 3150 furore
1705 3089 2019 3150 interfecit
2049 3090 2306 3162 Gothos,
2346 3096 2407 3150 et
2435 3108 2655 3150 omnes
2687 3089 2850 3149 cives
2892 3087 3363 3167 Neapolitanos,
3417 3091 3480 3146 et
3527 3086 3715 3148 misit

427 3193 732 3272 praedam,
767 3199 829 3254 et
858 3213 972 3255 nec
1005 3194 1280 3256 ecclesiis
1331 3196 1610 3275 pepercit
1659 3196 2028 3276 praedando.
2081 3199 2176 3258 Ita
2226 3203 2296 3257 ut
2344 3195 2648 3257 uxoribus
2701 3194 3120 3275 praasentibus
3169 3193 3428 3254 maritos
3476 3212 3706 3254 earum

421 3299 632 3378 gladio
663 3300 1092 3362 interﬁcerent
1119 3301 1206 3383 (λ)
1237 3307 1300 3363 et
1325 3303 1608 3382 captivos
1639 3303 1821 3375 ﬁlios,
1857 3310 1920 3363 et
1951 3322 2177 3364 uxores
2223 3303 2532 3364 nobilium
2581 3302 3081 3363 exterminarent
3130 3299 3208 3382 (Ic)
3238 3318 3252 3374 ;
3307 3300 3497 3360 nullis
3543 3319 3704 3380 par-

421 3423 592 3479 cens,
626 3425 740 3468 nec
771 3407 1227 3482 sacerdotibus,
1262 3428 1374 3470 nec
1406 3409 1600 3469 servis
1629 3409 1764 3482 Dei,
1803 3428 1916 3470 nec
1949 3409 2300 3490 virginibus
2330 3409 2943 3470 sanctimonialibus.

499 3521 610 3573 υς
643 3513 878 3574 Eodem
907 3520 1191 3595 tempore
1223 3516 1458 3576 bellum
1512 3517 1630 3576 fuit
1677 3516 2046 3592 maximum,
2084 3516 2374 3577 veniente
2427 3516 2674 3594 Guitige
2729 3520 2954 3576 contra
3006 3513 3367 3574 Vilisarium
3401 3512 3470 3594 (Ι)
3504 3513 3706 3592 patri-

419 3620 613 3694 cium,
647 3626 709 3682 et
737 3628 958 3700 contra
989 3623 1208 3684 urbem
1241 3626 1530 3685 Romam.
1572 3625 1900 3703 Ingressus
1950 3629 2163 3684 autem
2213 3622 2555 3684 Belisarius
2602 3622 2667 3682 in
2719 3621 2953 3684 Urbem
3000 3639 3059 3684 1v
3106 3621 3254 3682 Idus
3302 3620 3694 3690 Decembris,

417 3727 744 3802 custodiis,
777 3733 840 3789 et
871 3729 1352 3805 munitionibus,
1387 3730 1485 3792 vel
1519 3730 1773 3790 fabricis
1803 3748 2155 3804 murorum,
2190 3735 2253 3789 et
2304 3729 2706 3808 reparatione
2754 3728 2973 3789 fossati
3023 3727 3438 3788 circumdedit
3467 3727 3699 3788 civita-

419 3839 545 3908 tem
576 3836 952 3910 Romanam,
986 3842 1049 3898 et
1079 3837 1384 3911 munivit;
1423 3812 1613 3898 noctu
1647 3837 1746 3918 (ιη)
1782 3836 1920 3916 ipsa
1950 3855 2076 3917 qua
2107 3835 2394 3897 introivit
2421 3835 2749 3896 Vilisarius
2781 3834 3102 3915 patricius,
3128 3834 3337 3908 Gothi,
3363 3834 3472 3914 qui
3505 3841 3702 3897 erant

341 3941 378 3998 5
421 3938 485 3999 in
515 3939 786 4015 civitate,
824 3941 923 4002 vel
972 3942 1122 4003 foris
1173 3962 1407 4016 muros,
1465 3944 1786 4022 fugerunt,
1843 3949 1904 4004 et
1954 3961 2175 4003 omnes
2226 3947 2441 4022 portas
2493 3947 2745 4021 apertas
2781 3942 3157 4003 dimiserunt
3185 3944 3576 4002 Ravennam.
3610 3943 3699 4006 Et

421 4051 562 4125 post
595 4046 714 4107 hoc
744 4047 1046 4128 colligens
1077 4049 1356 4130 Guitiges
1381 4049 1466 4130 (η)
1503 4070 1610 4112 rex
1643 4049 2114 4134 multitudinem
2166 4049 2483 4110 exercitus
2535 4048 2909 4123 Gothorum,
2958 4067 3278 4128 regressus
3327 4053 3422 4109 est
3467 4055 3696 4112 contra

420 4154 684 4214 Romam
718 4172 780 4215 1x
812 4155 1126 4216 Kalendas
1156 4157 1386 4229 Martii,
1421 4162 1484 4217 et
1515 4157 1652 4217 fixit
1676 4162 1883 4217 castra
1912 4156 1992 4216 ad
2027 4162 2285 4236 pontem
2320 4156 2628 4228 Milvium,
2661 4163 2723 4216 et
2753 4161 3084 4235 cmperunt
3132 4155 3422 4216 obsidere
3475 4157 3696 4218 civita-

422 4265 544 4320 tem
581 4263 953 4322 Romanam.
989 4264 1165 4324 Tunc
1197 4263 1497 4343 patricius
1529 4263 1874 4337 Vilisarius,
1909 4263 2018 4343 qui
2051 4282 2162 4344 pro
2197 4263 2452 4324 nomine
2486 4266 2771 4324 Romano
2803 4267 2959 4337 erat,
2987 4262 3242 4323 inclusit
3269 4281 3333 4324 se
3365 4265 3579 4324 Romae
3599 4263 3694 4324 in-

420 4372 519 4426 tra
547 4367 884 4442 civitatem,
925 4375 988 4431 et
1014 4369 1353 4430 custodivit
1382 4371 1725 4431 civitatem.

500 4481 613 4532 99
642 4474 750 4534 His
779 4474 1000 4535 diebus
1029 4476 1253 4537 obessa
1283 4483 1376 4538 est
1405 4477 1646 4554 civitas,
1682 4482 1750 4537 ut
1785 4476 1940 4537 nulli
1971 4482 2134 4538 esset
2164 4476 2432 4537 facultas
2463 4475 2756 4550 exeundi,
2795 4476 2888 4538 vel
2924 4476 3312 4537 introeundi.
3346 4479 3522 4538 Tunc
3552 4495 3689 4538 om-

423 4599 530 4640 nes
562 4581 984 4660 possessiones
1017 4583 1278 4662 privatae
1311 4585 1408 4644 vel
1439 4584 1594 4657 ﬁsci,
1628 4584 1725 4644 vel
1757 4583 2076 4656 Ecclesiaa,
2111 4583 2404 4644 incendio
2438 4589 2828 4662 consumpta:
2860 4587 3027 4658 sunt,
3063 4582 3356 4644 homines
3376 4601 3524 4643 vero
3555 4583 3687 4661 gla-

416 4686 520 4747 dio
550 4687 912 4768 interempti
943 4695 1110 4749 sunt.
1145 4692 1311 4763 Quos
1344 4690 1612 4770 gladius,
1647 4689 1936 4769 gladius;
1973 4709 2132 4769 quos
2165 4691 2388 4763 fames,
2422 4691 2650 4763 fames;
2687 4709 2846 4770 quos
2879 4689 3160 4762 morbus,
3195 4689 3452 4750 morbus
3481 4689 3684 4750 inter-

417 4793 688 4855 ficiebat.
723 4797 878 4855 Nam
910 4796 1189 4857 ecclesim
1219 4803 1282 4858 et
1311 4815 1579 4877 corpora
1607 4803 1970 4857 sanctorum
2004 4802 2353 4876 martyrum
2389 4797 2824 4858 exterminatse
2857 4802 3004 4856 sunt
3033 4815 3070 4857 a
3103 4797 3346 4858 Gothis.
3382 4798 3557 4857 Intra
3587 4797 3681 4857 ci-

336 4901 372 4958 5
417 4901 674 4962 vitatem
706 4908 917 4963 autem
951 4905 1206 4982 grandis
1240 4905 1436 4965 fames
1467 4910 1626 4980 erat,
1662 4905 1750 4965 ita
1782 4911 1851 4965 ut
1880 4923 2048 4984 aqua
2079 4905 2553 4966 venundaretur
2583 4905 2810 4985 pretio,
2846 4904 2964 4964 nisi
3009 4903 3435 4984 nympharum
3470 4921 3682 4963 reme-

416 5007 589 5067 dium
623 5009 1035 5070 subvenisset.
1065 5012 1300 5089 Pugnaa
1332 5017 1540 5072 autem
1577 5012 1868 5072 maximae
1901 5016 2082 5072 erant
2113 5017 2332 5072 contra
2364 5012 2708 5071 civitatem.
2744 5011 2852 5072 His
2880 5011 3103 5071 diebus
3128 5010 3456 5072 Vilisarius
3486 5009 3684 5088 patri-

415 5113 548 5174 cius
578 5116 922 5193 pugnando
954 5123 1176 5178 contra
1207 5137 1415 5195 regem
1449 5119 1782 5196 Guitigem,
1819 5117 1916 5178 vel
1949 5117 2419 5179 multitudinem
2472 5118 2820 5178 Gothorum
2874 5117 3150 5198 protexit
3199 5119 3541 5191 Romanos,
3576 5115 3677 5176 vel

417 5219 733 5280 civitatem
792 5223 1078 5283 custodia
1133 5243 1248 5284 sua
1305 5225 1620 5298 liberavit,
1655 5231 1716 5286 et
1773 5243 2006 5286 nomen
2066 5228 2447 5287 Romanum.
2496 5227 2672 5287 Tunc
2721 5225 2977 5287 obsessa
3023 5231 3118 5286 est
3165 5224 3384 5286 civitas
3431 5239 3672 5284 annum

1431 5463 1682 5510 NOTULZE
1723 5462 2113 5510 MARGINALES
2157 5464 2482 5511 FABROTTI.

317 5661 394 5742 (ιξ)
428 5661 681 5742 annos
713 5669 850 5742 tres.
927 5668 1000 5738 (b)
1025 5668 1282 5742 pecuniae
1314 5670 1467 5724 dato.
1497 5671 1672 5742 Burou
1705 5676 1867 5742 negat

2121 5669 2325 5742 datam.
2402 5670 2898 5742 (c)C,sacerdotes
2931 5670 3192 5742 quidam.
3271 5668 3345 5742 (ςί)
3369 5669 3427 5742 ς,
3455 5683 3663 5742 neque.

245 5728 406 5815 17516
438 5729 638 5815 Βέρρῃ.
673 5734 900 5815 adulta-7r.
933 5728 1161 5815 ’ρὸὶηίηί
1188 5742 1313 5815 536.
1391 5743 1460 5815 (e)
1491 5728 1798 5815 Vbigites."

2120 5741 2232 5815 gfs.
2307 5728 2965 5815 (/')‘C',AA'malasuntb:e:
3009 5742 3118 5815 “(9]
3160 5741 3221 5815 β,
3255 5728 3505 5815 ob'_h'oc.
3548 5728 3665 5815 '_(h)

245 5796 362 5884 ἰξοιὶ
396 5811 620 5884 saritur];
667 5803 759 5884 _(i)
782 5805 918 5884 ¹νίιιυ
940 5812 1217 5884 pereunt!
1247 5827 1358 5865 ann.
1388 5796 1512 5868 537.
1592 5796 1661 5882 (7')
1695 5796 2061 5867 interficeret.
2120 5796 2216 5883 ιζΙιί)
2250 5796 2737 5870 exterminaril:
2761 5796 2848 5883 ίζι)
2876 5817 2895 5836 ⁸
2933 5796 3301 5884 Βοὶὶἕείιεὶιιίω,
3333 5812 3423 5866 hic
3469 5818 3520 5866 ct
3571 5796 3662 5864 {nl

240 5865 354 5936 fra.
439 5867 544 5934 (τη)
570 5864 630 5927 C,
667 5864 852 5924 noete.
929 5877 1011 5944 (η)
1043 5878 1310 5950 Witiges.
