3950 6412
401 400 511 459 203

1203 407 1296 461 AD
1331 404 1768 462 ANASTASIUM
1805 400 2320 458 PROLEGOMENA
2359 403 2536 458 EDIT.
2581 403 3010 461 ROM.—VATIC.
3711 404 3811 462 204

401 527 858 598 manuscriptum
905 528 1161 585 codicem
1193 528 1424 598 Optima:
1453 534 1621 592 notze,
1664 533 1915 598 tempore
1945 528 2059 584 Ca-
2084 521 2142 580 A
2167 525 2349 581 Leone
2368 527 2561 591 tertio,
2592 527 2878 596 Stephano
2915 527 3142 598 quinto,
3198 527 3459 582 Paschali
3514 528 3704 596 primo
3761 535 3813 586 et

400 615 512 672 roli
541 616 728 688 Magni
761 620 1076 687 exaratum,
1105 617 1164 672 in
1201 631 1315 688 quo
1339 617 1484 672 Vita:
1527 617 1643 673 illa
1673 619 1912 672 Damaso
1935 617 2052 686 jam

400 708 520 760 tum
555 704 976 773 tribuebantur,
1000 711 1307 775 antequam
1327 711 1429 761 aut
1455 710 1624 761 natus
1651 712 1801 762 esset
1820 706 2056 761 Anasta-

397 791 545 861 sius,
571 799 674 850 aut
698 793 894 850 saltem
923 809 991 849 ex
1013 795 1221 863 primis
1238 793 1495 850 infantiae
1511 795 1845 864 crepundiis
1864 807 2054 850 emer-

399 881 595 937 sisset.
622 900 648 932 »
673 883 901 952 Repetit
927 882 1045 938 haec
1072 881 1288 938 Labbei
1305 882 1478 938 verba
1500 883 1834 938 Lambecius
1871 882 1976 938 lib.
2001 882 2049 937 II

400 967 770 1024 Bibliotheca:
789 969 1076 1034 Caesareae,
1105 982 1228 1038 cap.
1250 966 1304 1039 8,
1339 970 1408 1025 ad
1435 970 1689 1025 codicem
1709 965 1836 1037 277,
1879 981 2048 1038 quem

405 1055 897 1112 membranaceum
937 1061 992 1112 et
1031 1063 1420 1127 pervetustum
1466 1063 1647 1128 vocat,
1693 1064 1748 1112 et
1795 1057 2047 1126 ejusdem

405 1143 634 1214 generis
653 1157 776 1200 esse
794 1145 1055 1214 perhibet
1071 1161 1200 1204 cum
1219 1161 1286 1202 eo
1305 1161 1471 1218 quem
1487 1147 1745 1203 Labbeus
1759 1159 1819 1202 se
1835 1145 2056 1200 vidisse.

401 1230 711 1288 afﬁirmat:
745 1235 1052 1302 «Ejusdem
1075 1236 1302 1306 generis
1331 1243 1417 1292 est
1437 1237 1631 1302 etiam,
1657 1236 1870 1306 inquit,
1900 1249 2053 1304 prm-

406 1319 805 1378 stantissimus
833 1321 934 1378 ille
959 1328 1017 1378 et
1034 1323 1248 1380 collatu
1279 1324 1668 1395 dignissimus
1708 1323 1884 1378 codex
1928 1336 2041 1378 ms.

401 1408 838 1480 Ambrosianus,
869 1412 940 1468 de
956 1427 1070 1483 quo
1102 1413 1161 1468 in
1180 1427 1429 1484 praesens
1454 1413 1670 1484 agitur,
1692 1418 1888 1482 utpote
1919 1426 2050 1468 cum

403 1502 520 1554 tam
557 1511 627 1555 ex
669 1499 962 1569 scriptura
1009 1515 1180 1572 quam
1225 1501 1363 1557 aliis
1404 1501 1863 1557 circumstantiis
1894 1503 2049 1556 certo

403 1591 626 1643 constet
662 1601 791 1644 eum
813 1589 883 1644 ad
925 1589 1293 1658 imperatoris
1343 1589 1614 1645 Ludovici
1646 1588 1734 1644 Pii
1795 1593 2051 1658 tempora

402 1675 710 1745 pertinere.
751 1677 1038 1748 Pertingit
1066 1682 1260 1734 autem
1287 1677 1370 1733 ibi
1417 1678 1663 1734 historia
1711 1679 2049 1748 pontiﬁcum

403 1761 792 1822 Romanorum
839 1770 1061 1822 tantum
1102 1781 1288 1838 usque
1327 1767 1396 1823 ad
1445 1780 1646 1836 papam
1699 1767 2047 1837 Stephanum

403 1851 740 1921 secundum,
788 1853 896 1922 vel,
948 1859 1013 1910 ut
1057 1855 1162 1911 alii
1193 1831 1560 1926 supputa-int,
1623 1831 1882 1922 tertium,
1947 1855 2047 1926 qui
2078 1831 2132 1890 Β

401 1951 552 1995 anno
570 1935 678 1995 752
699 1940 916 2000 electus
939 1949 1046 2012 est,
1076 1949 1132 1998 et
1151 1957 1303 2000 anno
1335 1939 1441 2000 757
1477 1943 1646 2000 obiit.
1681 1961 1708 1992 υ
1754 1944 2050 1999 Accedunt

401 2026 633 2085 demum
675 2030 904 2087 codices
949 2033 1327 2102 manuscripti
1355 2036 1492 2101 tres,
1531 2045 1778 2103 quorum
1819 2031 1965 2087 alter
1989 2032 2048 2088 in

402 2114 755 2174 bibliotheca
786 2120 1060 2176 Vaticana
1081 2121 1372 2190 reperitur
1401 2120 1509 2177 sub
1541 2133 1780 2176 numero
1799 2117 1962 2190 5269,
1988 2121 2048 2177 in

408 2217 522 2276 quo
544 2206 688 2261 Vitae
718 2206 1105 2264 Romanorum
1138 2208 1475 2277 pontiﬁcum
1507 2209 1784 2264 desinunt
1817 2207 1874 2266 in
1901 2209 2052 2266 Gre—

404 2292 568 2364 gorio
590 2295 659 2363 Il,
687 2295 789 2365 qui
811 2301 1041 2352 centum
1071 2296 1244 2351 annis
1271 2300 1404 2350 ante
1429 2295 1798 2351 Anastasium
1826 2296 2052 2354 Biblio—

409 2379 731 2438 thecarium
776 2381 946 2444 obiit.
995 2382 1100 2438 alii
1151 2382 1268 2438 duo
1314 2383 1375 2437 in
1433 2381 1786 2438 bibliotheca
1839 2385 2052 2453 regina:

403 2471 644 2538 Sueciaa,
665 2475 724 2526 et
740 2469 1094 2526 bibliotheca
1123 2471 1307 2526 sancti
1329 2471 1504 2525 Marci
1523 2470 1825 2526 Florentiae.
1859 2485 2054 2528 asser—

409 2561 642 2622 vantur,
670 2555 770 2628 qui
802 2556 1030 2612 codices
1058 2556 1120 2610 in
1139 2555 1395 2612 Adriano
1431 2557 1618 2626 primo
1660 2556 1891 2626 ﬁniunt,
1941 2571 2054 2628 quo

409 2643 666 2700 nondum
710 2649 880 2698 natus
927 2647 1053 2698 erat
1089 2642 1449 2698 Anastasius.
1509 2645 1587 2698 Ex
1657 2643 1874 2713 quibus
1910 2647 2055 2702 satis

410 2743 697 2802 superque
735 2735 962 2786 constat
1005 2729 1240 2786 Librum
1304 2731 1694 2787 Pontiﬁcalem
1749 2732 2055 2790 Anastasio

408 2817 798 2889 antiquiorem
823 2832 966 2889 esse,
989 2817 1247 2888 adeoque
1270 2818 1436 2874 illum
1460 2819 1637 2875 istius
1671 2819 1810 2876 libri
1849 2827 2056 2879 aucto-

408 2921 527 2965 rem
558 2920 681 2962 esse
710 2919 822 2962 non
854 2920 1038 2976 posse.

445 2993 503 3052 7.
548 2995 741 3052 Tertia
798 2995 946 3054 ratio
993 3009 1107 3066 qua
1152 2996 1426 3065 probatur
1476 3010 1590 3052 non
1653 2998 1886 3069 quidem
1948 2999 2049 3054 uni

401 3086 711 3146 Anastasio
751 3085 1220 3155 Bibliotheeario,
1257 3085 1354 3142 sed
1402 3085 1674 3155 pluribus
1715 3086 2052 3142 auctoribus

406 3179 674 3236 ultimam
699 3179 858 3235 Libri
883 3153 1238 3234 Pontiﬁcalis
1261 3153 1478 3244 partem
1501 3173 1863 3230 tribuendam
1903 3189 2044 3246 esse,
2078 3153 2128 3214 CI

402 3279 473 3322 ex
495 3266 834 3323 diversitate
855 3265 991 3336 styli
1017 3261 1364 3331 desumitur,
1386 3261 1457 3316 de
1503 3274 1618 3330 qua
1653 3267 1837 3317 exstat
1870 3275 2051 3318 accu—

405 3359 529 3411 rata
556 3356 718 3411 Lucae
745 3352 1027 3412 Holstenii
1061 3349 1344 3407 sententia
1367 3349 1426 3404 in
1449 3349 1604 3404 notis
1638 3351 2049 3422 manuscriptis

400 3443 472 3500 ad
494 3441 862 3500 Anastasium
881 3443 953 3498 de
976 3440 1128 3496 Vitis
1150 3437 1513 3507 Pontiﬁcum,
1546 3437 1604 3493 in
1625 3437 1838 3510 quibus
1861 3439 2049 3497 obser-

399 3536 496 3587 vat
541 3538 758 3601 partem
799 3531 959 3588 illam
1003 3543 1129 3600 quae
1163 3527 1382 3587 Vitasa
1427 3525 1700 3584 Zacharia
1755 3544 1939 3602 usque
1975 3530 2044 3586 ad

397 3618 701 3676 Nicolaum
727 3621 978 3690 primum
1003 3620 1424 3690 complectitur,
1444 3635 1477 3676 a
1498 3621 1678 3676 variis
1710 3619 2049 3676 auctoribus

401 3705 552 3777 stylo
591 3707 820 3764 diverso
861 3708 1246 3778 conscriptam
1301 3707 1500 3764 fuisse.
1549 3709 1756 3778 Sicque
1796 3713 1955 3764 notat
1977 3709 2049 3763 de

395 3796 530 3852 Vita
548 3796 864 3853 Zachariae:
901 3817 926 3848 α
951 3797 1108 3868 Stylo
1148 3797 1417 3854 nonnihil
1459 3798 1692 3868 puriore
1713 3803 1770 3853 et
1807 3809 2047 3853 nervoso

394 3883 634 3953 scripta,
662 3889 954 3954 totamque
984 3885 1287 3941 historiam
1314 3885 1683 3955 pontiﬁcatus
1705 3884 2049 3955 complecti—

393 3973 514 4041 tur,
535 3977 734 4028 contra
753 3972 905 4042 quod
937 3973 998 4028 in
1028 3973 1429 4042 superioribus
1469 3973 1860 4044 pontiﬁcibus.
1897 3987 2048 4044 quo-

399 4072 529 4116 rum
556 4063 712 4131 gesta
735 4060 994 4115 eumdem
1020 4061 1230 4132 stylum
1247 4067 1304 4118 et
1327 4067 1619 4119 auctorem
1649 4060 2042 4132 praeseferunt,

391 4145 607 4204 factum
623 4151 764 4203 erat.
794 4164 822 4197 n
844 4148 924 4202 De
957 4149 1132 4204 Paulo
1181 4164 1344 4220 papa,
1387 4149 1660 4219 Stephani
1697 4149 1855 4204 tertii
1906 4164 2047 4206 suc-

392 4248 636 4300 cessore,
681 4239 843 4292 notat
873 4235 1020 4292 idem
1067 4237 1436 4294 Holstenius:
1469 4257 1496 4289 α
1543 4237 1671 4291 Haec
1711 4236 1840 4292 Vita
1882 4237 2045 4294 valde

388 4323 587 4394 jejuna
612 4323 762 4380 nihil
783 4323 1128 4380 historicum
1167 4325 1354 4390 habet,
1397 4324 1654 4392 ejusdem
1689 4337 1820 4378 cum
1865 4339 2048 4394 supe—

395 4411 653 4468 rioribus
681 4411 842 4482 styli.
867 4429 895 4460 »
921 4413 1117 4481 Itaque
1129 4413 1296 4480 juxta
1316 4416 1558 4466 mentem
1585 4410 1868 4467 Holstenii
1895 4411 2042 4468 idem

392 4504 596 4556 auctor
617 4503 737 4552 tres
761 4498 1230 4564 supradictorum
1261 4497 1600 4566 pontificum
1621 4498 1782 4554 Vitas
1811 4500 2038 4569 adjecit.
2071 4498 2125 4558 D

390 4583 780 4653 DeStephano
815 4590 1021 4652 quarto
1048 4589 1236 4641 autem
1281 4585 1450 4641 habet
1493 4586 1822 4656 sequentia:
1850 4608 1877 4640 α
1915 4588 2045 4644 Vita

388 4669 664 4744 Stephani
695 4683 854 4739 papa:
880 4671 1094 4741 scripta
1115 4679 1202 4729 est
1229 4673 1456 4730 diverso
1478 4675 1626 4744 stylo
1645 4686 1678 4728 a
1718 4675 2046 4744 superiori—

391 4761 524 4830 bus,
552 4758 866 4828 modosque
883 4757 1154 4830 loquendi
1174 4761 1292 4818 sive
1307 4761 1695 4818 barbarismos
1718 4763 2040 4832 peculiares

393 4851 584 4922 habet,
609 4864 736 4922 qua:
753 4847 948 4910 nescio
972 4862 1137 4918 quem
1159 4848 1597 4907 africanismum
1616 4865 1811 4920 sapere
1828 4852 2036 4908 viden-

392 4943 510 4994 tur.
563 4956 590 4990 »
647 4939 732 4996 Ad
792 4939 1036 4996 Adriani
1087 4951 1218 4994 vero
1261 4938 1470 5008 Vitam,
1519 4952 1645 5008 quae
1692 4944 1866 4995 totam
1911 4941 2036 5009 ejus

388 5026 762 5099 pontiﬁcatus
784 5028 1088 5086 historiam
1121 5027 1398 5095 continet,
1432 5026 1582 5082 nihil
1618 5031 1796 5098 notat,
1830 5029 1944 5084 nisi
1965 5031 2033 5086 ad

392 5115 582 5185 ﬁnem,
607 5114 706 5173 ubi
730 5115 792 5172 in
819 5117 1105 5190 margine:
1141 5137 1167 5169 ‹‹
1198 5117 1301 5171 Hie
1323 5114 1452 5170 ﬁnit
1471 5115 1646 5171 codex
1672 5115 2037 5174 Florentinus

391 5203 576 5260 sancti
618 5205 818 5269 Marci,
845 5209 902 5262 et
929 5219 1064 5261 mss.
1103 5203 1488 5261 serenissima:
1527 5203 1757 5275 reginae,
1788 5221 1815 5254 ››
1874 5204 2040 5262 indi.—

389 5304 546 5362 cans,
576 5295 642 5346 ut
663 5291 813 5348 infra
832 5293 1178 5359 videbimus,
1203 5294 1348 5349 hanc
1372 5291 1560 5348 Vitam
1581 5291 1653 5348 ab
1674 5297 1906 5350 auctore
1937 5293 2039 5352 illo

393 5379 587 5440 forsan
611 5382 1018 5452 conscriptam,
1041 5381 1129 5436 vel
1149 5381 1426 5450 adjectam
1446 5378 1646 5448 fuisse,
1671 5381 1772 5452 qui
1803 5381 2038 5438 Librum

391 5471 804 5542 Pontiﬁcalem,
822 5485 892 5527 ex
911 5483 1027 5540 quo
1047 5468 1274 5524 codices
1290 5468 1652 5526 bibliotheca}
1678 5470 1887 5540 reginaa
1911 5472 2043 5524 Sue-

391 5557 938 5618 cizeetbibliothecm
949 5557 1132 5614 sancti
1145 5557 1604 5628 Marcidescripti
1617 5565 1772 5628 sunt,
1789 5559 1848 5613 in
1863 5573 2041 5614 unum

392 5645 659 5702 volumen
697 5645 950 5716 collegit.
991 5649 1070 5702 De
1103 5647 1342 5704 Adriani
1380 5648 1551 5716 primi
1606 5646 2038 5704 successoribus

2162 615 2418 684 Eugenio
2435 616 2703 681 secundo,
2734 615 2883 670 nihil
2922 617 3160 672 omnino
3187 615 3449 671 observat
3468 617 3646 671 Lucas
3677 617 3814 672 Hol—

2162 703 2418 770 stenius;
2450 703 2520 758 de
2559 703 2860 759 Valentino
2900 710 3107 773 tamen,
3157 704 3401 774 Eugenii
3462 719 3810 774 successore,

2161 791 2379 846 notavit
2405 792 2466 847 in
2493 793 2781 862 margine:
2814 811 2840 844 α
2863 794 2988 848 Haec
3013 793 3143 848 Vita
3169 792 3449 862 peculiari
3473 792 3622 864 stylo
3664 795 3811 863 pha-

2160 877 2336 934 lerata
2383 881 2792 950 agnoscitur.»
2825 881 2958 936 Post
3014 895 3206 950 quem,
3255 880 3490 936 omissis
3520 883 3590 937 ad
3635 881 3813 937 trium

2159 983 2554 1025 successorum
2585 969 2742 1024 Vitas
2764 969 2942 1030 notis,
2959 969 3030 1024 de
3056 970 3358 1025 Benedicto
3380 971 3554 1026 tertio
3593 971 3675 1025 ita
3707 971 3816 1026 ha-

2159 1057 2283 1113 bet:
2317 1077 2343 1109 α
2370 1057 2472 1112 Hic
2501 1055 2822 1112 affectatum
2848 1061 2905 1112 et
2947 1057 3379 1127 ineptissimum
3427 1059 3812 1129 exaggerandi

2163 1146 2508 1215 proﬂuvium
2549 1144 2804 1214 observa,
2841 1150 2898 1199 et
2940 1159 3209 1202 numeros
3254 1147 3587 1214 poeticos.»
3633 1149 3704 1201 Et
3743 1146 3811 1201 ad

2159 1235 2381 1291 Nicolai
2402 1234 2574 1304 primi
2595 1233 2784 1288 Vitam
2813 1235 3143 1304 sequentia:
3175 1256 3201 1288 ‹‹
3225 1235 3379 1291 Hanc
3399 1236 3588 1290 Vitam
3609 1249 3642 1290 a
3660 1235 3815 1291 sedis

2159 1324 2486 1394 apostolicae
2523 1321 2967 1378 bibliothecario
3009 1324 3301 1393 scriptam,
3337 1323 3504 1379 docet
3543 1322 3814 1394 frequens

2160 1410 2365 1468 scrinii
2397 1408 2773 1466 ecclesiastici
2810 1410 3096 1466 mentio.»
3124 1413 3406 1466 Hactenus
3455 1412 3618 1466 Lucae
3670 1411 3814 1466 Hol-

2161 1501 2333 1558 stenii
2371 1506 2516 1557 notae
2544 1497 2615 1554 de
2643 1497 2794 1556 Vitis
2840 1501 3230 1569 pontiﬁcuma
3280 1501 3558 1569 Gregorio
3615 1501 3816 1566 tertio,

2160 1591 2268 1649 sub
2293 1605 2408 1663 quo
2452 1593 2812 1649 Venerabilis
2841 1592 2985 1647 Beda
3031 1589 3202 1658 vixit,
3229 1603 3410 1658 usque
3431 1589 3499 1644 ad
3555 1595 3817 1658 tempora

2159 1681 2383 1737 Nicolai
2431 1681 2628 1751 primi,
2675 1680 2890 1750 quibus
2931 1678 3272 1734 Anastasius
3329 1677 3820 1733 Bibliothecarius

2162 1771 2380 1839 floruit,
2404 1783 2548 1841 quas
2564 1775 2728 1826 notas
2743 1783 2809 1825 eo
2827 1768 3122 1824 lubentius
3141 1767 3235 1822 hic
3260 1765 3632 1835 adduximus,
3662 1766 3820 1836 quod

2159 1859 2249 1914 vir
2263 1859 2702 1915 eruditissimus
2713 1870 2973 1927 magnam
2986 1856 3116 1910 vita:
3133 1861 3346 1924 partem
3383 1853 3822 1923 consumpserit

2163 1947 2222 2003 in
2253 1946 2614 2003 conferendis
2664 1959 2794 2001 cum
2843 1944 3000 2000 edito
3043 1943 3334 1998 Anastasii
3391 1956 3558 2012 opere
3601 1955 3824 1997 manu—

2159 2037 2398 2106 scriptis
2416 2033 2735 2096 codicibus,
2754 2038 2812 2089 et
2837 2033 2896 2088 in
2917 2031 3294 2088 discernenda
3315 2031 3596 2100 stylorum
3615 2030 3826 2086 diver-

2133 2126 2330 2193 ,sitate
2375 2122 2700 2180 acutissimi
2741 2119 2955 2190 judicii
2996 2119 3190 2176 fuerit.
3237 2120 3320 2173 Ex
3378 2117 3594 2188 quibus
3636 2116 3818 2173 facile

2159 2213 2480 2282 unicuique
2509 2210 2744 2280 patebit,
2775 2214 2840 2265 ut
2877 2221 2979 2278 ego
3011 2212 3168 2263 certo
3200 2207 3495 2276 existimo,
3549 2205 3826 2262 ultimam

2159 2301 2319 2357 Libri
2337 2299 2922 2366 Pontiﬁcalispartem
2945 2309 3060 2351 non
3095 2295 3327 2366 quidem
3363 2295 3466 2351 uni
3484 2294 3826 2351 Anastasio.

2161 2390 2258 2444 sed
2321 2385 2590 2456 pluribus
2657 2390 2714 2440 et
2777 2384 3028 2438 diversis
3087 2383 3424 2438 auctoribus
3484 2383 3830 2452 adjudicari

2161 2477 2384 2543 debere,
2418 2478 2589 2542 prout
2607 2471 2870 2541 sequenti
2892 2470 3082 2539 capite
3111 2471 3504 2525 ostendemus.

2833 2557 3052 2612 CAPUT
3088 2557 3210 2610 VIII
3221 2595 3234 2609 .

2161 2632 2216 2687 A
2254 2633 2583 2702 quibusnam
2628 2630 2940 2684 auctoribus
2963 2631 3013 2681 et
3053 2626 3411 2702 _quandon_am
3458 2627 3620 2680 Liber
3659 2632 3835 2686 Ponti

2658 2701 2832 2770 ﬁcalis
2853 2700 3185 2766 conscriptus
3211 2699 3325 2750 sit?

2163 2790 2204 2841 Ι.
2225 2793 2389 2856 Libet:
2401 2789 2736 2856 Pontificalis,
2757 2787 2926 2850 quoad
2944 2785 3170 2856 priorem
3183 2787 3398 2856 partem,
3421 2797 3538 2856 qua:
3552 2789 3832 2849 complec-

2224 2857 2347 2902 titur
2369 2853 2516 2901 Vitas
2540 2847 2844 2914 pontiﬁcum
2879 2861 3040 2914 usque
3071 2847 3133 2892 ad
3161 2908 3172 2914 _
3191 2847 3590 2914 Constantinum,
3623 2847 3826 2911 papam

2222 2907 2558 2976 conscriptus
2578 2917 2657 2962 est
2672 2917 2786 2974 post
2811 2907 3004 2976 sextam
3015 2908 3284 2976 synodum,
3309 2907 3464 2976 idque
3481 2922 3544 2976 eo
3578 2907 3831 2972 tempore

2260 2991 2326 3026 uo
2354 2969 2572 3025 Exarchi
2625 2969 2878 3024 Ravennae
2917 2971 3174 3017 sedebant.
3216 2995 3274 3002 —
3318 2969 3379 3016 II.
3426 2969 3551 3015 Post
3594 2969 3827 3022 mortem

2300 3039 2538 3086 nstantin't
2563 3050 2708 3099 papae
2739 3033 2924 3099 prodiit
2951 3032 3086 3079 circa
3113 3031 3311 3099 initium
3327 3031 3488 3099 octavi
3506 3035 3829 3099 _sze_euli,cui

2223 3101 2285 3148 ab
2320 3102 2502 3149 eodem
2533 3093 2915 3156 auctore—prima
2939 3093 3190 3156 appendix
3219 3093 3415 3156 adjecta
3434 3093 3543 3156 fuit
3576 3093 3828 3144 Vitarum

2225 3163 2456 3222 Gregorii
2521 3162 2570 3210 II
2620 3165 2670 3208 et
2700 3154 2958 3222 iiG'regorii
3008 3154 3111 3222 IIl_,_
3147 3155 3283 3222 quod
3330 3155 3578 3222 probatur
3605 3169 3670 3202 ex
3691 3171 3826 3222 ipa—

2222 3217 2484 3286 nuseripto
2498 3224 2677 3271 codice
2697 3221 2968 3286 Vaticano,
2999 3218 3048 3263 et
3075 3217 3226 3286 Beda:
3247 3217 3556 3286 testimonio,
3584 3230 3648 3286 ac
3662 3218 3827 3286 “Hol-

2221 3278 2586 3349 steniij-udicig
2601 3279 3094 3349 comprobaturhquj
3123 3291 3302 3349 omnes
3337 3278 3487 3324 Rom.
3512 3279 3824 3349 pontiﬁcum

2219 3350 2365 3397 Vitas
2381 3339 2428 3396 'a
2457 3349 2524 3399 B.
2558 3339 2908 3403 Petro—usque
2944 3340 3006 3387 ad
3047 3339 3344 3403 Zachariam
3369 3353 3470 3403 uno
3518 3341 3825 3403 eodumque

2221 3411 2350 3473 stylo
2386 3410 2702 3473 conscrip-lgs
2903 3403 3076 3473 εἱραρξ.
3305 3401 3824 3473 Satisﬁt‘tcstimohiq

2217 3462 2501 3533 legatorum
2515 3462 2798 3528 Agathonis
2821 3465 2882 3533 ab
2906 3462 3191 3533 Humbcrto
3207 3463 3450 3533 cardinali
3466 3462 3633 3533 allato,
3671 3466 3824 3533 quod

2219 3523 2605 3595 suvpposititium
2652 3543 2766 3595 esse
2789 3526 3100 3595 ostenditur.
3130 3551 3193 3560 —
3211 3523 3302 3595 μ’.
3344 3525 3492 3572 Prior
3535 3523 3824 3595 illa.Libri

2220 3583 2536 3644 Pdritiﬁcalis
2568 3607 2686 3656 pars
2708 3589 2873 3656 habet
2916 3589 3176 3656 auctorem
3211 3586 3520 3656 Romanum,
3541 3588 3592 3632 et
3633 3583 3821 3656 forsan

2219 3657 2544 3705 bibliothecae
2568 3648 2870 3718 pontiﬁcim,
2893 3651 2991 3718 ‘aut
3021 3648 3228 3718 archivo
3261 3648 3823 3718 apostolico'praaposi-

2218 3723 2344 3766 tum.
2367 3746 2428 3754 -—-
2449 3719 2496 3766 V
2511 3753 2524 3765 .
2558 3707 2637 3766 ᾹΙ)
2663 3717 2764 3763 alio
2788 3713 3000 3759 auctore
3017 3709 3229 3768 adjectae
3251 3707 3370 3756 sunt
3390 3709 3503 3756 vita:
3523 3707 3818 3768 Zacharize,

2221 3781 2472 3842 Stephani
2495 3780 2567 3828 ΙΙΙ
2593 3783 2643 3828 et
2674 3775 2819 3842 Pauli
2842 3773 3008 3842 primi,
3033 3784 3147 3832 quae
3169 3771 3822 3842 secundamappendicem

2219 3830 2462 3895 efficiunt,
2513 3845 2563 3890 et
2597 3841 2780 3890 eodem
2815 3830 2946 3895 siylo
2999 3830 3304 3892 conscriptae
3352 3830 3562 3895 sunt_ab
3597 3845 3720 3895 uno
3753 3847 3820 3882 ex

2219 3881 2656 3960 EiéFéﬁBﬁhJ,’
2665 3881 3052 3962 -ᾶέ-έὴὶνξιξῃὶ
3087 3881 3429 3962 apostolicum
3441 3893 3572 3962 _citnt
3593 3893 3668 3962 in_

2221 3967 2466 4028 Stephani
2510 3954 2770 4028 tertii._'--
2811 3959 2902 4028 VI.
2953 3954 3349 4028 Vita'Stepliani
3386 3955 3456 4003 IV
3483 3968 3592 4028 non
3655 3955 3823 4005 habet

2219 4017 2481 4076 auctorem
2503 4022 2822 4078 Africanum,
2840 4023 2894 4067 ut
2907 4020 3048 4078 putat
3069 4017 3386 4070 Holstenius.
3409 4017 3821 4078 scdRomanum

2216 4086 2796 4150 contemporaneum,_ut
2820 4077 3065 4150 probatur
3083 4093 3145 4150 ex
3163 4079 3304 4127 Actis
3321 4082 3371 4150 et
3390 4077 3724 4150 copﬁrmatur
3746 4095 3823 4150 ex

2218 4151 2338 4198 Vita
2361 4139 2572 4198 Adriani
2596 4139 2764 4206 primi,
2779 4139 2932 4206 quam
2949 4140 3010 4206 ab
3025 4141 3213 4188 eodem
3225 4145 3434 4206 auctore
3448 4139 3822 4206 Lateranensis

2216 4215 2304 4260 aut
2323 4201 2831 4259 Vaticanmbasilicic
2845 4203 3032 4251 clerico
3055 4203 3400 4263 conscriptam
3414 4201 3568 4248 fuisse
3583 4213 3822 4263 constat.

2217 4273 2278 4320 Et
2299 4272 2410 4321 haec
2435 4276 2513 4320 est
2535 4271 2683 4320 tertia
2705 4266 2959 4332 appendix
2981 4263 3142 4332 Libro
3167 4262 3454 4332 P_ontiﬁ_ci_1_l_i
3475 4262 3665 4332 addita,
3688 4283 3827 4332 qua-

2218 4348 2333 4382 cum
2357 4335 2540 4382 ﬁniunt
2561 4334 2662 4381 duo
2686 4324 2895 4380 cddiees
2918 4339 3049 4373 mss.
3080 4327 3294 4384 Regius,
3322 4329 3372 4374 et
3391 4324 3718 4378 Florentin'ué
3755 4333 3823 4381 s,

2219 4396 2400 4445 Marci.
2428 4423 2487 4431 —
2505 4395 2625 4448 VII.
2654 4395 2773 4442 Vita
2795 4389 2981 4440 Leonis
3004 4387 3246 4435 IIIalium
3265 4387 3414 4448 plane
3436 4388 3700 4440 auctorem
3723 4393 3826 4442 ιω.

2219 4458 2321 4516 bet,
2350 4459 2438 4519 qui
2472 4457 2643 4505 forsan
2695 4455 2930 4519 basiiicai:
2968 4448 3033 4519 Β...
3072 4448 3220 4496 Pauli
3271 4451 3708 4519 ascriptusnerat,
3764 4461 3825 4505 et

2224 4507 2472 4580 Stephani
2502 4521 2549 4567 V
2575 4521 2729 4566 vitam
2746 4510 3036 4580 Pontiﬁcali
3063 4523 3270 4580 quoque
3296 4507 3673 4580 atuecit.AUI}de
3693 4507 3825 4568 haec.

2219 4570 2353 4658 sese}
2394 4589 2584 4658 avare
2643 4578 2896 4658 ενηςειξίέξκ
2958 4572 3020 4658 ³9
3079 4570 3289 4658 Lime
3347 4570 3717 4658 "0“‘iﬁ‘if‘lsm-
3751 4608 3823 4616 —

2217 4643 2360 4692 VIII.
2394 4630 2514 4692 Vita
2532 4630 2770 4702 Gregorii
2794 4639 2865 4688 IIl
2891 4635 3154 4702 auctorem
3201 4630 3688 4702 Bo_mat_i_um_habe,
3765 4647 3824 4691 et

2217 4707 2346 4770 stvlo
2359 4696 3013 4770 elegantipcinsctipisestv,
3031 4708 3181 4770 8.99.0
3196 4696 3323 4770 ita“)
3344 4697 3477 4770 νίὲεθ
3498 4696 3723 4770 Elisan
3745 4704 3823 4762 II»

2213 4756 2470 4815 valentini
2495 4771 2544 4815 et
2571 4756 2902 4830 Gregorii-IV
2922 4756 3156 4830 nonnihil
3188 4757 3446 4830 dilleritnt.
3477 4787 3541 4830 _—
3565 4756 3656 4810 1X.
3690 4756 3825 4814 Ser;

2212 4831 2282 4894 εἰῇ
2307 4829 2352 4877 ΙΙ
2378 4831 2496 4894 Vita
2517 4818 2836 4894 styloditiert
2856 4818 3185 4894 a‘prioribus,
3207 4823 3258 4868 et
3301 4820 3372 4894 ab
3393 4823 3825 4894 eodemauctgre

2209 4882 2361 4940 Libro
2404 4882 2692 4955 Pontificali
2737 4882 2938 4955 adjecta
2979 4884 3154 4952 equa
3204 4895 3306 4942 quo
3349 4882 3545 4955 Leonis
3584 4885 3657 4934 IV
3692 4889 3827 4938 Vita

2207 4955 2496 5014 conscripta
2515 4953 2630 5012 fuit,
2651 4945 2815 5014 quem
2828 4945 3082 5014 Rom'cB_iD
3117 4955 3317 5014 magia,
3337 4945 3581 5014 ἀίεηίιᾳῐε
3605 4954 3826 5014 Egnati-

2207 5019 2370 5063 tmum
2393 5005 2549 5064 misse
2571 5005 3106 5078 A'ctfaipsa,tessetur-
3130 5005 3267 5078 —_x.
3290 5006 3824 5078 A.ne.s‘eséusB_ibl_i9r

2205 5077 2463 5125 thecarius
2485 5091 2586 5125 non
2609 5076 2703 5122 fuit
2723 5068 3156 5138 auctor-"\fitarpfn
3178 5068 3414 5138 Se‘rgjill
3431 5073 3480 5116 et
3500 5069 3691 5138 Leonis
3717 5075 3821 5138 IV,

2206 5139 2365 5186 multo
2394 5141 2564 5187 minus
2599 5135 2864 5186 Benedicti
2893 5131 2984 5190 III,
2999 5131 3086 5197 q_ui
3099 5133 3260 5182 Leoni
3287 5135 3358 5183 IV
3372 5137 3641 5193 successit,
3660 5131 3826 5197 cujus

2208 5201 2328 5248 Vita
2347 5201 2578 5250 affectata
2607 5203 2656 5248 et
2685 5199 2932 5261 peculiari
2952 5193 3080 5261 8W1?
3105 5199 3526 5261 conscripta_cst.
3553 5193 3828 5251 Probatur

2209 5263 2378 5325 itaque
2398 5263 2602 5311 inopum
2626 5257 2876 5310 gementia
2899 5269 3013 5324 quae
3026 5257 3360 5307 Anastasium
3389 5259 3520 5308 Vitae
3563 5261 3775 5310 Nicolai
3805 5268 3826 5313 Ι

2210 5328 2470 5372 auctorem
2503 5325 2643 5372 facit.

2210 5328 2470 5373 auctorem
2503 5326 2643 5374 facit.

2223 5401 2272 5458 4.
2291 5406 2593 5476 Postquam
2607 5406 3007 5475 superioribus
3017 5409 3310 5478 capitibus
3329 5419 3705 5470 monstratum
3723 5424 3828 5473 est

2156 5484 2386 5540 Librum
2397 5485 2807 5552 Pontiﬁcalem,
2834 5487 2934 5557 qui
2957 5489 3129 5544 Vitas-
3150 5491 3485 5558 pontiﬁcum
3501 5506 3534 5548 a
3554 5494 3722 5550 Petro
3739 5498 3822 5553 ad

2155 5564 2452 5618 Nicolaum
2467 5565 2714 5632 primum
2727 5568 3152 5636 complectitur,
3175 5571 3480 5626 Anastasio
3505 5573 3826 5640 antiquio-

2157 5657 2270 5700 rem
2311 5657 2452 5714 esse,
2475 5649 2531 5698 et
2571 5657 2681 5699 non
2727 5645 2798 5700 ab
2844 5661 2976 5718 uno,
3038 5649 3135 5703 sed
3176 5649 3425 5706 diversis
3465 5653 3829 5712 auctoribus
