3934 6396
177 320 305 386 565
913 321 1283 386 HISTORIA
1324 326 1425 388 DE
1473 326 1676 390 VITIS
1721 325 1910 391 ROM.
1955 326 2190 390 PONT.
2223 358 2303 372 —
2329 327 2394 390 S.
2442 327 2876 392 SILVERIUS.
3494 325 3614 392 566

347 473 574 532 unum,
608 459 672 518 et
701 460 924 537 portus
954 460 1279 520 Romanus
1309 479 1346 520 a
1373 461 1614 522 Gothis.
1651 461 1958 523 Patricius
1988 461 2366 532 venerabilis
2394 462 2722 525 Vilisarius
2762 462 3107 543 pugnando
3156 460 3304 526 vicit
3347 462 3605 539 Gothos,

351 568 416 625 et
443 565 848 644 postmodum
879 566 1182 644 fugerunt
1214 568 1402 628 Gothi
1434 571 1796 630 Ravennam
1822 576 1964 650 post
1992 589 2231 630 annum
2265 589 2482 630 unum.

435 681 600 732 100
659 672 897 733 Eodem
956 678 1241 754 tempore
1302 681 1481 736 tanta
1534 678 1731 737 fames
1790 677 1908 736 fuit
1967 696 2080 757 per
2137 677 2500 738 universum
2558 679 2890 753 mundum,
2954 684 3025 739 ut
3079 678 3304 740 Dacius
3361 679 3606 760 episco-

351 798 474 860 pus
531 778 804 839 civitatis
889 779 1377 843 Mediolanensis
1460 783 1763 844 relatione
1820 802 1935 844 sua
2016 784 2137 845 hoc
2214 785 2538 846 evidenter
2622 787 3000 861 narraverit,
3087 787 3257 866 quod
3334 787 3398 849 in
3459 807 3607 868 par-

350 887 523 947 tibus
596 885 868 964 Liguriaa
971 889 1265 949 mulieres
1360 891 1522 951 ﬁlios
1612 909 1758 951 suos
1843 891 2263 953 comedissent
2343 893 2612 972 penuria
2694 894 2902 966 famis,
2991 911 3148 973 quas
3234 894 3450 955 retulit
3534 914 3608 956 ex

350 993 645 1056 Ecclesia:
703 1013 833 1054 suae
890 995 1081 1056 fuisse
1142 997 1383 1058 familia
1441 997 1544 1078 (a).
1605 998 1843 1058 Eodem
1921 1003 2207 1079 tempore
2281 1000 2630 1061 ambulavit
2705 1001 3031 1062 Vilisarius
3084 1001 3388 1080 patricius
3445 1003 3609 1062 Nea-

267 1103 306 1161 5
351 1101 574 1182 polim,
637 1106 699 1161 et
754 1101 1071 1164 ordinavit
1132 1123 1295 1164 eam.
1356 1107 1433 1165 Et
1488 1106 1895 1184 postmodum
1952 1106 2126 1166 venit
2184 1109 2506 1180 Romam;
2563 1108 2673 1187 qui
2747 1113 3073 1187 susceptus
3129 1113 3226 1168 est
3282 1127 3320 1169 a
3375 1108 3612 1169 domno

352 1209 619 1271 Silverio
676 1210 986 1290 benigne,
1040 1216 1103 1271 et
1160 1211 1318 1272 abiit
1379 1211 1456 1292 (ὁ)
1515 1213 1845 1274 Vilisarius
1902 1213 2202 1293 patricius
2258 1215 2322 1273 in
2383 1215 2688 1294 palatium
2744 1215 3113 1276 Pincianum
3167 1215 3265 1295 (c),
3318 1215 3410 1275 Id.
3465 1215 3613 1277 Maii

349 1314 460 1395 (d),
523 1315 744 1378 indict.
809 1336 914 1378 xv.
972 1319 1148 1378 Tunc
1207 1323 1342 1378 erat
1397 1318 1664 1397 Vigilius
1723 1319 1884 1380 diae.
1945 1319 2390 1399 apocrisiarius
2455 1321 3020 1401 ConstantinOpoli.
3084 1321 3314 1382 Dolens
3398 1325 3610 1382 autem

351 1426 640 1502 Augusta
697 1443 812 1504 pro
869 1424 1176 1486 Anthimo
1238 1425 1625 1505 patriarcha,
1676 1426 1846 1506 quod
1905 1426 2226 1507 depositus
2280 1427 2500 1488 fuisset
2555 1447 2593 1488 a
2648 1427 3038 1489 sanctissimo
3094 1427 3364 1508 Agapito
3419 1446 3608 1508 papa,

351 1529 462 1608 qui
519 1547 662 1590 eum
721 1529 1090 1592 hzereticum
1151 1532 1507 1612 reperisset,
1562 1539 1625 1594 et
1671 1534 1735 1593 in
1787 1533 1996 1594 locum
2045 1534 2181 1613 ejus
2227 1535 2652 1596 constituisset
2698 1537 2995 1596 Mennam
3053 1552 3302 1595 servum
3357 1533 3471 1595 Dei
3500 1532 3608 1614 (e):

225 1637 307 1700 10
351 1640 502 1698 tunc
548 1639 853 1717 Augusta,
918 1639 1186 1699 concilio
1251 1657 1361 1699 usa
1419 1659 1562 1700 cum
1623 1640 1852 1718 Vigilio
1911 1640 2206 1715 diacono,
2265 1641 2435 1701 misit
2490 1641 2788 1721 epistolas
2845 1659 2990 1701 suas
3039 1643 3301 1701 Romam
3349 1640 3613 1702 Silverio

352 1762 556 1825 papae,
623 1765 857 1825 rogans
915 1751 977 1807 et
1033 1746 1416 1807 obsecrans:
1456 1750 1543 1808 Ne
1601 1747 1922 1828 pigriteris
1977 1748 2057 1808 ad
2116 1767 2230 1810 nos
2287 1749 2523 1822 venire,
2587 1754 2700 1810 aut
2737 1754 2904 1810 certe
2962 1765 3189 1808 revoca
3236 1747 3609 1808 Anthimum

348 1851 415 1912 in
473 1851 684 1912 locum
741 1870 949 1912 suum.
1009 1853 1127 1924 Qui
1183 1853 1333 1912 dum
1393 1853 1648 1932 legisset
1702 1854 2103 1915 beatissimus
2177 1855 2478 1916 Silverius
2554 1855 2819 1928 litteras,
2891 1854 3217 1934 ingemuit,
3281 1860 3344 1915 et
3401 1853 3606 1915 dixit:

347 1956 536 2019 Modo
595 1959 722 2020 scio
779 1959 930 2038 quia
988 1959 1123 2020 haec
1181 1978 1370 2020 causa
1427 1961 1617 2020 finem
1675 1961 1821 2020 vitae
1897 1979 2053 2021 meas
2129 1960 2394 2022 adduxit
2457 1961 2557 2041 (ί).
2619 1961 2744 2023 Sed
2825 1961 3226 2022 beatissimus
3309 1961 3611 2022 Silverius

348 2063 646 2126 ﬁduciam
704 2065 948 2127 habens
1004 2065 1068 2125 in
1124 2069 1253 2126 Deo
1311 2071 1374 2126 et
1429 2067 1615 2126 beato
1670 2067 1857 2126 Petro
1919 2066 2229 2146 apostolo,
2285 2068 2605 2148 rescripsit
2657 2069 3004 2147 Augusta:
3048 2067 3319 2128 Domina
3372 2068 3610 2146 Augus-

223 2171 301 2232 15
350 2175 436 2244 ta,
495 2190 611 2250 ego
670 2192 801 2234 rem
861 2174 1046 2233 istam
1106 2174 1388 2233 facturus
1445 2191 1772 2253 nunquam
1831 2193 1961 2246 ero,
2021 2178 2090 2233 ut
2147 2193 2434 2234 revocem
2524 2174 2848 2235 hominem
2932 2174 3300 2235 haereticum
3374 2173 3436 2233 in
3494 2192 3609 2234 sua

348 2278 636 2357 nequitia
691 2279 1088 2340 damnatum.
1145 2283 1322 2342 Tunc
1378 2279 1711 2358 indignata
1767 2283 2053 2359 Augusta
2111 2281 2282 2341 misit
2339 2281 2656 2359 jussiones
2715 2282 2794 2342 ad
2853 2281 3214 2343 Vilisarium
3276 2279 3606 2360 patricium

347 2403 463 2466 per
516 2385 815 2465 Vigilium
874 2387 1123 2448 diacon.
1183 2387 1272 2447 ita
1329 2387 1726 2448 continentes
1760 2404 1773 2447 :
1807 2388 1963 2449 Vide
2020 2388 2266 2468 aliquas
2318 2388 2678 2449 occasiones
2734 2390 2799 2448 in
2860 2388 3193 2450 Silverium
3258 2393 3610 2468 papam,et

347 2491 596 2571 depone
652 2492 830 2553 illum
891 2493 972 2554 ab
1029 2493 1421 2574 episcopatu,
1481 2499 1593 2554 aut
1649 2499 1820 2554 certe
1876 2493 2142 2557 festinus
2196 2494 2548 2554 transmitte
2607 2513 2749 2554 eum
2813 2494 2893 2553 ad
2949 2512 3086 2554 nos.
3148 2495 3308 2554 Ecce
3364 2493 3454 2554 ibi
3491 2493 3608 2554 ha-

346 2597 459 2659 bes
513 2598 811 2678 Vigilium
869 2600 1410 2674 archidiaconum,
1474 2606 1537 2661 et
1593 2599 2074 2680 apocrisiarium
2144 2605 2432 2661 nostrum
2491 2600 2955 2674 charissimum,
3021 2600 3131 2680 qui
3185 2601 3366 2660 nobis
3423 2600 3610 2680 polli-

221 2708 306 2769 20
347 2704 509 2765 citus
565 2710 659 2765 est
713 2724 1008 2768 revocare
1063 2707 1436 2766 Anthimum
1494 2707 1949 2786 patriarcham.
2008 2709 2088 2767 Et
2144 2712 2294 2767 tunc
2352 2707 2626 2786 suscepit
2676 2707 3028 2785 jussionem
3108 2706 3436 2767 Vilisarius
3493 2725 3606 2786 pa-

354 2812 596 2885 tricius,
660 2812 874 2873 dicens
908 2829 920 2871 :
959 2814 1091 2892 Ego
1150 2813 1405 2892 quidem
1455 2812 1807 2893 jussionem
1863 2813 2051 2886 facio,
2110 2813 2219 2874 sed
2274 2813 2403 2889 ille,
2461 2813 2572 2892 qui
2626 2815 2888 2876 interest
2941 2814 3006 2874 in
3065 2831 3218 2874 nece
3267 2812 3360 2894 (g)
3419 2813 3612 2875 Silve-

350 2921 430 2982 rii
489 2940 695 3002 papae,
755 2922 889 3001 ipse
946 2922 1258 2983 rationem
1319 2923 1538 2984 reddet
1593 2923 1670 2984 de
1726 2923 1911 2984 factis
1969 2923 2096 2983 suis
2177 2923 2447 2984 Domino
2521 2930 2734 2984 nostro
2817 2925 2966 2985 Jesu
3042 2922 3314 2985 Christo.
3366 2925 3446 2983 Et
3500 2941 3608 2982 ur-

351 3034 538 3107 gente
589 3027 872 3107 jussione
931 3029 1222 3090 exierunt
1280 3029 1535 3109 quidam
1597 3029 1737 3090 falsi
1797 3034 2002 3103 testes,
2065 3028 2176 3108 qui
2229 3035 2291 3090 et
2333 3031 2675 3090 dixerunt:
2712 3029 2871 3101 Quia
2927 3048 3040 3090 nos
3099 3028 3311 3088 multis
3370 3027 3609 3089 vicibus

348 3134 434 3215 (Ιι)
489 3135 845 3195 invenimus
902 3136 1234 3196 Silverium
1297 3155 1528 3216 papam
1587 3137 1822 3216 scripta
1882 3135 2234 3196 mittentem
2295 3136 2375 3196 ad
2436 3155 2649 3215 regem
2699 3136 3094 3198 Gothorum:
3132 3134 3290 3195 Veni
3333 3133 3413 3195 ad
3464 3152 3608 3214 por-

229 3243 311 3302 25
355 3246 513 3316 tam,
575 3261 716 3322 qua:
793 3243 1152 3322 appellatur
1233 3243 1542 3317 Asinaria,
1621 3244 1810 3322 juxta
1894 3246 2254 3316 Lateranas,
2317 3249 2378 3303 et
2442 3243 2762 3304 civitatem
2820 3242 2933 3303 tibi
2990 3241 3195 3318 trado,
3260 3247 3325 3302 et
3379 3241 3606 3302 Vilisa-

350 3349 516 3409 rium
573 3349 930 3428 patricium.
991 3351 1169 3422 Quod
1230 3351 1493 3411 audiens
1550 3350 1872 3411 Vilisarius
1930 3369 2057 3410 non
2108 3349 2424 3411 credebat.
2484 3350 2737 3411 Sciebat
2821 3348 2990 3436 enim
3048 3348 3220 3428 quod
3273 3367 3386 3428 per
3441 3347 3604 3408 invi-

342 3455 515 3516 diam
575 3456 712 3516 haac
770 3456 847 3517 de
905 3475 979 3518 eo
1039 3457 1435 3518 dicebantur.
1499 3457 1621 3520 Sed
1677 3457 1828 3518 dum
1888 3457 2068 3517 multi
2125 3457 2190 3517 in
2248 3457 2467 3518 eadem
2522 3456 2922 3518 accusatione
2975 3454 3404 3535 persisterent,
3465 3473 3607 3534 per-

341 3561 576 3623 timuit.

428 3678 584 3730 101
647 3671 824 3731 Tunc
905 3669 1052 3731 fecit
1136 3670 1393 3731 beatum
1481 3669 1812 3732 Silverium
1895 3689 2125 3751 papam
2206 3671 2419 3732 venire
2504 3671 2584 3730 ad
2636 3689 2701 3731 se
2748 3670 2815 3730 in
2873 3669 3176 3749 palatium
3247 3666 3453 3729 Pincis
3510 3666 3604 3748 (ι).

338 3778 419 3837 Et
469 3776 549 3838 ad
627 3776 902 3856 primum
969 3783 1032 3838 et
1089 3777 1438 3838 secundum
1498 3777 1707 3838 velum
1785 3777 2044 3838 retinuit
2118 3796 2372 3838 omnem
2447 3778 2710 3839 clerum.
2772 3779 2908 3850 Quo
2965 3777 3250 3856 ingresso
3306 3775 3609 3837 Silverius

339 3902 483 3944 cum
541 3883 767 3960 Vigilio
825 3884 942 3945 soli
997 3885 1061 3945 in
1122 3885 1426 3946 Mausole.
1488 3885 1807 3946 Antonina
1875 3885 2141 3964 patricia
2189 3885 2448 3964 jacebat
2503 3885 2565 3944 in
2624 3885 2810 3957 lecto,
2872 3890 2934 3944 et
2989 3883 3316 3946 Vilisarius
3370 3883 3446 3964 (ί)
3512 3901 3608 3943 se-

338 3989 529 4052 debat
581 3991 657 4051 ad
719 3991 910 4070 pedes
963 3990 1121 4068 ejus.
1185 3994 1262 4052 Et
1319 3993 1470 4052 dum
1521 4011 1664 4052 eum
1742 3991 1998 4052 vidisset
2082 3992 2407 4052 Antonina
2490 3992 2776 4070 patricia,
2839 3991 2998 4051 dixit
3055 3991 3133 4051 ad
3195 4009 3340 4052 eum
3394 4007 3408 4050 :
3467 3989 3601 4063 Dic,

253 4098 292 4156 5
340 4096 595 4157 domine
654 4097 878 4159 Siiveri
937 4116 1124 4178 papa,
1189 4099 1340 4178 quid
1423 4099 1685 4159 fecimus
1754 4099 1869 4159 tibi
1927 4103 1988 4160 et
2047 4100 2370 4173 Romanis,
2433 4105 2502 4160 ut
2561 4104 2630 4159 tu
2687 4099 2840 4159 velis
2898 4116 3010 4159 nos
3068 4097 3134 4157 in
3193 4116 3419 4158 manus
3477 4099 3602 4158 Go-

342 4203 596 4263 thorum
656 4204 953 4265 tradere?
1006 4205 1230 4265 Adhuc
1283 4225 1358 4266 eo
1417 4207 1716 4286 loquente
1767 4207 2085 4285 ingressus
2147 4207 2425 4268 Joannes
2512 4206 2936 4267 subdiaconus
3021 4204 3419 4283 regionarius
3474 4203 3606 4284 pri-

341 4329 463 4369 ma
520 4310 816 4390 regionis,
880 4312 1022 4372 tulit
1083 4313 1346 4392 pallium
1399 4313 1475 4373 de
1535 4313 1698 4374 collo
1755 4313 1910 4392 ejus,
1975 4319 2038 4374 et
2093 4314 2274 4373 duxit
2327 4314 2390 4374 in
2450 4314 2834 4374 cubiculum.
2895 4315 2973 4373 Et
3028 4311 3387 4392 exspolians
3433 4327 3604 4384 eum,

338 4417 549 4477 induit
605 4437 749 4478 eum
809 4424 980 4479 veste
1034 4420 1410 4480 monachica
1470 4419 1574 4499 (Ir),
1641 4425 1703 4480 et
1761 4420 2318 4481 abscondit'eum.
2379 4422 2555 4480 Tunc
2614 4421 2826 4480 Sixtus
2905 4419 3330 4480 subdiaconus
3392 4417 3603 4498 regio-

341 4523 557 4584 narius
614 4525 890 4604 regionis
947 4530 1160 4598 sextae,
1222 4526 1444 4586 videns
1501 4545 1642 4586 eum
1697 4525 1835 4605 jam
1894 4527 2303 4599 monachum,
2361 4545 2648 4604 egressus
2706 4529 2899 4601 foras,
2963 4526 3281 4587 nuntiavit
3338 4525 3418 4586 ad
3475 4525 3603 4586 cle-

214 4632 296 4692 10
340 4650 504 4704 rum,
567 4631 781 4693 dicens
837 4649 851 4691 :
914 4633 1073 4704 Quia
1127 4632 1400 4693 domnus
1471 4651 1639 4713 papa
1715 4633 2038 4713 depositus
2093 4640 2210 4708 est,
2273 4639 2334 4695 et
2389 4634 2592 4694 factus
2647 4638 2740 4694 est
2802 4632 3175 4694 monachus.
3239 4632 3358 4704 Qui
3413 4631 3604 4693 etiam

341 4739 670 4800 audientes
724 4739 1025 4818 fugerunt
1080 4759 1320 4813 omnes,
1383 4759 1572 4819 quem
1631 4741 1904 4819 suscepit
1959 4741 2224 4818 Vigilius
2283 4741 2766 4802 archidiaconus
2821 4740 2886 4799 in
2940 4758 3054 4800 sua
3110 4739 3293 4819 quasi
3349 4739 3498 4813 ﬁde,
3544 4743 3608 4798 et

341 4845 514 4905 misit
568 4864 710 4906 eum
769 4846 834 4905 in
892 4846 1181 4906 exsilium
1241 4847 1303 4906 in
1356 4847 1614 4906 Pontias
1672 4846 1764 4926 (ἰ).
1822 4849 1897 4907 Et
1957 4847 2332 4906 sustentavit
2385 4867 2527 4908 eum
2589 4866 2751 4927 pane
2827 4844 3256 4906 tribulationis
3314 4850 3376 4905 et
3433 4862 3604 4924 aqua

344 4953 654 5032 angustiae
707 4952 832 5034 (m).
883 4953 1000 5024 Qui
1050 4953 1370 5027 deficiens,
1433 4959 1718 5014 mortuus
1776 4959 1894 5027 est,
1947 4960 2008 5014 et
2065 4955 2386 5014 confessor
2446 4955 2651 5015 factus
2709 4960 2824 5015 est.
2887 4954 3004 5026 Qui
3064 4959 3127 5013 et
3176 4951 3459 5031 sepultus
3514 4957 3609 5012 est

343 5060 410 5120 in
462 5059 684 5120 eodem
741 5061 880 5121 loco
937 5077 1024 5121 x11
1075 5061 1390 5121 Kalendas
1447 5060 1619 5122 Julii.
1681 5060 1901 5140 Ibique
1959 5062 2234 5122 occurrit
2295 5061 2632 5122 multitudo
2691 5062 2854 5122 male
2910 5059 3306 5132 habentium,
3359 5065 3422 5119 et
3477 5057 3606 5118 sal-

221 5169 301 5230 15
346 5172 600 5228 vantur.
665 5167 778 5227 Hic
835 5167 984 5228 fecit
1041 5167 1506 5228 ordinationem
1567 5186 1757 5228 unam
1821 5187 1933 5248 per
1986 5187 2265 5229 mensem
2317 5169 2699 5241 Decembris,
2754 5167 3205 5248 presbyteros"
3239 5168 3334 5241 14,
3370 5164 3604 5244 episco-

346 5293 462 5355 pos
515 5292 628 5354 per
683 5273 933 5336 diversa
987 5274 1126 5335 loca
1181 5294 1358 5336 num.
1409 5277 1507 5349 19,
1543 5281 1606 5336 et
1660 5275 1926 5337 cessavit
1983 5275 2387 5356 episcopatus
2444 5275 2576 5336 dies
2607 5275 2631 5301 *
2683 5275 2988 5354 quinque.

1373 5523 1624 5571 NOTULE
1665 5522 2054 5570 MARGINALES
2097 5521 2418 5569 FABROTTI.

248 5729 361 5812 (q)"
383 5733 446 5812 et
569 5728 828 5812 quadam
861 5728 1476 5812 ex'famllianlilcc'lesi'aa
1513 5746 1630 5812 sum
1662 5731 1770 5812 hoc
1803 5729 2023 5812 retulit.
2064 5732 2140 5812 (_b)
2160 5728 2496 5812 ‘habitavit.
2540 5727 2719 5812 (criti
2735 5725 2964 5812 palatio
2995 5724 3295 5812 .Pinci‘ano‘.
3325 5725 3510 5812 ((1)31
3525 5724 3609 5808 Id.

381 5797 610 5881 (e)-_Vit_l'e
637 5801 840 5881 βιζορ.
874 5801 943 5881 ad
972 5818 1105 5855 ann.
1131 5802 1264 5881 538.
1307 5804 1378 5872 (Γ)
1505 5803 1714 5881 adduci

2054 5797 2320 5881 itcrccdjt
2347 5799 2406 5879 in
2439 5815 2661 5881 necem.
2869 5797 3103 5869 sacpius.
3151 5798 3219 5881 (1').
3245 5799 3308 5867 Β,
3333 5797 3392 5852 in
3412 5797 3607 5881 Binois

175 5874 259 5930 vel
292 5868 501 5929 Pincii.
545 5871 613 5943 (j)
646 5874 666 5895 ¹
699 5871 1016 5928 Belisarius
1048 5868 1350 5945 patricius.
1393 5868 1471 5942 (lc)
1503 5876 1522 5895 '
1557 5868 1900 5928 monastica.
1941 5874 2004 5943 (ι)
2039 5876 2104 5936 6,
2138 5873 2209 5928 ad
2245 5870 2577 5928 Pontianas.
2619 5872 2719 5940 (τη)
2754 5869 2878 5926 Vide
2908 5868 3116 5927 Baron.
3149 5870 3221 5926 ad
3243 5888 3377 5927 ann.
3408 5870 3535 5926 538.
