3934 6398
61 334 182 407 57⁸7
834 334 1206 406 HISTORIA
1251 341 1352 406 DE
1398 340 1603 406 VITIS
1648 340 1837 407 ROM.
1887 345 2115 408 PONT.
2163 379 2235 389 —
2285 347 2349 407 S.
2397 342 2761 408 VIGILlUS.
3386 346 3505 411 578

1476 705 1642 774 LXI.
1709 705 2097 775 VlGILIUS.

841 936 1005 983 anno
1049 938 1287 984 cnaxsn
1331 925 1474 997 540,
1521 941 1863 987 wsrmum
1907 943 2030 987 ιω».
2083 928 2180 1000 Η,
2225 940 2446 988 VITIGIS
2491 941 2625 987 asc.
2672 929 2732 987 4.

1578 1153 1978 1164 _———

322 1318 485 1371 nos
529 1310 818 1391 Vigilius,
865 1313 1120 1375 natione
1167 1317 1509 1388 Romanus,
1577 1334 1653 1376 ex
1716 1320 1893 1396 patre
1936 1317 2182 1377 Joanne
2243 1316 2522 1387 consule,
2569 1315 2731 1376 sedit
2792 1334 2991 1376 annos
3048 1318 3119 1376 1⁵1
3165 1315 3272 1397 (a),
3323 1335 3504 1379 men-
3560 1368 3575 1379 .

126 1420 129 1423 ’
232 1434 337 1478 ses
379 1416 685 1497 quinque,
731 1418 862 1479 dies
904 1421 1004 1480 26.
1052 1419 1288 1481 Eodem
1339 1426 1619 1502 tempore
1665 1420 1993 1481 Vilisarius
2044 1422 2341 1500 patricius
2399 1423 2714 1483 commisit
2768 1421 3004 1483 bellum
3063 1442 3204 1483 cum
3254 1423 3503 1504 Guitige

231 1523 321 1607 (ὁ)
366 1542 514 1605 rege
559 1524 928 1599 Gothorum,
979 1526 1087 1606 qui
1131 1545 1237 1588 rex
1284 1527 1529 1606 fugiens
1577 1535 1766 1589 noctu
1811 1529 2128 1590 insecutus
2187 1537 2280 1591 est
2335 1549 2479 1591 eum
2535 1531 2811 1592 Joannes
2856 1530 2928 1611 (ε)
2979 1531 3274 1609 magister
3335 1531 3503 1593 mili-

231 1635 400 1709 tum,
446 1631 547 1692 cui
589 1640 939 1711 cognomen
983 1634 1461 1712 Sanguinarius,
1513 1641 1576 1696 et
1620 1636 1819 1696 tenuit
1862 1655 2027 1709 eum,
2078 1643 2139 1697 et
2181 1637 2446 1697 adduxit
2508 1636 2588 1697 ad
2653 1637 3035 1707 Vilisarium,
3086 1644 3149 1698 et
3200 1638 3281 1698 ad
3333 1639 3508 1718 Vigi-

145 1738 186 1798 5
231 1737 394 1798 lium
440 1739 727 1800 Romam.
773 1741 950 1801 Tunc
994 1740 1305 1802 dederunt
1347 1742 1403 1803 ei
1448 1748 1846 1803 sacramenta
1888 1743 1950 1803 in
1996 1743 2320 1805 basilicam
2364 1744 2491 1805 Juli
2535 1742 2643 1823 (ll),
2693 1751 2763 1804 ut
2814 1745 3059 1805 salvum
3124 1745 3303 1806 illum
3365 1765 3508 1827 per-

231 1843 545 1906 ducerent
585 1844 667 1906 ad
707 1846 1135 1908 Iustinianum
1182 1847 1657 1928 imperatorem.
1718 1851 1915 1921 Quem
1975 1870 2117 1910 cum
2182 1850 2508 1911 duxissent
2569 1851 3206 1931 Constantinopolim,
3253 1854 3508 1932 gavisus

237 1956 338 2012 est
381 1951 748 2032 imperator,
796 1959 859 2013 et
902 1953 1049 2014 fecit
1093 1973 1235 2014 cum
1284 1955 1615 2034 patricium
1676 1962 1739 2017 et
1799 1957 2116 2029 comitem,
2166 1964 2228 2017 et
2274 1958 2621 2017 transmisit
2662 1976 2804 2017 eum
2842 1958 3030 2036 juxta
3086 1958 3241 2020 ﬁnes
3286 1962 3507 2021 Persa-

236 2076 410 2132 rum,
470 2062 532 2119 et
588 2057 676 2118 ibi
733 2060 926 2120 vitam
986 2059 1208 2121 finivit.
1273 2062 1633 2122 Vilisarium
1694 2081 1841 2122 vero
1899 2064 2315 2141 interrogavit
2357 2065 2723 2143 imperator,
2770 2065 3091 2143 quomodo
3136 2084 3200 2125 se
3245 2065 3510 2129 haberet

238 2182 387 2225 cum
434 2165 734 2226 Romanis
778 2166 877 2227 vel
920 2168 1240 2246 quomodo
1285 2168 1345 2228 in
1368 2148 1532 2229 .loco
1596 2169 1845 2230 Silverii
1900 2171 2221 2231 statuisset
2275 2170 2596 2249 Vigilium.
2652 2172 2745 2243 Et,
2792 2170 2940 2231 dato
2985 2171 3065 2231 ab
3111 2192 3184 2233 eo
3243 2192 3507 2254 respon-

118 2272 196 2334 lO
240 2290 336 2345 so,
368 2276 623 2352 gratias
665 2272 722 2333 ei
765 2280 1033 2351 egerunt
1087 2275 1435 2354 imperator
1495 2282 1557 2335 et
1618 2281 1921 2353 augusta;
1971 2280 2031 2336 et
2075 2277 2223 2336 data
2265 2277 2321 2337 ei
2362 2276 2696 2364 dignitate,
2745 2278 2973 2337 iterum
3035 2278 3203 2339 misit
3253 2298 3396 2341 eum
3445 2282 3509 2343 in

241 2378 523 2440 Africam
568 2379 645 2439 ad
691 2380 1057 2441 Gundarum
1104 2381 1175 2462 (ρ)
1224 2402 1435 2461 regem
1483 2383 1960 2444 Guandalorum
2006 2382 2110 2462 (/),
2159 2389 2219 2443 et
2267 2389 2333 2443 ut
2377 2403 2519 2463 quae
2565 2385 2798 2444 fecerat
2842 2384 2904 2443 in
2949 2385 3131 2445 Italia
3174 2388 3408 2448 faceret
3450 2394 3515 2449 et

239 2484 308 2545 in
364 2484 597 2545 Africa.
655 2486 775 2558 Qui
831 2487 1088 2548 veniens
1148 2487 1211 2547 in
1275 2488 1430 2548 fines
1485 2489 1710 2549 Africm
1771 2489 1887 2550 sub
1942 2490 2088 2550 dolo
2149 2491 2317 2569 pacis
2380 2490 2697 2551 interfecit
2754 2491 3121 2551 Gundarum
3169 2491 3251 2572 (g)
3297 2511 3509 2572 regem

244 2590 741 2667 Guandalorum,
789 2599 848 2654 et
896 2594 1150 2655 redacta
1193 2601 1287 2656 est
1329 2596 1538 2655 Africa
1582 2597 1698 2655 sub
1744 2596 2226 2675 rempublicam.
2276 2599 2455 2657 Tunc
2516 2597 2853 2657 Belisarius
2899 2598 3202 2677 patricius
3244 2600 3321 2660 de
3364 2619 3511 2680 spo-

243 2696 345 2757 liis
388 2697 858 2759 Guandalorum
909 2698 986 2781 (l1)
1051 2701 1309 2761 veniens
1372 2703 1664 2774 Romam,
1725 2702 1957 2764 obtulit
2014 2703 2197 2763 beato
2260 2705 2445 2763 Petro
2490 2704 2778 2783 apostolo
2844 2723 2955 2783 per
3012 2724 3237 2765 manus
3301 2705 3516 2785 Vigilli

124 2806 201 2865 15
248 2822 433 2885 papa
476 2823 727 2868 crucem
771 2825 1028 2869 auream
1074 2826 1216 2868 cum
1262 2809 1547 2886 gemmis,
1599 2829 1740 2887 quae
1786 2816 2009 2890 pensat
2053 2810 2247 2869 libras
2292 2816 2582 2883 centum;
2630 2810 2693 2869 in
2740 2829 2867 2896 qua
2910 2812 3161 2890 scripsit
3216 2812 3513 2873 victorias

106 2912 113 2919 ’
246 2928 395 2972 suas
437 2910 530 2995 (ι).
577 2913 934 2975 Cerostatas
975 2921 1308 2993 argenteas
1351 2915 1686 2976 deauratas
1733 2915 2003 2995 majores
2046 2916 2225 2991 duas,
2275 2936 2416 2995 quae
2461 2921 2630 2975 stant
2675 2935 2874 2994 usque
2927 2916 3116 2977 hodie
3167 2923 3314 2978 ante
3371 2936 3512 2978 cor-

247 3036 370 3098 pus
411 3017 581 3080 beati
622 3020 793 3081 Petri
834 3021 1128 3100 apostoli.
1177 3020 1301 3083 Sed
1345 3028 1408 3082 et
1449 3022 1575 3082 alia
1621 3022 1822 3082 multa
1864 3022 2033 3082 dona
2094 3028 2157 3081 et
2217 3022 2647 3100 eleemosynas
2692 3039 3041 3101 pauperum
3087 3022 3351 3100 largitus
3396 3028 3510 3095 est.

254 3124 431 3186 Fecit
471 3126 659 3186 etiam
703 3126 1040 3189 Belisarius
1083 3128 1385 3207 patricius
1430 3129 1894 3190 xenodochium
1942 3129 2003 3187 in
2052 3128 2155 3187 via
2213 3128 2363 3199 lata,
2427 3134 2487 3186 et
2546 3127 2635 3207 (α)
2698 3127 2759 3186 in
2822 3127 2923 3187 via
2981 3127 3293 3188 Flaminia
3327 3128 3515 3207 juxta

176 3242 179 3245 ‘
248 3231 568 3295 civitatem
612 3233 833 3297 hortas
876 3236 955 3319 (lc)
1003 3237 1456 3298 monasterium
1503 3238 1706 3298 sancti
1748 3236 2091 3309 Juvelanis,
2141 3235 2248 3296 ubi
2294 3235 2719 3315 possessiones
2763 3240 2826 3295 et
2867 3234 3040 3296 dona
3082 3235 3285 3297 multa
3327 3238 3517 3317 largi-

131 3342 212 3401 20
258 3346 361 3402 tus
404 3346 520 3403 est.

337 3454 503 3509 ιυι
548 3448 784 3510 Eodem
830 3456 1113 3531 tempore
1155 3450 1491 3512 Theodora
1533 3456 1809 3531 augusta
1851 3450 2101 3529 scripsit
2156 3450 2237 3509 ad
2295 3449 2593 3527 Vigilium
2652 3467 2884 3528 papam
2935 3465 2950 3508 :
2998 3448 3175 3522 Veni,
3233 3449 3512 3530 adimple

248 3553 437 3615 nobis
479 3573 621 3634 quae
665 3570 781 3636 pro
826 3557 996 3619 bona
1037 3558 1361 3619 voluntate
1398 3563 1529 3629 .tua
1587 3558 1930 3638 promisisti
1989 3557 2067 3618 de
2128 3561 2303 3639 patre
2359 3561 2572 3616 nostro
2618 3555 2942 3629 Anthimo,
2989 3562 3053 3617 et
3095 3574 3322 3617 revoca
3364 3575 3507 3619 eum

243 3661 313 3722 in
357 3661 636 3722 ofﬁcium
682 3681 890 3724 suum.
939 3664 1034 3726 Ad
1079 3664 1216 3726 haec
1260 3664 1580 3745 rescripsit
1622 3664 1887 3744 Vigilius
1934 3681 1948 3724 :
1995 3664 2176 3724 Absit
2219 3642 2339 3723 hoc
2397 3680 2436 3722 a
2493 3680 2613 3734 me,
2675 3662 2936 3723 domina
2975 3664 3283 3742 Augusta.
3330 3664 3515 3724 Prius

247 3768 499 3830 locutus
540 3788 681 3830 sum
727 3771 891 3832 male
953 3777 1015 3832 et
1066 3771 1459 3851 insipienter,
1520 3772 1709 3832 modo
1769 3776 1980 3832 autem
2042 3769 2216 3830 nullo
2277 3769 2462 3830 modo
2519 3769 2635 3829 tibi
2693 3770 3039 3843 consentio,
3102 3776 3170 3830 ut
3226 3789 3514 3833 revocem

161 3877 200 3935 5
246 3875 571 3937 hominem
617 3876 983 3939 haereticum
1029 3884 1094 3940 et
1135 3878 1763 3939 anathematizatum.
1810 3880 1888 3939 Et
1931 3878 1982 3937 si
2025 3877 2323 3956 indignus
2364 3877 2636 3937 vicarius
2679 3895 2817 3937 sum
2871 3876 3041 3938 beati
3105 3877 3274 3939 Petti
3327 3897 3514 3959 apos-

244 3982 384 4056 toli,
433 3984 752 4064 quomodo
800 3985 1053 4047 fuerunt
1094 3991 1527 4046 antecessores
1572 3985 1695 4046 mei
1737 3984 2116 4045 sanctissimi
2159 3984 2465 4062 Agapitus
2508 3988 2570 4043 et
2616 3983 2938 4057 Silverius,
2988 3984 3096 4062 qui
3139 4003 3285 4045 eum
3330 3985 3508 4046 damo

246 4090 608 4150 naverunt?
649 4092 827 4152 Tunc
872 4093 1141 4152 Romani
1183 4092 1470 4153 fecerunt
1513 4093 1948 4171 suggestiones
2010 4110 2153 4151 suas
2206 4096 2429 4151 contra
2469 4089 2792 4168 Vigilium,
2840 4109 2913 4150 eo
2958 4091 3129 4168 quod
3171 4109 3313 4151 cum
3362 4110 3515 4152 eon-

246 4195 390 4256 silio
451 4195 587 4275 ejus
642 4197 968 4279 depositus
1022 4198 1243 4259 fuisset
1298 4199 1598 4260 Silverius
1656 4198 2059 4259 beatissimus
2115 4216 2282 4276 papa
2337 4204 2750 4275 suggerentes
2796 4195 2863 4277 (Ι)
2911 4197 3127 4276 pietati
3176 4203 3321 4271 tuae,
3370 4199 3520 4277 quia

244 4301 418 4363 male
459 4303 590 4381 agit
630 4321 773 4364 cum
819 4304 1013 4365 servis
1057 4305 1179 4365 tuis
1221 4305 1544 4379 Romanis,
1592 4311 1655 4366 et
1696 4323 1839 4366 cum
1884 4304 2022 4384 ipsa
2068 4304 2247 4383 plebe
2292 4322 2406 4364 sua
2453 4320 2467 4361 :
2515 4303 2667 4381 quia
2729 4302 3110 4364 homicidam
3168 4302 3347 4364 illum
3400 4322 3515 4365 ac-

122 4412 205 4473 10
249 4426 567 4470 cusamus.
613 4410 716 4472 Sic
758 4416 853 4472 est
890 4412 956 4472 in
1005 4412 1281 4473 furorem
1338 4430 1576 4487 versus,
1646 4416 1714 4472 ut
1767 4410 1950 4472 daret
2007 4410 2258 4490 alapam
2320 4410 2569 4471 notario
2634 4428 2771 4483 suo,
2822 4410 2934 4489 qui
2979 4428 3127 4471 mox
3188 4411 3268 4472 ad
3327 4411 3522 4492 pedes

252 4514 393 4596 ejus
435 4515 687 4592 cadens,
735 4518 1105 4598 exspiravit.

335 4630 498 4684 104
542 4624 699 4685 Item
742 4624 917 4686 dedit
969 4631 1222 4705 neptem
1280 4643 1460 4686 suam
1517 4625 1811 4704 Vigiliam
1874 4622 1971 4705 (m)
2026 4623 2270 4685 Asterie
2331 4622 2597 4695 consuli,
2660 4622 2862 4683 filium
2927 4623 3209 4685 mulieris
3263 4625 3514 4701 viduae;

248 4747 378 4810 quo
423 4747 568 4792 casu
613 4731 906 4809 faciente,
952 4731 1100 4793 fecit
1142 4749 1286 4793 eum
1332 4731 1532 4794 teneri
1574 4739 1783 4806 nocte,
1833 4737 1894 4793 et
1941 4731 2159 4792 tandiu
2204 4729 2361 4790 caedi
2405 4730 2689 4809 quandiu
2733 4727 2927 4791 vitam
2970 4731 3203 4792 ﬁniret.
3228 4731 3364 4803 Quo
3408 4751 3522 4793 au-

245 4837 405 4911 dito,
450 4839 737 4917 Augusta
777 4838 949 4899 misit
988 4838 1399 4900 Anthemium
1443 4839 1798 4899 scribonem
1843 4857 1985 4899 cum
2023 4836 2413 4917 jussionibus
2456 4838 2606 4910 suis,
2656 4822 2736 4898 et
2775 4855 2918 4898 cum
2978 4838 3212 4898 virtute
3270 4837 3516 4917 majore

244 4944 515 5004 Romam
558 4944 773 5006 dicens
819 4963 833 5006 :
881 4947 1157 5025 Excepto
1200 4945 1266 5006 in
1313 4946 1573 5007 basilica
1615 4945 1815 5006 sancti
1857 4945 2028 5006 Petri
2071 4962 2259 5023 parce
2306 4942 2412 5023 (η).
2460 4946 2617 5004 Nam
2681 4945 2734 5004 si
2786 4945 2851 5004 in
2910 4944 3264 5018 Lateranis,
3322 4949 3515 5024 atque

158 5055 199 5113 5
246 5049 314 5111 in
359 5050 598 5133 palatio
642 5056 753 5113 aut
794 5052 860 5113 in
904 5052 1190 5133 qualibet
1233 5053 1497 5115 ecclesia
1537 5053 1853 5114 inveneris
1896 5051 2217 5131 Vigilium,
2267 5070 2416 5111 mox
2457 5050 2753 5130 imposito
2816 5051 2881 5111 in
2940 5051 3085 5112 navi
3152 5049 3226 5132 (ο)
3283 5052 3522 5131 perduc

245 5174 393 5219 eum
439 5176 637 5238 usque
680 5159 756 5220 ad
805 5177 942 5220 nos.
990 5161 1150 5220 Nam
1194 5160 1244 5221 si
1291 5179 1415 5221 non
1461 5160 1703 5234 feceris,
1754 5178 1866 5239 per
1910 5158 2224 5219 viventem
2273 5158 2338 5216 in
2383 5158 2618 5218 saacula
2659 5157 2973 5218 excoriari
3016 5162 3077 5218 te
3121 5158 3374 5219 faciam.
3399 5158 3521 5230 Qui

240 5264 618 5326 Anthemius
660 5265 865 5326 scribo
916 5265 1167 5328 veniens
1225 5269 1515 5341 Romam,
1577 5266 1825 5329 invenit
1880 5284 2025 5326 eum
2089 5264 2153 5323 in
2216 5263 2482 5327 ecclesia
2538 5269 2774 5324 sanctae
2834 5264 3077 5324 Ceciliae
3120 5281 3160 5324 x
3202 5264 3520 5326 Kalendas

1274 5487 1527 5534 NOTULE
1569 5486 1959 5533 MARGINALES
2005 5486 2121 5531 ΕΔΒ
2132 5486 2307 5531 ROTTI
2318 5514 2332 5530 .

157 5663 235 5736 (α)
264 5663 327 5738 Β,
357 5678 492 5738 4m"-
529 5662 616 5738 ίρ-
649 5735 656 5738 _
695 5661 773 5738 (ὁ)
800 5661 1040 5738 Witige-
1118 5665 1187 5734 (ο)
1217 5666 1447 5738 '_quem
1480 5665 1710 5738 fugienti

1981 5669 2071 5738 est
2097 5664 2401 5738 Joannes._
2453 5662 2529 5732 (d)
2560 5660 2830 5738 qgulii.
2886 5662 3060 5738 ‘(e)_C,
3097 5661 3517 5738 Gontharidem

196 5733 251 5792 et
277 5736 457 5806 infra.
536 5733 609 5811 α’)
642 5735 664 5757 "
697 5733 1118 5816 Vandalorum.
1196 5733 1324 5860 Ἑρ
1355 5733 1635 5819 Guntharl

85 5804 277 5860 Aliud.
362 5804 437 5860 (Ic)
468 5807 528 5860 C.
561 5808 721 5860 ortas
754 5805 835 5860 vel
864 5810 1035 5860 ostia.
1113 5806 1178 5860 (ll
1253 5848 1266 5860 .
1301 5822 1635 5860 ευρρθιιιωι]

1964 5737 2065 5791 ’lde
2099 5741 2295 5790 Baron.
2331 5733 2401 5790 ad
2429 5734 2703 5788 ann.545.
2782 5735 2851 5800 (ἰ)
2877 5735 2936 5801 C,
2972 5734 3317 5790 Cerostrata.
3398 5735 3517 5807 (1').

1964 5812 2047 5860 nt.
2127 5811 2224 5860 (τη)
2275 5808 2335 5860 C.
2387 5808 2657 5860 nenotem
2703 5821 2880 5860 suum
2929 5804 3202 5860 Viailius.
3281 5805 3362 5860 (nl
3394 5811 3416 5831 '
3457 5805 3517 5860 Si

85 5804 277 5880 Aliud,
340 5804 437 5877 με)
468 5804 721 5880 gortas
754 5805 840 5880 vet
864 5804 1072 5880 θετέα.-
1113 5804 1266 5880 (l)_C,
1301 5808 1699 5880 suggerimus,
1748 5804 2047 5880 inquiunt.
2127 5811 2224 5880 (τη)
2275 5808 2335 5880 C_,
2387 5808 2657 5880 nepotem
2703 5821 2880 5861 suum
2929 5804 3202 5880 Vigilius.
3281 5805 3362 5880 (η)
3394 5804 3518 5863 "Si

85 5823 277 5867 ωιυαρ
362 5823 437 5877 με)
468 5823 528 5871 U,
561 5823 721 5861 0118.8
754 5823 834 5860 υει
864 5823 1035 5861 οεῑια.
1113 5823 1178 5874 (ι)
1204 5823 1266 5874 U,
1301 5823 1413 5878 811g
1454 5824 1699 5877 erimus,
1748 5823 2047 5880 mqulunt.
2127 5823 2224 5872 (1n)
2275 5823 2335 5869 (Α,
2387 5823 2608 5876 [ἱεροῖο]

83 5893 217 5936 eum
248 5872 552 5935 inveneris
578 5874 641 5932 in
672 5873 917 5933 basilica
945 5877 1009 5936 B.
1039 5876 1191 5934 Petri
1219 5823 1469 5952 apostoli
1494 5896 1689 5954 parce.
1764 5883 1840 5952 (0)
1873 5882 1895 5905 "
1924 5877 2271 5956 impositum
2301 5876 2361 5932 in
2393 5874 2608 5934 navim.
