3934 6422
403 376 520 442 5'19
1569 382 1981 445 ANASTASll
2027 380 2655 446 BIBLIOTHEGARII
3724 392 3858 456 580

563 515 946 578 Decembris.
1023 516 1099 577 Et
1144 522 1406 596 rogante
1453 518 1688 598 populo
1733 524 1944 580 tentus
1987 524 2103 579 est.
2148 521 2298 580 Erat
2343 520 2510 581 enim
2565 520 2795 582 natalis
2853 519 2992 600 ejus
3053 521 3208 597 dies,
3256 542 3524 587 munera
3565 527 3858 589 tradens

561 625 821 705 populo,
868 626 975 704 qui
1021 631 1240 686 tenens
1283 626 1575 705 deposuit
1634 647 1774 687 eum
1843 647 1954 706 per
2007 627 2302 700 Tiberim,
2352 635 2414 688 et
2475 628 2642 688 misit
2704 629 2764 688 in
2827 630 3062 690 navim.
3111 632 3293 692 Plebs
3338 640 3546 695 autem
3596 635 3693 715 (α)
3751 655 3858 697 se-

441 734 516 793 10
559 733 872 812 quebatur
914 752 1054 793 eum
1103 733 1554 794 acclamantem
1606 732 1706 814 (ὁ),
1755 740 1824 794 ut
1866 735 2217 795 orationem
2265 735 2344 794 ab
2389 754 2461 795 eo
2507 736 2886 816 acciperent.
2935 739 3095 799 Data
3137 740 3444 814 oratione,
3494 743 3862 822 respondit

555 840 761 900 omnis
805 840 1076 920 populus
1121 844 1343 914 Amen,
1377 847 1441 900 et
1485 846 1656 900 mota
1711 847 1806 900 est
1862 842 2061 901 navis.
2109 842 2409 902 Videntes
2471 843 2761 918 Romani,
2809 845 2983 924 quod
3041 846 3456 929 movisset'(c)
3502 850 3724 923 navis,
3783 850 3856 910 in

554 967 680 1026 qua
725 948 984 1008 sedebat
1025 948 1312 1027 Vigilius,
1359 954 1510 1008 tunc
1553 948 1743 1028 coepit
1787 949 2058 1028 populus
2111 948 2356 1028 jactare
2418 955 2560 1029 post
2621 969 2764 1011 eum
2830 951 3094 1031 lapides,
3153 954 3372 1030 fustes,
3419 957 3735 1031 cacabos,
3791 963 3860 1019 et

553 1058 760 1117 dicere
810 1074 822 1116 :
873 1058 1094 1116 Fames
1139 1063 1248 1116 tua
1292 1062 1522 1128 tecum,
1573 1056 1926 1116 mortalitas
1971 1063 2178 1116 tecum
2227 1074 2239 1116 :
2293 1057 2455 1117 male
2498 1058 2700 1118 fecisti
2760 1061 3080 1134 Romanis,
3141 1062 3306 1123 male
3366 1063 3660 1126 invenias
3732 1083 3859 1125 va-

551 1165 669 1225 dis.
717 1167 794 1224 Et
837 1165 1091 1243 quidem
1140 1163 1225 1243 (ἄ)
1266 1170 1581 1225 amatores
1623 1163 1760 1242 ejus
1804 1164 2000 1224 secuti
2043 1183 2185 1224 eum
2233 1170 2380 1224 sunt
2422 1165 2498 1224 de
2543 1166 2831 1226 ecclesia.
3867 1241 3874 1246 _

636 1282 798 1334 105
845 1274 963 1345 Qui
1006 1273 1322 1351 ingressus
1366 1273 1643 1334 Siciliam
1690 1273 1752 1332 in
1799 1273 2118 1333 civitatem
2162 1275 2600 1348 Catanensem,
2658 1275 3000 1354 permissus
3062 1282 3156 1338 est
3211 1279 3417 1341 facere
3469 1281 3864 1342 ordinatio-

550 1400 695 1443 nem
741 1401 854 1461 per
900 1399 1175 1442 mensem
1220 1380 1582 1440 Decembris
1629 1379 2028 1459 presbyteros
2072 1385 2131 1440 et
2176 1380 2496 1454 diaconos,
2523 1381 2586 1440 in
2632 1382 2861 1461 quibus
2906 1385 3326 1446 retransmisit
3369 1389 3635 1449 Romam
3694 1390 3863 1448 Am-

549 1490 816 1569 pliatum
866 1489 1322 1569 presbyterum,
1372 1493 1436 1547 et
1477 1487 1938 1546 vicedominum
1987 1506 2194 1560 suum,
2241 1493 2305 1547 et
2346 1487 2748 1548 Valentinum
2795 1490 3188 1570 episcopum,
3236 1511 3274 1553 a
3318 1499 3536 1554 sancta
3581 1494 3662 1576 (e)
3721 1497 3863 1556 Ru-

553 1599 702 1670 ﬁna,
750 1603 813 1657 et
855 1596 1168 1668 Secunda,
1215 1595 1294 1655 ad
1340 1594 1822 1656 custodiendum
1883 1595 2210 1654 Lateranis
2254 1593 2362 1674 (f),
2410 1601 2474 1656 et
2516 1596 3003 1673 gubernandum
3065 1600 3328 1661 clerum.
3388 1603 3468 1663 Et
3528 1602 3680 1664 vale
3747 1604 3859 1663 fa-

549 1705 722 1766 ciens
765 1705 1082 1776 omnibus,
1129 1704 1447 1782 ingressus
1491 1708 1584 1762 est
1626 1701 2240 1780 Constantinopolim
2285 1702 2349 1761 in
2394 1703 2622 1780 Vigilia
2664 1703 2918 1764 Domini
2965 1707 3162 1767 nostri
3203 1708 3351 1768 Jesu
3397 1707 3659 1770 Christi.
3723 1709 3858 1771 Ob-

550 1813 688 1873 vius
731 1818 824 1873 est
867 1812 923 1872 ei
965 1811 1330 1890 imperator,
1379 1815 1440 1869 et
1482 1809 1837 1869 osculantes
1880 1827 1944 1869 se
1989 1813 2320 1888 coeperunt
2362 1811 2533 1882 ﬂere,
2597 1815 2659 1870 et
2716 1811 2894 1890 plebs
2957 1812 3063 1874 illa
3126 1814 3434 1893 psallebat
3477 1822 3625 1878 ante
3680 1834 3854 1878 eum

547 1939 746 2000 usque
792 1919 870 1978 ad
914 1918 1241 1978 ecclesiam
1286 1922 1518 1977 sanctae
1564 1916 1820 1995 Sophia:
1866 1933 1879 1976 :
1929 1918 2086 1976 Ecce
2131 1917 2386 1977 advenit
2429 1917 2794 1979 dominator
2835 1921 3158 1996 Dominus,
3209 1928 3328 1983 etc.

634 2036 798 2088 100
840 2029 960 2087 Per
1002 2025 1326 2086 biennium
1373 2044 1519 2086 vero
1564 2025 1822 2084 fuerunt
1877 2024 2316 2084 contentiones
2374 2025 2452 2086 de
2517 2026 2819 2087 Anthimo
2865 2027 3254 2106 patriarcha,
3301 2030 3624 2109 quomodo
3679 2049 3859 2111 pro-

549 2136 820 2197 misisset
861 2153 1004 2195 eum
1051 2133 1113 2192 in
1159 2133 1366 2192 locum
1430 2151 1611 2192 suum
1675 2131 2022 2203 restituere,
2070 2131 2425 2191 cautionem
2472 2135 2697 2193 manus
2740 2153 2869 2194 suae
2934 2134 2989 2194 ei
3049 2136 3453 2198 ostendentes
3495 2137 3854 2217 quomodo

549 2244 924 2324 promiserat
966 2260 1107 2300 eum
1155 2240 1214 2298 in
1261 2240 1546 2299 ordinem
1592 2257 1772 2297 suum
1822 2256 2137 2298 revocare.
2187 2238 2311 2301 Sed
2365 2240 2629 2318 Vigilius
2684 2241 3048 2302 nullatenus
3107 2243 3196 2304 eis
3256 2244 3456 2304 voluit
3497 2242 3856 2305 consenti-

549 2371 638 2423 re,
685 2350 790 2409 sed
838 2354 1016 2408 tanta
1061 2347 1393 2406 roboratus
1438 2345 1667 2404 virtute
1730 2345 1928 2422 magis
1988 2344 2146 2403 mori
2209 2344 2632 2419 desiderabat,
2681 2365 2872 2425 quam
2917 2349 3127 2409 vivere
3169 2349 3282 2429 (g).
3329 2353 3506 2412 Tunc
3550 2349 3856 2429 Vigilius

467 2463 502 2518 5
552 2476 716 2536 papa
759 2455 917 2514 dixit
965 2472 976 2513 :
1027 2457 1108 2515 Ut
1152 2452 1355 2523 video,
1406 2470 1530 2510 non
1577 2470 1674 2509 me
1723 2452 2003 2510 fecerunt
2065 2451 2144 2510 ad
2205 2457 2262 2510 te
2322 2453 2534 2512 venire
2592 2453 3010 2526 Justinianus,
3059 2461 3121 2514 et
3174 2456 3508 2518 Theodora
3553 2455 3854 2537 piissimi

551 2562 886 2642 principes,
934 2561 1040 2620 sed
1089 2559 1277 2618 hodie
1335 2558 1462 2618 scio
1525 2557 1693 2636 quod
1739 2558 2194 2617 Diocletianum
2243 2563 2304 2617 et
2347 2559 2777 2619 Eleutheriam
2823 2560 3071 2632 inveni;
3120 2561 3305 2621 facite
3351 2569 3421 2622 ut
3465 2564 3694 2637 vultis,
3755 2563 3855 2622 di-

548 2688 674 2748 gna
717 2668 882 2729 enim
931 2667 1108 2726 factis
1155 2666 1411 2744 recipio.
1456 2667 1632 2725 Tunc
1677 2665 1850 2724 dedit
1907 2665 2159 2744 alapam
2217 2664 2278 2723 in
2337 2666 2558 2725 faciem
2617 2665 2751 2743 ejus
2806 2667 3064 2746 quidam
3129 2667 3342 2727 dicens
3389 2685 3402 2726 :
3453 2669 3847 2741 Homicida,

549 2776 766 2850 nescis,
817 2775 1044 2854 quibus
1089 2774 1405 2853 loqueris?
1449 2772 1656 2833 Nescis
1702 2773 1850 2851 quia
1895 2771 2226 2832 Silverium
2277 2791 2508 2851 papam
2555 2772 2858 2846 occidisti,
2908 2778 2970 2834 et
3012 2773 3210 2834 filium
3272 2774 3552 2834 mulieris
3606 2775 3851 2837 viduas

548 2883 628 2944 ad
672 2883 874 2944 calces
918 2888 979 2943 et
1023 2883 1216 2941 fustes
1259 2880 1649 2940 interfecisti.
1705 2882 1881 2940 Tunc
1940 2879 2183 2956 fugiens
2227 2879 2289 2938 in
2337 2879 2664 2939 ecclesiam
2729 2885 2962 2940 sanctae
3023 2879 3415 2959 Euphemiaa,
3465 2882 3679 2942 tenuit
3733 2901 3850 2944 co-

429 2993 506 3054 10
547 2991 830 3051 lumnam
878 2989 1114 3049 altaris.
1164 2988 1279 3059 Qui
1325 2993 1560 3046 tractus
1605 2992 1698 3046 est
1742 2986 1820 3046 ab
1866 3005 1962 3058 ca,
2009 2991 2070 3045 et
2113 2984 2351 3063 ejectus
2395 2985 2545 3046 foris
2586 2985 2671 3066 (Ιι)
2718 2987 3070 3047 ecclesiam.
3118 2987 3414 3066 Fecitque
3470 2986 3838 3050 Theodora

545 3102 828 3177 Augusta
873 3096 1036 3156 mitti
1079 3096 1294 3154 funem
1341 3094 1403 3153 in
1452 3094 1683 3154 collum
1729 3093 1883 3170 ejus,
1934 3098 1996 3152 et
2041 3092 2204 3152 trahi
2251 3111 2362 3172 per
2408 3098 2602 3153 totam
2658 3091 2978 3152 civitatem
3037 3113 3236 3172 usque
3293 3095 3372 3154 ad
3438 3112 3826 3174 vesperum.

543 3209 718 3267 Tunc
763 3205 986 3264 missus
1028 3209 1121 3263 est
1165 3202 1225 3261 in
1273 3201 1645 3272 custodiam,
1695 3205 1755 3259 et
1799 3200 2070 3260 dabatur
2113 3199 2168 3260 ei
2213 3200 2529 3260 modicum
2578 3199 2758 3279 panis
2801 3205 2864 3260 et
2907 3218 3114 3279 aqum.
3166 3201 3381 3261 Clerus
3423 3207 3636 3263 autem
3699 3204 3837 3262 Ro-

453 3333 461 3339 '
547 3333 794 3386 manus,
853 3311 957 3391 qui
1023 3329 1166 3372 cum
1227 3329 1300 3371 eo
1360 3314 1516 3385 erat,
1581 3308 1754 3367 missi
1812 3313 1960 3367 sunt
2016 3307 2078 3366 in
2139 3307 2426 3367 exsilium
2496 3327 2606 3387 per
2667 3307 2912 3367 diversa
2973 3308 3131 3380 loca,
3199 3308 3279 3368 ad
3341 3309 3597 3370 metalla
3664 3309 3836 3370 inci-

468 1708 504 1764 5

545 3421 777 3481 denda.

635 3536 790 3588 107
839 3530 1015 3587 Tunc
1061 3525 1247 3587 Gothi
1293 3525 1576 3584 fecerunt
1618 3522 1737 3582 sibi
1783 3541 1994 3601 regem
2049 3521 2332 3582 Baduam
2397 3522 2487 3602 (ι’),
2549 3521 2659 3601 qui
2716 3521 2919 3583 Totila
2977 3522 3486 3602 nuncupabatur,
3548 3527 3611 3584 et
3676 3522 3836 3584 des-

545 3635 757 3697 cendit
796 3637 1081 3705 Romam,
1117 3639 1179 3692 et
1222 3632 1468 3693 obsedit
1509 3649 1670 3691 eam.
1707 3633 1782 3690 Et
1827 3630 1994 3690 facta
2039 3635 2131 3689 est
2172 3630 2370 3689 fames
2417 3629 2697 3689 maxima
2739 3629 2802 3688 in
2849 3629 3101 3690 civitate
3147 3633 3459 3698 Romana,
3506 3634 3577 3690 ut
3621 3630 3831 3691 etiam

548 3750 728 3803 natos
771 3762 915 3803 suos
961 3742 1193 3801 vellent
1236 3739 1588 3800 comedere.
1635 3737 1745 3798 Die
1806 3737 1873 3816 (ι’)
1932 3742 2140 3797 autem
2208 3737 2393 3796 tertia
2449 3737 2695 3796 decima
2751 3736 3032 3797 introivit
3092 3737 3155 3796 in
3215 3737 3532 3798 civitatem
3592 3740 3836 3798 Roma-

548 3870 720 3923 nam,
766 3851 982 3910 iudiet.
1032 3866 1134 3910 xxv
1183 3847 1289 3927 (lc),
1348 3865 1458 3926 per
1515 3850 1763 3924 portam
1824 3845 2023 3904 sancti
2080 3843 2282 3903 Pauli.
2349 3845 2511 3903 Tota
2570 3844 2734 3903 enim
2800 3849 2982 3904 nocte
3046 3843 3194 3904 fecit
3256 3843 3523 3904 buccina
3578 3842 3830 3922 clangi,

464 3963 502 4021 5
545 3977 742 4038 usque
787 3957 934 4016 dum
982 3961 1242 4015 cunctus
1289 3953 1562 4033 populus
1606 3953 1874 4030 fugeret,
1924 3957 2036 4011 aut
2079 3970 2191 4029 per
2235 3950 2527 4011 ecclesias
2571 3969 2636 4011 se
2680 3949 2982 4023 celarent,
3033 3969 3110 4010 ne
3155 3950 3367 4030 gladio
3414 3950 3688 4012 Romani
3738 3948 3827 4010 vi-

548 4073 675 4126 tam
722 4065 1000 4126 finirent.
1048 4065 1370 4140 Ingressus
1415 4065 1625 4119 autem
1674 4078 1781 4118 rex
1829 4058 2138 4118 habitavit
2182 4076 2323 4118 cum
2372 4057 2696 4129 Romanis,
2743 4057 2925 4136 quasi
2990 4063 3169 4137 pater
3225 4076 3367 4117 cum
3427 4057 3592 4118 ﬁliis.
3641 4059 3828 4118 Tunc

547 4173 806 4252 quidam
853 4172 929 4231 de
975 4169 1371 4230 senatoribus
1424 4167 1734 4245 fugientes
1793 4165 2077 4226 Techeus
2121 4164 2211 4245 (ἰ),
2259 4165 2548 4237 Albinus,
2611 4170 2674 4224 et
2733 4164 2999 4224 Basilius
3061 4164 3362 4245 patricius
3419 4162 3816 4232 exconsules,

542 4280 812 4359 ingressi
877 4285 1025 4338 sunt
1087 4275 1734 4354 ﬂonstantinopolim,
1820 4279 1883 4333 et
1944 4278 2255 4352 praesente
2336 4277 2480 4332 ante
2561 4272 3012 4350 imperatorem
3094 4271 3316 4332 afflicti
3389 4276 3453 4333 et
3513 4267 3812 4332 desolati.

545 4387 922 4449 ConSelalus
983 4391 1076 4446 est
1131 4389 1343 4444 autem
1405 4401 1514 4443 eos
1575 4382 1946 4461 imperator,
2013 4385 2076 4440 et
2145 4379 2371 4440 ditavit
2433 4398 2562 4453 eos,
2628 4379 2789 4440 sicut
2861 4377 3039 4458 digni
3100 4383 3284 4439 erant
3350 4376 3642 4438 consules
3691 4378 3815 4436 Ro-

549 4495 746 4556 mani.

633 4612 793 4663 108
839 4602 1076 4663 Eodem
1134 4607 1418 4680 tempore
1482 4597 1651 4658 misit
1710 4597 2056 4675 imperator
2112 4593 2510 4657 Justinianus
2567 4597 2893 4656 Narsetem
2957 4591 3322 4653 eunuchum
3384 4596 3446 4652 et
3503 4588 3820 4652 cubicula-

547 4711 707 4771 rium
753 4729 937 4770 suum
984 4710 1045 4768 in
1097 4709 1362 4780 italiam,
1411 4706 1542 4786 qui,
1590 4705 1739 4764 data
1784 4721 1998 4783 pugna
2041 4721 2183 4763 cum
2229 4700 2465 4771 Gothis,
2515 4700 2776 4760 donavit
2819 4699 2874 4760 ei
2922 4703 3083 4761 Deus
3127 4699 3481 4771 victoriam,
3527 4703 3592 4758 et
3648 4694 3819 4759 occi-

545 4840 649 4880 sus
693 4824 786 4879 est
831 4837 962 4889 rex,
1023 4824 1086 4877 et
1148 4813 1484 4875 multitudo
1546 4812 1896 4872 Gothorum
1955 4808 2267 4870 interfecti
2325 4814 2496 4868 sunt.
2561 4810 2737 4868 Tunc
2794 4807 3109 4867 adunatus
3169 4805 3372 4866 clerus
3431 4805 3816 4884 rogaverunt

545 4930 895 4998 Narsetem,
944 4930 1011 4984 ut
1059 4941 1184 4983 una
1227 4940 1366 4982 cum
1414 4920 1550 4998 eius
1594 4918 1998 4997 suggestione
2043 4921 2342 4994 rogarent
2386 4915 2756 4994 principem,
2812 4920 2882 4975 ut
2925 4914 2976 4974 si
3020 4914 3230 4975 adhuc
3273 4913 3510 4974 viveret
3551 4909 3816 4991 Vigilius

546 5053 737 5116 papa,
793 5039 904 5093 aut
951 5031 1386 5110 presbyteros,
1447 5046 1554 5088 seu
1619 5028 1918 5087 diaconos
1963 5024 2088 5104 (πη),
2135 5023 2232 5084 vel
2279 5023 2506 5095 clerus,
2553 5022 2663 5101 qui
2706 5041 2848 5082 cum
2895 5021 3115 5082 eodem
3163 5020 3388 5099 Vigilio
3444 5019 3699 5079 fuerant
3752 5013 3811 5073 in

544 5143 834 5204 exsilium
881 5138 1216 5218 deportati,
1267 5141 1752 5197 reverterentur.
1803 5136 2110 5212 Suscepta
2153 5136 2364 5190 autem
2412 5129 2717 5189 relatione
2762 5128 3064 5201 Narsetis,
3111 5127 3208 5188 vel
3253 5125 3463 5187 cuncti
3505 5124 3659 5185 cleri
3705 5124 3812 5182 RO‘

548 5253 719 5313 mani
765 5252 945 5311 laetus
990 5250 1248 5310 effectus
1292 5254 1385 5308 est
1428 5247 1794 5326 imperator,
1832 5250 1894 5304 et
1937 5240 2600 5326 omncshiuclytiejus
2644 5239 2930 5326 eoquod
2977 5238 3261 5326 requiem
3308 5237 3618 5326 donasset
3651 5236 3809 5294 Deus

544 5333 867 5395 Romanis.
919 5333 994 5390 Et
1039 5350 1184 5392 mox
1233 5329 1399 5388 misit
1433 5315 1751 5406 jussiones
1778 5315 1940 5385 suas
1987 5342 2099 5403 per
2141 5315 2390 5383 diversa
2431 5315 2590 5395 loea,
2640 5320 2747 5380 ubi
2781 5315 3172 5381 fuerant'in
3232 5317 3526 5379 exsilium
3583 5315 3804 5395 (lepor-

1565 5574 1828 5624 -NOTULJE
1872 5571 2263 5619 MABGINALES
2307 5573 2629 5618 FABROTTI.

460 5784 534 5854 (α)
567 5787 586 5805 ⁶
622 5782 788 5859 Plebs
821 5792 1013 5842 autem
1047 5793 1101 5842 et
1134 5787 1408 5859 populus.
1487 5786 1561 5854 (1:)
1592 5789 1612 5807 ⁴
1646 5782 1980 5859 acclamans
2011 5780 2354 5859 clamantes.
2378 5851 2410 5859 η
2434 5783 2505 5859 (c)
2549 5778 3050 5859 motaessetnc.“
3087 5773 3168 5859 (ιζ)
3199 5773 3498 5859 quidam.“
3543 5771 3615 5845 (ε)
3643 5755 3801 5859 (ἔδεέ

387 5839 650 5929 sanctas.
699 5839 1784 5929 μ)ίῌέιὶὲῖ-ὶιτῖέιὲὸῗἿῶγίὶὶιὲΒιινοη..
1819 5854 1887 5929 ad
1920 5854 2181 5929 ann.5_’i7.
2264 5839 2639 5929 (g.)_(_:_,‘_ibyas.
2720 5839 3266 5929 (1')_C,Bad_i_i_1l_larn.
3345 5846 3421 5921 (j)
3457 5839 3798 5918 C,‘quadam

387 5925 501 5996 die,
583 5923 657 5999 (Ic)
689 5921 864 5993 (3,13.
940 5930 1005 5999 (ι)
1036 5929 1097 5997 C,
1129 5921 1426 5986 Cintheus.
1507 5930 1605 6004 (in)
1635 5932 1657 5953 '
1691 5925 2036 6001 Presbyteri,
2069 5921 2321 5996 diaconi,
2361 5923 2487 5980 Vide
2516 5928 2718 5980 Baron.
2753 5921 2824 5977 ad
2851 5936 2985 5978 ann.
3018 5921 3148 5978 554.
