3950 6424
135 404 223 468 205
820 407 1231 467 SCHELESTR.
1272 403 1573 464 DISSERT.
1613 403 1706 460 DE
1743 403 1970 475 ANTIO.
2015 405 2190 463 ROM.
2240 407 2439 464 PONT.
2482 409 2822 467 CATALOG.

3435 415 3540 477 206

139 535 497 607 compositum
520 533 730 607 fuisse,
763 534 1174 606 inquirendum
1201 538 1288 590 est
1309 533 1414 624 hoc
1434 532 1622 602 capite
1646 531 1784 624 qui—
1803 527 1865 587 A
1889 530 2050 586 Vixit
2078 531 2230 588 enim
2262 533 2409 624 Beda
2438 535 2510 590 ab
2538 550 2690 593 anno
2714 535 2819 594 673
2845 555 3029 612 usque
3055 542 3126 598 ad
3156 560 3371 609 annum
3411 550 3540 624 735,

139 637 244 680 nam
282 623 370 678 illi
410 629 681 680 auctores
722 638 846 680 esse
897 624 1196 694 possint-et
1223 621 1582 693 quandonam
1623 620 1779 675 scri—

141 713 330 784 pserint
359 712 388 766 Ὺ
422 713 751 769 Notandum
788 719 979 770 autem
1006 718 1092 769 est
1115 712 1346 768 Librum
1387 709 1776 766 Pontiﬁcalem

140 804 218 860 hic
240 809 381 860 recte
404 804 465 859 in
486 804 636 860 duas
663 809 854 873 partes
871 801 1079 873 dividi,
1109 802 1167 857 in
1190 801 1440 872 priorem
1469 799 1772 864 nimirum,

142 907 246 965 quae
273 907 386 949 uno
415 893 565 964 stylo
595 891 668 947 ab
701 892 895 948 eodem
926 897 1162 947 auctore
1189 890 1515 959 conscripta
1540 887 1692 943 fuit:
1720 891 1778 941 et

140 983 508 1053 posteriorem,
531 995 658 1054 qua:
673 982 903 1038 diverso
920 981 1067 1052 stylo
1091 995 1124 1036 a
1147 979 1417 1050 pluribus
1435 975 1776 1035 auctoribus

139 1079 343 1128 exarata
374 1073 624 1128 videtur.
659 1072 738 1126 De
768 1071 952 1140 priori
987 1075 1164 1140 parte,
1199 1083 1325 1138 quae
1344 1069 1506 1123 Vitas
1535 1066 1776 1136 pontiﬁ—

140 1175 251 1217 cum
275 1175 386 1218 uno
427 1160 577 1231 stylo
607 1159 1031 1230 complectitur,
1067 1158 1310 1214 habetur
1335 1157 1584 1227 primum
1623 1161 1775 1210 tem-

141 1252 294 1322 poris,
345 1265 461 1323 quo
503 1251 834 1320 conscripta
882 1248 1014 1321 fuit,
1062 1249 1344 1306 indicium
1384 1248 1443 1303 in
1468 1247 1598 1302 Vita
1627 1247 1776 1302 Leo-

139 1341 218 1396 nis
257 1341 319 1408 II,
372 1340 434 1395 in
479 1352 592 1411 qua
632 1340 703 1396 de
741 1338 848 1395 hoc
889 1339 1160 1408 pontiﬁce
1218 1343 1487 1394 narratur
1525 1355 1540 1391 :
1597 1356 1623 1388 α
1669 1335 1774 1390 Hic

139 1431 370 1500 suscepit
386 1437 642 1486 sanctam
670 1433 886 1486 sextam
915 1429 1219 1499 synodum,
1247 1442 1374 1498 quae
1390 1441 1490 1497 per
1508 1426 1610 1482 Dei
1632 1437 1774 1495 pro-

136 1519 432 1576 videntiam
466 1533 650 1590 nuper
681 1520 742 1574 in
774 1519 931 1590 regia
957 1517 1098 1574 urbe
1126 1517 1410 1574 celebrata
1435 1523 1540 1572 est.
1573 1533 1599 1564 »
1630 1514 1771 1570 Cum

136 1609 268 1665 enim
286 1616 492 1666 auctor
511 1615 756 1665 testetur
780 1623 963 1678 nuper
993 1607 1052 1662 in
1076 1605 1218 1663 urbe
1232 1603 1772 1674 ConstantinOpoli—

139 1703 250 1753 tana
273 1697 618 1754 celebratam
660 1696 867 1754 fuisset
901 1701 1117 1754 sextam
1149 1695 1455 1767 synodum,
1487 1693 1772 1750 celebrata

135 1791 301 1841 autem
341 1786 425 1842 sit
465 1791 626 1843 sexta
669 1787 923 1857 synodus
963 1784 1072 1840 sub
1114 1783 1432 1855 Agathone,
1480 1781 1688 1837 Leonis
1725 1780 1774 1835 II

137 1831 301 1841 --.ω
341 1831 425 1842 .,.-
465 1831 626 1843 ..πη
669 1831 697 1842 υ
739 1831 923 1842 ..νην
963 1831 1069 1840 η,
1114 1831 1432 1855 --νηηηή
1480 1831 1684 1837 --πα
1725 1831 1774 1835 __

137 1875 550 1947 predecessore,
579 1831 730 1931 annb
751 1872 878 1944 684,
905 1879 1109 1931 auctor
1133 1873 1250 1929 hzec
1283 1871 1539 1928 scribere
1572 1869 1777 1926 debuit
1799 1831 1854 1893 Β

137 1976 229 2019 non
253 1963 453 2032 procul
486 1978 520 2020 a
547 1963 658 2020 ﬁne
674 1963 907 2034 septimi
936 1962 1134 2018 saeculi
1168 1980 1184 2030 ;
1215 1961 1363 2016 alias
1387 1959 1542 2015 enim
1577 1970 1774 2013 verum

137 2063 237 2107 esse
259 2065 371 2108 non
408 2058 600 2123 potest
635 2053 788 2122 quod
819 2050 992 2119 dixit,
1037 2065 1216 2119 nuper
1251 2049 1574 2102 celebratam
1606 2047 1779 2112 fuisse

142 2145 322 2195 sextam
370 2142 670 2211 synodum.
715 2140 1041 2196 Secundum
1088 2137 1374 2193 indicium
1429 2133 1673 2189 habetur
1721 2133 1779 2188 in

145 2231 244 2288 Vita
265 2233 532 2289 Cononis
561 2251 576 2302 ;
611 2232 692 2289 ibi
723 2234 877 2289 enim
900 2233 1116 2304 legitur
1144 2229 1215 2284 de
1242 2228 1368 2296 ejus
1387 2225 1783 2295 assumptione

143 2320 197 2375 ad
217 2321 643 2390 pontiﬁcatum,
673 2335 800 2392 quae
825 2334 975 2376 anno
1003 2318 1110 2376 686
1129 2317 1377 2387 contigit
1403 2333 1415 2368 :
1446 2336 1472 2367 «
1493 2319 1550 2370 et
1574 2313 1782 2367 missos

144 2410 328 2477 pariter
358 2423 479 2467 una
510 2424 640 2466 cum
672 2410 905 2466 clericis
930 2415 986 2464 et
1019 2407 1235 2478 populo
1257 2407 1326 2462 ad
1353 2401 1783 2460 excellentissi-

146 2510 274 2554 mum
318 2498 686 2555 Theodorum
731 2497 1063 2566 exarchum,
1117 2502 1184 2552 ut
1236 2507 1358 2550 mos
1396 2496 1502 2563 est,
1545 2490 1781 2546 direxe—

147 2593 276 2642 runt.
309 2605 336 2637 ι
368 2587 637 2644 Notanda
685 2592 824 2643 sunt
865 2586 982 2641 haec
1017 2583 1208 2653 verba,
1257 2588 1318 2637 ut
1349 2597 1462 2637 mos
1492 2584 1572 2635 est
1602 2598 1620 2645 ;
1662 2591 1776 2633 non

142 2677 268 2732 enim
293 2678 451 2734 dixit
482 2683 709 2748 auctor,
741 2681 805 2730 ut
831 2678 998 2730 moris
1024 2676 1140 2742 fuit
1168 2673 1276 2742 vel,
1308 2677 1370 2727 ut
1401 2673 1522 2742 ﬁeri
1549 2671 1773 2738 solebat,

141 2766 219 2820 sed
247 2771 302 2821 ut
325 2781 439 2821 mos
485 2770 568 2820 est
603 2765 985 2837 ;signiﬁcans
1020 2763 1145 2820 illis
1177 2761 1370 2819 verbis
1413 2761 1561 2816 hanc
1588 2760 1772 2816 Vitam

141 2856 507 2926 conscriptam
551 2853 735 2912 fuisse
783 2869 897 2926 quo
944 2859 1200 2924 tempore
1249 2852 1320 2908 ad
1369 2850 1647 2908 exarchos
1706 2848 1777 2904 de

139 2941 387 3001 electione
418 2945 561 3002 novi
603 2944 897 3015 pontiﬁcis
931 2943 1304 3011 referebatur,
1345 2941 1600 3012 adeoque
1639 2944 1777 2995 tunc

139 3044 247 3089 cum
266 3035 502 3090 exarchi
534 3034 816 3090 Ravenna:
844 3039 1009 3090 erant
1036 3051 1048 3088 :
1083 3031 1318 3089 fuerunt
1337 3036 1527 3087 autem
1553 3030 1780 3086 ducen—

142 3121 203 3176 tis
240 3122 406 3181 ferme
430 3124 610 3180 annis
637 3142 653 3194 ;
681 3123 980 3196 Longinus
1023 3123 1178 3179 enim
1224 3121 1449 3191 primus
1481 3134 1514 3176 a
1547 3119 1777 3176 Justino

1889 633 2147 714 cumqu_e_
2168 627 2308 714 post
2343 623 2608 693 Gregorii
2659 630 2898 714 secundi
2959 635 3378 713 pontiﬁcatum,
3439 623 3541 714 qui

1886 722 2036 764 anno
2083 705 2191 764 744
2233 712 2426 782 coepit,
2469 720 2526 768 et
2579 728 2730 772 anno
2782 713 2881 774 734
2939 721 3135 790 desiit,
3185 705 3544 789 Venerabilis

1886 798 2031 854 Beda
2052 803 2344 870 superstes
2365 799 2562 873 fuerit,
2591 804 2826 862 Librum
2854 808 3242 870 Pontiﬁcalem
3273 818 3466 876 videre
3490 826 3546 878 et

1886 887 2067 943 citare
2094 889 2302 957 potuit.
2329 889 2402 944 Ut
2432 891 2615 961 igitur
2637 901 2880 952 mentem
2906 912 3085 955 meam
3111 902 3182 958 de
3205 904 3366 962 Libri
3391 909 3546 966 Pon—

1886 976 2122 1034 tiﬁcalis
2170 984 2441 1055 tempore,
2497 996 2610 1053 quo
2661 983 2912 1053 primum
2963 989 3023 1044 in
3068 990 3251 1049 lucem
3303 999 3542 1072 prodiit,

1887 1068 2087 1137 paucis
2132 1068 2443 1140 absolvam,
2494 1073 2836 1130 crediderim
2869 1083 3001 1133 ante
3041 1092 3256 1136 annum
3295 1082 3404 1141 732
3429 1068 3544 1156 pué

1885 1165 2023 1221 blici
2060 1167 2217 1236 juris
2255 1166 2489 1238 factum,
2523 1171 2580 1223 et
2625 1163 2762 1220 huic
2793 1164 3122 1224 collectioni
3170 1172 3542 1241 appendicem

1886 1259 2080 1324 postea
2132 1254 2205 1310 ab
2266 1256 2460 1312 eodem
2517 1262 2752 1314 auctore
2806 1260 3158 1330 adjunctam,
3212 1277 3339 1333 quae
3385 1265 3546 1321 Vitas

1883 1344 2147 1416 Gregorii
2192 1347 2241 1400 Il
2289 1352 2345 1401 et
2389 1346 2653 1419 Gregorii
2707 1350 2782 1404 III
2828 1349 3330 1420 complectebatur.
3381 1353 3542 1422 Quod

1885 1431 2148 1489 ﬁrmatur
2185 1448 2254 1490 ex
2300 1435 2376 1490 iis
2415 1450 2541 1506 quae
2569 1437 2898 1494 observavit
2937 1440 3120 1495 Lucas
3154 1441 3489 1499 Holstenius
3531 1461 3543 1497 :

1884 1534 2015 1576 cum
2063 1521 2216 1576 enim
2263 1536 2459 1580 omnes
2501 1525 2836 1594 pontiﬁcum
2882 1527 3042 1583 Vitas
3085 1528 3280 1586 sidulo
3316 1531 3548 1599 pervol-

1883 1610 2083 1680 visset,
2117 1611 2412 1668 adnotavit
2456 1619 2611 1685 gesta
2652 1615 2991 1684 pontiﬁcum
3022 1630 3056 1672 a
3097 1618 3262 1674 Petro
3287 1620 3546 1690 apostolo

1885 1711 2072 1768 usque
2135 1699 2206 1754 ad
2255 1700 2607 1772 Zachariam,
2676 1704 2942 1776 Gregorii
2997 1708 3072 1762 III
3135 1723 3544 1781 successorem,

1886 1788 2082 1843 eodem
2146 1790 2385 1845 omnino
2437 1791 2583 1860 stle
2634 1793 2890 1864 adeoque
2945 1795 3016 1852 ab
3071 1798 3267 1854 eodem
3313 1805 3547 1858 auctore

1887 1878 2217 1948 conscripta
2289 1878 2488 1936 fuisse.
2568 1881 2924 1950 Superin
2981 1889 3300 1957 pontiﬁcum
3363 1889 3546 1955 Gesta,

1891 1965 2088 2036 inquit
2103 1968 2286 2022 Lucas
2305 1968 2642 2024 Holstenius
2667 1971 2727 2025 in
2754 1972 2910 2027 notis
2934 1973 3003 2028 ad
3025 1975 3213 2030 Vitam
3237 1978 3545 2049 Zachariae,

1891 2055 2136 2109 eumdem
2173 2057 2378 2124 stylum
2411 2063 2462 2112 et
2488 2063 2763 2113 auctorem
2791 2064 3176 2130 praeseferunt.
3207 2065 3383 2136 quue
3417 2081 3548 2123 eum

1893 2155 1962 2197 ex
2011 2142 2256 2200 lectione
2303 2146 2492 2216 ipsius
2543 2146 2682 2203 libri
2735 2154 2958 2205 constet
3003 2149 3166 2207 nulla
3213 2153 3550 2223 probatione

1896 2229 2158 2302 indigere
2186 2233 2474 2290 existimo.

1964 2315 2016 2373 3.
2072 2319 2258 2390 Objici
2312 2326 2497 2379 tamen
2552 2328 2737 2394 potest
2791 2326 2930 2385 huic
2985 2337 3196 2388 nostra;
3251 2337 3549 2393 sententiae

1889 2409 2207 2464 auctoritas
2235 2412 2532 2467 Humberti
2573 2415 2890 2472 cardinalis
2917 2417 3094 2488 Sylva:
3123 2421 3410 2494 Candidas,
3445 2425 3548 2498 qui

1892 2496 1951 2552 in
2003 2499 2284 2567 Opusculo
2329 2507 2528 2557 contra
2565 2504 2819 2559 Nicetam
2873 2506 3251 2580 Pectoratum,
3282 2512 3437 2570 edito
3471 2496 3552 2572 ab

1887 2584 2134 2643 Henrico
2163 2586 2396 2645 Canisio
2441 2594 2592 2645 tomo
2645 2592 2713 2646 VI
2751 2593 3139 2665 Antiquarum
3188 2600 3544 2674 Lectionum,

1888 2673 2080 2744 refert,
2126 2690 2158 2731 a
2203 2676 2408 2747 legatis
2443 2677 2762 2750 Agathonis
2808 2695 2964 2752 papae
3013 2684 3074 2740 in
3121 2693 3282 2742 sexta
3330 2692 3545 2759 synodo

1886 2763 2126 2820 citatum
2154 2765 2336 2821 fuisse
2366 2765 2554 2824 locum
2586 2782 2654 2824 ex
2673 2769 2866 2826 Gestis
2891 2773 3346 2848 pontiﬁcalibus,
3367 2779 3548 2835 adeo-

1888 2867 1997 2922 que
2041 2853 2276 2910 Librum
2321 2856 2711 2912 Pontiﬁcalem
2765 2861 3156 2932 conscriptum
3196 2863 3380 2922 fuisse
3415 2873 3548 2924 ante

1888 2947 2144 3012 tempora
2163 2944 2526 3000 Constantini
2557 2960 2736 3017 papae,
2753 2962 2885 3004 cum
2903 2949 3127 3022 Agatho
3159 2967 3259 3024 per
3275 2955 3543 3027 triginta,

1889 3029 2064 3087 ferme
2131 3045 2314 3088 annos
2381 3037 2512 3088 ante
2561 3033 3001 3094 Constantinum
3049 3039 3279 3097 obierit.
3334 3041 3542 3099 Verum

1886 3129 2191 3192 antequam
2230 3122 2369 3178 huic
2409 3121 2721 3192 objectioni
2767 3127 3156 3200 respondeam,
3210 3129 3372 3187 locus
3420 3132 3544 3201 ipso

139 3210 345 3270 iuniore
375 3183 695 3270 institutus
711 3183 1108 3269 estvexarchus
1133 3183 1284 3268 anno
1303 3206 1429 3278 567,
1455 3213 1780 3280 postremus
1803 3183 1852 3248 C
1873 3183 2131 3267 'aﬁ'erend
2143 3225 2208 3267 us
2237 3214 2343 3279 est,
2375 3183 2581 3281 qui-ita
2613 3212 2784 3270 habet
2802 3183 2952 3285 apud
2973 3183 3369 3274 Canisiumizv;
3382 3183 3544 3276 Tiinc

143 3297 432 3372 Eutychius
461 3303 538 3359 ab
553 3301 871 3372 Aistulpho
890 3300 1395 3374 Longobardorum
1423 3312 1552 3371 rege
1575 3297 1778 3368 pulsus

139 3403 252 3446 ann.
297 3388 420 3450 759.
469 3392 638 3449 Unde
678 3406 746 3449 ex
794 3392 1069 3463 praedicto
1117 3391 1242 3447 loco
1283 3393 1438 3460 patet
1482 3394 1773 3444 auctorem

141 3477 258 3534 Vitae
283 3481 534 3538 Cononis
560 3481 819 3538 scribere
851 3480 1122 3538 debuisse
1146 3484 1276 3535 ante
1304 3478 1555 3534 medium
1587 3476 1772 3533 octavi

141 3569 328 3641 seculi,
371 3586 486 3643 quo
512 3570 756 3628 exarchi
799 3584 904 3627 seu
949 3567 1199 3640 praefecti
1229 3567 1598 3639 imperatoris
1621 3566 1777 3621 Con-

139 3659 623 3730 stantinopolitani
667 3659 726 3715 in
769 3659 937 3715 Italia
960 3672 1087 3715 esse
1125 3657 1426 3714 desierunt
1469 3673 1480 3708 :
1524 3654 1777 3710 scribere

137 3751 300 3803 autem
350 3751 621 3819 potuisse
659 3748 815 3805 circa
864 3747 1050 3804 octavi
1094 3746 1292 3802 saaculi
1351 3745 1612 3809 initium,
1662 3757 1777 3814 quo

137 3832 384 3894 Ravennae
412 3840 677 3897 nondum
711 3837 906 3894 sedere
928 3837 1223 3894 desierant
1247 3833 1503 3903 exarchi,
1531 3833 1601 3888 ad
1633 3846 1779 3903 quos

135 3920 193 3977 de
229 3924 497 3985 electione
543 3927 682 3985 novi
732 3925 1026 3996 pontiﬁcis
1064 3922 1266 3980 referri
1314 3920 1555 3991 solebat,
1603 3925 1668 3976 ut
1709 3933 1780 3976 ex

136 4010 281 4070 Libro
306 4017 528 4074 Diurno
553 4021 806 4074 constat.

190 4099 237 4158 2.
268 4105 504 4165 Videtur
556 4109 762 4177 itaque
806 4106 976 4162 Liber
1011 4103 1372 4161 Pontiﬁcalis
1412 4100 1778 4170 conscriptus

135 4187 293 4249 fuisse
321 4203 447 4266 post
473 4200 723 4254 mortem
747 4194 1113 4252 Constantini
1149 4206 1326 4263 papae,
1355 4191 1458 4260 qui
1485 4203 1636 4246 anno
1663 4183 1770 4244 744

134 4277 277 4353 obiit,
299 4284 470 4356 idque
490 4286 766 4342 ﬁrmatur
785 4283 1131 4340 auctoritate
1154 4280 1534 4350 manuscripti
1555 4278 1777 4334 codicis

133 4370 365 4430 Vaticani
403 4374 570 4448 5269,
621 4375 726 4446 qui
787 4373 923 4429 licet
977 4377 1110 4429 ante
1155 4369 1262 4428 500
1305 4370 1542 4426 circiter
1592 4381 1775 4424 annos

131 4469 371 4520 exaratus
409 4464 509 4535 sit,
551 4478 624 4521 ex
669 4462 1005 4533 antiquiore
1045 4466 1230 4516 tamen
1275 4457 1605 4528 descriptus
1634 4455 1769 4525 fuit,

1887 3299 2198 3370 piissimus
2240 3299 2507 3371 princeps
2553 3301 2969 3361 Constantinus
3014 3306 3392 3380 interrogavit
3445 3323 3544 3366 eos

1887 3389 2139 3460 qualiter
2180 3389 2431 3446 Romana
2462 3391 2716 3448 Ecclesia
2755 3393 2824 3448 de
2861 3394 3150 3452 sacriﬁcio
3197 3397 3462 3468 corporis
3486 3403 3544 3454 et

1886 3478 2193 3549 sanguinis
2215 3479 2286 3535 D.
2326 3480 2392 3534 N.
2439 3480 2571 3536 Jesu
2612 3480 2830 3538 Christi
2872 3483 3133 3541 ordinem
3165 3491 3397 3543 teneret.
3445 3486 3539 3543 Illi

1885 3568 2349 3636 responderunt:
2380 3568 2442 3622 In
2481 3568 2662 3624 calice
2702 3570 2935 3626 Domini
2982 3585 3095 3628 non
3136 3573 3305 3630 debet
3352 3574 3541 3631 solum

1885 3654 2078 3710 offerri
2134 3655 2356 3725 vinum,
2422 3655 2518 3710 sed
2577 3670 2728 3726 aqua
2783 3657 3048 3714 mixtum.
3101 3677 3127 3710 υ
3185 3661 3256 3716 Et
3303 3666 3538 3730 postea:

1961 3762 1986 3793 α
2013 3741 2246 3798 Oblatio
2274 3755 2406 3797 vero
2437 3755 2565 3812 quae
2593 3744 2652 3798 in
2675 3743 3028 3800 sacriﬁcium
3054 3745 3258 3803 altaris
3281 3747 3541 3819 oﬁ‘ertur,

1888 3829 2108 3885 nullam
2152 3829 2612 3884 commistionem
2659 3835 2762 3886 aut
2805 3833 3233 3901 corruptionem
3277 3834 3542 3894 fermenti

1886 3916 2057 3973 debet
2091 3917 2318 3989 habere,
2353 3917 2508 3973 sicut
2537 3917 2697 3974 beata
2728 3919 2901 3988 Virgo
2930 3921 3110 3978 Maria
3139 3923 3356 3996 absque
3383 3927 3541 3982 omni

1888 4007 2262 4077 corruptione
2299 4005 2592 4063 Christum
2636 4009 2899 4079 concepit
2930 4015 2987 4066 et
3025 4013 3262 4082 peperit.
3295 4015 3441 4072 Hinc
3482 4017 3542 4072 in

1887 4095 2145 4152 Ecclesia
2172 4110 2294 4152 mos
2322 4095 2600 4167 obtinuit,
2630 4103 2694 4154 ut
2719 4098 3071 4156 sacriﬁcium
3099 4101 3304 4160 altaris
3334 4119 3446 4161 non
3481 4107 3540 4162 in

1887 4185 2072 4240 serico
2102 4190 2204 4242 aut
2232 4185 2292 4242 in
2320 4199 2507 4256 panno
2540 4186 2746 4258 tincto,
2767 4189 2864 4244 sed
2896 4188 2953 4244 in
2982 4188 3106 4246 lino
3132 4196 3358 4251 terreno
3385 4195 3544 4252 cele—

1886 4274 2106 4346 bretur,
2139 4275 2296 4331 sicut
2324 4290 2534 4345 corpus
2559 4276 2789 4331 Domini
2823 4275 2939 4332 fuit
2968 4277 3027 4332 in
3059 4277 3301 4337 sindone
3332 4284 3543 4342 munda

1886 4367 2176 4438 sepultum
2206 4383 2221 4436 ;
2256 4366 2340 4422 sic
2363 4371 2418 4421 et
2438 4365 2656 4422 oblatio
2679 4366 2893 4422 munda
2915 4367 3222 4426 debetesse
3241 4385 3272 4427 a
3291 4369 3545 4430 fermen—

1885 4461 1964 4524 to,
1980 4457 2145 4525 juxta
2169 4456 2366 4526 quaain
2383 4455 2576 4511 Gestis
2591 4455 3067 4525 pontiﬁcalibusa
3084 4456 3543 4531 beatoSylvestro

133 4555 306 4618 utpote
345 4553 555 4610 ﬁniens
595 4551 925 4622 catalogum
971 4548 1334 4620 pontiﬁcum,
1387 4559 1554 4616 quem
1600 4543 1772 4600 Libro
1800 4551 1855 4612 D
1886 4545 2132 4617 legimus
2159 4548 2462 4600 statutum.
2491 4562 2518 4594 ι)
2545 4545 2831 4602 Hactenus
2858 4545 3057 4617 legati,
3087 4556 3144 4604 et
3175 4564 3544 4623 prosequun—

132 4635 423 4698 Pontiﬁcali
449 4641 766 4714 praeponit,
787 4641 846 4696 in
865 4639 1143 4710 Gregorio
1157 4639 1225 4705 II,
1257 4635 1622 4694 Constantini
1648 4649 1773 4690 suc-

127 4740 343 4786 cessore.
387 4732 561 4788 Liber
594 4743 738 4788 vero
775 4727 1154 4801 Pontiﬁcalis,
1180 4727 1280 4798 qui
1321 4724 1674 4796 Catalogum,
1709 4724 1769 4779 in

128 4816 302 4874 codice
358 4819 773 4893 subsequitur,
829 4818 960 4874 ﬁnit
1015 4816 1110 4872 his
1161 4814 1402 4872 verbis:
1451 4815 1764 4882 Gregorius,

127 4908 323 4963 natione
346 4912 652 4972 Romanus,
681 4924 749 4962 ea:
773 4912 934 4978 patre
965 4906 1243 4969 Marcello,
1265 4905 1407 4960 sedit
1434 4918 1606 4958 annos
1642 4915 1760 4971 XVI,

125 5006 306 5051 menses
349 5013 430 5071 lx,
463 5001 582 5054 dies
620 5012 706 5054 xi.
737 4999 867 5054 Fuit
893 5000 1075 5051 autem
1096 4995 1422 5066 temporibus
1455 4993 1766 5054 Anastasii,

131 5083 407 5152 Theodosii,
464 5089 693 5151 Leonis,
726 5080 894 5157 atque
944 5086 1291 5141 Constantini
1333 5085 1710 5150 Augustorum
1748 5099 1766 5146 ;

127 5170 211 5227 ubi
232 5179 444 5233 tantum
473 5177 657 5234 refert
674 5171 1427 5246 tempus-poutiﬁcatussine
1440 5170 1580 5227 ullis
1599 5171 1766 5240 actis,

129 5272 187 5314 ex
214 5279 318 5333 quo
340 5267 653 5339 colligitur
679 5273 972 5322 auctorem
1001 5263 1234 5334 quidem
1260 5259 1561 5316 inchoasse
1583 5259 1767 5315 Vitam

129 5348 386 5425 Gregorii,
420 5357 518 5412 sed
553 5368 677 5412 non
703 5353 1043 5424 absolvisse,
1069 5352 1208 5408 dum
1229 5349 1396 5405 Liber
1414 5347 1772 5404 Pontiﬁcalis

129 5443 334 5506 prodiit.
359 5446 630 5501 Putarem
661 5442 849 5514 igitur
873 5446 1003 5513 post
1021 5440 1246 5497 obitum
1263 5437 1625 5494 Constantini
1648 5450 1772 5506 pro-

128 5526 283 5586 diisse
305 5533 539 5590 Librum
571 5531 975 5589 Pontiﬁcalem
1010 5549 1023 5585 :
1059 5528 1210 5600 quod
1244 5526 1480 5584 omnino
1503 5525 1772 5581 convenit

132 5615 194 5672 iis
213 5636 328 5689 qua:
364 5639 543 5695 supra
573 5620 912 5678 notavimus
933 5621 1004 5676 de
1033 5616 1361 5676 Venerabili
1393 5614 1559 5684 Beda,
1591 5628 1624 5670 a
1656 5627 1770 5684 quo

131 5709 352 5766 omnium
388 5713 579 5782 primo
614 5709 791 5768 Liber
822 5707 1178 5764 Pontiﬁcalis
1217 5706 1433 5762 citatus
1460 5702 1763 5772 reperitur.

1886 4638 1982 4690 tur
2001 4633 2138 4689 Acta
2171 4649 2186 4685 :
2214 4653 2240 4685 α
2272 4633 2430 4690 Tunc
2454 4633 2673 4703 placuit
2690 4634 2958 4704 piissimo
2980 4637 3233 4709 principi
3255 4641 3544 4698 Constan—

1884 4722 2008 4778 tino
2061 4721 2180 4777 hzec
2233 4721 2472 4778 traditio
2493 4723 2825 4791 apostolicae
2867 4724 3042 4795 sedis,
3086 4743 3113 4775 ι
3156 4733 3264 4783 etc.
3320 4730 3539 4784 Partem

1882 4809 2058 4880 hujus
2107 4810 2218 4866 loci
2265 4810 2337 4866 ab
2390 4810 2514 4866 illis
2579 4811 2789 4879 verbis,
2824 4813 2949 4866 hinc
3002 4815 3063 4867 in
3125 4815 3369 4869 Ecclesia
3418 4831 3529 4870 mos

1878 4901 2133 4962 obtinuit,
2190 4913 2291 4969 pro
2335 4899 2472 4956 libri
2516 4899 2873 4956 Pontiﬁcalis
2927 4899 3277 4969 antiquitate
3334 4901 3539 4958 citavit

1880 4989 2223 5047 Pearsonius
2256 4989 2312 5044 in
2345 4987 2619 5058 operibus
2664 4987 3009 5057 posthumis,
3062 4986 3296 5042 dissert.
3343 5002 3384 5052 1,
3432 4992 3533 5059 qui

1880 5078 2214 5135 nullatenus
2242 5077 2653 5132 animadvertit
2698 5077 2858 5144 Acta,
2889 5087 3015 5143 quae
3056 5074 3406 5131 Humbertus
3440 5091 3538 5133 re—

1882 5166 2010 5237 fert,
2049 5166 2293 5236 penitus
2338 5163 2662 5234 apocrypha
2709 5175 2852 5230 esse,
2884 5165 2942 5215 et
2985 5159 3058 5215 ab
3086 5161 3286 5232 aliquo
3333 5165 3536 5222 Latino

1881 5256 2034 5312 haud
2079 5253 2298 5309 dudum
2341 5256 2474 5306 ante
2511 5248 2811 5305 Humberti
2858 5254 3111 5318 tempora
3157 5249 3338 5308 fuisse
3389 5266 3532 5310 con-

1881 5346 2010 5401 ﬁcta
2044 5361 2059 5412 ;
2088 5355 2200 5397 non
2230 5339 2384 5394 enim
2413 5337 2721 5405 reperitur,
2752 5336 2810 5392 in
2842 5341 3000 5393 sexta
3021 5339 3238 5407 synodo
3262 5341 3532 5411 praedicta

1877 5430 2156 5490 allocutio
2201 5425 2564 5483 Constantini
2628 5425 3012 5495 imperatoris,
3068 5427 3152 5483 vel
3212 5429 3530 5501 legatorum

1880 5522 2036 5579 sedis
2066 5515 2396 5590 apostolica:
2427 5513 2742 5583 responsio.
2777 5515 2881 5571 Sed
2911 5529 3012 5571 nec
3040 5516 3210 5589 legati
3243 5532 3312 5574 ex
3341 5518 3534 5577 Gestis

1881 5605 2315 5681 pontiﬁcalibus
2366 5603 2546 5659 citare
2598 5607 2926 5672 potuerunt,
2981 5620 3106 5676 quae
3155 5608 3214 5665 in
3258 5607 3382 5664 illis
3422 5622 3532 5663 non

1883 5699 2271 5770 reperiuntur,
2296 5694 2449 5748 sicut
2471 5707 2583 5749 non
2604 5693 2974 5762 reperiuntur
2994 5698 3145 5766 apud
3162 5695 3535 5756 Anastasium
