3950 6476
414 444 525 507 207

1206 446 1301 502 ΑΙ)
1338 448 1774 506 ANASTASIUM
1806 449 2324 508 PROLEGOMENA
2360 454 2538 509 EDIT.
2580 455 3019 513 ROM.—VATIC.

3709 455 3806 515 208

417 587 925 644 Bibliothecarium
952 588 1010 642 in
1049 589 1355 659 S'ylvestro,
1385 605 1567 661 neque
1591 591 1739 660 apud
1774 596 2051 646 auctorem

2185 573 2362 631 Roma
2383 578 2706 648 scripsisse,
2735 579 2884 649 quod
2911 593 2979 635 ex
3009 581 3187 652 gestis
3212 581 3272 636 in
3295 595 3644 654 unoquoque
3670 596 3807 653 pon—

415 676 650 731 secundi
677 675 931 746 Catalogi
967 677 1023 732 in
1057 679 1272 746 eodem,
1309 679 1406 734 ubi
1437 681 1830 735 tantummodo
1851 679 2064 748 legitur

413 765 565 832 quod
599 773 832 820 sanctus
852 766 1135 835 Sylvester
1165 769 1554 837 constituerit,
1583 789 1608 819 ‹‹
1630 775 1695 824 ιιι
1714 768 2062 822 sacriﬁcium

2174 667 2326 721 tiﬁce
2378 668 2704 722 memoratis
2747 675 2939 736 aperte
2984 670 3343 739 comprobari
3399 679 3603 741 potest.
3659 673 3809 728 Sicut

2174 768 2418 824 namque
2445 755 2516 811 de
2545 757 2778 812 secundi
2810 757 3062 828 Catalogi
3089 765 3323 815 auctore
3351 761 3709 818 ostendimus
3731 775 3810 816 ca-

409 851 614 907 altaris
635 854 824 908 nonin
843 855 1047 922 serico,
1066 857 1319 926 nequein
1346 858 1726 925 pannotincto
1743 856 2066 911 celebrare—
2174 843 2292 912 Ὼίῐθ
2316 842 2369 910 (2,
2401 858 2531 900 eum
2559 859 2814 916 magnam
2847 845 3020 902 Urbis
3046 853 3104 902 ει
3129 847 3252 918 agri
3285 849 3524 904 Romani
3552 851 3810 906 nomiam

409 945 528 1007 tur,
577 941 693 996 nisi
729 947 950 996 tantum
983 942 1044 998 in
1101 943 1256 998 lineo
1283 963 1297 1010 ;
1324 951 1379 999 et
1405 945 1556 1001 sicut
1586 959 1795 1014 corpus
1835 943 2062 998 Domini

409 1030 594 1084 nostri
621 1030 755 1086 Jesu
801 1030 1018 1085 Christi
1053 1032 1112 1086 in
1143 1033 1386 1087 sindone
1426 1033 1579 1089 linea
1613 1034 1900 1102 sepultum
1955 1039 2058 1100 est,

410 1119 498 1172 sic
530 1119 704 1173 missa
749 1117 1152 1174 celebraretur.
1202 1138 1228 1168 ››
1260 1121 1386 1175 Hac
1429 1128 1566 1176 sunt
1599 1121 1766 1176 verba
1805 1121 2062 1176 auctoris

411 1207 647 1261 secundi
673 1207 950 1278 Catalogi,
978 1208 1128 1277 apud
1154 1222 1320 1278 quem
1341 1209 1501 1264 nulla
1526 1209 1854 1265 similitudo
1879 1210 2061 1264 insti—

409 1294 602 1350 tuitur
631 1295 781 1349 inter
801 1295 1228 1364 conceptionem
1253 1297 1312 1349 B.
1339 1298 1532 1352 Maria
1553 1297 1816 1368 Virginis
1843 1297 2060 1366 absque

408 1383 564 1438 omni
605 1385 994 1454 corruptione,
1035 1389 1093 1440 et
1135 1385 1480 1441 oblationem
1521 1386 1794 1441 sacriﬁcii
1844 1386 2060 1454 absque

408 1471 564 1526 omni
605 1470 923 1543 fermento;
957 1473 1222 1543 quinimo
1266 1474 1427 1530 nulla
1470 1474 1638 1543 plane
1683 1475 1894 1530 mentio
1938 1473 2062 1528 fer-

411 1560 588 1614 menti
619 1561 928 1629 reperitur,
955 1561 1106 1631 quod
1146 1561 1380 1618 verbum
1422 1569 1624 1618 auctor
1654 1563 2058 1631 praedictorum

409 1647 679 1702 Actorum
729 1647 854 1704 loco
906 1663 974 1704 ex
1027 1650 1220 1705 Gestis
1267 1650 1698 1718 pontificalibus
1757 1652 2058 1721 desumpta

410 1735 680 1804 adjunxit
709 1743 836 1805 post
865 1743 1116 1806 tempora
1154 1737 1446 1793 Anastasii
1476 1738 1928 1808 Bibliothecarii,
1958 1745 2062 1796 ut-

411 1828 542 1890 pote
582 1823 681 1892 qui
731 1823 939 1878 ultima
983 1824 1150 1878 verba
1191 1825 1271 1880 ita
1315 1825 1528 1882 refert:
1567 1848 1593 1877 ‹‹
1639 1827 1801 1882 Sicut
1848 1840 2059 1896 corpus

2174 931 2468 998 habuisse,
2500 947 2694 988 omnes
2723 933 2892 988 Urbis
2931 936 3194 1006 regiones
3221 942 3278 991 et
3300 938 3590 1006 ecclesias,
3625 951 3810 994 omnes

2171 1021 2539 1077 ecclesiarum
2575 1023 2854 1093 reliquias
2873 1029 2928 1078 et
2958 1024 3184 1095 titulos,
3208 1039 3405 1081 omnes
3425 1027 3550 1097 agri
3575 1027 3811 1083 Romani

2171 1107 2294 1162 vias
2305 1123 2612 1180 omnesque
2626 1113 3168 1168 viarumdistantias
3183 1121 3504 1184 perspectas
3517 1115 3808 1171 habuisse:

2171 1193 2256 1249 sic
2279 1201 2336 1250 et
2359 1197 2428 1250 de
2440 1197 2596 1252 Libri
2621 1198 2975 1255 Pontiﬁcalis
2992 1207 3226 1257 auctare
3239 1203 3548 1258 dicendum
3565 1204 3814 1268 videtur,

2171 1283 2308 1350 quia
2346 1298 2473 1340 eum
2502 1285 2693 1340 omnia
2721 1287 2821 1342 illa
2854 1287 2977 1343 loca
3014 1290 3274 1359 apprime
3303 1291 3549 1356 novisse,
3577 1305 3650 1347 ex
3695 1291 3815 1361 ipso

2169 1373 2340 1429 Libro
2377 1375 2676 1447 colligitur
2714 1375 2936 1448 Allegat
2970 1391 3382 1450 nonnunquam
3435 1379 3817 1436 instrumenta

2172 1463 2400 1533 publica
2434 1465 2492 1519 in
2523 1465 2757 1521 archiva
2779 1466 2934 1521 sedis
2957 1467 3286 1536 apostolica
3306 1477 3613 1538 asservata,
3645 1475 3712 1526 ut
3732 1480 3817 1539 pa-

2169 1556 2250 1606 tet
2277 1565 2346 1607 ex
2371 1553 2497 1608 Vita
2529 1554 2732 1609 Leonis
2753 1556 3013 1623 secundi,
3044 1555 3143 1612 ubi
3169 1570 3344 1627 agens
3362 1558 3433 1614 de
3452 1558 3820 1614 ordinatione

2167 1639 2614 1698 Ravennatensis
2641 1643 3061 1714 archiepiscopi
3099 1645 3326 1716 scribit,
3359 1659 3464 1716 pro
3494 1647 3676 1716 pallio
3707 1659 3816 1702 non

2168 1729 2438 1786 solvendo
2466 1731 2685 1786 editum
2715 1733 3097 1788 constitutum
3143 1735 3290 1803 quod
3317 1735 3536 1789 archiva
3569 1737 3822 1791 Ecclesia

2169 1820 2488 1872 continetur.
2534 1821 2600 1875 Et
2634 1833 2702 1876 ex
2744 1820 2874 1875 Vita
2912 1821 3150 1878 Joannis
3176 1822 3242 1888 V,
3290 1824 3389 1894 qui
3421 1837 3573 1880 anno
3601 1823 3715 1881 685
3752 1825 3820 1880 ad

409 1881 638 1964 homini
671 1911 854 1965 nostri
878 1913 1010 1967 Jesu
1036 1911 1254 1967 Christi
1281 1913 1339 1967 in
1371 1913 1612 1969 sindone
1641 1915 1819 1969 lintea
1846 1881 2058 1970 manda
2085 1881 2138 1941 Β
2172 1907 2564 1973 pontiﬁcatum
2590 1913 2922 1978 assumptus
2940 1914 3046 1973 est.
3071 1909 3172 1964 ubi
3201 1911 3272 1966 de
3296 1881 3515 1968 Novelli
3537 1913 3826 1970 Sardiniae

411 1998 697 2066 sepultum
737 2005 841 2067 est,
889 1999 974 2054 sic
1007 2001 1178 2054 missa
1229 2000 1635 2058 celebraretur.
1682 2021 1707 2052 ι)
1754 2003 1861 2057 Ubi
1894 2017 2058 2059 nemo

412 2098 524 2140 non
551 2086 705 2140 videt
727 2086 844 2140 hac
860 2087 1208 2158 signiﬁcare,
1242 2089 1393 2158 quod
1421 2091 1576 2146 sicut
1601 2105 1811 2160 corpus
1839 2090 2056 2147 Christi

408 2172 469 2228 in
501 2173 742 2229 sindone
773 2174 947 2229 lintea
977 2177 1263 2245 sepultum
1296 2184 1401 2243 est,
1431 2179 1516 2233 sic
1547 2179 1898 2236 sacriﬁcium
1924 2195 2060 2236 cor-

409 2262 568 2330 poris
607 2263 824 2318 Christi
858 2263 1038 2318 linteo
1069 2265 1282 2319 mundo
1324 2266 1644 2336 offerretur,
1693 2283 1821 2338 qua
1869 2274 2056 2324 tamen

407 2351 469 2405 in
501 2350 754 2406 alienum
785 2365 1014 2406 sensum
1043 2352 1267 2408 detorta
1306 2360 1462 2422 sunt,
1489 2362 1545 2410 et
1573 2356 1641 2410 ad
1685 2359 2057 2426 quastionem

403 2440 476 2494 de
523 2437 798 2494 fermento
847 2439 1000 2494 inter
1035 2441 1262 2496 Gracos
1303 2447 1360 2496 et
1404 2443 1636 2498 Latinos
1691 2451 1818 2513 post
1863 2445 2055 2500 Photii

405 2533 662 2596 tempora
704 2533 884 2583 ortam
936 2529 1213 2584 translata
1253 2529 1345 2586 his
1383 2531 1573 2586 verbis
1608 2549 1620 2586 :
1665 2535 1742 2586 sic
1766 2539 1816 2587 et
1857 2534 2057 2587 oblatio

402 2617 616 2669 munda
641 2617 793 2670 debet
810 2633 921 2670 esse
937 2634 970 2670 a
987 2619 1270 2683 fermento.
1296 2620 1508 2674 Auctor
1530 2620 1714 2690 igitur
1735 2623 2054 2678 testimonii

402 2702 479 2758 ab
503 2703 810 2759 Humberto
835 2705 1127 2760 cardinale
1150 2706 1312 2761 allati
1347 2714 1475 2776 post
1503 2713 1686 2762 ortam
1715 2708 1866 2764 inter
1892 2708 2058 2764 Gra—

402 2805 504 2846 cos
549 2797 606 2846 et
634 2793 866 2848 Latinos
905 2792 975 2847 de
1006 2807 1146 2862 pane
1174 2807 1369 2864 azyma
1415 2800 1472 2850 et
1514 2794 1850 2852 fermentata
1891 2813 2056 2868 qua—

401 2880 649 2935 stionem
679 2881 845 2948 vixit,
885 2881 1026 2936 adeo
1053 2888 1118 2937 ut
1147 2881 1296 2936 nihil
1347 2882 1512 2951 plane
1555 2897 1656 2952 pro
1707 2885 2053 2956 antiquitate

399 2967 563 3023 Libri
589 2968 944 3024 Pontiﬁcalis
964 2983 1032 3024 ex
1057 2969 1182 3038 ejus
1209 2969 1400 3025 verbis
1415 2970 1591 3026 statui
1618 2973 1820 3040 possit.
1845 2975 2052 3030 Verum

400 3055 644 3126 proinde
694 3062 801 3125 est,
847 3056 998 3125 quod
1039 3057 1158 3126 jam
1198 3057 1620 3128 adnotavimus,
1668 3061 1870 3116 Bedam
1925 3063 2056 3130 pri—

397 3158 556 3200 mum
588 3144 788 3213 fuisse,
823 3144 922 3214 qui
950 3158 1014 3199 ea
1044 3144 1268 3212 citavit,
1295 3159 1362 3200 eo
1383 3147 1533 3216 quod
1556 3147 1744 3216 ipsius
1773 3151 2056 3218 tempori—

395 3233 510 3289 bus
534 3233 700 3288 Liber
727 3233 1082 3288 Pontiﬁcalis
1115 3233 1173 3287 in
1206 3233 1387 3289 lucem
1417 3235 1611 3291 editus
1640 3235 1833 3292 fuerit.

472 3318 523 3375 4.
556 3321 695 3376 Cum
717 3321 900 3392 igitur
925 3320 997 3375 de
1023 3325 1274 3390 tempore
1299 3327 1520 3378 constet
1541 3337 1654 3392 quo
1678 3324 1845 3380 Liber
1867 3327 2051 3382 Ponti-

397 3409 584 3464 ﬁcalis
614 3409 866 3478 scriptus
882 3406 1014 3478 fuit,
1039 3412 1216 3463 restat
1240 3413 1304 3463 ut
1323 3409 1393 3465 de
1411 3415 1644 3466 auctore
1663 3411 2048 3485 inquiramus,

396 3499 612 3568 dequo
661 3497 1008 3552 Pearsonius
1044 3497 1340 3554 dissertat.
1376 3511 1416 3566 ι,
1467 3511 1590 3568 cap.
1646 3497 1731 3568 4‘2,
1780 3515 1937 3556 num.
1967 3500 2042 3558 8:

398 3605 427 3638 α
467 3585 683 3642 Auctor
710 3585 836 3654 ejus
878 3597 1198 3654 anonymus
1239 3592 1295 3641 et
1347 3586 1603 3643 incertus
1656 3589 1850 3645 saculi
1901 3592 2046 3646 sexti

392 3674 660 3744 scriptor,
693 3680 750 3730 et
780 3679 967 3729 status
1015 3673 1323 3743 primitiva
1350 3675 1620 3730 Ecclesia
1646 3677 1883 3747 ignarus
1913 3678 2046 3750 fuit,

393 3763 545 3819 unde
572 3764 840 3834 pluribus
881 3768 940 3818 et
985 3761 1156 3819 fadis
1198 3763 1497 3820 erroribus
1544 3771 1739 3836 scatet,
1785 3767 2049 3839 ﬁctisque

391 3853 825 3909 narrationibus
850 3851 1055 3921 plenus
1077 3857 1228 3906 est.»
1245 3853 1369 3907 Hac
1393 3853 1484 3908 vir
1500 3854 1768 3911 eruditus
1789 3857 2040 3927 quidem,

393 3940 490 3994 sed
523 3953 555 3994 a
587 3941 866 4010 religione
895 3939 1180 3994 catholica
1211 3939 1462 4010 alienus,
1507 3943 1602 3997 cui
1652 3945 1889 4012 proinde
1933 3959 2044 4000 non

395 4026 578 4094 placet
625 4027 726 4080 illa
757 4027 977 4081 rituum
1006 4031 1063 4080 et
1105 4027 1498 4084 doctrinarum
1546 4031 1888 4100 antiquitas,
1921 4047 2047 4100 qua

393 4114 664 4185 religioni
699 4114 995 4170 catholica
1024 4113 1129 4169 hoc
1163 4115 1220 4170 in
1259 4116 1410 4172 libro
1453 4116 1734 4171 tribuitur
1772 4119 1916 4172 etde
1937 4132 2048 4186 qua

392 4203 770 4272 sequentibus
794 4203 1088 4274 capitibus
1116 4216 1372 4274 agemus.
1410 4205 1781 4257 Revertamur
1811 4203 2050 4270 proinde

390 4289 459 4346 ad
489 4291 647 4346 Libri
674 4300 988 4362 auctorem,
1005 4307 1174 4363 quem
1200 4292 1345 4346 male
1367 4289 1564 4344 saculi
1589 4289 1734 4342 sexti
1757 4294 2048 4344 auctorem

389 4379 561 4446 dixit,
587 4383 738 4434 recte
767 4393 1113 4450 anonymum
1145 4378 1390 4433 vocavit.
1413 4377 1536 4428 Non
1564 4375 1716 4428 enim
1742 4383 1922 4446 sexto,
1951 4379 2047 4432 sed

2167 1995 2422 2064 episcopi
2451 1995 2813 2052 ordinatione
2843 1997 2963 2052 sedi
2994 1998 3324 2067 apostolica
3360 2000 3631 2056 restituta
3663 2000 3827 2056 amr-

2169 2089 2326 2138 mat:
2362 2084 2516 2149 Quod
2553 2085 2670 2152 ejus
2718 2087 3112 2157 chirographus
3156 2090 3374 2143 archiva
3420 2091 3680 2145 Ecclesia
3722 2091 3826 2145 de-

2167 2176 2345 2225 tentus
2366 2179 2462 2225 est.
2491 2175 2572 2228 Ex
2597 2174 2812 2243 quibus
2830 2188 2940 2230 non
2968 2175 3208 2231 obscure
3238 2176 3435 2248 colligi
3459 2177 3698 2233 videtur
3723 2191 3826 2234 au-

2167 2265 2380 2314 ctorem
2409 2259 2590 2316 fuisse
2614 2261 2978 2318 bibliotheca
3013 2264 3321 2332 pontiﬁcia
3352 2271 3456 2320 aut
3476 2266 3722 2322 archivo
3749 2280 3828 2321 se-

2164 2347 2260 2402 dis
2287 2348 2615 2416 apostolica
2643 2348 2990 2418 praefectum,
3017 2351 3131 2406 nisi
3159 2353 3293 2421 quis
3318 2353 3510 2408 dicere
3531 2353 3675 2410 velit
3694 2367 3831 2410 eum

2167 2435 2234 2489 ad
2277 2436 2574 2490 archivum
2615 2442 2716 2491 aut
2758 2435 3166 2492 bibliothecam
3198 2438 3472 2496 habuisse
3500 2454 3828 2511 accessum,

2167 2523 2365 2592 sicque
2394 2536 2462 2577 ex
2490 2522 2724 2578 archiva
2751 2521 2961 2577 citasse
2982 2524 3134 2593 quod
3163 2525 3222 2580 in
3243 2538 3310 2582 eo
3339 2530 3623 2584 asservari
3655 2529 3835 2586 vide—

2168 2615 2256 2665 rat
2283 2610 2369 2665 vel
2399 2617 2738 2681 cognoverat

2235 2696 2288 2753 5.
2312 2698 2496 2768 Atqus
2519 2697 2794 2756 hactenus
2813 2699 3044 2770 quidem
3063 2701 3136 2757 de
3157 2701 3259 2758 illa
3279 2701 3434 2758 Libri
3460 2703 3836 2764 Pontiﬁcalis

2166 2793 2342 2856 parte,
2375 2801 2501 2857 qua
2544 2789 2740 2844 eodem
2787 2789 2957 2860 stylo,
2989 2788 3059 2845 ab
3089 2789 3281 2845 eodem
3321 2797 3555 2847 auctore
3599 2795 3836 2865 scripta

2161 2876 2410 2945 videtur,
2441 2876 2820 2944 complectens
2846 2877 3142 2946 pontiﬁces
3170 2891 3202 2933 a
3233 2879 3397 2934 Petro
3421 2883 3690 2950 apostolo
3723 2898 3838 2940 us—

2163 2977 2274 3033 que
2306 2964 2374 3019 ad
2403 2964 2744 3035 Gregorium
2771 2967 2860 3019 IlI.
2895 2966 3059 3020 Nunc
3087 2966 3158 3021 de
3181 2965 3361 3022 altera
3388 2975 3548 3036 parte
3592 2971 3832 3040 prafati

2165 3052 2302 3108 libri
2327 3053 2630 3124 agendum,
2663 3067 2789 3122 qua
2807 3053 3038 3109 diverso
3059 3055 3207 3124 stylo
3236 3061 3487 3125 exarata,
3517 3065 3624 3126 est,
3659 3065 3724 3115 et
3748 3059 3840 3116 in-

2161 3141 2308 3212 cipit
2335 3156 2466 3196 cum
2500 3142 2628 3197 Vita
2652 3142 2957 3211 Zacharia,
2990 3143 3091 3212 qui
3123 3156 3273 3198 anno
3302 3139 3411 3198 742
3437 3145 3726 3216 Gregorio
3757 3150 3838 3204 Ill

2084 3206 2132 3268 ί]
2163 3206 2462 3298 successit,
2489 3231 2559 3285 de
2605 3231 2774 3300 cujus
2798 3206 2978 3301 gestis
3005 3206 3233 3286 censuit
3276 3231 3459 3288 Lucas
3486 3206 3837 3292 Holstenius

2164 3321 2222 3375 in
2257 3334 2391 3376 mss.
2416 3321 2542 3375 suis
2566 3318 3042 3375 adnotationibus
3069 3337 3082 3373 :
3120 3338 3147 3371 α
3179 3321 3309 3376 Vita
3336 3322 3624 3378 Zacharia
3656 3339 3833 3395 papa

2161 3409 2310 3478 stylo
2353 3422 2466 3464 non
2512 3407 2664 3462 nihil
2709 3407 2944 3477 puriore
2974 3414 3030 3463 et
3081 3421 3320 3465 nervoso
3352 3411 3567 3480 scripta
3597 3419 3710 3482 est,
3773 3419 3838 3469 et

2159 3503 2278 3553 tota
2311 3497 2573 3554 historia.
2613 3515 2638 3548 ››
2686 3496 2845 3565 Quod
2893 3496 3173 3552 nimirum
3218 3497 3338 3553 hac
3366 3497 3494 3554 Vita
3523 3501 3838 3558 contineat

2159 3591 2332 3640 totam
2364 3584 2728 3654 pontiﬁcatus
2773 3583 3074 3639 historiam
3097 3589 3154 3638 et
3180 3589 3381 3640 auctor
3401 3585 3669 3644 diversus
3693 3602 3833 3644 eam

2157 3674 2328 3729 Libro
2357 3674 2679 3730 Pontiﬁcali
2701 3674 2995 3744 adjecerit,
3018 3687 3050 3728 a
3078 3687 3193 3746 qua
3223 3675 3370 3745 stylo
3395 3676 3667 3732 nonnihil
3695 3692 3832 3747 pu—

2158 3764 2310 3820 riore
2333 3764 2564 3820 differre
2592 3765 2842 3821 videtur.
2875 3763 3008 3818 Dixi
3040 3765 3310 3826 nonnihil,
3343 3764 3480 3834 quia
3509 3765 3567 3818 in
3601 3765 3836 3834 pleris-

2158 3867 2268 3923 que
2293 3855 2524 3924 quidem
2555 3854 2699 3910 locis
2721 3853 2776 3908 id
2808 3852 2998 3908 locum
3026 3851 3216 3922 habet,
3239 3851 3298 3906 in
3321 3852 3459 3908 aliis
3475 3859 3664 3910 tamen
3686 3860 3837 3925 sty—

2156 3941 2248 3996 lus
2265 3942 2521 4010 abjectus
2537 3941 2742 3997 etvilis
2761 3941 3010 4011 videtur,
3027 3941 3113 3997 uti
3131 3942 3188 3996 in
3206 3943 3604 4014 sequentibus,
3623 3957 3838 4014 quam-

2159 4029 2245 4083 vis
2269 4037 2325 4084 et
2356 4031 2454 4084 illa
2477 4030 2698 4098 puriori
2717 4028 2865 4096 stylo
2885 4030 3214 4100 conscripta
3239 4032 3401 4087 sint:
3427 4033 3585 4088 Nulli
3599 4035 3826 4089 malum

2151 4131 2254 4183 pro
2285 4119 2428 4168 man
2457 4117 2710 4177 reddens,
2741 4132 2912 4184 neque
2958 4120 3258 4174 vindictam
3303 4122 3602 4176 secundum
3639 4126 3838 4177 meri—-

2159 4207 2274 4254 tum
2313 4203 2577 4265 tribuens,
2608 4204 2704 4257 sed
2723 4206 2852 4272 pius
2877 4222 2941 4260 ac
2977 4210 3282 4262 misericors
3311 4225 3346 4263 a
3375 4215 3610 4278 tempore
3649 4212 3838 4266 ardi—

2159 4291 2399 4342 nationis
2429 4304 2541 4343 sua
2577 4292 2823 4346 omnibus
2849 4297 3052 4360 factus,
3093 4303 3202 4352 etc.
3246 4297 3458 4353 Catera
3489 4297 3836 4356 barbariem

2165 4377 2337 4430 istius
2366 4377 2554 4433 atatis
2596 4379 2871 4448 sapiunt:
2903 4385 3166 4450 Egressus
3195 4401 3263 4439 ea:
3302 4387 3404 4440 hac
3443 4390 3690 4444 Romana
3735 4393 3842 4444 ci—

389 4466 635 4534 septimo
661 4465 868 4519 saculo
896 4473 1098 4520 auctor
1122 4463 1278 4517 Libri
1322 4461 1676 4516 Pontiﬁcalis
1701 4462 1864 4531 vixit,
1897 4463 2054 4520 inte—
2081 4533 2130 4545 “
2159 4465 2347 4526 vitate,
2380 4482 2500 4519 cum
2528 4469 2899 4526 sacerdotibus
2927 4477 2979 4526 et
3008 4473 3147 4527 clero
3186 4479 3436 4544 perrexit
3478 4477 3841 4545 ﬁducialiter

393 4562 610 4619 groque
629 4549 840 4603 saculo
869 4549 1156 4603 recentior
1179 4555 1266 4603 est
1295 4561 1467 4618 quam
1493 4549 1838 4605 Pearsonius
1867 4551 2056 4608 credi-
2081 4533 2136 4594 D
2161 4557 2211 4606 et
2238 4554 2500 4608 audacter
2527 4556 2602 4610 ad
2630 4557 3025 4614 ambulandum
3048 4563 3108 4614 in
3135 4533 3308 4618 locum
3335 4533 3844 4623 Interannensium

392 4637 484 4692 dit
514 4653 526 4688 :
556 4646 875 4704 anonymns
905 4642 1092 4689 tamen
1139 4633 1273 4705 fuit,
1307 4636 1445 4706 quia
1477 4650 1680 4692 nomen
1725 4651 1892 4693 suum
1927 4639 2047 4708 ipse

396 4731 585 4779 tacere
629 4720 834 4791 voluit,
878 4722 1099 4792 aliique
1139 4723 1225 4777 vel
1273 4723 1614 4794 ignorarunt
1643 4725 1727 4780 vel
1761 4727 2047 4783 memoria

396 4811 635 4882 prodere
650 4808 992 4865 omiserunt.
1013 4811 1128 4866 Hoc
1146 4815 1332 4865 tamen
1360 4810 1510 4866 nihil
1532 4813 1784 4881 ejusdem
1807 4815 2047 4884 scripto-

397 4901 481 4955 ris
518 4897 854 4955 auctoritati
885 4897 1107 4953 oﬁicere
1134 4898 1382 4968 videtur,
1411 4913 1541 4954 cum
1576 4913 1676 4968 pro
1712 4914 1777 4956 ea
1801 4902 2044 4958 sufficiat

396 4989 546 5060 quod
581 4987 791 5058 locum,
814 4993 871 5042 et
889 4985 1138 5043 oﬁicium
1163 5001 1276 5058 quo
1303 4985 1537 5044 functus
1557 4994 1662 5056 est,
1699 5003 2048 5048 commemo—

395 5078 558 5132 rarit.
594 5079 733 5130 Nam
781 5088 850 5131 ex
893 5076 971 5131 iis
1020 5076 1266 5146 quisque
1310 5073 1478 5130 facile
1519 5075 1792 5146 colligere
1839 5080 2046 5146 poterit

397 5165 578 5220 fuisse
606 5165 794 5220 virum
836 5164 908 5219 de
937 5169 1092 5220 statu
1120 5164 1390 5219 Ecclesia
1414 5163 1628 5232 optime
1673 5165 2040 5236 instrﬁctum,

398 5253 798 5321 neminemque
859 5266 950 5306 res
1013 5251 1434 5307 ecclesiasticas
1491 5251 1672 5322 magis
1722 5262 2044 5324 perspectas

401 5340 689 5394 habuisse.
713 5341 784 5393 Ut
807 5347 997 5394 autem
1023 5341 1172 5409 quod
1187 5339 1441 5393 dicimus
1463 5339 1650 5407 ipsius
1667 5345 1922 5398 auctoris
1953 5350 2045 5399 te-

397 5427 694 5482 stimoniis
713 5427 1168 5496 comprobemus,
1193 5427 1252 5480 in
1268 5426 1528 5482 Sisinnio
1549 5429 1633 5482 sic
1649 5429 1812 5486 habet
1837 5450 1887 5486 :«
1912 5436 2046 5489 Erat

398 5519 588 5568 autem
619 5519 888 5570 constans
912 5515 1126 5582 animo,
1159 5520 1216 5568 et
1243 5528 1439 5570 curam
1469 5529 1642 5587 agens
1683 5532 1783 5587 pro
1814 5520 2048 5576 habita-

399 5599 624 5656 toribus
661 5600 837 5668 bujus
873 5602 1149 5657 civitatis.
1193 5621 1239 5675 »ν
1260 5603 1438 5659 Addit
1486 5605 1817 5662 Holstenius
1851 5625 1918 5662 ccc
1943 5625 2044 5664 ms.

399 5688 578 5744 codice
621 5688 1185 5744 Vaticano-Romano.
1225 5691 1378 5748 Adeo
1411 5699 1473 5749 ut
1499 5699 1722 5751 constet
1758 5703 2048 5753 auctorem

2164 4641 2357 4706 Urbis;
2379 4648 2435 4698 et
2458 4642 2607 4699 infra
2637 4664 2648 4700 :
2677 4647 2844 4700 Esum
2859 4651 3226 4718 sumpsit......
3261 4655 3625 4708 conviavit....
3651 4671 3844 4725 pra—

2153 4730 2482 4797 pcditianem
2505 4733 2824 4789 nitebantur
2843 4738 3095 4803 facere...
3126 4739 3236 4792 sibi
3277 4741 3660 4796 redonaret....
3691 4759 3844 4800 eum

2155 4819 2528 4887 repedandum
2564 4822 2885 4878 absolvit...
2916 4827 2978 4879 in
3007 4841 3112 4894 quo
3158 4832 3210 4882 et
3241 4843 3399 4882 suam
3441 4831 3596 4898 ﬁniri
3638 4833 3843 4888 vitam

2143 4905 2276 4973 jure
2298 4911 2581 4976 professus
2628 4915 2708 4964 est
2734 4911 3005 4980 juranda.
3055 4915 3182 4970 Hac
3222 4915 3281 4970 in
3328 4916 3454 4971 Vita
3496 4917 3839 4991 Zacharia,

2155 5009 2280 5065 qua
2307 5002 2492 5052 tamen
2511 4997 2698 5053 Roma
2722 5001 2938 5070 scripta
2959 5008 3115 5071 sunt,
3148 5008 3212 5059 ut
3242 5009 3397 5073 patet
3433 5019 3502 5060 ex
3529 5004 3655 5062 loco
3690 5007 3840 5076 jam

2155 5083 2351 5154 citato,
2386 5085 2486 5141 ubi
2513 5093 2713 5143 auctor
2739 5089 2920 5144 dicit:
2953 5106 3021 5144 ea
3047 5091 3150 5146 hac
3175 5094 3417 5148 Romana
3441 5096 3664 5149 civitate
3686 5097 3844 5156 illis

2152 5174 2305 5227 enim
2336 5174 3110 5248 verbisseRomascripsisse
3127 5181 3436 5253 signiﬁcat,
3467 5185 3844 5254 quodetiam

2153 5262 2531 5330 sequentibus
2581 5264 2862 5321 indicavit
2899 5284 2912 5320 :
2952 5287 2978 5319 α
3020 5269 3090 5323 Et
3118 5270 3205 5324 sic
3254 5285 3548 5342 regressus
3577 5280 3668 5328 est
3696 5275 3845 5335 Deo

2153 5349 2405 5418 propitio
2455 5365 2584 5406 cum
2629 5353 2880 5408 victoria
2919 5355 3105 5424 palma
3146 5357 3205 5412 in
3255 5358 3400 5414 hanc
3445 5359 3643 5416 urbem
3690 5364 3850 5424 Ro—

2157 5451 2303 5492 mam
2333 5455 2348 5508 ;
2379 5445 2436 5494 et
2466 5438 2616 5494 infra
2647 5459 2664 5494 :
2706 5461 2732 5492 α
2762 5443 2944 5512 Hujus
2987 5445 3238 5516 denique
3277 5449 3634 5518 temporibus
3682 5468 3848 5512 ma—

2157 5537 2331 5595 gnum
2382 5525 2712 5583 thesaurum
2769 5531 3049 5588 Dominus
3099 5535 3250 5590 Deus
3301 5542 3501 5592 noster
3563 5540 3626 5594 in
3705 5541 3850 5601 hac

2158 5613 2407 5669 Romana
2460 5615 2600 5670 urbe
2649 5631 2746 5686 per
2791 5619 3048 5675 eumdem
3109 5622 3425 5680 almiﬁcum
3475 5627 3848 5694 pontiﬁcem

2160 5701 2456 5771 propalare
2483 5703 2755 5774 dignatus
2779 5711 2884 5762 est.
2907 5709 2969 5762 ln
2997 5709 3308 5766 venerabili
3338 5711 3534 5784 itaque
3562 5717 3856 5784 patriar-
