3934 6408
236 311 354 372 623

1383 305 1794 368 ANASTASII
1838 305 2496 370 BIBLIOTHECARII.

3543 303 3666 364 624

238 443 560 501 familiares
591 440 1052 509 etiiciant,etiam
1086 443 1304 494 rectam
1338 439 1512 494 fidem
1538 455 1598 495 se
1612 439 1898 496 simulant
1923 441 1977 507 Α
2006 439 2260 495 visiones
2291 443 2348 494 et
2395 437 2655 495 schisma
2703 437 3006 505 faciendo;
3039 451 3142 508 per
3189 439 3510 509 potestates
3558 453 3666 509 pu-

238 516 574 572 vindicare:
612 513 863 569 maxime
895 512 1049 584 apud
1081 511 1309 583 cos,qui
1342 512 1578 566 fraudes
1609 510 1891 583 ipsorum,

243 593 300 644 et
330 587 495 643 dolos
526 586 818 659 ignorant.
841 606 879 659 Δη

315 653 1101 740 Narseti'quoque‘insinuat
1131 653 1407 735 (.Episl..5,
1427 655 1508 740 Iud
1539 654 1725 740 Nam.)
1757 653 1904 740 utusi

243 730 491 802 inquieti
507 725 848 802 hujusmodi
865 725 1446 802 hominesinveniant
1465 726 1768 802 quidpiam
1791 725 1902 802 sibi

245 796 959 878 molestiam'ingenerans
989 797 1048 878 in
1067 796 1361 878 decisione
1391 796 1904 878 synodigeneralis

245 868 745 943 Constantinopoli
773 869 1072 943 celebratae
1105 885 1208 941 per
1240 869 1490 943 primam
1520 868 1902 943 indictionem

245 963 433 1016 nuper
463 939 743 1022 elapsam,
782 963 809 992 «
831 941 915 1022 ad
937 939 1146 1022 sedem
1180 939 1582 1022 apostolicam,
1609 940 1903 1022 quomodo

245 1011 477 1088 semper
509 1011 728 1088 factum
759 1017 870 1078 est,
889 1011 1103 1088 electis
1153 1011 1452 1088 aliquibus
1481 1013 1573 1088 _de
1622 1011 1768 1077 Suis,
1803 1011 1904 1083 qui

247 1083 393 1165 dare
415 1092 471 1165 et
503 1087 764 1165 accipere
795 1083 1080 1165 rationem
1112 1087 1357 1165 possent
1381 1083 1680 1165 diriganti
1705 1089 1758 1138 et
1787 1100 1902 1165 non

245 1158 464 1215 clausis
506 1153 693 1214 oculis
740 1173 953 1228 corpus
998 1153 1211 1211 Christi
1259 1154 1360 1228 I_)ei
1408 1153 1614 1228 nostri,
1663 1153 1778 1228 hoc
1817 1158 1907 1210 est

245 1235 512 1287 sanctam
561 1225 904 1295 Ecclesiam,
937 1225 1216 1298 lacerent.
1263 1225 1757 1298 Comprimendos
1798 1243 1904 1281 au-

244 1307 365 1357 tem
397 1299 599 1355 subdit
628 1298 986 1370 hujusmodi
1003 1297 1274 1370 homines
1309 1297 1640 1370 principali,
1675 1297 1763 1352 vel
1804 1297 1904 1368 ju-

245 1371 439 1455 diciali
473 1368 856 1455 auctoritate;
892 1368 1273 1455 quia‘regulaa
1310 1368 1562 1455 Patrum
1599 1368 1720 1455 .bo-c
1767 1385 1905 1455 spe:

243 1443 467 1500 cialiter
499 1439 952 1507 constituerunt,
987 1445 1053 1496 ut
1083 1439 1152 1496 δί’
1169 1439 1694 1513 quaecclesiastici
1727 1439 1904 1495 ofﬁcii

243 1531 514 1587 persona,
547 1513 642 1570 cui
689 1514 993 1587 subjectus
1038 1517 1128 1568 est
1177 1510 1473 1587 festiterit,
1507 1510 1596 1587 vel
1636 1528 1904 1587 seorsum

244 1583 564 1670 collegerit,
598 1590 701 1641 aut
747 1583 930 1666 altare
979 1583 1244 1670 erexerit,
1289 1601 1392 1670 seq
1444 1583 1706 1670 schisma
1743 1584 1904 1670 few:

246 1658 340 1728 rit,
390 1655 501 1714 iste
543 1655 1086 1728 excommunicetur
1136 1660 1310 1728 atque
1359 1655 1693 1710 damnetur.
1720 1655 1902 1728 Quod

245 1730 295 1786 si
327 1725 492 1785 forte
543 1733 599 1786 et
649 1727 758 1784 hoc
805 1725 1246 1801 contempserit,
1279 1730 1336 1782 et
1373 1725 1780 1799 permanserit,
1815 1725 1902 1781 di-

2013 511 2195 583 blicas
2225 510 2612 583 opprimatur.
2646 533 2674 561 »
2715 510 2990 583 Producit
3036 508 3443 583 auctoritatem
3475 508 3669 583 syno—

2013 583 2070 637 di
2121 578 2616 638 Chalcedonensis
2664 587 2775 637 act.
2811 599 2887 647 1v,
2920 581 2979 635 in
3031 578 3278 652 epistola
3319 578 3669 652 archiman-

2014 653 2326 722 dritarum,
2379 659 2435 710 et
2483 653 2671 710 sancti
2719 651 3034 726 Augustini
3065 651 3145 707 fin
3196 651 3492 707 Enchirid.
3535 669 3667 726 cap.

2085 795 2455 869 Sanctushic
2487 797 2745 868 pontifex
2776 795 3000 869 potitus
3020 793 3380 869 estlaude,et
3397 793 3672 869 felicitate

2013 867 2316 939 spectandi
2331 865 2560 924 labores
2575 885 2714 924 suos
2735 865 3042 923 coronatos
3063 866 3498 939 compressione
3519 865 3676 922 schi-

2014 937 2221 1012 smatis
2253 956 2356 1011 per
2383 941 2659 1012 Africam,
2697 939 3014 1012 Illyricum,
3048 944 3105 994 et
3136 937 3384 1012 Italiam,
3419 938 3538 993 imo
3571 954 3676 1010 per

2014 1009 2354 1082 universum
2402 1009 2802 1066 Christianum
2848 1011 3072 1082 orbem,
3105 1009 3360 1082 exceptis
3396 1009 3676 1082 tantum-

2013 1082 2188 1153 modo
2217 1081 2490 1138 Ecclesiis
2523 1083 2726 1149 Istrize,
2761 1099 2828 1138 ac
2859 1081 3132 1148 Venetiae,
3158 1081 3440 1153 subjectis
3461 1085 3678 1153 metro-

2013 1152 2206 1226 politze
2252 1153 2880 1226 Aquileiensi.7Victor
2928 1155 3165 1210 Tunun.
3214 1151 3283 1208 in'
3332 1152 3542 1210 Chron.
3597 1151 3673 1208 ad

2014 1225 2152 1281 ann.
2185 1225 2310 1290 554,
2344 1227 2452 1280 555
2480 1230 2537 1282 et
2568 1225 2693 1280 459.

2085 1297 2149 1351 In
2182 1295 2384 1352 Galliis
2418 1313 2533 1352 non
2547 1297 2720 1354 modo
2733 1295 3019 1353 unitatem
3033 1312 3167 1352 cum
3183 1298 3387 1351 sancta
3409 1296 3678 1351 Romana

2015 1368 2151 1422 sede
2181 1368 2518 1428 custodivit.
2552 1369 2653 1425 sed
2697 1369 2873 1424 etiam
2924 1369 3197 1423 Romana:
3248 1367 3350 1422 sed
3399 1369 3678 1423 vicarium

2011 1455 2113 1510 per
2141 1441 2454 1495 universam
2487 1439 2727 1512 Galliam
2755 1439 3062 1496 constituit
3099 1439 3446 1512 episcopum
3472 1437 3674 1512 Arela-

2013 1509 2264 1583 tensem,
2298 1515 2539 1583 rogante
2569 1511 3102 1583 Childeberto;cum
3129 1509 3402 1583 antea—ab
3421 1509 3680 1583 inclina-

2015 1581 2172 1638 tione
2207 1580 2452 1655 Romani
2486 1582 2716 1655 imperii
2761 1583 2822 1637 in
2852 1581 2955 1638 illa
2985 1581 3283 1655 provincia
3304 1580 3677 1655 ecclesiasti-

2014 1670 2102 1727 ca,
2134 1653 2288 1727 parti
2319 1653 2590 1727 ejusdem
2605 1653 3041 1711 solummodo'a
3070 1653 3351 1711 Romanis
3382 1653 3678 1727 pontifici-

2013 1724 2515 1781 bus‘Arelatensis
2546 1727 2957 1798 praeﬁceretur.

1424 2071 1710 2142 LXIII.
1785 2069 2266 2143 JOANNES
2345 2072 2487 2142 III.

1159 2255 1324 2301 ANNO
1369 2253 1614 2300 CHRISTI
1659 2239 1798 2312 559,
1843 2253 2180 2300 wsrmum
2224 2255 2628 2303 lupaanoms
2673 2243 2773 2302 33.

496 2559 661 2611 uo
719 2551 999 2612 Joannes
1067 2548 1324 2610 natione
1385 2551 1729 2624 Romanus,
1779 2570 1856 2613 ex
1919 2557 2100 2632 patre
2163 2551 2524 2626 Anastasio,
2589 2550 2820 2612 illustri
2881 2547 3041 2622 viro,
3107 2548 3270 2610 sedit
3325 2567 3528 2610 annos
3575 2553 3685 2625 12,

412 2657 544 2717 dies
587 2658 686 2729 27,
735 2673 982 2716 menses
1029 2657 1095 2716 11
1144 2653 1254 2735 (α).
1303 2655 1416 2716 Hic
1460 2657 1698 2718 amavit
1739 2665 1800 2718 et
1844 2659 2224 2720 restauravit
2281 2657 2646 2720 caemeteria
2704 2661 3068 2718 sanctorum
3137 2660 3516 2735 martyrum.
3564 2655 3688 2716 Hic

415 2761 743 2825 constituit
785 2767 856 2823 ut
897 2761 1250 2823 oblationes
1293 2767 1356 2824 et
1397 2763 1699 2845 ampullas
1742 2763 1828 2847 (ὁ)
1871 2764 1970 2827 vel
2013 2765 2354 2826 luminaria
2406 2765 2470 2826 in
2535 2763 2770 2826 eisdem
2837 2761 3216 2825 cremeteriis
3280 2780 3390 2842 per
3457 2779 3691 2824 omnes

415 2867 782 2931 Dominicas
865 2867 943 2929 de
1015 2868 1340 2930 Lateranis
1412 2869 1950 2934 ministrarentur.
1997 2872 2111 2934 Hic
2183 2872 2448 2953 perfecit
2509 2871 2839 2933 ecclesiam
2898 2869 3332 2950 apostolorum
3392 2867 3688 2949 Philippi

335 2978 372 3035 5
420 2981 483 3037 et
523 2974 765 3049 Jacobi,
814 2979 878 3036 et
929 2974 1244 3036 dedicavit
1285 2995 1450 3038 eam.
1496 2977 1735 3039 Eodem
1783 2984 2069 3060 tempore
2133 2979 2352 3042 Heruli
2413 2979 2478 3040 in
2540 2977 2762 3040 Tarsia
2805 2977 2880 3059 (c)
2924 2981 3260 3049 venerunt,
3306 2980 3370 3036 et
3430 2974 3689 3036 levave-

415 3087 567 3144 runt
608 3081 728 3142 sibi
779 3099 994 3160 regem
1063 3081 1359 3144 Sindualt
1417 3082 1528 3164 (ἀ),
1596 3090 1659 3145 et
1707 3087 2084 3164 permebant
2146 3090 2439 3147 cunctam
2502 3085 2778 3147 Italiam.
2823 3087 2904 3145 At
2964 3100 3253 3162 egressus
3316 3084 3542 3142 Narses
3599 3081 3688 3142 ad

420 3207 590 3263 eum,
635 3188 1007 3250 interfectus
1060 3194 1155 3250 est
1211 3208 1344 3263 rex,
1392 3195 1454 3251 et
1513 3209 1766 3253 omnem
1831 3197 2085 3272 gentem
2149 3192 2529 3254 Herulorum
2585 3191 2704 3253 sibi
2757 3189 3145 3271 subjugavit.
3211 3188 3451 3250 Deinde
3510 3188 3691 3250 venit

423 3295 730 3376 Amingus
775 3295 901 3356 dux
945 3297 1356 3370 Francorum,
1407 3302 1469 3360 et
1528 3298 1913 3360 Bucellinus.
1962 3299 2166 3362 Simili
2228 3299 2418 3361 modo
2481 3303 2545 3362 et
2604 3297 2719 3379 ipsi
2788 3296 3166 3378 premebant
3226 3293 3497 3358 Italiam.
3559 3295 3687 3357 Sed

421 3403 768 3466 auxiliante
810 3402 1078 3465 Domino
1122 3409 1186 3466 et
1227 3404 1347 3486 ipsi
1391 3423 1429 3466 a
1470 3407 1730 3469 Narsete
1774 3407 2089 3469 interfecti
2132 3413 2300 3469 sunt.
2352 3409 2499 3469 Erat
2541 3425 2691 3485 ergo
2738 3410 2874 3467 tota
2926 3403 3110 3466 Italia
3151 3403 3458 3484 gaudens.
3504 3403 3689 3464 Tunc

297 3511 376 3574 10
417 3510 691 3574 Romani
732 3511 971 3573 invidia
1013 3511 1187 3574 ducti
1230 3513 1701 3593 suggestionem
1745 3515 2032 3577 fecerunt
2084 3515 2444 3578 Justiniano
2503 3512 2598 3594 (e),
2645 3518 2708 3574 et
2775 3511 3052 3593 Sophiae,
3103 3511 3256 3592 quia
3316 3509 3690 3592 expedierat

417 3619 719 3693 Romanis
763 3619 1004 3693 Gothis,
1054 3620 1308 3694 servire,
1357 3639 1552 3701 quam
1599 3622 1851 3684 Graecis.
1901 3621 2021 3686 Ubi
2081 3625 2308 3684 Narses
2365 3619 2696 3682 eunuchus
2757 3619 3048 3700 imperat,
3107 3623 3170 3679 et
3237 3617 3492 3679 servitio
3556 3635 3690 3678 non

416 3725 691 3806 subjicit.
738 3728 818 3787 Et
868 3726 1186 3806 piissimus
1242 3727 1536 3808 princeps
1607 3735 1823 3791 noster
1883 3728 2020 3790 haec
2081 3729 2356 3806 ignorat.
2403 3729 2528 3789 Aut
2588 3726 2788 3788 libera
2851 3745 2966 3787 nos
3032 3724 3110 3787 de
3172 3742 3366 3784 manu
3411 3721 3572 3802 ejus,
3624 3727 3694 3784 et

422 3832 740 3894 civitatem
787 3835 1164 3907 Romanam,
1213 3839 1325 3895 aut
1365 3841 1534 3896 certe
1577 3855 1689 3896 nos
1732 3836 2034 3915 gentibus
2078 3835 2502 3898 deserviemus
2551 3833 2654 3915 (Γ).
2702 3835 2838 3908 Quo
2893 3832 3132 3908 audito,
3181 3833 3407 3892 Narses
3467 3830 3624 3894 dicit
3671 3850 3688 3894 :

424 3938 492 4001 Si
536 3939 702 4001 male
748 3938 866 4000 feci
908 3939 1229 4014 Romanis,
1279 3941 1444 4002 male
1501 3941 1844 4004 inveniam.
1889 3945 2066 4004 Tunc
2132 3960 2421 4022 egressus
2479 3943 2708 4002 Narses
2767 3941 2847 4002 de
2909 3942 3130 4012 Roma,
3179 3937 3354 4000 venit
3414 3939 3689 4018 Campa-

304 4046 380 4105 15
423 4044 617 4120 niam,
667 4051 730 4108 et
771 4045 1018 4127 scripsit
1059 4047 1234 4127 genti
1276 4047 1870 4128 Longobardorum,
1917 4053 1988 4109 ut
2029 4049 2343 4122 venirent,
2393 4052 2455 4109 et
2497 4047 2894 4128 possiderent
2936 4045 3209 4107 Italiam.
3257 4045 3338 4106 Ut
3391 4045 3694 4124 cognovit

417 4152 695 4215 Joannes
766 4172 956 4234 papa,
1023 4154 1174 4234 quia
1234 4154 1706 4233 suggestionem
1767 4173 1948 4216 suam
2013 4155 2095 4216 ad
2154 4154 2607 4235 imperatorem
2667 4158 2890 4216 contra
2950 4154 3278 4214 Narsetem
3342 4151 3686 4228 misissent,

418 4259 685 4322 festinus
731 4261 902 4323 venit
945 4261 1300 4341 Neapolim,
1347 4261 1666 4342 coepitque
1710 4280 1854 4323 eum
1915 4262 2192 4325 Joannes
2254 4279 2424 4343 papa
2485 4280 2735 4340 rogare,
2801 4267 2873 4323 ut
2931 4265 3355 4322 reverteretur
3414 4263 3684 4322 Romam

419 4364 528 4447 (g).
574 4370 752 4428 'l‘unc
807 4369 1034 4429 Narses
1085 4365 1305 4428 dixit:
1373 4367 1504 4444 Dic,
1570 4368 1964 4431 sanctissime
2025 4387 2216 4449 papa,
2282 4367 2435 4448 quid
2497 4367 2664 4429 male
2725 4366 2847 4428 feci
2908 4364 3269 4427 Romanis?
3313 4364 3555 4428 Vadam
3599 4365 3685 4427 ad

416 4471 609 4552 pedes
651 4471 788 4553 ejus
829 4473 938 4554 qui
982 4491 1082 4534 me
1126 4473 1318 4550 misit,
1365 4479 1437 4536 ut
1479 4481 1820 4556 cognoscat
1861 4475 2065 4538 omnis
2107 4475 2314 4551 Italia,
2362 4475 2682 4556 quomodo
2726 4473 2876 4536 totis
2917 4473 3156 4535 viribus
3217 4472 3508 4535 laboravi
3561 4492 3680 4553 pro

295 4580 376 4641 20
416 4597 515 4641 ea.
563 4579 912 4660 Respondit
952 4580 1230 4644 Joannes
1274 4600 1466 4662 papa,
1513 4582 1729 4644 dicens
1773 4602 1794 4644 :
1839 4583 2035 4646 Citius
2078 4601 2194 4662 ego
2239 4583 2493 4660 vadam,
2539 4601 2733 4663 quam
2778 4586 2848 4643 tu
2907 4581 2987 4643 de
3049 4580 3170 4642 hac
3233 4585 3404 4642 terra
3467 4598 3684 4659 egres-

419 4705 524 4748 sus
565 4687 782 4750 fueris.
830 4689 1141 4749 Reversus
1183 4691 1280 4749 est
1323 4707 1474 4768 ergo
1518 4690 1745 4750 Narses
1801 4707 1946 4750 cum
2005 4689 2404 4757 sanctissimo
2464 4691 2711 4752 Joanne
2773 4706 2964 4770 papa.
3009 4689 3187 4750 Tunc
3250 4686 3685 4750 sanctissimus

418 4813 587 4876 papa
629 4793 893 4858 retinuit
935 4813 1000 4857 se
1043 4794 1109 4856 in
1153 4795 1518 4858 cmmeterio
1562 4801 1928 4858 sanctorum
1971 4797 2241 4858 Tiburtii
2284 4801 2347 4859 et
2387 4795 2728 4873 Valeriani,
2777 4801 2840 4858 et
2883 4794 3197 4857 habitavit
3257 4794 3347 4856 ibi
3408 4792 3682 4855 multum

420 4901 747 4983 temporis,
795 4907 867 4964 ut
909 4902 1103 4964 etiam
1159 4902 1490 4984 episcopos
1547 4909 1948 4966 consecraret
1997 4903 2257 4966 ibidem.
2320 4905 2548 4966 Narses
2607 4922 2757 4965 vero
2819 4903 3144 4984 ingressus
3205 4904 3494 4977 Romam,
3541 4904 3685 4982 post

419 5008 692 5071 multum
737 5009 1039 5091 temporis
1082 5015 1369 5072 mortuus
1413 5015 1556 5086 est;
1604 5010 1786 5092 cujus
1827 5031 2060 5093 corpus
2101 5010 2380 5093 positum
2426 5016 2522 5073 est
2561 5010 2627 5072 in
2670 5009 2896 5072 locello
2959 5008 3282 5091 plumbeo,
3331 5013 3397 5070 et
3456 5007 3682 5070 reduc-

296 5117 376 5176 25
422 5119 501 5177 ta:
546 5121 693 5178 sunt
771 5135 992 5178 omnes
1053 5115 1290 5179 divitiae
1366 5117 1450 5199 (l2)
1520 5117 1659 5198 ejus
1717 5118 2356 5200 Constantinopolim.
2402 5117 2642 5180 Eodem
2704 5123 2991 5198 tempore
3050 5117 3328 5180 Joannes
3390 5132 3561 5196 papa
3619 5119 3683 5176 et

417 5223 551 5304 ipse
612 5230 902 5287 mortuus
964 5230 1082 5295 est,
1131 5230 1194 5286 et
1252 5226 1537 5306 sepultus
1599 5226 1665 5288 in
1725 5226 1988 5290 basilica
2055 5226 2226 5290 beati
2284 5225 2455 5288 Petri
2515 5225 2634 5288 sub
2696 5225 2796 5288 die
2839 5226 2916 5287 13
2961 5222 3193 5286 mensis
3233 5221 3384 5286 Julii
3425 5221 3522 5304 (τ’).
3568 5222 3682 5282 Hic

296 5334 379 5395 30
418 5332 566 5395 fecit
608 5333 1043 5396 ordinationes
1085 5333 1243 5395 duas
1286 5352 1400 5416 per
1443 5353 1724 5397 mensem
1769 5334 2132 5398 Decembris
2191 5333 2595 5416 presbyteros
2658 5332 2884 5413 viginti
2939 5350 3169 5395 novem
3226 5330 3332 5414 (λ),
3379 5329 3680 5391 diaconos

1446 5502 1695 5551 NOTULE
1736 5503 2121 5552 MABGIEALES
2163 5504 2483 5552 FABBOTTI.

327 5627 408 5700 (α)
433 5627 496 5694 Β,
527 5644 670 5700 ann.
709 5633 795 5700 13,
830 5633 1030 5692 minus
1064 5637 1131 5692 14
1163 5637 1222 5692 d.

1301 5637 1380 5709 (ὁ)
1414 5638 1471 5706 C,
1509 5639 1738 5695 amulos.
1817 5641 1890 5709 (ε)
1925 5639 1983 5708 C,
2020 5638 2298 5696 Turciam
2331 5638 2421 5695 vel
2456 5637 2758 5695 Tusciam.

2837 5637 2917 5707 (d)
2945 5639 3008 5705 ϐ,
3038 5632 3306 5693 Sindual.
3338 5631 3470 5707 Vide
3495 5635 3680 5707 βαι-9η

261 5694 331 5781 ᾳᾳ
354 5711 500 5781 ψῃ
521 5698 740 5781 ροτηεῃί
767 5694 893 5760 555.
917 5777 945 5781 ῃ
983 5707 1052 5777 (ρ)
1087 5711 1148 5775 c,
1181 5694 1438 5764 Justirio.
1458 5694 1604 5767 'Vz'de
1632 5694 1949 5766 Βανοηῒὶιά
1969 5694 2130 5766 ἀηζήζ
2148 5694 2528 5767 ῡὼηίηίεδῚ.
2605 5711 2677 5781 (ῃ
2707 5694 2856 5766 Vide‘
2882 5694 3125 5765 ῥάιὶιιιγη
3153 5707 3305 5763 Diac.
3331 5704 3408 5760 lib
3440 5721 3457 5760 ι
3490 5703 3570 5781 de
3588 5703 3674 5781 Gs.

263 5763 730 5856 ξίξέίζτῖξῖίὲδαῖἐη
762 5789 879 5844 σαΡ-
988 5763 1852 5856 ί,ί(9)’Βᾳτὸτεζὶὸσζςρἰἶρἰρδὰὶ
1878 5763 2176 5856 regem;
2198 5763 3071 5856 idemeammeam
3119 5784 3446 5838 revocatum.
3528 5776 3631 5850 (ὴ)-

263 5831 574 5891 τεάυοτυπι
607 5831 858 5896 θειδυὼ
889 5831 1126 5904 ἀὶνίιίῖἕ.
1153 5831 1359 5921 ηδ’ρζ
1393 5831 1629 5912 ᾖξἰἀίίέ
1654 5831 2162 5928 ῇίιῑῖργεζέξζ
2203 5831 2327 5856 νη-
3529 5831 3545 5850 ι
3583 5831 3603 5848 ι
3694 5879 3696 5881 ν
