3950 6416
130 370 235 428 209

853 371 1260 428 SCHELESTR.
1305 371 1606 428 DISSERT.
1649 372 1739 426 DE
1776 372 2005 442 ANTIQ.
2048 372 2215 429 ROM.
2259 370 2463 427 PONT.
2510 374 2848 432 CATALOG.

3463 377 3569 438 210

130 496 263 554 chio
315 495 779 554 sacratissimum
831 496 983 553 beati
1027 497 1259 569 Georgii
1316 497 1587 567 martyris
1638 495 1787 550 idem
1819 495 1878 552 A
1906 500 2043 550 sunt
2084 496 2155 551 de
2199 497 2417 566 synodo
2458 498 2568 554 sub
2605 499 2981 557 Constantino
3021 501 3377 573 Copronymo
3415 515 3566 559 anno

130 585 543 642 sanctissimus
572 598 715 655 papa
748 586 808 641 in
843 599 1013 656 capsa
1044 586 1404 642 reconditum
1438 585 1651 655 reperit
1687 597 1789 639 ca-

132 679 347 743 put.....
382 675 444 729 In
474 674 792 730 venerabili
832 675 1102 730 diaconia
1130 674 1255 743 ejus
1284 674 1541 729 nominis
1571 672 1684 728 sita
1729 672 1790 727 in

131 762 233 817 hac
262 762 519 819 Romana
544 763 780 818 civitate
805 764 1040 833 regione
1064 764 1313 819 secunda
1343 762 1410 818 ad
1444 761 1645 817 Velum
1675 774 1791 816 au-

130 864 284 906 reum
314 851 465 908 illud
493 851 702 908 deduci
736 850 891 907 fecit.
921 871 946 900 ι)
975 851 1198 921 Quibus
1223 848 1494 907 omnibus
1520 850 1667 905 locis
1692 863 1790 905 au-

128 946 246 995 ctor
289 924 608 996 Romanam
652 941 849 996 urbem
891 954 1015 997 eam
1058 955 1181 996 esse
1226 940 1518 1010 significat
1563 939 1623 994 in
1673 952 1786 1009 qua

129 1036 462 1097 prasentem
496 1030 683 1084 Vitam
713 1029 973 1099 scripsit,
1004 1029 1105 1085 ubi
1136 1036 1193 1085 et
1221 1030 1417 1085 eodem
1450 1029 1598 1099 stylo
1629 1029 1785 1083 scri—

129 1118 241 1186 psit
265 1117 460 1173 Vitam
487 1117 762 1186 Stephani
789 1117 883 1184 IlI,
910 1118 1011 1189 qui
1035 1118 1323 1173 Zacharia
1354 1116 1656 1187 successit,
1680 1123 1782 1172 ut-

127 1211 250 1273 pote
268 1204 343 1259 de
370 1216 488 1275 quo
510 1204 755 1260 aﬂirmat
781 1206 931 1276 quod
968 1206 1317 1261 restauravit
1342 1211 1580 1275 quatuor
1603 1208 1659 1258 in
1681 1205 1783 1258 hac

122 1294 363 1347 Romana
389 1294 525 1348 urbe
554 1296 664 1348 sita
692 1296 1005 1363 antiquitus
1031 1295 1391 1357 aenodochia,
1422 1299 1477 1349 et
1510 1298 1782 1363 perpetuo

124 1385 425 1439 Romanam
453 1382 596 1437 hanc
639 1383 827 1437 urbem
863 1383 1025 1451 citat,
1071 1383 1350 1453 additque
1379 1397 1579 1438 versus
1610 1382 1778 1437 ﬁnem

121 1473 187 1527 de
212 1470 560 1526 civitatibus
589 1484 695 1541 ope
724 1471 957 1542 Pippini
995 1471 1265 1527 Ecclesia
1296 1471 1581 1527 redditis:
1621 1491 1647 1522 α
1679 1471 1781 1525 Do—

125 1561 410 1616 nationem
436 1560 495 1615 in
523 1560 761 1631 scriptis
782 1561 841 1615 B.
871 1562 1056 1631 Petro,
1082 1567 1256 1632 atque
1282 1566 1491 1616 sancta
1516 1563 1779 1617 Romana

120 1649 405 1719 Ecclesiae,
457 1650 544 1708 vel
592 1649 864 1707 omnibus
914 1652 974 1706 in
1019 1656 1356 1721 perpetuum
1404 1648 1778 1719 pontificibus

121 1740 448 1809 apostolica
482 1742 637 1798 sedis
680 1741 841 1797 misit
873 1739 1298 1811 possidendam,
1343 1753 1468 1810 qua
1498 1744 1555 1793 et
1596 1752 1778 1808 usque

1900 578 2008 637 754
2062 584 2559 654 Constantinopoli
2616 588 2918 658 celebrata,
2976 604 3146 660 quam
3200 605 3330 647 cum
3382 606 3563 661 nuper

1902 669 2105 726 factam
2149 687 2272 728 esse
2308 681 2512 729 auctor
2550 676 2786 745 scribat,
2835 691 3062 733 necesse
3103 686 3190 734 est
3232 694 3363 736 eum
3408 678 3561 735 circa

1902 758 2019 813 hac
2047 765 2299 829 tempora
2324 762 2514 817 Roma
2544 764 2869 832 scripsisse.
2899 766 3057 834 Quod
3085 781 3153 822 ex
3183 767 3562 837 sequentibus

1898 846 2118 903 clarius
2148 839 2383 918 patebit.
2428 851 2704 920 Sequitur
2740 854 2897 908 enim
2939 856 2997 909 in
3032 855 3203 910 Libro
3234 857 3557 912 Pontificali

1900 934 2025 989 Vita
2050 935 2288 991 Adriani
2328 938 2523 1007 primi,
2557 954 2727 1009 quam
2757 940 2913 1011 (licet
2936 943 3007 996 de
3032 956 3095 997 ea
3122 946 3303 1000 Lucas
3329 946 3562 1001 Holste-

1898 1022 2032 1077 nius
2077 1024 2228 1079 nihil
2273 1026 2651 1098 adnotaverit)
2681 1028 2752 1083 ab
2780 1030 2975 1085 eodem
3015 1038 3251 1087 auctore
3281 1035 3558 1102 scriptam

1894 1122 2016 1165 esse
2047 1118 2206 1182 puto,
2241 1119 2363 1169 tum
2395 1114 2467 1169 ob
2496 1117 2631 1186 styli
2664 1117 3083 1188 similudinem,
3119 1126 3239 1175 tum
3267 1121 3340 1175 ob
3377 1122 3560 1191 phra—

1894 1213 1984 1253 ses
2021 1201 2244 1257 easdem
2285 1210 2341 1257 et
2378 1205 2604 1259 eosdem
2655 1205 3044 1263 barbarismos
3093 1209 3195 1279 qui
3247 1210 3559 1279 phrasibus

1896 1288 2229 1344 miscentur.
2270 1291 2423 1346 Citat
2472 1292 2688 1365 ubique
2730 1296 2871 1349 hanc
2906 1298 3205 1351 Romanam
3243 1300 3449 1352 urbem.
3491 1300 3562 1355 Et

1892 1374 2110 1430 alicubi
2141 1378 2288 1433 dicit
2321 1398 2332 1433 :
2370 1379 2558 1435 Secum
2590 1398 2711 1436 eum
2749 1382 2853 1437 huc
2879 1385 3102 1439 Romam
3146 1386 3445 1441 reduceret.
3476 1389 3559 1443 Ex

1892 1464 2111 1534 quibus
2132 1466 2404 1537 loquendi
2430 1470 2615 1526 modis
2639 1472 2942 1542 colligitur
2967 1475 3116 1544 quod
3141 1481 3343 1531 auctor
3368 1478 3559 1531 Roma

1891 1553 2150 1622 scripsit,
2196 1564 2367 1624 prout
2404 1556 2574 1614 facile
2611 1561 2988 1618 confirmatur
3017 1576 3085 1618 ex
3119 1564 3195 1618 iis
3225 1578 3351 1635 qua
3383 1565 3556 1623 initio

1891 1639 2068 1709 hujus
2110 1642 2253 1698 Vita
2299 1644 2369 1699 de
2412 1646 2653 1703 Adriani
2703 1656 2861 1718 patre
2902 1658 3354 1708 commemorat:
3388 1658 3553 1709 Patre

1894 1729 2164 1784 Theodato
2213 1731 2425 1786 dudum
2477 1737 2695 1790 consule
2747 1742 2798 1791 et
2844 1740 2999 1801 duce,
3042 1741 3392 1808 postmodum
3429 1757 3554 1796 vero

124 1805 394 1884 hactenus
429 1829 491 1885 in
520 1830 755 1887 ποιηνο
788 1805 998 1886 δεήσαι)
1028 1836 1237 1885 nostra;
1264 1805 1535 1884 30619513,
1568 1805 1777 1881 reed"-
1803 1805 1856 1866 Β
1880 1820 2196 1886 primicerio
2240 1826 2444 1875 sancta
2471 1829 2670 1878 nostra
2705 1826 2977 1880 Ecclesia.
3009 1830 3090 1883 Ex
3122 1828 3216 1884 his
3244 1829 3397 1884 enim
3429 1830 3557 1884 cla—-

122 1918 230 1973 dita
277 1924 534 1975 tenetur.
573 1937 600 1968 n
643 1920 751 1974 Ubi
793 1927 995 1975 auctor
1036 1918 1281 1974 afﬁrmat
1323 1930 1383 1973 se
1427 1929 1540 1971 non
1586 1915 1773 1970 solum

125 2005 457 2077 Romanum,
508 2009 606 2063 sed
650 2007 825 2063 etiam
870 2008 1134 2062 Romana
1180 2006 1448 2060 Ecclesia
1495 2004 1774 2059 clericum

124 2095 303 2166 fuisse,
335 2097 685 2167 indicatque
706 2110 767 2151 se
791 2095 1028 2151 archivo
1056 2096 1376 2165 apostolico
1403 2095 1776 2164 prapositum

124 2187 382 2256 Stephani
434 2186 624 2242 Vitam
675 2185 1084 2255 conscripisse.
1134 2183 1309 2239 Addit
1350 2190 1561 2249 autem,
1609 2198 1778 2251 usque

126 2274 390 2337 hactenus,
416 2287 490 2330 eo
516 2275 670 2345 quod
700 2280 903 2329 auctor
924 2281 1051 2344 post
1074 2274 1314 2330 Paulum
1339 2272 1611 2343 Stephani
1638 2287 1780 2328 suc-

126 2376 411 2430 cessorem,
446 2364 624 2431 cujus
649 2377 880 2435 quoque
907 2363 1093 2418 Vitam
1119 2363 1314 2418 eodem
1343 2362 1492 2432 stylo
1513 2363 1780 2417 conscri—

130 2452 245 2521 psit,
274 2457 579 2521 superstes
608 2449 806 2506 fuerit.
838 2451 1035 2506 Trium
1068 2451 1265 2521 itaque
1298 2452 1501 2506 horum
1534 2449 1777 2519 pontiﬁ-

128 2551 235 2594 cum
263 2538 410 2595 Vita
453 2538 654 2594 eodem
694 2539 843 2609 stylo
887 2538 1139 2609 scripta,
1183 2544 1240 2594 et
1274 2539 1345 2593 ab
1379 2551 1492 2593 uno
1521 2552 1591 2594 ex
1621 2538 1773 2594 clero

129 2625 354 2684 Romano
394 2627 726 2684 Pontiﬁcali
771 2627 943 2684 Libro
979 2628 1214 2697 adjecta
1254 2632 1408 2683 sunt.

184 2712 229 2770 6.
249 2715 525 2788 Sequitur
548 2717 607 2772 in
625 2716 799 2772 Libro
817 2716 1139 2772 Pontificali
1160 2716 1289 2771 Vita
1305 2715 1580 2786 Stephani
1601 2716 1686 2785 IV,
1701 2717 1773 2772 de

132 2818 225 2874 qua
251 2807 429 2862 Lucas
460 2806 798 2863 Holstenius
838 2806 918 2862 ita
949 2806 1179 2863 censuit
1211 2825 1223 2861 :
1260 2827 1286 2858 «
1320 2807 1451 2861 Vita
1494 2805 1768 2876 Stephani

133 2907 263 2963 papa
279 2897 497 2966 scripta
517 2901 607 2952 est
624 2895 775 2966 stylo
793 2895 1019 2951 diverso
1040 2909 1072 2950 a
1088 2895 1511 2965 superioribus,
1538 2896 1773 2951 modos-

132 2995 222 3051 que
244 2983 512 3055 loquendi
541 2984 664 3040 sive
692 2983 1081 3040 barbarismos
1107 2985 1427 3054 peculiares
1451 2984 1639 3050 habet,
1665 2983 1767 3054 qui

134 3070 295 3127 nescio
331 3086 501 3143 quem
542 3070 983 3127 africanismum
1021 3086 1219 3143 sapere
1258 3072 1547 3128 videntur.
1582 3090 1609 3120 »
1637 3070 1767 3126 Hac

1890 1906 2120 1962 rissime
2160 1916 2314 1976 patet
2348 1916 2640 1966 auctorem
2682 1911 2862 1969 fuisse
2900 1929 2969 1970 ex
2998 1917 3150 1972 clero
3195 1918 3469 1987 Romano,
3498 1925 3556 1973 et

1887 1992 2080 2049 forsan
2104 1997 2493 2069 Lateranensi,
2512 2007 2614 2055 aut
2632 2000 2915 2057 Vaticana
2936 2004 3192 2058 basilica
3212 2007 3581 2077 ascriptum.

1888 2084 2040 2139 unde
2072 2082 2243 2139 facile
2280 2091 2561 2158 putarem,
2595 2088 2869 2158 Stephani
2911 2093 2980 2145 IV
3014 2097 3071 2146 et
3104 2092 3343 2148 Adriani
3378 2095 3551 2163 primi

1887 2170 2051 2226 Vitas
2080 2170 2263 2229 fuisse
2291 2175 2519 2229 tertiam
2547 2177 2918 2246 appendicem
2948 2178 3015 2233 ad
3048 2180 3283 2243 Librum
3310 2182 3556 2237 Pontiﬁ-

1889 2259 2068 2315 calem
2111 2279 2124 2315 :
2170 2261 2231 2315 in
2276 2264 2447 2332 cujus
2490 2266 2756 2320 veritatis
2797 2267 3291 2324 conﬁrmationem
3338 2270 3549 2326 adduci

1889 2355 2132 2416 possunt
2156 2350 2272 2405 duo
2298 2352 2699 2422 antiquissimi
2727 2355 2954 2409 codices
2987 2358 3389 2427 manuscripti,
3416 2358 3550 2413 Flo-

1888 2437 2153 2491 rentinus
2192 2437 2472 2493 nimirum
2511 2441 2696 2495 sancti
2738 2442 2934 2512 Marci,
2971 2449 3028 2497 et
3061 2443 3207 2499 alter
3243 2445 3553 2502 Christina

1883 2522 2194 2580 Succorum
2247 2527 2479 2597 regina,
2532 2529 2633 2597 qui
2680 2537 2807 2598 post
2848 2531 3031 2586 Vitam
3074 2533 3316 2588 Adriani
3372 2536 3545 2604 primi

1885 2611 2117 2682 ﬁniunt,
2147 2627 2212 2668 eo
2238 2616 2390 2684 quod
2423 2628 2491 2670 ex
2520 2616 2643 2671 illis
2672 2617 2831 2672 Libri
2864 2619 3220 2676 Pontiﬁcalis
3249 2622 3551 2680 codicibus

1882 2700 2158 2770 descripti
2191 2708 2399 2772 essent,
2435 2705 2537 2775 qui
2573 2711 2704 2761 ante
2737 2708 2973 2763 Leonem
3010 2708 3267 2780 tertium,
3302 2712 3545 2769 Adriani

1883 2789 2058 2857 primi
2091 2805 2501 2863 successorem,
2533 2795 2752 2850 exarati
2784 2802 2967 2852 erant.

1950 2873 2002 2931 7.
2036 2878 2311 2949 Sequitur
2330 2881 2459 2936 Vita
2484 2883 2689 2938 Leonis
2713 2885 2896 2955 tertii,
2924 2901 3052 2957 qua
3075 2888 3193 2945 alio
3218 2890 3368 2961 stylo
3391 2891 3550 2949 alio-

1883 2978 1994 3033 que
2018 2972 2252 3021 auctore
2276 2971 2604 3039 conscripta
2634 2977 2737 3026 est.
2782 2973 2967 3028 Nulla
3008 2978 3161 3031 enim
3202 2977 3439 3047 phrases
3476 2994 3547 3036 ex

1879 3060 2053 3123 Supra
2072 3054 2268 3110 relatis
2287 3057 2346 3111 in
2363 3070 2429 3112 ea
2451 3059 2847 3131 reperiuntur;
2870 3062 3106 3135 nullibi,
3124 3066 3262 3122 dum
3281 3067 3548 3126 Romana

132 3156 229 3227 ille,
270 3136 416 3216 nihil
459 3160 629 3216 aliud
678 3160 943 3216 indicans
975 3179 991 3229 ;
1023 3136 1201 3252 quare
1239 3161 1502 3216 divinare
1544 3166 1764 3252 Oportet

1950 3142 2047 3198 'bis
2096 3146 2440 3201 mentionem
2482 3145 2641 3219 facit,
2689 3164 3001 3218 pronomen
3042 3152 3184 3207 hanc
3225 3156 3537 3228 adjungit:

133 3259 253 3314 quos
278 3248 552 3320 loquendi
589 3250 785 3305 modos
827 3251 1147 3319 peculiares
1179 3250 1301 3320 ipse
1332 3255 1643 3306 notaverat.
1678 3249 1764 3303 An

1950 3245 1991 3285 in
2021 3232 2171 3287 dicit
2202 3234 2552 3304 pontiﬁcem,
2584 3237 2724 3292 dum
2755 3252 2823 3294 ex
2852 3240 3043 3296 Gallia
3072 3243 3330 3314 Romam,
3367 3246 3544 3302 rediit

1955 3322 2224 3345 ηυηςηη
2269 3322 2362 3345 υτ.
2390 3322 2737 3345 ,μωμημμ
2765 3328 2970 3345 nu-”
3007 3343 3061 3345 μ
3390 3333 3402 3345 .
3458 3334 3492 3345 --

134 3332 256 3390 inter
283 3317 414 3393 illos
441 3337 719 3394 censendi
752 3317 871 3394 sint
899 3317 1223 3409 sequentes,
1259 3338 1483 3408 judicet
1514 3338 1766 3407 prudens
1999 3322 2243 3421 venisse)
2268 3322 2738 3422 Sedfiﬂlplicner
2755 3328 3028 3422 βοωειηὶθ
3052 3331 3215 3385 urbis
3237 3333 3539 3422 meminit:

135 3421 317 3480 lector:
347 3427 734 3481 Monachicum
769 3429 888 3494 fore
935 3408 1278 3497 suscepturos
1320 3427 1584 3481 habitum.
1632 3430 1765 3482 Item
1879 3425 1905 3458 (τ
1938 3408 2164 3497 Francia
2214 3411 2429 3482 inqu":
2473 3412 2706 3469 Romam
2753 3415 2920 3471 illum
2963 3431 3232 3488 remeare,
3274 3420 3334 3474 in
3374 3435 3539 3479 suam

132 3511 360 3568 absolutis
380 3516 638 3569 omnibus
656 3530 840 3569 eorum
858 3515 1039 3569 rebus.
1157 3518 1218 3569 in
1247 3517 1573 3569 monasterio
1599 3515 1764 3568 clivi—
1873 3496 2246 3564 aposmlicam
2277 3499 2465 3554 sedem
2490 3500 2822 3574 honoriﬁce:
2846 3517 2977 3559 cum
3006 3506 3208 3579 nimio:
3235 3514 3300 3563 ιη
3317 3510 3535 3583 decuit:

134 3598 315 3655 Staturi
358 3604 581 3658 τειναάί
628 3606 898 3671 fecerunt,
932 3605 1041 3658 ‘ubi
1075 3606 1224 3673 fame
1267 3609 1317 3658 et
1358 3606 1454 3658 siti
1494 3618 1759 3666 cremans,

1950 3585 2190 3641 liserunt
2223 3587 2458 3657 honore,
2491 3590 2590 3657 qui
2627 3604 2726 3658 per
2755 3606 3220 3665 unamquamque
3245 3597 3536 3655 civitatem

133 3688 443 3761 clamansque
469 3708 701 3763 aquam,
732 3694 812 3747 ita
840 3694 1120 3747 exhalavit
1142 3694 1562 3762 spiritum.......
1592 3696 1763 3744 teme—
1872 3672 2374 3763 tanquaimlpsum
2406 3678 2791 3745 δυεῦιυίθηῐθε
2829 3681 3155 3747 aPDN-0mm
3197 3698 3381 3753 usque
3416 3686 3539 3742 ΒΟ·-

136 3776 285 3832 vitatis
310 3761 867 3851 prascriptione......
911 3761 1335 3835 insurrexerunt
1382 3795 1545 3848 super
1581 3781 1762 3848 ipsum
1873 3772 2019 3860 Tam
2068 3761 2451 3860 deductu?"
2486 3765 2657 3860 _Tu“c
2700 3767 2963 3860 immani?
3007 3783 3121 3836 pm
3162 3771 3345 3826 nimio
3387 3786 3538 3844 ἔπ’·

134 3847 556 3925 Hichaelium....—.
604 3885 801 3924 causas
846 3870 913 3924 de
952 3871 1195 3924 Justitiis
1238 3870 1302 3923 B.
1343 3847 1763 3923 ἢεί-ᾐκίσθη·-

1950 3861 1968 3902 )
2008 3862 2175 3903 suum
2221 3850 2565 3918 recipientes
2610 3858 2920 3920 pastorem.
2960 3895 2973 3908 .
3013 3895 3026 3909 .
3067 3896 3080 3910 .
3121 3898 3136 3911 .
3174 3897 3189 3911 .
3226 3899 3240 3912 .
3282 3877 3309 3908 ››
3342 3862 3410 3916 Et
3438 3863 3538 3917 in-

1870 3936 1957 3990 fra
1996 3953 2008 3989 :
2063 3955 2087 3987 «
2131 3937 2363 3993 Romam
2411 3940 2635 3995 intrans
2681 3955 2811 3997 cum
2862 3944 3045 4001 multo
3087 3948 3300 4018 gaudio
3336 3957 3392 4005 et
3429 3951 3537 4006 la—

1871 4025 2001 4080 titia
2029 4026 2086 4080 in
2112 4026 2528 4094 patriarchium
2561 4031 2936 4088 Lateranense
2966 4035 3220 4092 intravit.
3255 4055 3283 4087 ››
3308 4040 3387 4094 Ex
3417 4055 3533 4110 quo

1870 4112 2143 4184 loquendi
2186 4116 2352 4171 modo
2396 4115 2566 4172 facile
2604 4118 2977 4193 intelligitur,
3017 4133 3308 4183 auctorem
3356 4130 3533 4199 hujus

1874 4203 2011 4258 Vita
2052 4218 2164 4259 non
2211 4206 2377 4262 modo
2423 4207 2605 4262 alium
2644 4222 2769 4264 esse
2809 4224 2841 4265 a
2878 4212 3083 4284 priori,
3130 4218 3224 4271 sed
3269 4217 3527 4274 dubitari

137 4306 263 4363 nius.
288 4312 557 4371 Videntur
588 4329 840 4387 namque
871 4317 1016 4373 mihi
1051 4318 1308 4373 indicare
1341 4293 1575 4373 illorum
1609 4322 1760 4372 tem—
1868 4293 2236 4387 fifiaﬂl’osse
2270 4309 2406 4350 num
2438 4298 2628 4352 Romae
2659 4298 2935 4370 scripsit;
2964 4302 3115 4357 nihil
3141 4305 3295 4360 enim
3320 4307 3379 4361 in
3408 4314 3526 4363 tota

138 4407 304 4462 porum
331 4401 675 4472 barbariem,
710 4382 836 4475 φη
865 4406 1038 4461 etiam
1071 4406 1354 4461 Romanas
1382 4418 1551 4461 aures
1577 4418 1758 4461 οδω,
1869 4382 1972 4437 illa
2000 4384 2125 4439 Vita
2163 4387 2421 4441 occurrit
2457 4389 2608 4444 unde
2640 4401 2705 4444 ea
2729 4391 2801 4445 de
2838 4404 2897 4446 re
2921 4394 3207 4462 suspicari
3245 4395 3382 4451 licet
3407 4399 3523 4453 nisi

138 4446 1223 4563 imm",;;;;}‘.§,“;:m"zg;,g,efex
1258 4498 1547 4570 plerisque
1579 4501 1755 4570 hujus
1779 4480 1836 4542 D
1865 4493 1933 4535 ex
1961 4481 2084 4538 illis
2114 4483 2335 4538 verbis:
2373 4502 2400 4534 α
2430 4484 2587 4540 Nona
2618 4498 2753 4541 vero
2785 4486 3104 4544 indictione
3135 4490 3385 4561 peccatis
3416 4505 3527 4548 no-

139 4573 252 4631 vin;
279 4579 411 4639 locis
446 4592 741 4642 auctorem
771 4588 897 4657 ejus
924 4588 1115 4644 Roma,
1146 4590 1490 4660 scripsisse;
1524 4592 1753 4661 quando
1864 4574 2004 4628 stris
2035 4575 2474 4632 imminentibus
2507 4578 2702 4636 subito
2732 4586 3092 4639 terramotus
3123 4586 3309 4642 factus
3336 4587 3528 4658 pridie

138 4664 260 4721 enim
279 4669 344 4725 de
370 4673 501 4729 urbe
522 4677 702 4731 Roma
721 4677 864 4748 agit,
894 4676 1001 4734 hoc
1028 4678 1298 4749 loquendi
1331 4678 1497 4735 modo
1523 4680 1747 4736 υιηωεε
1863 4663 2146 4721 Kalendas
2164 4667 2321 4737 Maii,
2340 4674 2397 4723 et
2414 4669 2655 4726 ecclesia
2675 4672 2826 4728 beati
2850 4674 3012 4729 Pauli
3034 4677 3282 4745 apostoli
3303 4677 3375 4732 ab
3397 4679 3524 4747 ipso

136 4751 186 4804 In
219 4755 343 4813 hanc
370 4763 669 4819 Romanam
709 4768 913 4821 urbm_
960 4770 1028 4824 Et
1064 4769 1236 4840 paulo
1277 4775 1409 4825 ante
1453 4770 1746 4826 medium;
1864 4758 2190 4812 terramotu
2235 4771 2533 4823 concussa,
2574 4762 2769 4817 omnia
2808 4770 2961 4819 sarta
3010 4772 3157 4822 tecta
3197 4776 3456 4822 ruerunt.
3493 4785 3522 4816 ι

138 4839 192 4893 Et
215 4843 323 4910 huc,
351 4850 430 4905 vel
463 4859 527 4908 ιιι
556 4854 731 4910 habet
766 4855 883 4911 alia
922 4839 1113 4921 ιεοιίέ),
1158 4859 1244 4913 hic
1279 4860 1501 4914 Romam
1543 4861 1755 4914 anule-
1864 4846 1945 4899 Ex
1974 4845 2064 4900 his
2093 4848 2243 4902 enim
2271 4854 2459 4917 posset
2485 4850 2619 4918 quis
2642 4851 2917 4924 colligere
2942 4854 3092 4923 quod
3121 4861 3324 4910 auctor
3347 4855 3523 4922 hujus

138 4938 259 4986 runt.
308 4938 368 4992 Et
417 4939 627 4998 ibidem
671 4961 683 4997 ε
728 4945 1077 5000 postmodum
1122 4964 1247 5002 υρνο
1294 4949 1522 5017 quidam
1569 4949 1751 5017 iniqui
1866 4935 2008 4991 Vita
2053 4938 2344 5008 ascriptus
2396 4938 2575 4996 fuerit
2619 4940 2876 4996 ecclesia
2923 4944 3108 4995 sancti
3151 4942 3311 4996 Pauli
3362 4950 3523 4999 extra

140 5016 382 5091 Campani,
408 5033 502 5098 qui
527 5033 633 5087 huc
659 5034 881 5088 Romam
909 5036 1266 5092 αάυρηριοαηε,
1300 5016 1369 5091 Et,
1395 5036 1580 5093 infra;
1612 5016 1753 5091 Dim;
1864 5023 2091 5097 Urbem,
2118 5043 2288 5098 quam
2319 5028 2535 5099 ubique
2563 5038 2727 5086 vocat
2757 5033 3039 5085 basilicam
3065 5031 3298 5085 doctoris
3327 5028 3527 5085 mundi

142 5106 343 5167 Tusceni
369 5128 415 5171 et
452 5120 723 5193 Campani
759 5124 846 5178 hic
874 5127 1052 5180 Roma
1088 5130 1376 5195 aggregati
1400 5130 1657 5195 fuissent.
1686 5130 1754 5183 Et,
1865 5118 2007 5174 beati
2043 5123 2206 5174 Pauli
2241 5122 2492 5191 apostoli.
2533 5121 2693 5189 Quod
2736 5123 2865 5178 ideo
2901 5120 3111 5175 adnoto
3152 5122 3291 5192 quia
3330 5121 3524 5181 forsan

144 5207 334 5261 Postea:
363 5207 649 5266 Simulavit
675 5228 732 5265 se
759 5217 922 5281 quasi
944 5219 1210 5270 orationis
1242 5233 1407 5270 causa
1434 5218 1509 5270 ad
1540 5218 1754 5272 beatum
1862 5211 1927 5263 D-
1958 5210 2196 5264 Paulum
2230 5218 2500 5280 tanquam
2537 5218 2838 5279 patronum
2872 5222 2989 5264 81133
3020 5207 3276 5266 basiliC-"B
3304 5212 3528 5269 distill-

142 5285 323 5345 Petrum
359 5297 573 5353 Romam
606 5309 1053 5371 properaturum.
1091 5304 1316 5373 Quibus
1358 5305 1546 5361 verbis
1590 5319 1754 5362 nemo
1819 5313 1845 5330 "
1866 5314 2038 5373 guere
2067 5301 2304 5355 voluita
2330 5300 2555 5353 cateris
2579 5298 2877 5368 apostolis,
2909 5311 3054 5365 quos
3077 5298 3213 5355 dum
3242 5303 3522 5373 nominat,

146 5384 234 5429 non
256 5378 415 5453 videt,
436 5395 727 5446 auctorem
758 5392 943 5447 Roma
974 5394 1297 5463 scripsisse.
1332 5395 1591 5451 Notanda
1620 5408 1758 5465 quo-
1867 5389 2213 5459 simpliciter
2259 5387 2551 5454 apostolos
2593 5400 2794 5442 vocare
2836 5388 3154 5442 consuevit.
3204 5388 3289 5444 Ab
3330 5390 3525 5449 eodem

146 5474 235 5551 que
258 5478 379 5526 sunt
412 5476 577 5533 verba
602 5480 943 5549 sequentia:
976 5482 1383 5549 Confunden‘tes
1415 5489 1576 5551 atque
1609 5501 1760 5538 ana—
1872 5478 2064 5533 forsan
2108 5483 2344 5531 auctore
2386 5475 2715 5544 conscripta
2744 5480 2830 5529 est
2861 5473 2988 5527 Vita
3017 5474 3290 5544 Stephani
3324 5478 3367 5533 V
3401 5480 3526 5551 qui,

149 5549 503 5642 ‘l‘mﬂlizantes
556 5569 943 5624 exsecrabilem
997 5573 1153 5626 illam
1205 5549 1497 5640 synodum;
1540 5588 1660 5642 qua
1700 5576 1761 5627 in
1870 5568 2041 5623 Leoni
2066 5567 2137 5621 IlI
2166 5562 2443 5620 successit
2470 5580 2486 5631 ς
2515 5577 2641 5619 nam
2674 5564 2873 5634 paucis
2897 5563 2967 5617 de
2997 5563 3122 5631 ejus
3148 5567 3326 5636 gestis
3355 5580 3531 5623 enar~

150 5634 329 5701 θνεδοίεε
356 5655 606 5720 partibus
647 5673 825 5729 nuper
864 5661 1018 5727 facta
1066 5665 1163 5715 est.
1210 5634 1345 5731 Qua
1383 5634 1761 5732 intelligenda
1868 5657 2035 5730 ratis,
2064 5656 2181 5712 fere
2208 5661 2368 5711 totus
2391 5659 2478 5706 est
2501 5654 2558 5708 in
2584 5651 2985 5710 describendis
3002 5634 3173 5711 donis
3195 5670 3321 5727 qua
3349 5654 3546 5710 diver-

134 3955 379 4020 spicientes
408 3973 461 4013 se
488 3960 551 4012 in
587 3974 788 4025 magno
819 3960 1043 4029 decepta
1075 3974 1186 4013 esse
1207 3960 1436 4028 positos,
1482 3963 1589 4013 etc.
1632 3959 1759 4013 Hac

137 4043 398 4107 prudentis
427 4047 666 4104 lectoris
685 4048 913 4117 judicio
942 4049 1183 4118 subjeci,
1212 4062 1317 4120 ego
1340 4048 1494 4103 enim
1526 4047 1629 4103 hos
1656 4061 1760 4118 pe—

136 4129 348 4189 culiares
382 4135 660 4208 loquendi
693 4138 893 4194 modos
931 4137 1368 4195 africanismum
1400 4151 1617 4208 sapere,
1652 4151 1761 4193 ne—

135 4217 233 4272 scio
254 4235 354 4291 qua
374 4225 594 4283 ratione
619 4228 940 4283 asseruerit
956 4234 1013 4283 et
1038 4228 1187 4284 unde
1207 4228 1507 4297 collegerit
1530 4228 1761 4283 Holste—
