  <div class='ocr_page' id='page_1' title='image "/cluster/home/n/w/nwhite01/storage/ocr_20150623/127-128/uc1.31175010226572/113.png"; bbox 0 0 3950 6410; ppageno 0'>
   <div class='ocr_carea' id='block_1_1' title="bbox 406 379 513 438">
    <p class='ocr_par' dir='ltr' id='par_1_1' title="bbox 406 379 513 438">
     <span class='ocr_line' id='line_1_1' title="bbox 406 379 513 438; baseline 0 0"><span class='ocrx_word' id='word_1_1' title='bbox 406 379 513 438; x_wconf 74' lang='lat' dir='ltr'><strong>2M</strong></span> 
     </span>
    </p>
   </div>
   <div class='ocr_carea' id='block_1_2' title="bbox 1209 380 3030 442">
    <p class='ocr_par' dir='ltr' id='par_1_2' title="bbox 1209 380 3030 442">
     <span class='ocr_line' id='line_1_2' title="bbox 1209 380 3030 442; baseline 0.001 -6"><span class='ocrx_word' id='word_1_2' title='bbox 1209 381 1302 436; x_wconf 82' lang='lat' dir='ltr'><strong>AD</strong></span> <span class='ocrx_word' id='word_1_3' title='bbox 1339 383 1776 439; x_wconf 84' lang='lat' dir='ltr'><strong>ANASTASIUM</strong></span> <span class='ocrx_word' id='word_1_4' title='bbox 1811 380 2328 440; x_wconf 80' lang='lat' dir='ltr'><strong>PROLEGOMENA</strong></span> <span class='ocrx_word' id='word_1_5' title='bbox 2365 385 2548 441; x_wconf 84' lang='lat' dir='ltr'><strong>EDIT.</strong></span> <span class='ocrx_word' id='word_1_6' title='bbox 2595 381 3030 442; x_wconf 81' lang='lat' dir='ltr'><strong>ROM.—VATIC.</strong></span> 
     </span>
    </p>
   </div>
   <div class='ocr_carea' id='block_1_3' title="bbox 3722 377 3822 436">
    <p class='ocr_par' dir='ltr' id='par_1_3' title="bbox 3722 377 3822 436">
     <span class='ocr_line' id='line_1_3' title="bbox 3722 377 3822 436; baseline 0 0"><span class='ocrx_word' id='word_1_7' title='bbox 3722 377 3822 436; x_wconf 73' lang='grc'><strong>242</strong></span> 
     </span>
    </p>
   </div>
   <div class='ocr_carea' id='block_1_4' title="bbox 413 505 3822 582">
    <p class='ocr_par' dir='ltr' id='par_1_4' title="bbox 413 505 3822 582">
     <span class='ocr_line' id='line_1_4' title="bbox 413 505 3822 582; baseline -0.001 -20"><span class='ocrx_word' id='word_1_8' title='bbox 413 506 501 563; x_wconf 85' lang='lat' dir='ltr'><strong>sis</strong></span> <span class='ocrx_word' id='word_1_9' title='bbox 538 507 798 564; x_wconf 90' lang='lat' dir='ltr'><strong>ecclesiis</strong></span> <span class='ocrx_word' id='word_1_10' title='bbox 837 505 1074 578; x_wconf 85' lang='lat' dir='ltr'><strong>obtulit,</strong></span> <span class='ocrx_word' id='word_1_11' title='bbox 1114 506 1265 578; x_wconf 89' lang='lat' dir='ltr'><strong>quod</strong></span> <span class='ocrx_word' id='word_1_12' title='bbox 1309 507 1460 564; x_wconf 91' lang='lat' dir='ltr'><strong>idem</strong></span> <span class='ocrx_word' id='word_1_13' title='bbox 1501 507 1561 564; x_wconf 92' lang='lat' dir='ltr'><strong>in</strong></span> <span class='ocrx_word' id='word_1_14' title='bbox 1599 507 1804 564; x_wconf 86' lang='lat' dir='ltr'><strong>Leonis</strong></span> <span class='ocrx_word' id='word_1_15' title='bbox 1840 508 1913 562; x_wconf 92' lang='lat' dir='ltr'><strong>III</strong></span> <span class='ocrx_word' id='word_1_16' title='bbox 1941 507 2070 563; x_wconf 95' lang='lat' dir='ltr'><strong>Vita</strong></span> <span class='ocrx_word' id='word_1_17' title='bbox 2093 508 2153 580; x_wconf 78' lang='grc' dir='ltr'><strong>Α</strong></span> <span class='ocrx_word' id='word_1_18' title='bbox 2184 507 2390 564; x_wconf 81' lang='lat' dir='ltr'><strong>mutila</strong></span> <span class='ocrx_word' id='word_1_19' title='bbox 2410 510 2549 580; x_wconf 89' lang='lat' dir='ltr'><strong>sint,</strong></span> <span class='ocrx_word' id='word_1_20' title='bbox 2573 525 2698 582; x_wconf 73' lang='lat' dir='ltr'><strong>qua:</strong></span> <span class='ocrx_word' id='word_1_21' title='bbox 2716 511 2898 567; x_wconf 91' lang='lat' dir='ltr'><strong>Lucas</strong></span> <span class='ocrx_word' id='word_1_22' title='bbox 2911 508 3242 565; x_wconf 81' lang='lat' dir='ltr'><strong>Holstenius</strong></span> <span class='ocrx_word' id='word_1_23' title='bbox 3260 521 3330 564; x_wconf 83' lang='lat' dir='ltr'><strong>ex</strong></span> <span class='ocrx_word' id='word_1_24' title='bbox 3355 505 3822 580; x_wconf 65' lang='lat' dir='ltr'><strong>praestantissimo</strong></span> 
     </span>
    </p>
   </div>
   <div class='ocr_carea' id='block_1_5' title="bbox 412 595 893 651">
    <p class='ocr_par' dir='ltr' id='par_1_5' title="bbox 412 595 893 651">
     <span class='ocr_line' id='line_1_5' title="bbox 412 595 893 651; baseline -0.004 0"><span class='ocrx_word' id='word_1_25' title='bbox 412 595 711 651; x_wconf 91' lang='lat' dir='ltr'><strong>observare</strong></span> <span class='ocrx_word' id='word_1_26' title='bbox 741 595 893 651; x_wconf 90' lang='lat' dir='ltr'><strong>licet.</strong></span> 
     </span>
    </p>
   </div>
   <div class='ocr_carea' id='block_1_6' title="bbox 485 681 2072 755">
    <p class='ocr_par' dir='ltr' id='par_1_6' title="bbox 485 681 2072 755">
     <span class='ocr_line' id='line_1_6' title="bbox 485 681 2072 755; baseline 0 -17"><span class='ocrx_word' id='word_1_27' title='bbox 485 681 541 738; x_wconf 91' lang='lat'><strong>8.</strong></span> <span class='ocrx_word' id='word_1_28' title='bbox 569 685 648 739; x_wconf 92' lang='lat' dir='ltr'><strong>De</strong></span> <span class='ocrx_word' id='word_1_29' title='bbox 675 684 970 741; x_wconf 84' lang='lat' dir='ltr'><strong>Paschalis</strong></span> <span class='ocrx_word' id='word_1_30' title='bbox 1000 686 1173 755; x_wconf 89' lang='lat' dir='ltr'><strong>primi</strong></span> <span class='ocrx_word' id='word_1_31' title='bbox 1202 685 1333 742; x_wconf 91' lang='lat' dir='ltr'><strong>Vita</strong></span> <span class='ocrx_word' id='word_1_32' title='bbox 1355 691 1580 744; x_wconf 88' lang='lat' dir='ltr'><strong>constat</strong></span> <span class='ocrx_word' id='word_1_33' title='bbox 1601 699 1724 742; x_wconf 90' lang='lat' dir='ltr'><strong>eam</strong></span> <span class='ocrx_word' id='word_1_34' title='bbox 1745 685 1816 740; x_wconf 90' lang='lat' dir='ltr'><strong>ab</strong></span> <span class='ocrx_word' id='word_1_35' title='bbox 1839 693 2072 742; x_wconf 90' lang='lat' dir='ltr'><strong>auctore</strong></span> 
     </span>
    </p>
   </div>
   <div class='ocr_carea' id='block_1_7' title="bbox 415 772 2073 844">
    <p class='ocr_par' dir='ltr' id='par_1_7' title="bbox 415 772 2073 844">
     <span class='ocr_line' id='line_1_7' title="bbox 415 772 2073 844; baseline 0 -16"><span class='ocrx_word' id='word_1_36' title='bbox 415 774 668 831; x_wconf 80' lang='lat' dir='ltr'><strong>Romano</strong></span> <span class='ocrx_word' id='word_1_37' title='bbox 710 773 1096 844; x_wconf 87' lang='lat' dir='ltr'><strong>conscriptam</strong></span> <span class='ocrx_word' id='word_1_38' title='bbox 1145 772 1372 831; x_wconf 91' lang='lat' dir='ltr'><strong>fuisse:</strong></span> <span class='ocrx_word' id='word_1_39' title='bbox 1407 775 1670 831; x_wconf 87' lang='lat' dir='ltr'><strong>meminit</strong></span> <span class='ocrx_word' id='word_1_40' title='bbox 1709 775 1862 830; x_wconf 93' lang='lat' dir='ltr'><strong>enim</strong></span> <span class='ocrx_word' id='word_1_41' title='bbox 1906 773 2073 830; x_wconf 83' lang='lat' dir='ltr'><strong>urbis</strong></span> 
     </span>
    </p>
   </div>
   <div class='ocr_carea' id='block_1_8' title="bbox 415 861 2074 934">
    <p class='ocr_par' dir='ltr' id='par_1_8' title="bbox 415 861 2074 934">
     <span class='ocr_line' id='line_1_8' title="bbox 415 861 2074 934; baseline 0 -18"><span class='ocrx_word' id='word_1_42' title='bbox 415 861 606 917; x_wconf 65' lang='lat' dir='ltr'><strong>Roma</strong></span> <span class='ocrx_word' id='word_1_43' title='bbox 631 865 904 932; x_wconf 86' lang='lat' dir='ltr'><strong>tanquam</strong></span> <span class='ocrx_word' id='word_1_44' title='bbox 933 861 1190 918; x_wconf 88' lang='lat' dir='ltr'><strong>civitatis</strong></span> <span class='ocrx_word' id='word_1_45' title='bbox 1212 862 1272 918; x_wconf 93' lang='lat' dir='ltr'><strong>in</strong></span> <span class='ocrx_word' id='word_1_46' title='bbox 1295 877 1408 934; x_wconf 88' lang='lat' dir='ltr'><strong>qua</strong></span> <span class='ocrx_word' id='word_1_47' title='bbox 1435 863 1740 920; x_wconf 83' lang='lat' dir='ltr'><strong>scribebat.</strong></span> <span class='ocrx_word' id='word_1_48' title='bbox 1763 863 1858 918; x_wconf 91' lang='lat' dir='ltr'><strong>Sic</strong></span> <span class='ocrx_word' id='word_1_49' title='bbox 1879 866 2074 918; x_wconf 86' lang='lat' dir='ltr'><strong>narrat</strong></span> 
     </span>
    </p>
   </div>
   <div class='ocr_carea' id='block_1_9' title="bbox 416 949 2073 1022">
    <p class='ocr_par' dir='ltr' id='par_1_9' title="bbox 416 949 2073 1022">
     <span class='ocr_line' id='line_1_9' title="bbox 416 949 2073 1022; baseline -0.001 -15"><span class='ocrx_word' id='word_1_50' title='bbox 416 951 487 1007; x_wconf 91' lang='lat' dir='ltr'><strong>de</strong></span> <span class='ocrx_word' id='word_1_51' title='bbox 511 949 891 1006; x_wconf 86' lang='lat' dir='ltr'><strong>translatione</strong></span> <span class='ocrx_word' id='word_1_52' title='bbox 919 952 1180 1022; x_wconf 91' lang='lat' dir='ltr'><strong>corporis</strong></span> <span class='ocrx_word' id='word_1_53' title='bbox 1199 957 1409 1008; x_wconf 73' lang='lat' dir='ltr'><strong>sancta:</strong></span> <span class='ocrx_word' id='word_1_54' title='bbox 1436 952 1681 1009; x_wconf 70' lang='lat' dir='ltr'><strong>Czecilia:</strong></span> <span class='ocrx_word' id='word_1_55' title='bbox 1707 965 1837 1008; x_wconf 91' lang='lat' dir='ltr'><strong>cum</strong></span> <span class='ocrx_word' id='word_1_56' title='bbox 1869 964 2073 1022; x_wconf 91' lang='lat' dir='ltr'><strong>magno</strong></span> 
     </span>
    </p>
   </div>
   <div class='ocr_carea' id='block_1_10' title="bbox 415 1037 2073 1109">
    <p class='ocr_par' dir='ltr' id='par_1_10' title="bbox 415 1037 2073 1109">
     <span class='ocr_line' id='line_1_10' title="bbox 415 1037 2073 1109; baseline 0.002 -16"><span class='ocrx_word' id='word_1_57' title='bbox 415 1037 634 1094; x_wconf 77' lang='lat' dir='ltr'><strong>honore</strong></span> <span class='ocrx_word' id='word_1_58' title='bbox 647 1039 800 1094; x_wconf 90' lang='lat' dir='ltr'><strong>intra</strong></span> <span class='ocrx_word' id='word_1_59' title='bbox 818 1052 1040 1096; x_wconf 89' lang='lat' dir='ltr'><strong>muros:</strong></span> <span class='ocrx_word' id='word_1_60' title='bbox 1060 1060 1086 1092; x_wconf 79' lang='grc' dir='ltr'><strong><em>α</em></strong></span> <span class='ocrx_word' id='word_1_61' title='bbox 1105 1041 1290 1109; x_wconf 86' lang='lat' dir='ltr'><strong>Hujus</strong></span> <span class='ocrx_word' id='word_1_62' title='bbox 1299 1040 1566 1096; x_wconf 72' lang='lat' dir='ltr'><strong>Romanae</strong></span> <span class='ocrx_word' id='word_1_63' title='bbox 1579 1041 1742 1098; x_wconf 89' lang='lat' dir='ltr'><strong>urbis</strong></span> <span class='ocrx_word' id='word_1_64' title='bbox 1760 1041 1818 1096; x_wconf 93' lang='lat' dir='ltr'><strong>in</strong></span> <span class='ocrx_word' id='word_1_65' title='bbox 1831 1040 2073 1096; x_wconf 86' lang='lat' dir='ltr'><strong>ecclesia</strong></span> 
     </span>
    </p>
   </div>
   <div class='ocr_carea' id='block_1_11' title="bbox 417 1127 2071 1200">
    <p class='ocr_par' dir='ltr' id='par_1_11' title="bbox 417 1127 2071 1200">
     <span class='ocr_line' id='line_1_11' title="bbox 417 1127 2071 1200; baseline 0.001 -18"><span class='ocrx_word' id='word_1_66' title='bbox 417 1127 609 1198; x_wconf 89' lang='lat' dir='ltr'><strong>ipsius</strong></span> <span class='ocrx_word' id='word_1_67' title='bbox 632 1127 816 1183; x_wconf 87' lang='lat' dir='ltr'><strong>sancti</strong></span> <span class='ocrx_word' id='word_1_68' title='bbox 844 1128 1114 1198; x_wconf 86' lang='lat' dir='ltr'><strong>martyris</strong></span> <span class='ocrx_word' id='word_1_69' title='bbox 1131 1129 1393 1186; x_wconf 90' lang='lat' dir='ltr'><strong>dedicata</strong></span> <span class='ocrx_word' id='word_1_70' title='bbox 1412 1129 1482 1184; x_wconf 89' lang='lat' dir='ltr'><strong>ad</strong></span> <span class='ocrx_word' id='word_1_71' title='bbox 1505 1129 1732 1185; x_wconf 90' lang='lat' dir='ltr'><strong>laudem</strong></span> <span class='ocrx_word' id='word_1_72' title='bbox 1752 1134 1809 1184; x_wconf 92' lang='lat' dir='ltr'><strong>et</strong></span> <span class='ocrx_word' id='word_1_73' title='bbox 1829 1129 2071 1200; x_wconf 83' lang='lat' dir='ltr'><strong>gloriam</strong></span> 
     </span>
    </p>
   </div>
   <div class='ocr_carea' id='block_1_12' title="bbox 417 1215 2074 1288">
    <p class='ocr_par' dir='ltr' id='par_1_12' title="bbox 417 1215 2074 1288">
     <span class='ocr_line' id='line_1_12' title="bbox 417 1215 2074 1288; baseline 0 -16"><span class='ocrx_word' id='word_1_74' title='bbox 417 1215 831 1285; x_wconf 86' lang='lat' dir='ltr'><strong>omnipotentis</strong></span> <span class='ocrx_word' id='word_1_75' title='bbox 851 1216 974 1287; x_wconf 90' lang='lat' dir='ltr'><strong>Dei,</strong></span> <span class='ocrx_word' id='word_1_76' title='bbox 1001 1217 1253 1286; x_wconf 88' lang='lat' dir='ltr'><strong>ejusdem</strong></span> <span class='ocrx_word' id='word_1_77' title='bbox 1274 1217 1523 1288; x_wconf 84' lang='lat' dir='ltr'><strong>virginis</strong></span> <span class='ocrx_word' id='word_1_78' title='bbox 1543 1231 1754 1288; x_wconf 90' lang='lat' dir='ltr'><strong>corpus</strong></span> <span class='ocrx_word' id='word_1_79' title='bbox 1776 1231 1904 1272; x_wconf 89' lang='lat' dir='ltr'><strong>cum</strong></span> <span class='ocrx_word' id='word_1_80' title='bbox 1927 1216 2074 1272; x_wconf 85' lang='lat' dir='ltr'><strong>cha-</strong></span> 
     </span>
    </p>
   </div>
   <div class='ocr_carea' id='block_1_13' title="bbox 420 1305 2071 1376">
    <p class='ocr_par' dir='ltr' id='par_1_13' title="bbox 420 1305 2071 1376">
     <span class='ocr_line' id='line_1_13' title="bbox 420 1305 2071 1376; baseline -0.001 -15"><span class='ocrx_word' id='word_1_81' title='bbox 420 1305 657 1362; x_wconf 90' lang='lat' dir='ltr'><strong>rissimo</strong></span> <span class='ocrx_word' id='word_1_82' title='bbox 685 1305 983 1362; x_wconf 89' lang='lat' dir='ltr'><strong>Veleriano</strong></span> <span class='ocrx_word' id='word_1_83' title='bbox 1009 1319 1219 1376; x_wconf 89' lang='lat' dir='ltr'><strong>sponso</strong></span> <span class='ocrx_word' id='word_1_84' title='bbox 1242 1312 1415 1376; x_wconf 87' lang='lat' dir='ltr'><strong>atque</strong></span> <span class='ocrx_word' id='word_1_85' title='bbox 1436 1305 1724 1376; x_wconf 91' lang='lat' dir='ltr'><strong>Tiburtio,</strong></span> <span class='ocrx_word' id='word_1_86' title='bbox 1749 1311 1805 1362; x_wconf 93' lang='lat' dir='ltr'><strong>et</strong></span> <span class='ocrx_word' id='word_1_87' title='bbox 1825 1305 2071 1361; x_wconf 85' lang='lat' dir='ltr'><strong>Maximo</strong></span> 
     </span>
    </p>
   </div>
   <div class='ocr_carea' id='block_1_14' title="bbox 420 1391 2072 1465">
    <p class='ocr_par' dir='ltr' id='par_1_14' title="bbox 420 1391 2072 1465">
     <span class='ocr_line' id='line_1_14' title="bbox 420 1391 2072 1465; baseline 0 -17"><span class='ocrx_word' id='word_1_88' title='bbox 420 1391 792 1465; x_wconf 86' lang='lat' dir='ltr'><strong>martyribus,</strong></span> <span class='ocrx_word' id='word_1_89' title='bbox 816 1406 1034 1450; x_wconf 89' lang='lat' dir='ltr'><strong>necnon</strong></span> <span class='ocrx_word' id='word_1_90' title='bbox 1052 1393 1278 1450; x_wconf 89' lang='lat' dir='ltr'><strong>Urbano</strong></span> <span class='ocrx_word' id='word_1_91' title='bbox 1295 1400 1354 1449; x_wconf 94' lang='lat' dir='ltr'><strong>et</strong></span> <span class='ocrx_word' id='word_1_92' title='bbox 1373 1393 1550 1450; x_wconf 89' lang='lat' dir='ltr'><strong>Lucio</strong></span> <span class='ocrx_word' id='word_1_93' title='bbox 1570 1393 1944 1463; x_wconf 89' lang='lat' dir='ltr'><strong>pontiﬁcibus</strong></span> <span class='ocrx_word' id='word_1_94' title='bbox 1961 1391 2072 1448; x_wconf 90' lang='lat' dir='ltr'><strong>sub</strong></span> 
     </span>
    </p>
   </div>
   <div class='ocr_carea' id='block_1_15' title="bbox 418 1480 2068 1553">
    <p class='ocr_par' dir='ltr' id='par_1_15' title="bbox 418 1480 2068 1553">
     <span class='ocr_line' id='line_1_15' title="bbox 418 1480 2068 1553; baseline 0 -17"><span class='ocrx_word' id='word_1_95' title='bbox 418 1487 782 1538; x_wconf 87' lang='lat' dir='ltr'><strong>sacrosancto</strong></span> <span class='ocrx_word' id='word_1_96' title='bbox 804 1481 975 1538; x_wconf 90' lang='lat' dir='ltr'><strong>altari</strong></span> <span class='ocrx_word' id='word_1_97' title='bbox 997 1482 1319 1539; x_wconf 85' lang='lat' dir='ltr'><strong>collocavit.</strong></span> <span class='ocrx_word' id='word_1_98' title='bbox 1349 1500 1376 1532; x_wconf 83' lang='lat'><strong><em>»</em></strong></span> <span class='ocrx_word' id='word_1_99' title='bbox 1407 1483 1488 1538; x_wconf 84' lang='lat' dir='ltr'><strong>Ex</strong></span> <span class='ocrx_word' id='word_1_100' title='bbox 1509 1481 1724 1553; x_wconf 87' lang='lat' dir='ltr'><strong>quibus</strong></span> <span class='ocrx_word' id='word_1_101' title='bbox 1743 1480 1935 1537; x_wconf 91' lang='lat' dir='ltr'><strong>verbis</strong></span> <span class='ocrx_word' id='word_1_102' title='bbox 1956 1493 2068 1537; x_wconf 92' lang='lat' dir='ltr'><strong>non</strong></span> 
     </span>
    </p>
   </div>
   <div class='ocr_carea' id='block_1_16' title="bbox 419 1567 2066 1640">
    <p class='ocr_par' dir='ltr' id='par_1_16' title="bbox 419 1567 2066 1640">
     <span class='ocr_line' id='line_1_16' title="bbox 419 1567 2066 1640; baseline -0.001 -14"><span class='ocrx_word' id='word_1_103' title='bbox 419 1569 588 1626; x_wconf 90' lang='lat' dir='ltr'><strong>modo</strong></span> <span class='ocrx_word' id='word_1_104' title='bbox 627 1575 852 1626; x_wconf 88' lang='lat' dir='ltr'><strong>constat</strong></span> <span class='ocrx_word' id='word_1_105' title='bbox 886 1571 958 1626; x_wconf 89' lang='lat' dir='ltr'><strong>de</strong></span> <span class='ocrx_word' id='word_1_106' title='bbox 987 1570 1112 1627; x_wconf 95' lang='lat' dir='ltr'><strong>loco</strong></span> <span class='ocrx_word' id='word_1_107' title='bbox 1150 1571 1250 1626; x_wconf 90' lang='lat' dir='ltr'><strong>ubi</strong></span> <span class='ocrx_word' id='word_1_108' title='bbox 1283 1570 1402 1626; x_wconf 70' lang='lat' dir='ltr'><strong>hzec</strong></span> <span class='ocrx_word' id='word_1_109' title='bbox 1430 1570 1558 1626; x_wconf 89' lang='lat' dir='ltr'><strong>Vita</strong></span> <span class='ocrx_word' id='word_1_110' title='bbox 1587 1571 1802 1640; x_wconf 90' lang='lat' dir='ltr'><strong>scripta</strong></span> <span class='ocrx_word' id='word_1_111' title='bbox 1831 1575 1937 1640; x_wconf 91' lang='lat' dir='ltr'><strong>est,</strong></span> <span class='ocrx_word' id='word_1_112' title='bbox 1970 1567 2066 1625; x_wconf 89' lang='lat' dir='ltr'><strong>sed</strong></span> 
     </span>
    </p>
   </div>
   <div class='ocr_carea' id='block_1_17' title="bbox 416 1657 2071 1732">
    <p class='ocr_par' dir='ltr' id='par_1_17' title="bbox 416 1657 2071 1732">
     <span class='ocr_line' id='line_1_17' title="bbox 416 1657 2071 1732; baseline 0.001 -18"><span class='ocrx_word' id='word_1_113' title='bbox 416 1657 590 1714; x_wconf 91' lang='lat' dir='ltr'><strong>etiam</strong></span> <span class='ocrx_word' id='word_1_114' title='bbox 627 1658 698 1714; x_wconf 92' lang='lat' dir='ltr'><strong>de</strong></span> <span class='ocrx_word' id='word_1_115' title='bbox 735 1659 871 1730; x_wconf 84' lang='lat' dir='ltr'><strong>styli</strong></span> <span class='ocrx_word' id='word_1_116' title='bbox 915 1659 1219 1732; x_wconf 82' lang='lat' dir='ltr'><strong>elegantia,</strong></span> <span class='ocrx_word' id='word_1_117' title='bbox 1261 1672 1375 1730; x_wconf 91' lang='lat' dir='ltr'><strong>qua</strong></span> <span class='ocrx_word' id='word_1_118' title='bbox 1411 1657 1483 1714; x_wconf 90' lang='lat' dir='ltr'><strong>ab</strong></span> <span class='ocrx_word' id='word_1_119' title='bbox 1521 1665 1752 1715; x_wconf 88' lang='lat' dir='ltr'><strong>auctore</strong></span> <span class='ocrx_word' id='word_1_120' title='bbox 1792 1659 2071 1716; x_wconf 88' lang='lat' dir='ltr'><strong>adornata</strong></span> 
     </span>
    </p>
   </div>
   <div class='ocr_carea' id='block_1_18' title="bbox 416 1747 2071 1819">
    <p class='ocr_par' dir='ltr' id='par_1_18' title="bbox 416 1747 2071 1819">
     <span class='ocr_line' id='line_1_18' title="bbox 416 1747 2071 1819; baseline 0 -15"><span class='ocrx_word' id='word_1_121' title='bbox 416 1752 505 1804; x_wconf 90' lang='lat' dir='ltr'><strong>est</strong></span> <span class='ocrx_word' id='word_1_122' title='bbox 533 1747 828 1804; x_wconf 89' lang='lat' dir='ltr'><strong>Paschalis</strong></span> <span class='ocrx_word' id='word_1_123' title='bbox 864 1748 1128 1804; x_wconf 88' lang='lat' dir='ltr'><strong>historia.</strong></span> <span class='ocrx_word' id='word_1_124' title='bbox 1162 1747 1325 1803; x_wconf 90' lang='lat' dir='ltr'><strong>Illam</strong></span> <span class='ocrx_word' id='word_1_125' title='bbox 1365 1761 1502 1803; x_wconf 88' lang='lat' dir='ltr'><strong>sane</strong></span> <span class='ocrx_word' id='word_1_126' title='bbox 1536 1747 1806 1819; x_wconf 88' lang='lat' dir='ltr'><strong>colligere</strong></span> <span class='ocrx_word' id='word_1_127' title='bbox 1836 1747 1974 1804; x_wconf 91' lang='lat' dir='ltr'><strong>licet</strong></span> <span class='ocrx_word' id='word_1_128' title='bbox 2000 1761 2071 1804; x_wconf 87' lang='lat' dir='ltr'><strong>ex</strong></span> 
     </span>
    </p>
   </div>
   <div class='ocr_carea' id='block_1_19' title="bbox 2179 593 3825 669">
    <p class='ocr_par' dir='ltr' id='par_1_19' title="bbox 2179 593 3825 669">
     <span class='ocr_line' id='line_1_19' title="bbox 2179 593 3825 669; baseline -0.001 -18"><span class='ocrx_word' id='word_1_129' title='bbox 2179 597 2377 652; x_wconf 87' lang='lat' dir='ltr'><strong>codice</strong></span> <span class='ocrx_word' id='word_1_130' title='bbox 2403 597 2748 654; x_wconf 90' lang='lat' dir='ltr'><strong>Farnesiano</strong></span> <span class='ocrx_word' id='word_1_131' title='bbox 2779 598 3066 669; x_wconf 91' lang='lat' dir='ltr'><strong>supplevit</strong></span> <span class='ocrx_word' id='word_1_132' title='bbox 3099 598 3160 652; x_wconf 90' lang='lat' dir='ltr'><strong>in</strong></span> <span class='ocrx_word' id='word_1_133' title='bbox 3191 596 3316 653; x_wconf 87' lang='lat' dir='ltr'><strong>illis</strong></span> <span class='ocrx_word' id='word_1_134' title='bbox 3343 596 3528 652; x_wconf 86' lang='lat' dir='ltr'><strong>variis</strong></span> <span class='ocrx_word' id='word_1_135' title='bbox 3555 593 3825 652; x_wconf 88' lang='lat' dir='ltr'><strong>lectioni-</strong></span> 
     </span>
    </p>
   </div>
   <div class='ocr_carea' id='block_1_20' title="bbox 2180 682 3826 758">
    <p class='ocr_par' dir='ltr' id='par_1_20' title="bbox 2180 682 3826 758">
     <span class='ocr_line' id='line_1_20' title="bbox 2180 682 3826 758; baseline -0.001 -19"><span class='ocrx_word' id='word_1_136' title='bbox 2180 683 2290 742; x_wconf 91' lang='lat' dir='ltr'><strong>bus</strong></span> <span class='ocrx_word' id='word_1_137' title='bbox 2308 691 2365 741; x_wconf 91' lang='lat' dir='ltr'><strong>et</strong></span> <span class='ocrx_word' id='word_1_138' title='bbox 2384 687 2540 743; x_wconf 91' lang='lat' dir='ltr'><strong>notis</strong></span> <span class='ocrx_word' id='word_1_139' title='bbox 2558 702 2686 758; x_wconf 71' lang='lat' dir='ltr'><strong>qua:</strong></span> <span class='ocrx_word' id='word_1_140' title='bbox 2707 689 2777 744; x_wconf 90' lang='lat' dir='ltr'><strong>ad</strong></span> <span class='ocrx_word' id='word_1_141' title='bbox 2805 688 3117 758; x_wconf 89' lang='lat' dir='ltr'><strong>marginem</strong></span> <span class='ocrx_word' id='word_1_142' title='bbox 3141 693 3198 742; x_wconf 91' lang='lat' dir='ltr'><strong>et</strong></span> <span class='ocrx_word' id='word_1_143' title='bbox 3222 685 3392 741; x_wconf 90' lang='lat' dir='ltr'><strong>ﬁnem</strong></span> <span class='ocrx_word' id='word_1_144' title='bbox 3420 686 3516 742; x_wconf 92' lang='lat' dir='ltr'><strong>sui</strong></span> <span class='ocrx_word' id='word_1_145' title='bbox 3535 682 3826 754; x_wconf 83' lang='lat' dir='ltr'><strong>exempla-</strong></span> 
     </span>
    </p>
   </div>
   <div class='ocr_carea' id='block_1_21' title="bbox 2182 771 3826 848">
    <p class='ocr_par' dir='ltr' id='par_1_21' title="bbox 2182 771 3826 848">
     <span class='ocr_line' id='line_1_21' title="bbox 2182 771 3826 848; baseline 0.001 -20"><span class='ocrx_word' id='word_1_146' title='bbox 2182 773 2267 830; x_wconf 90' lang='lat' dir='ltr'><strong>ris</strong></span> <span class='ocrx_word' id='word_1_147' title='bbox 2307 775 2538 844; x_wconf 88' lang='lat' dir='ltr'><strong>adjecit.</strong></span> <span class='ocrx_word' id='word_1_148' title='bbox 2587 778 2796 834; x_wconf 87' lang='lat' dir='ltr'><strong>Eodem</strong></span> <span class='ocrx_word' id='word_1_149' title='bbox 2853 778 3001 848; x_wconf 88' lang='lat' dir='ltr'><strong>stylo</strong></span> <span class='ocrx_word' id='word_1_150' title='bbox 3046 777 3372 846; x_wconf 90' lang='lat' dir='ltr'><strong>conscripta</strong></span> <span class='ocrx_word' id='word_1_151' title='bbox 3423 773 3657 831; x_wconf 87' lang='lat' dir='ltr'><strong>videtur</strong></span> <span class='ocrx_word' id='word_1_152' title='bbox 3706 771 3826 829; x_wconf 84' lang='lat' dir='ltr'><strong>Vita</strong></span> 
     </span>
    </p>
   </div>
   <div class='ocr_carea' id='block_1_22' title="bbox 2180 860 3823 936">
    <p class='ocr_par' dir='ltr' id='par_1_22' title="bbox 2180 860 3823 936">
     <span class='ocr_line' id='line_1_22' title="bbox 2180 860 3823 936; baseline -0.001 -19"><span class='ocrx_word' id='word_1_153' title='bbox 2180 863 2386 919; x_wconf 89' lang='lat' dir='ltr'><strong>Leonis</strong></span> <span class='ocrx_word' id='word_1_154' title='bbox 2415 866 2504 933; x_wconf 90' lang='lat' dir='ltr'><strong>IV,</strong></span> <span class='ocrx_word' id='word_1_155' title='bbox 2531 880 2657 936; x_wconf 76' lang='lat' dir='ltr'><strong>qua:</strong></span> <span class='ocrx_word' id='word_1_156' title='bbox 2686 865 2921 936; x_wconf 88' lang='lat' dir='ltr'><strong>phrases</strong></span> <span class='ocrx_word' id='word_1_157' title='bbox 2945 865 3300 936; x_wconf 90' lang='lat' dir='ltr'><strong>supradictis</strong></span> <span class='ocrx_word' id='word_1_158' title='bbox 3327 863 3553 919; x_wconf 90' lang='lat' dir='ltr'><strong>similes</strong></span> <span class='ocrx_word' id='word_1_159' title='bbox 3575 860 3823 930; x_wconf 78' lang='lat' dir='ltr'><strong>exhibet,</strong></span> 
     </span>
    </p>
   </div>
   <div class='ocr_carea' id='block_1_23' title="bbox 2180 949 3822 1024">
    <p class='ocr_par' dir='ltr' id='par_1_23' title="bbox 2180 949 3822 1024">
     <span class='ocr_line' id='line_1_23' title="bbox 2180 949 3822 1024; baseline -0.001 -19"><span class='ocrx_word' id='word_1_160' title='bbox 2180 957 2238 1006; x_wconf 89' lang='lat' dir='ltr'><strong>et</strong></span> <span class='ocrx_word' id='word_1_161' title='bbox 2281 957 2572 1009; x_wconf 89' lang='lat' dir='ltr'><strong>auctorem</strong></span> <span class='ocrx_word' id='word_1_162' title='bbox 2621 955 2810 1010; x_wconf 64' lang='lat' dir='ltr'><strong>Romae</strong></span> <span class='ocrx_word' id='word_1_163' title='bbox 2848 954 3153 1024; x_wconf 88' lang='lat' dir='ltr'><strong>scripsisse</strong></span> <span class='ocrx_word' id='word_1_164' title='bbox 3191 952 3411 1009; x_wconf 90' lang='lat' dir='ltr'><strong>indicat</strong></span> <span class='ocrx_word' id='word_1_165' title='bbox 3455 951 3551 1008; x_wconf 89' lang='lat' dir='ltr'><strong>his</strong></span> <span class='ocrx_word' id='word_1_166' title='bbox 3591 949 3822 1006; x_wconf 88' lang='lat' dir='ltr'><strong>verbis:</strong></span> 
     </span>
    </p>
   </div>
   <div class='ocr_carea' id='block_1_24' title="bbox 2177 1037 3829 1111">
    <p class='ocr_par' dir='ltr' id='par_1_24' title="bbox 2177 1037 3829 1111">
     <span class='ocr_line' id='line_1_24' title="bbox 2177 1037 3829 1111; baseline -0.001 -17"><span class='ocrx_word' id='word_1_167' title='bbox 2177 1040 2569 1097; x_wconf 81' lang='lat' dir='ltr'><strong>Monasterium</strong></span> <span class='ocrx_word' id='word_1_168' title='bbox 2607 1043 2752 1097; x_wconf 85' lang='lat' dir='ltr'><strong>beati</strong></span> <span class='ocrx_word' id='word_1_169' title='bbox 2791 1045 3024 1098; x_wconf 77' lang='lat' dir='ltr'><strong>Martini</strong></span> <span class='ocrx_word' id='word_1_170' title='bbox 3058 1043 3382 1111; x_wconf 78' lang='lat' dir='ltr'><strong>confessoris</strong></span> <span class='ocrx_word' id='word_1_171' title='bbox 3421 1040 3648 1102; x_wconf 78' lang='lat' dir='ltr'><strong>Christi,</strong></span> <span class='ocrx_word' id='word_1_172' title='bbox 3691 1037 3829 1108; x_wconf 88' lang='lat' dir='ltr'><strong>quod</strong></span> 
     </span>
    </p>
   </div>
   <div class='ocr_carea' id='block_1_25' title="bbox 2181 1128 3830 1200">
    <p class='ocr_par' dir='ltr' id='par_1_25' title="bbox 2181 1128 3830 1200">
     <span class='ocr_line' id='line_1_25' title="bbox 2181 1128 3830 1200; baseline 0 -19"><span class='ocrx_word' id='word_1_173' title='bbox 2181 1133 2338 1183; x_wconf 69' lang='lat' dir='ltr'><strong>extra</strong></span> <span class='ocrx_word' id='word_1_174' title='bbox 2371 1145 2555 1185; x_wconf 89' lang='lat' dir='ltr'><strong>muros</strong></span> <span class='ocrx_word' id='word_1_175' title='bbox 2591 1131 2758 1200; x_wconf 81' lang='lat' dir='ltr'><strong>hujus</strong></span> <span class='ocrx_word' id='word_1_176' title='bbox 2795 1133 3034 1186; x_wconf 80' lang='lat' dir='ltr'><strong>civitatis</strong></span> <span class='ocrx_word' id='word_1_177' title='bbox 3070 1133 3324 1186; x_wconf 75' lang='lat' dir='ltr'><strong>Romanae</strong></span> <span class='ocrx_word' id='word_1_178' title='bbox 3349 1129 3518 1199; x_wconf 72' lang='lat' dir='ltr'><strong>juxta</strong></span> <span class='ocrx_word' id='word_1_179' title='bbox 3557 1128 3830 1184; x_wconf 73' lang='lat' dir='ltr'><strong>ecclesiam</strong></span> 
     </span>
    </p>
   </div>
   <div class='ocr_carea' id='block_1_26' title="bbox 2182 1217 3832 1289">
    <p class='ocr_par' dir='ltr' id='par_1_26' title="bbox 2182 1217 3832 1289">
     <span class='ocr_line' id='line_1_26' title="bbox 2182 1217 3832 1289; baseline 0.001 -18"><span class='ocrx_word' id='word_1_180' title='bbox 2182 1217 2326 1273; x_wconf 90' lang='lat' dir='ltr'><strong>beati</strong></span> <span class='ocrx_word' id='word_1_181' title='bbox 2346 1219 2495 1273; x_wconf 90' lang='lat' dir='ltr'><strong>Petri</strong></span> <span class='ocrx_word' id='word_1_182' title='bbox 2521 1221 2754 1289; x_wconf 83' lang='lat' dir='ltr'><strong>apostoli</strong></span> <span class='ocrx_word' id='word_1_183' title='bbox 2780 1223 2944 1276; x_wconf 87' lang='lat' dir='ltr'><strong>situm</strong></span> <span class='ocrx_word' id='word_1_184' title='bbox 2973 1224 3070 1275; x_wconf 86' lang='lat' dir='ltr'><strong>est.</strong></span> <span class='ocrx_word' id='word_1_185' title='bbox 3093 1219 3251 1276; x_wconf 82' lang='lat' dir='ltr'><strong>Alibi</strong></span> <span class='ocrx_word' id='word_1_186' title='bbox 3285 1219 3600 1287; x_wconf 90' lang='lat' dir='ltr'><strong>indicatur,</strong></span> <span class='ocrx_word' id='word_1_187' title='bbox 3626 1219 3832 1273; x_wconf 91' lang='lat' dir='ltr'><strong>aucto-</strong></span> 
     </span>
    </p>
   </div>
   <div class='ocr_carea' id='block_1_27' title="bbox 2181 1305 3834 1379">
    <p class='ocr_par' dir='ltr' id='par_1_27' title="bbox 2181 1305 3834 1379">
     <span class='ocr_line' id='line_1_27' title="bbox 2181 1305 3834 1379; baseline -0.001 -18"><span class='ocrx_word' id='word_1_188' title='bbox 2181 1319 2300 1362; x_wconf 91' lang='lat' dir='ltr'><strong>rem</strong></span> <span class='ocrx_word' id='word_1_189' title='bbox 2339 1305 2520 1363; x_wconf 89' lang='lat' dir='ltr'><strong>fuissc</strong></span> <span class='ocrx_word' id='word_1_190' title='bbox 2555 1315 3113 1379; x_wconf 89' lang='lat' dir='ltr'><strong>contemporaneum,</strong></span> <span class='ocrx_word' id='word_1_191' title='bbox 3151 1313 3217 1364; x_wconf 91' lang='lat' dir='ltr'><strong>ut</strong></span> <span class='ocrx_word' id='word_1_192' title='bbox 3253 1307 3498 1378; x_wconf 79' lang='lat' dir='ltr'><strong>quando.</strong></span> <span class='ocrx_word' id='word_1_193' title='bbox 3523 1309 3834 1362; x_wconf 87' lang='lat' dir='ltr'><strong>narrantur</strong></span> 
     </span>
    </p>
   </div>
   <div class='ocr_carea' id='block_1_28' title="bbox 2179 1394 3832 1470">
    <p class='ocr_par' dir='ltr' id='par_1_28' title="bbox 2179 1394 3832 1470">
     <span class='ocr_line' id='line_1_28' title="bbox 2179 1394 3832 1470; baseline 0 -20"><span class='ocrx_word' id='word_1_194' title='bbox 2179 1395 2569 1467; x_wconf 87' lang='lat' dir='ltr'><strong>Agarenorum</strong></span> <span class='ocrx_word' id='word_1_195' title='bbox 2617 1403 2857 1470; x_wconf 88' lang='lat' dir='ltr'><strong>strages.</strong></span> <span class='ocrx_word' id='word_1_196' title='bbox 2921 1399 3068 1454; x_wconf 90' lang='lat' dir='ltr'><strong>Dum</strong></span> <span class='ocrx_word' id='word_1_197' title='bbox 3115 1398 3269 1454; x_wconf 92' lang='lat' dir='ltr'><strong>enim</strong></span> <span class='ocrx_word' id='word_1_198' title='bbox 3322 1401 3490 1453; x_wconf 91' lang='lat' dir='ltr'><strong>vento</strong></span> <span class='ocrx_word' id='word_1_199' title='bbox 3544 1394 3832 1452; x_wconf 85' lang='lat' dir='ltr'><strong>divinitus</strong></span> 
     </span>
    </p>
   </div>
   <div class='ocr_carea' id='block_1_29' title="bbox 2181 1483 3832 1558">
    <p class='ocr_par' dir='ltr' id='par_1_29' title="bbox 2181 1483 3832 1558">
     <span class='ocr_line' id='line_1_29' title="bbox 2181 1483 3832 1558; baseline -0.001 -20"><span class='ocrx_word' id='word_1_200' title='bbox 2181 1483 2442 1541; x_wconf 90' lang='lat' dir='ltr'><strong>immisso</strong></span> <span class='ocrx_word' id='word_1_201' title='bbox 2497 1486 2774 1556; x_wconf 71' lang='lat' dir='ltr'><strong>dispersae</strong></span> <span class='ocrx_word' id='word_1_202' title='bbox 2817 1487 3208 1558; x_wconf 84' lang='lat' dir='ltr'><strong>Agarenorum</strong></span> <span class='ocrx_word' id='word_1_203' title='bbox 3264 1498 3436 1542; x_wconf 85' lang='lat' dir='ltr'><strong>naves</strong></span> <span class='ocrx_word' id='word_1_204' title='bbox 3479 1485 3549 1540; x_wconf 88' lang='lat' dir='ltr'><strong>ad</strong></span> <span class='ocrx_word' id='word_1_205' title='bbox 3605 1488 3832 1554; x_wconf 88' lang='lat' dir='ltr'><strong>portum</strong></span> 
     </span>
    </p>
   </div>
   <div class='ocr_carea' id='block_1_30' title="bbox 2181 1573 3835 1644">
    <p class='ocr_par' dir='ltr' id='par_1_30' title="bbox 2181 1573 3835 1644">
     <span class='ocr_line' id='line_1_30' title="bbox 2181 1573 3835 1644; baseline 0.001 -18"><span class='ocrx_word' id='word_1_206' title='bbox 2181 1573 2474 1641; x_wconf 88' lang='lat' dir='ltr'><strong>pervenire</strong></span> <span class='ocrx_word' id='word_1_207' title='bbox 2515 1574 2891 1644; x_wconf 85' lang='lat' dir='ltr'><strong>nequiverant</strong></span> <span class='ocrx_word' id='word_1_208' title='bbox 2923 1593 2935 1629; x_wconf 92' lang='lat'><strong>:</strong></span> <span class='ocrx_word' id='word_1_209' title='bbox 2971 1575 3148 1644; x_wconf 83' lang='lat' dir='ltr'><strong>Super</strong></span> <span class='ocrx_word' id='word_1_210' title='bbox 3175 1574 3260 1629; x_wconf 91' lang='lat' dir='ltr'><strong>his</strong></span> <span class='ocrx_word' id='word_1_211' title='bbox 3293 1575 3447 1628; x_wconf 84' lang='lat' dir='ltr'><strong>novis</strong></span> <span class='ocrx_word' id='word_1_212' title='bbox 3485 1573 3835 1642; x_wconf 84' lang='lat' dir='ltr'><strong>mysticisque</strong></span> 
     </span>
    </p>
   </div>
   <div class='ocr_carea' id='block_1_31' title="bbox 2177 1660 3836 1734">
    <p class='ocr_par' dir='ltr' id='par_1_31' title="bbox 2177 1660 3836 1734">
     <span class='ocr_line' id='line_1_31' title="bbox 2177 1660 3836 1734; baseline -0.001 -20"><span class='ocrx_word' id='word_1_213' title='bbox 2177 1662 2482 1725; x_wconf 86' lang='lat' dir='ltr'><strong>miraculis,</strong></span> <span class='ocrx_word' id='word_1_214' title='bbox 2516 1663 2710 1734; x_wconf 88' lang='lat' dir='ltr'><strong>inquit</strong></span> <span class='ocrx_word' id='word_1_215' title='bbox 2737 1670 2958 1734; x_wconf 85' lang='lat' dir='ltr'><strong>auctor,</strong></span> <span class='ocrx_word' id='word_1_216' title='bbox 2991 1679 3114 1734; x_wconf 74' lang='lat' dir='ltr'><strong>quae</strong></span> <span class='ocrx_word' id='word_1_217' title='bbox 3139 1665 3344 1718; x_wconf 82' lang='lat' dir='ltr'><strong>nostris</strong></span> <span class='ocrx_word' id='word_1_218' title='bbox 3373 1663 3496 1716; x_wconf 84' lang='lat' dir='ltr'><strong>licet</strong></span> <span class='ocrx_word' id='word_1_219' title='bbox 3524 1676 3636 1715; x_wconf 90' lang='lat' dir='ltr'><strong>non</strong></span> <span class='ocrx_word' id='word_1_220' title='bbox 3665 1660 3836 1714; x_wconf 85' lang='lat' dir='ltr'><strong>meri-</strong></span> 
     </span>
    </p>
   </div>
   <div class='ocr_carea' id='block_1_32' title="bbox 2179 1747 3837 1820">
    <p class='ocr_par' dir='ltr' id='par_1_32' title="bbox 2179 1747 3837 1820">
     <span class='ocr_line' id='line_1_32' title="bbox 2179 1747 3837 1820; baseline -0.001 -17"><span class='ocrx_word' id='word_1_221' title='bbox 2179 1750 2250 1804; x_wconf 87' lang='lat' dir='ltr'><strong>tis</strong></span> <span class='ocrx_word' id='word_1_222' title='bbox 2291 1752 2621 1820; x_wconf 86' lang='lat' dir='ltr'><strong>temporibus</strong></span> <span class='ocrx_word' id='word_1_223' title='bbox 2663 1753 2856 1807; x_wconf 85' lang='lat' dir='ltr'><strong>divina</strong></span> <span class='ocrx_word' id='word_1_224' title='bbox 2899 1753 3180 1808; x_wconf 83' lang='lat' dir='ltr'><strong>ostendere</strong></span> <span class='ocrx_word' id='word_1_225' title='bbox 3216 1769 3282 1808; x_wconf 88' lang='lat' dir='ltr'><strong>ac</strong></span> <span class='ocrx_word' id='word_1_226' title='bbox 3319 1752 3699 1807; x_wconf 87' lang='lat' dir='ltr'><strong>demonstrare</strong></span> <span class='ocrx_word' id='word_1_227' title='bbox 3743 1747 3837 1803; x_wconf 88' lang='lat' dir='ltr'><strong>di—</strong></span> 
     </span>
    </p>
   </div>
   <div class='ocr_carea' id='block_1_33' title="bbox 416 1825 3837 1910">
    <p class='ocr_par' dir='ltr' id='par_1_33' title="bbox 416 1825 3837 1910">
     <span class='ocr_line' id='line_1_33' title="bbox 416 1825 3837 1910; baseline -0.001 -15"><span class='ocrx_word' id='word_1_228' title='bbox 416 1839 493 1894; x_wconf 89' lang='lat' dir='ltr'><strong>iis</strong></span> <span class='ocrx_word' id='word_1_229' title='bbox 517 1853 644 1910; x_wconf 70' lang='lat' dir='ltr'><strong>quae</strong></span> <span class='ocrx_word' id='word_1_230' title='bbox 663 1839 734 1895; x_wconf 93' lang='lat' dir='ltr'><strong>de</strong></span> <span class='ocrx_word' id='word_1_231' title='bbox 760 1839 1026 1895; x_wconf 92' lang='lat' dir='ltr'><strong>incendio</strong></span> <span class='ocrx_word' id='word_1_232' title='bbox 1050 1837 1306 1894; x_wconf 86' lang='lat' dir='ltr'><strong>civitatis</strong></span> <span class='ocrx_word' id='word_1_233' title='bbox 1329 1837 1592 1893; x_wconf 68' lang='lat' dir='ltr'><strong>Leoninaa</strong></span> <span class='ocrx_word' id='word_1_234' title='bbox 1616 1841 1884 1893; x_wconf 89' lang='lat' dir='ltr'><strong>enarrat:</strong></span> <span class='ocrx_word' id='word_1_235' title='bbox 1913 1857 1940 1890; x_wconf 78' lang='grc' dir='ltr'><strong>α</strong></span> <span class='ocrx_word' id='word_1_236' title='bbox 1963 1837 2068 1894; x_wconf 91' lang='lat' dir='ltr'><strong>Sed</strong></span> <span class='ocrx_word' id='word_1_237' title='bbox 2098 1825 2153 1888; x_wconf 92' lang='grc' dir='ltr'>Β</span> <span class='ocrx_word' id='word_1_238' title='bbox 2176 1843 2347 1906; x_wconf 88' lang='lat' dir='ltr'><strong>gnata</strong></span> <span class='ocrx_word' id='word_1_239' title='bbox 2385 1844 2488 1894; x_wconf 80' lang='lat' dir='ltr'><strong>est.</strong></span> <span class='ocrx_word' id='word_1_240' title='bbox 2511 1879 2524 1894; x_wconf 94' lang='lat'><strong>.</strong></span> <span class='ocrx_word' id='word_1_241' title='bbox 2547 1879 2560 1894; x_wconf 97' lang='lat'><strong>.</strong></span> <span class='ocrx_word' id='word_1_242' title='bbox 2598 1841 2900 1896; x_wconf 86' lang='lat' dir='ltr'><strong>clementia.</strong></span> <span class='ocrx_word' id='word_1_243' title='bbox 2942 1841 3050 1897; x_wconf 91' lang='lat' dir='ltr'><strong>Ubi</strong></span> <span class='ocrx_word' id='word_1_244' title='bbox 3082 1855 3247 1898; x_wconf 91' lang='lat' dir='ltr'><strong>nemo</strong></span> <span class='ocrx_word' id='word_1_245' title='bbox 3289 1854 3403 1897; x_wconf 91' lang='lat' dir='ltr'><strong>non</strong></span> <span class='ocrx_word' id='word_1_246' title='bbox 3440 1839 3596 1895; x_wconf 90' lang='lat' dir='ltr'><strong>videt</strong></span> <span class='ocrx_word' id='word_1_247' title='bbox 3628 1841 3837 1894; x_wconf 88' lang='lat' dir='ltr'><strong>aucto-</strong></span> 
     </span>
    </p>
   </div>
   <div class='ocr_carea' id='block_1_34' title="bbox 415 1925 2066 1999">
    <p class='ocr_par' dir='ltr' id='par_1_34' title="bbox 415 1925 2066 1999">
     <span class='ocr_line' id='line_1_34' title="bbox 415 1925 2066 1999; baseline -0.002 -15"><span class='ocrx_word' id='word_1_248' title='bbox 415 1941 598 1999; x_wconf 90' lang='lat' dir='ltr'><strong>neque</strong></span> <span class='ocrx_word' id='word_1_249' title='bbox 629 1927 735 1984; x_wconf 91' lang='lat' dir='ltr'><strong>hoc</strong></span> <span class='ocrx_word' id='word_1_250' title='bbox 764 1927 999 1984; x_wconf 91' lang='lat' dir='ltr'><strong>silentio</strong></span> <span class='ocrx_word' id='word_1_251' title='bbox 1036 1926 1493 1998; x_wconf 82' lang='lat' dir='ltr'><strong>praetereundum</strong></span> <span class='ocrx_word' id='word_1_252' title='bbox 1531 1939 1655 1982; x_wconf 90' lang='lat' dir='ltr'><strong>esse</strong></span> <span class='ocrx_word' id='word_1_253' title='bbox 1691 1925 2066 1996; x_wconf 87' lang='lat' dir='ltr'><strong>arbitramur,</strong></span> 
     </span>
    </p>
   </div>
   <div class='ocr_carea' id='block_1_35' title="bbox 413 2014 2073 2088">
    <p class='ocr_par' dir='ltr' id='par_1_35' title="bbox 413 2014 2073 2088">
     <span class='ocr_line' id='line_1_35' title="bbox 413 2014 2073 2088; baseline -0.001 -16"><span class='ocrx_word' id='word_1_254' title='bbox 413 2017 626 2088; x_wconf 87' lang='lat' dir='ltr'><strong>inquit,</strong></span> <span class='ocrx_word' id='word_1_255' title='bbox 650 2017 800 2088; x_wconf 91' lang='lat' dir='ltr'><strong>quod</strong></span> <span class='ocrx_word' id='word_1_256' title='bbox 823 2017 1018 2072; x_wconf 90' lang='lat' dir='ltr'><strong>eodem</strong></span> <span class='ocrx_word' id='word_1_257' title='bbox 1041 2021 1310 2086; x_wconf 81' lang='lat' dir='ltr'><strong>tempore,</strong></span> <span class='ocrx_word' id='word_1_258' title='bbox 1334 2014 1624 2072; x_wconf 90' lang='lat' dir='ltr'><strong>diabolica</strong></span> <span class='ocrx_word' id='word_1_259' title='bbox 1645 2020 1915 2086; x_wconf 91' lang='lat' dir='ltr'><strong>operante</strong></span> <span class='ocrx_word' id='word_1_260' title='bbox 1934 2028 2073 2070; x_wconf 90' lang='lat' dir='ltr'><strong>ver-</strong></span> 
     </span>
    </p>
   </div>
   <div class='ocr_carea' id='block_1_36' title="bbox 411 2101 2066 2176">
    <p class='ocr_par' dir='ltr' id='par_1_36' title="bbox 411 2101 2066 2176">
     <span class='ocr_line' id='line_1_36' title="bbox 411 2101 2066 2176; baseline -0.002 -14"><span class='ocrx_word' id='word_1_261' title='bbox 411 2105 587 2176; x_wconf 90' lang='lat' dir='ltr'><strong>sutia,</strong></span> <span class='ocrx_word' id='word_1_262' title='bbox 620 2118 720 2176; x_wconf 91' lang='lat' dir='ltr'><strong>per</strong></span> <span class='ocrx_word' id='word_1_263' title='bbox 749 2103 1128 2176; x_wconf 90' lang='lat' dir='ltr'><strong>quorumdam</strong></span> <span class='ocrx_word' id='word_1_264' title='bbox 1167 2104 1358 2176; x_wconf 91' lang='lat' dir='ltr'><strong>gentis</strong></span> <span class='ocrx_word' id='word_1_265' title='bbox 1385 2103 1702 2176; x_wconf 78' lang='lat' dir='ltr'><strong>Anglorum</strong></span> <span class='ocrx_word' id='word_1_266' title='bbox 1729 2101 2066 2174; x_wconf 80' lang='lat' dir='ltr'><strong>dissuiium,</strong></span> 
     </span>
    </p>
   </div>
   <div class='ocr_carea' id='block_1_37' title="bbox 412 2191 2070 2264">
    <p class='ocr_par' dir='ltr' id='par_1_37' title="bbox 412 2191 2070 2264">
     <span class='ocr_line' id='line_1_37' title="bbox 412 2191 2070 2264; baseline -0.001 -14"><span class='ocrx_word' id='word_1_267' title='bbox 412 2195 492 2250; x_wconf 86' lang='lat' dir='ltr'><strong>ita</strong></span> <span class='ocrx_word' id='word_1_268' title='bbox 515 2199 603 2250; x_wconf 92' lang='lat' dir='ltr'><strong>est</strong></span> <span class='ocrx_word' id='word_1_269' title='bbox 620 2194 810 2250; x_wconf 89' lang='lat' dir='ltr'><strong>omnis</strong></span> <span class='ocrx_word' id='word_1_270' title='bbox 835 2193 1071 2250; x_wconf 89' lang='lat' dir='ltr'><strong>illorum</strong></span> <span class='ocrx_word' id='word_1_271' title='bbox 1093 2191 1397 2263; x_wconf 87' lang='lat' dir='ltr'><strong>habitatio,</strong></span> <span class='ocrx_word' id='word_1_272' title='bbox 1422 2207 1548 2264; x_wconf 75' lang='lat' dir='ltr'><strong>quae</strong></span> <span class='ocrx_word' id='word_1_273' title='bbox 1567 2193 1627 2248; x_wconf 94' lang='lat' dir='ltr'><strong>in</strong></span> <span class='ocrx_word' id='word_1_274' title='bbox 1649 2205 1845 2249; x_wconf 71' lang='lat' dir='ltr'><strong>eorum</strong></span> <span class='ocrx_word' id='word_1_275' title='bbox 1867 2191 2070 2264; x_wconf 90' lang='lat' dir='ltr'><strong>lingua</strong></span> 
     </span>
    </p>
   </div>
   <div class='ocr_carea' id='block_1_38' title="bbox 409 2281 2064 2354">
    <p class='ocr_par' dir='ltr' id='par_1_38' title="bbox 409 2281 2064 2354">
     <span class='ocr_line' id='line_1_38' title="bbox 409 2281 2064 2354; baseline 0 -16"><span class='ocrx_word' id='word_1_276' title='bbox 409 2283 632 2354; x_wconf 89' lang='lat' dir='ltr'><strong>Burgus</strong></span> <span class='ocrx_word' id='word_1_277' title='bbox 664 2282 906 2352; x_wconf 91' lang='lat' dir='ltr'><strong>dicitur,</strong></span> <span class='ocrx_word' id='word_1_278' title='bbox 946 2282 1175 2338; x_wconf 84' lang='lat' dir='ltr'><strong>ﬂamma</strong></span> <span class='ocrx_word' id='word_1_279' title='bbox 1207 2281 1364 2353; x_wconf 89' lang='lat' dir='ltr'><strong>ignis</strong></span> <span class='ocrx_word' id='word_1_280' title='bbox 1391 2282 1716 2338; x_wconf 85' lang='lat' dir='ltr'><strong>exundante</strong></span> <span class='ocrx_word' id='word_1_281' title='bbox 1745 2281 2064 2353; x_wconf 91' lang='lat' dir='ltr'><strong>combusta,</strong></span> 
     </span>
    </p>
   </div>
   <div class='ocr_carea' id='block_1_39' title="bbox 410 2368 2066 2442">
    <p class='ocr_par' dir='ltr' id='par_1_39' title="bbox 410 2368 2066 2442">
     <span class='ocr_line' id='line_1_39' title="bbox 410 2368 2066 2442; baseline -0.001 -14"><span class='ocrx_word' id='word_1_282' title='bbox 410 2377 477 2428; x_wconf 91' lang='lat' dir='ltr'><strong>ut</strong></span> <span class='ocrx_word' id='word_1_283' title='bbox 499 2371 672 2428; x_wconf 91' lang='lat' dir='ltr'><strong>etiam</strong></span> <span class='ocrx_word' id='word_1_284' title='bbox 693 2384 796 2426; x_wconf 92' lang='lat' dir='ltr'><strong>nec</strong></span> <span class='ocrx_word' id='word_1_285' title='bbox 820 2370 1063 2442; x_wconf 88' lang='lat' dir='ltr'><strong>vestigia</strong></span> <span class='ocrx_word' id='word_1_286' title='bbox 1091 2369 1352 2440; x_wconf 71' lang='lat' dir='ltr'><strong>pristinae</strong></span> <span class='ocrx_word' id='word_1_287' title='bbox 1379 2368 1758 2426; x_wconf 86' lang='lat' dir='ltr'><strong>habitationis</strong></span> <span class='ocrx_word' id='word_1_288' title='bbox 1784 2370 1845 2426; x_wconf 91' lang='lat' dir='ltr'><strong>in</strong></span> <span class='ocrx_word' id='word_1_289' title='bbox 1868 2370 2066 2427; x_wconf 89' lang='lat' dir='ltr'><strong>eodem</strong></span> 
     </span>
    </p>
   </div>
   <div class='ocr_carea' id='block_1_40' title="bbox 408 2457 2068 2530">
    <p class='ocr_par' dir='ltr' id='par_1_40' title="bbox 408 2457 2068 2530">
     <span class='ocr_line' id='line_1_40' title="bbox 408 2457 2068 2530; baseline -0.001 -14"><span class='ocrx_word' id='word_1_290' title='bbox 408 2461 534 2516; x_wconf 92' lang='lat' dir='ltr'><strong>loco</strong></span> <span class='ocrx_word' id='word_1_291' title='bbox 566 2459 815 2516; x_wconf 91' lang='lat' dir='ltr'><strong>inveniri</strong></span> <span class='ocrx_word' id='word_1_292' title='bbox 848 2459 1191 2530; x_wconf 90' lang='lat' dir='ltr'><strong>potuissent,</strong></span> <span class='ocrx_word' id='word_1_293' title='bbox 1222 2459 1392 2528; x_wconf 89' lang='lat' dir='ltr'><strong>cujus</strong></span> <span class='ocrx_word' id='word_1_294' title='bbox 1422 2457 1770 2514; x_wconf 83' lang='lat' dir='ltr'><strong>exuberante</strong></span> <span class='ocrx_word' id='word_1_295' title='bbox 1797 2457 2068 2517; x_wconf 90' lang='lat' dir='ltr'><strong>incendio</strong></span> 
     </span>
    </p>
   </div>
   <div class='ocr_carea' id='block_1_41' title="bbox 410 2546 2070 2621">
    <p class='ocr_par' dir='ltr' id='par_1_41' title="bbox 410 2546 2070 2621">
     <span class='ocr_line' id='line_1_41' title="bbox 410 2546 2070 2621; baseline -0.002 -16"><span class='ocrx_word' id='word_1_296' title='bbox 410 2561 551 2621; x_wconf 89' lang='lat' dir='ltr'><strong>pene</strong></span> <span class='ocrx_word' id='word_1_297' title='bbox 570 2553 746 2605; x_wconf 88' lang='lat' dir='ltr'><strong>totam</strong></span> <span class='ocrx_word' id='word_1_298' title='bbox 768 2548 1074 2620; x_wconf 89' lang='lat' dir='ltr'><strong>porticum,</strong></span> <span class='ocrx_word' id='word_1_299' title='bbox 1095 2561 1222 2618; x_wconf 74' lang='lat' dir='ltr'><strong>qua:</strong></span> <span class='ocrx_word' id='word_1_300' title='bbox 1235 2547 1402 2604; x_wconf 93' lang='lat' dir='ltr'><strong>ducit</strong></span> <span class='ocrx_word' id='word_1_301' title='bbox 1422 2548 1492 2603; x_wconf 90' lang='lat' dir='ltr'><strong>ad</strong></span> <span class='ocrx_word' id='word_1_302' title='bbox 1514 2546 1814 2603; x_wconf 88' lang='lat' dir='ltr'><strong>basilicam</strong></span> <span class='ocrx_word' id='word_1_303' title='bbox 1839 2546 2070 2617; x_wconf 84' lang='lat' dir='ltr'><strong>princi—</strong></span> 
     </span>
    </p>
   </div>
   <div class='ocr_carea' id='block_1_42' title="bbox 410 2635 2071 2708">
    <p class='ocr_par' dir='ltr' id='par_1_42' title="bbox 410 2635 2071 2708">
     <span class='ocr_line' id='line_1_42' title="bbox 410 2635 2071 2708; baseline -0.002 -14"><span class='ocrx_word' id='word_1_304' title='bbox 410 2638 504 2708; x_wconf 91' lang='lat' dir='ltr'><strong>pis</strong></span> <span class='ocrx_word' id='word_1_305' title='bbox 543 2635 933 2708; x_wconf 91' lang='lat' dir='ltr'><strong>apostolorum</strong></span> <span class='ocrx_word' id='word_1_306' title='bbox 982 2635 1137 2708; x_wconf 90' lang='lat' dir='ltr'><strong>ignis</strong></span> <span class='ocrx_word' id='word_1_307' title='bbox 1183 2635 1362 2692; x_wconf 87' lang='lat' dir='ltr'><strong>fomes</strong></span> <span class='ocrx_word' id='word_1_308' title='bbox 1407 2635 1748 2692; x_wconf 88' lang='lat' dir='ltr'><strong>devastavit.</strong></span> <span class='ocrx_word' id='word_1_309' title='bbox 1779 2654 1806 2686; x_wconf 87' lang='grc'><strong>››</strong></span> <span class='ocrx_word' id='word_1_310' title='bbox 1849 2635 1975 2691; x_wconf 66' lang='lat' dir='ltr'><strong>Haec</strong></span> <span class='ocrx_word' id='word_1_311' title='bbox 2012 2640 2071 2691; x_wconf 89' lang='lat' dir='ltr'><strong>et</strong></span> 
     </span>
    </p>
   </div>
   <div class='ocr_carea' id='block_1_43' title="bbox 408 2723 2074 2798">
    <p class='ocr_par' dir='ltr' id='par_1_43' title="bbox 408 2723 2074 2798">
     <span class='ocr_line' id='line_1_43' title="bbox 408 2723 2074 2798; baseline -0.001 -16"><span class='ocrx_word' id='word_1_312' title='bbox 408 2726 576 2798; x_wconf 90' lang='lat' dir='ltr'><strong>plura</strong></span> <span class='ocrx_word' id='word_1_313' title='bbox 608 2725 819 2781; x_wconf 90' lang='lat' dir='ltr'><strong>ibidem</strong></span> <span class='ocrx_word' id='word_1_314' title='bbox 847 2729 1048 2780; x_wconf 89' lang='lat' dir='ltr'><strong>auctor</strong></span> <span class='ocrx_word' id='word_1_315' title='bbox 1072 2723 1220 2796; x_wconf 89' lang='lat' dir='ltr'><strong>stylo</strong></span> <span class='ocrx_word' id='word_1_316' title='bbox 1246 2723 1392 2780; x_wconf 88' lang='lat' dir='ltr'><strong>satis</strong></span> <span class='ocrx_word' id='word_1_317' title='bbox 1421 2723 1691 2796; x_wconf 86' lang='lat' dir='ltr'><strong>eleganti,</strong></span> <span class='ocrx_word' id='word_1_318' title='bbox 1718 2737 1752 2781; x_wconf 91' lang='lat' dir='ltr'><strong>a</strong></span> <span class='ocrx_word' id='word_1_319' title='bbox 1777 2737 1893 2796; x_wconf 93' lang='lat' dir='ltr'><strong>quo</strong></span> <span class='ocrx_word' id='word_1_320' title='bbox 1917 2737 2074 2780; x_wconf 93' lang='lat' dir='ltr'><strong>non-</strong></span> 
     </span>
    </p>
   </div>
   <div class='ocr_carea' id='block_1_44' title="bbox 406 2812 2071 2884">
    <p class='ocr_par' dir='ltr' id='par_1_44' title="bbox 406 2812 2071 2884">
     <span class='ocr_line' id='line_1_44' title="bbox 406 2812 2071 2884; baseline -0.002 -12"><span class='ocrx_word' id='word_1_321' title='bbox 406 2814 559 2872; x_wconf 89' lang='lat' dir='ltr'><strong>nihil</strong></span> <span class='ocrx_word' id='word_1_322' title='bbox 601 2812 836 2870; x_wconf 82' lang='lat' dir='ltr'><strong>ditferre</strong></span> <span class='ocrx_word' id='word_1_323' title='bbox 879 2812 1110 2869; x_wconf 90' lang='lat' dir='ltr'><strong>videtur</strong></span> <span class='ocrx_word' id='word_1_324' title='bbox 1155 2813 1342 2884; x_wconf 87' lang='lat' dir='ltr'><strong>stylus</strong></span> <span class='ocrx_word' id='word_1_325' title='bbox 1385 2826 1500 2884; x_wconf 91' lang='lat' dir='ltr'><strong>quo</strong></span> <span class='ocrx_word' id='word_1_326' title='bbox 1544 2813 1888 2884; x_wconf 68' lang='lat' dir='ltr'><strong>conscripta:</strong></span> <span class='ocrx_word' id='word_1_327' title='bbox 1929 2817 2071 2869; x_wconf 90' lang='lat' dir='ltr'><strong>sunt</strong></span> 
     </span>
    </p>
   </div>
   <div class='ocr_carea' id='block_1_45' title="bbox 404 2901 2068 2974">
    <p class='ocr_par' dir='ltr' id='par_1_45' title="bbox 404 2901 2068 2974">
     <span class='ocr_line' id='line_1_45' title="bbox 404 2901 2068 2974; baseline -0.001 -14"><span class='ocrx_word' id='word_1_328' title='bbox 404 2903 548 2960; x_wconf 68' lang='lat' dir='ltr'><strong>Vitae</strong></span> <span class='ocrx_word' id='word_1_329' title='bbox 586 2915 982 2960; x_wconf 90' lang='lat' dir='ltr'><strong>successorum</strong></span> <span class='ocrx_word' id='word_1_330' title='bbox 1024 2901 1269 2972; x_wconf 85' lang='lat' dir='ltr'><strong>Eugenii</strong></span> <span class='ocrx_word' id='word_1_331' title='bbox 1305 2902 1376 2974; x_wconf 88' lang='lat' dir='ltr'><strong>II,</strong></span> <span class='ocrx_word' id='word_1_332' title='bbox 1422 2901 1712 2958; x_wconf 90' lang='lat' dir='ltr'><strong>Valentini</strong></span> <span class='ocrx_word' id='word_1_333' title='bbox 1751 2907 1809 2957; x_wconf 92' lang='lat' dir='ltr'><strong>et</strong></span> <span class='ocrx_word' id='word_1_334' title='bbox 1844 2901 2068 2973; x_wconf 82' lang='lat' dir='ltr'><strong>Grego—</strong></span> 
     </span>
    </p>
   </div>
   <div class='ocr_carea' id='block_1_46' title="bbox 405 2988 2093 3065">
    <p class='ocr_par' dir='ltr' id='par_1_46' title="bbox 405 2988 2093 3065">
     <span class='ocr_line' id='line_1_46' title="bbox 405 2988 2093 3065; baseline -0.003 -13"><span class='ocrx_word' id='word_1_335' title='bbox 405 2995 484 3052; x_wconf 89' lang='lat' dir='ltr'><strong>rii</strong></span> <span class='ocrx_word' id='word_1_336' title='bbox 506 2995 592 3064; x_wconf 88' lang='lat' dir='ltr'><strong>IV,</strong></span> <span class='ocrx_word' id='word_1_337' title='bbox 619 3007 689 3050; x_wconf 89' lang='lat' dir='ltr'><strong>ex</strong></span> <span class='ocrx_word' id='word_1_338' title='bbox 713 2993 881 3064; x_wconf 89' lang='lat' dir='ltr'><strong>cujus</strong></span> <span class='ocrx_word' id='word_1_339' title='bbox 906 2991 1084 3064; x_wconf 89' lang='lat' dir='ltr'><strong>gestis</strong></span> <span class='ocrx_word' id='word_1_340' title='bbox 1108 2990 1430 3063; x_wconf 87' lang='lat' dir='ltr'><strong>colligitur,</strong></span> <span class='ocrx_word' id='word_1_341' title='bbox 1456 2988 1746 3048; x_wconf 84' lang='lat' dir='ltr'><strong>auctorem</strong></span> <span class='ocrx_word' id='word_1_342' title='bbox 1771 2996 1898 3062; x_wconf 92' lang='lat' dir='ltr'><strong>post</strong></span> <span class='ocrx_word' id='word_1_343' title='bbox 1918 2991 2093 3065; x_wconf 63' lang='lat' dir='ltr'><strong>Gre-,</strong></span> 
     </span>
    </p>
   </div>
   <div class='ocr_carea' id='block_1_47' title="bbox 407 3078 2064 3158">
    <p class='ocr_par' dir='ltr' id='par_1_47' title="bbox 407 3078 2064 3158">
     <span class='ocr_line' id='line_1_47' title="bbox 407 3078 2064 3158; baseline -0.002 -18"><span class='ocrx_word' id='word_1_344' title='bbox 407 3083 556 3158; x_wconf 90' lang='lat' dir='ltr'><strong>gorii</strong></span> <span class='ocrx_word' id='word_1_345' title='bbox 587 3088 808 3138; x_wconf 64' lang='lat' dir='ltr'><strong>aetatem</strong></span> <span class='ocrx_word' id='word_1_346' title='bbox 847 3079 1173 3151; x_wconf 90' lang='lat' dir='ltr'><strong>scripsisse.</strong></span> <span class='ocrx_word' id='word_1_347' title='bbox 1213 3078 1402 3152; x_wconf 89' lang='lat' dir='ltr'><strong>Agens</strong></span> <span class='ocrx_word' id='word_1_348' title='bbox 1429 3079 1584 3136; x_wconf 91' lang='lat' dir='ltr'><strong>enim</strong></span> <span class='ocrx_word' id='word_1_349' title='bbox 1609 3079 1687 3135; x_wconf 90' lang='lat' dir='ltr'><strong>de</strong></span> <span class='ocrx_word' id='word_1_350' title='bbox 1715 3079 2064 3136; x_wconf 90' lang='lat' dir='ltr'><strong>monasterio</strong></span> 
     </span>
    </p>
   </div>
   <div class='ocr_carea' id='block_1_48' title="bbox 2178 1926 3839 2002">
    <p class='ocr_par' dir='ltr' id='par_1_48' title="bbox 2178 1926 3839 2002">
     <span class='ocr_line' id='line_1_48' title="bbox 2178 1926 3839 2002; baseline 0 -20"><span class='ocrx_word' id='word_1_351' title='bbox 2178 1939 2296 1983; x_wconf 90' lang='lat' dir='ltr'><strong>rem</strong></span> <span class='ocrx_word' id='word_1_352' title='bbox 2321 1929 2522 1984; x_wconf 90' lang='lat' dir='ltr'><strong>testari</strong></span> <span class='ocrx_word' id='word_1_353' title='bbox 2552 1929 2671 1986; x_wconf 60' lang='lat' dir='ltr'><strong>hac</strong></span> <span class='ocrx_word' id='word_1_354' title='bbox 2706 1944 2833 2002; x_wconf 72' lang='lat' dir='ltr'><strong>qua:</strong></span> <span class='ocrx_word' id='word_1_355' title='bbox 2871 1937 3068 1987; x_wconf 88' lang='lat' dir='ltr'><strong>narrat</strong></span> <span class='ocrx_word' id='word_1_356' title='bbox 3095 1931 3222 1988; x_wconf 91' lang='lat' dir='ltr'><strong>suis</strong></span> <span class='ocrx_word' id='word_1_357' title='bbox 3253 1927 3612 2002; x_wconf 91' lang='lat' dir='ltr'><strong>temporibus</strong></span> <span class='ocrx_word' id='word_1_358' title='bbox 3639 1926 3839 1984; x_wconf 91' lang='lat' dir='ltr'><strong>conti-</strong></span> 
     </span>
    </p>
   </div>
   <div class='ocr_carea' id='block_1_49' title="bbox 2177 2016 3836 2091">
    <p class='ocr_par' dir='ltr' id='par_1_49' title="bbox 2177 2016 3836 2091">
     <span class='ocr_line' id='line_1_49' title="bbox 2177 2016 3836 2091; baseline -0.001 -19"><span class='ocrx_word' id='word_1_359' title='bbox 2177 2016 2348 2088; x_wconf 88' lang='lat' dir='ltr'><strong>gisse.</strong></span> <span class='ocrx_word' id='word_1_360' title='bbox 2381 2018 2604 2074; x_wconf 89' lang='lat' dir='ltr'><strong>Indicat</strong></span> <span class='ocrx_word' id='word_1_361' title='bbox 2632 2033 2860 2091; x_wconf 91' lang='lat' dir='ltr'><strong>quoque</strong></span> <span class='ocrx_word' id='word_1_362' title='bbox 2890 2021 3060 2090; x_wconf 87' lang='lat' dir='ltr'><strong>cujus</strong></span> <span class='ocrx_word' id='word_1_363' title='bbox 3087 2019 3456 2076; x_wconf 87' lang='lat' dir='ltr'><strong>auctoritatis</strong></span> <span class='ocrx_word' id='word_1_364' title='bbox 3485 2016 3671 2072; x_wconf 91' lang='lat' dir='ltr'><strong>fuerit</strong></span> <span class='ocrx_word' id='word_1_365' title='bbox 3698 2017 3836 2072; x_wconf 88' lang='lat' dir='ltr'><strong>dum</strong></span> 
     </span>
    </p>
   </div>
   <div class='ocr_carea' id='block_1_50' title="bbox 2177 2104 3839 2180">
    <p class='ocr_par' dir='ltr' id='par_1_50' title="bbox 2177 2104 3839 2180">
     <span class='ocr_line' id='line_1_50' title="bbox 2177 2104 3839 2180; baseline -0.001 -20"><span class='ocrx_word' id='word_1_366' title='bbox 2177 2104 2350 2162; x_wconf 84' lang='lat' dir='ltr'><strong>refert</strong></span> <span class='ocrx_word' id='word_1_367' title='bbox 2386 2121 2448 2164; x_wconf 91' lang='lat' dir='ltr'><strong>se</strong></span> <span class='ocrx_word' id='word_1_368' title='bbox 2486 2121 2600 2164; x_wconf 91' lang='lat' dir='ltr'><strong>una</strong></span> <span class='ocrx_word' id='word_1_369' title='bbox 2635 2122 2766 2165; x_wconf 92' lang='lat' dir='ltr'><strong>cum</strong></span> <span class='ocrx_word' id='word_1_370' title='bbox 2803 2109 3078 2166; x_wconf 84' lang='lat' dir='ltr'><strong>Romanis</strong></span> <span class='ocrx_word' id='word_1_371' title='bbox 3114 2108 3450 2180; x_wconf 90' lang='lat' dir='ltr'><strong>proceribus</strong></span> <span class='ocrx_word' id='word_1_372' title='bbox 3481 2105 3738 2177; x_wconf 89' lang='lat' dir='ltr'><strong>jussisse</strong></span> <span class='ocrx_word' id='word_1_373' title='bbox 3775 2109 3839 2160; x_wconf 91' lang='lat' dir='ltr'><strong>ut</strong></span> 
     </span>
    </p>
   </div>
   <div class='ocr_carea' id='block_1_51' title="bbox 2174 2194 3832 2270">
    <p class='ocr_par' dir='ltr' id='par_1_51' title="bbox 2174 2194 3832 2270">
     <span class='ocr_line' id='line_1_51' title="bbox 2174 2194 3832 2270; baseline -0.003 -18"><span class='ocrx_word' id='word_1_374' title='bbox 2174 2196 2441 2253; x_wconf 87' lang='lat' dir='ltr'><strong>Saraceni</strong></span> <span class='ocrx_word' id='word_1_375' title='bbox 2499 2198 2602 2269; x_wconf 88' lang='lat' dir='ltr'><strong>qui</strong></span> <span class='ocrx_word' id='word_1_376' title='bbox 2657 2199 2812 2269; x_wconf 88' lang='lat' dir='ltr'><strong>capti</strong></span> <span class='ocrx_word' id='word_1_377' title='bbox 2865 2205 3030 2255; x_wconf 89' lang='lat' dir='ltr'><strong>erant</strong></span> <span class='ocrx_word' id='word_1_378' title='bbox 3090 2199 3429 2270; x_wconf 87' lang='lat' dir='ltr'><strong>ligarentur.</strong></span> <span class='ocrx_word' id='word_1_379' title='bbox 3485 2197 3554 2252; x_wconf 91' lang='lat' dir='ltr'><strong>Et</strong></span> <span class='ocrx_word' id='word_1_380' title='bbox 3610 2194 3832 2251; x_wconf 88' lang='lat' dir='ltr'><strong>addit:</strong></span> 
     </span>
    </p>
   </div>
   <div class='ocr_carea' id='block_1_52' title="bbox 2173 2285 3841 2357">
    <p class='ocr_par' dir='ltr' id='par_1_52' title="bbox 2173 2285 3841 2357">
     <span class='ocr_line' id='line_1_52' title="bbox 2173 2285 3841 2357; baseline -0.001 -18"><span class='ocrx_word' id='word_1_381' title='bbox 2173 2285 2366 2340; x_wconf 86' lang='lat' dir='ltr'><strong>Postea</strong></span> <span class='ocrx_word' id='word_1_382' title='bbox 2393 2301 2500 2356; x_wconf 87' lang='lat' dir='ltr'><strong>per</strong></span> <span class='ocrx_word' id='word_1_383' title='bbox 2537 2286 2757 2340; x_wconf 84' lang='lat' dir='ltr'><strong>diversa</strong></span> <span class='ocrx_word' id='word_1_384' title='bbox 2793 2290 3066 2357; x_wconf 78' lang='lat' dir='ltr'><strong>artiﬁcum</strong></span> <span class='ocrx_word' id='word_1_385' title='bbox 3102 2303 3288 2356; x_wconf 85' lang='lat' dir='ltr'><strong>opera,</strong></span> <span class='ocrx_word' id='word_1_386' title='bbox 3329 2285 3608 2356; x_wconf 84' lang='lat' dir='ltr'><strong>quidquid</strong></span> <span class='ocrx_word' id='word_1_387' title='bbox 3643 2297 3841 2338; x_wconf 85' lang='lat' dir='ltr'><strong>neces-</strong></span> 
     </span>
    </p>
   </div>
   <div class='ocr_carea' id='block_1_53' title="bbox 2174 2372 3836 2444">
    <p class='ocr_par' dir='ltr' id='par_1_53' title="bbox 2174 2372 3836 2444">
     <span class='ocr_line' id='line_1_53' title="bbox 2174 2372 3836 2444; baseline -0.001 -17"><span class='ocrx_word' id='word_1_388' title='bbox 2174 2377 2384 2428; x_wconf 90' lang='lat' dir='ltr'><strong>sarium</strong></span> <span class='ocrx_word' id='word_1_389' title='bbox 2433 2375 2672 2438; x_wconf 78' lang='lat' dir='ltr'><strong>videbat,</strong></span> <span class='ocrx_word' id='word_1_390' title='bbox 2715 2391 2821 2444; x_wconf 86' lang='lat' dir='ltr'><strong>per</strong></span> <span class='ocrx_word' id='word_1_391' title='bbox 2870 2390 2958 2430; x_wconf 86' lang='lat' dir='ltr'><strong>eos</strong></span> <span class='ocrx_word' id='word_1_392' title='bbox 3005 2377 3187 2430; x_wconf 89' lang='lat' dir='ltr'><strong>omnia</strong></span> <span class='ocrx_word' id='word_1_393' title='bbox 3223 2376 3556 2444; x_wconf 85' lang='lat' dir='ltr'><strong>jubebamus</strong></span> <span class='ocrx_word' id='word_1_394' title='bbox 3602 2372 3836 2441; x_wconf 81' lang='lat' dir='ltr'><strong>deferri.</strong></span> 
     </span>
    </p>
   </div>
   <div class='ocr_carea' id='block_1_54' title="bbox 2174 2461 3844 2535">
    <p class='ocr_par' dir='ltr' id='par_1_54' title="bbox 2174 2461 3844 2535">
     <span class='ocr_line' id='line_1_54' title="bbox 2174 2461 3844 2535; baseline -0.002 -17"><span class='ocrx_word' id='word_1_395' title='bbox 2174 2461 2450 2535; x_wconf 88' lang='lat' dir='ltr'><strong>Quisnam</strong></span> <span class='ocrx_word' id='word_1_396' title='bbox 2487 2467 2678 2519; x_wconf 91' lang='lat' dir='ltr'><strong>autem</strong></span> <span class='ocrx_word' id='word_1_397' title='bbox 2726 2463 2902 2532; x_wconf 90' lang='lat' dir='ltr'><strong>hujus</strong></span> <span class='ocrx_word' id='word_1_398' title='bbox 2939 2469 2996 2519; x_wconf 91' lang='lat' dir='ltr'><strong>et</strong></span> <span class='ocrx_word' id='word_1_399' title='bbox 3034 2463 3409 2532; x_wconf 69' lang='lat' dir='ltr'><strong>praecedentis</strong></span> <span class='ocrx_word' id='word_1_400' title='bbox 3450 2463 3596 2518; x_wconf 76' lang='lat' dir='ltr'><strong>Vita:</strong></span> <span class='ocrx_word' id='word_1_401' title='bbox 3633 2465 3844 2518; x_wconf 90' lang='lat' dir='ltr'><strong>auctor</strong></span> 
     </span>
    </p>
   </div>
   <div class='ocr_carea' id='block_1_55' title="bbox 2175 2549 3518 2622">
    <p class='ocr_par' dir='ltr' id='par_1_55' title="bbox 2175 2549 3518 2622">
     <span class='ocr_line' id='line_1_55' title="bbox 2175 2549 3518 2622; baseline -0.001 -16"><span class='ocrx_word' id='word_1_402' title='bbox 2175 2549 2274 2621; x_wconf 89' lang='lat' dir='ltr'><strong>sit,</strong></span> <span class='ocrx_word' id='word_1_403' title='bbox 2308 2550 2521 2607; x_wconf 88' lang='lat' dir='ltr'><strong>nullibi</strong></span> <span class='ocrx_word' id='word_1_404' title='bbox 2551 2551 2920 2622; x_wconf 79' lang='lat' dir='ltr'><strong>exprimitur,</strong></span> <span class='ocrx_word' id='word_1_405' title='bbox 2954 2551 3170 2608; x_wconf 93' lang='lat' dir='ltr'><strong>nullibi</strong></span> <span class='ocrx_word' id='word_1_406' title='bbox 3203 2551 3518 2606; x_wconf 90' lang='lat' dir='ltr'><strong>indicatur.</strong></span> 
     </span>
    </p>
   </div>
   <div class='ocr_carea' id='block_1_56' title="bbox 2249 2636 3845 2711">
    <p class='ocr_par' dir='ltr' id='par_1_56' title="bbox 2249 2636 3845 2711">
     <span class='ocr_line' id='line_1_56' title="bbox 2249 2636 3845 2711; baseline 0.001 -17"><span class='ocrx_word' id='word_1_407' title='bbox 2249 2636 2334 2696; x_wconf 83' lang='grc'><strong>40.</strong></span> <span class='ocrx_word' id='word_1_408' title='bbox 2390 2639 2633 2696; x_wconf 89' lang='lat' dir='ltr'><strong>Putabat</strong></span> <span class='ocrx_word' id='word_1_409' title='bbox 2682 2640 2915 2711; x_wconf 89' lang='lat' dir='ltr'><strong>quidem</strong></span> <span class='ocrx_word' id='word_1_410' title='bbox 2969 2653 3083 2696; x_wconf 93' lang='lat' dir='ltr'><strong>non</strong></span> <span class='ocrx_word' id='word_1_411' title='bbox 3137 2653 3301 2695; x_wconf 91' lang='lat' dir='ltr'><strong>nemo</strong></span> <span class='ocrx_word' id='word_1_412' title='bbox 3359 2641 3654 2694; x_wconf 89' lang='lat' dir='ltr'><strong>auctorem</strong></span> <span class='ocrx_word' id='word_1_413' title='bbox 3722 2651 3845 2695; x_wconf 87' lang='lat' dir='ltr'><strong>esse</strong></span> 
     </span>
    </p>
   </div>
   <div class='ocr_carea' id='block_1_57' title="bbox 2176 2726 3846 2799">
    <p class='ocr_par' dir='ltr' id='par_1_57' title="bbox 2176 2726 3846 2799">
     <span class='ocr_line' id='line_1_57' title="bbox 2176 2726 3846 2799; baseline 0.001 -16"><span class='ocrx_word' id='word_1_414' title='bbox 2176 2727 2545 2786; x_wconf 88' lang='lat' dir='ltr'><strong>Anastasium</strong></span> <span class='ocrx_word' id='word_1_415' title='bbox 2606 2728 3140 2799; x_wconf 87' lang='lat' dir='ltr'><strong>Bibliothecarium,</strong></span> <span class='ocrx_word' id='word_1_416' title='bbox 3191 2728 3293 2799; x_wconf 90' lang='lat' dir='ltr'><strong>qui</strong></span> <span class='ocrx_word' id='word_1_417' title='bbox 3345 2726 3652 2797; x_wconf 70' lang='lat' dir='ltr'><strong>praedictas</strong></span> <span class='ocrx_word' id='word_1_418' title='bbox 3706 2728 3846 2784; x_wconf 82' lang='lat' dir='ltr'><strong>Ser-</strong></span> 
     </span>
    </p>
   </div>
   <div class='ocr_carea' id='block_1_58' title="bbox 2179 2815 3845 2890">
    <p class='ocr_par' dir='ltr' id='par_1_58' title="bbox 2179 2815 3845 2890">
     <span class='ocr_line' id='line_1_58' title="bbox 2179 2815 3845 2890; baseline 0 -18"><span class='ocrx_word' id='word_1_419' title='bbox 2179 2817 2262 2890; x_wconf 86' lang='lat' dir='ltr'><strong>gii</strong></span> <span class='ocrx_word' id='word_1_420' title='bbox 2293 2819 2340 2873; x_wconf 89' lang='lat' dir='ltr'><strong>II</strong></span> <span class='ocrx_word' id='word_1_421' title='bbox 2367 2821 2425 2874; x_wconf 91' lang='lat' dir='ltr'><strong>et</strong></span> <span class='ocrx_word' id='word_1_422' title='bbox 2458 2817 2661 2874; x_wconf 90' lang='lat' dir='ltr'><strong>Leonis</strong></span> <span class='ocrx_word' id='word_1_423' title='bbox 2691 2819 2760 2873; x_wconf 89' lang='lat' dir='ltr'><strong>IV</strong></span> <span class='ocrx_word' id='word_1_424' title='bbox 2796 2831 2863 2874; x_wconf 89' lang='lat' dir='ltr'><strong>ac</strong></span> <span class='ocrx_word' id='word_1_425' title='bbox 2892 2817 3306 2888; x_wconf 90' lang='lat' dir='ltr'><strong>subsequentes</strong></span> <span class='ocrx_word' id='word_1_426' title='bbox 3343 2815 3638 2872; x_wconf 86' lang='lat' dir='ltr'><strong>Benedicti</strong></span> <span class='ocrx_word' id='word_1_427' title='bbox 3679 2817 3759 2872; x_wconf 89' lang='lat' dir='ltr'><strong>III</strong></span> <span class='ocrx_word' id='word_1_428' title='bbox 3789 2820 3845 2872; x_wconf 91' lang='lat' dir='ltr'><strong>et</strong></span> 
     </span>
    </p>
   </div>
   <div class='ocr_carea' id='block_1_59' title="bbox 2177 2903 3845 2975">
    <p class='ocr_par' dir='ltr' id='par_1_59' title="bbox 2177 2903 3845 2975">
     <span class='ocr_line' id='line_1_59' title="bbox 2177 2903 3845 2975; baseline -0.001 -15"><span class='ocrx_word' id='word_1_429' title='bbox 2177 2905 2401 2962; x_wconf 91' lang='lat' dir='ltr'><strong>Nicolai</strong></span> <span class='ocrx_word' id='word_1_430' title='bbox 2449 2907 2473 2960; x_wconf 90' lang='grc' dir='ltr'>Ι</span> <span class='ocrx_word' id='word_1_431' title='bbox 2518 2906 2678 2962; x_wconf 89' lang='lat' dir='ltr'><strong>Vitas</strong></span> <span class='ocrx_word' id='word_1_432' title='bbox 2725 2905 3048 2962; x_wconf 91' lang='lat' dir='ltr'><strong>Pontiﬁcali</strong></span> <span class='ocrx_word' id='word_1_433' title='bbox 3101 2905 3332 2975; x_wconf 86' lang='lat' dir='ltr'><strong>adjecit.</strong></span> <span class='ocrx_word' id='word_1_434' title='bbox 3391 2903 3600 2960; x_wconf 92' lang='lat' dir='ltr'><strong>Verum</strong></span> <span class='ocrx_word' id='word_1_435' title='bbox 3648 2903 3845 2960; x_wconf 83' lang='lat' dir='ltr'><strong>obstat</strong></span> 
     </span>
    </p>
   </div>
   <div class='ocr_carea' id='block_1_60' title="bbox 2175 2991 3843 3070">
    <p class='ocr_par' dir='ltr' id='par_1_60' title="bbox 2175 2991 3843 3070">
     <span class='ocr_line' id='line_1_60' title="bbox 2175 2991 3843 3070; baseline -0.002 -19"><span class='ocrx_word' id='word_1_436' title='bbox 2175 2996 2320 3070; x_wconf 50' lang='lat' dir='ltr'><strong>Vit;</strong></span> <span class='ocrx_word' id='word_1_437' title='bbox 2343 2996 2633 3054; x_wconf 90' lang='lat' dir='ltr'><strong>Benedicti</strong></span> <span class='ocrx_word' id='word_1_438' title='bbox 2677 2997 2772 3066; x_wconf 87' lang='lat' dir='ltr'><strong>III,</strong></span> <span class='ocrx_word' id='word_1_439' title='bbox 2817 3010 2944 3068; x_wconf 67' lang='lat' dir='ltr'><strong>quae</strong></span> <span class='ocrx_word' id='word_1_440' title='bbox 2987 3007 3349 3066; x_wconf 88' lang='lat' dir='ltr'><strong>nequaquam</strong></span> <span class='ocrx_word' id='word_1_441' title='bbox 3389 2991 3698 3049; x_wconf 81' lang='lat' dir='ltr'><strong>Anastasio</strong></span> <span class='ocrx_word' id='word_1_442' title='bbox 3739 2992 3843 3048; x_wconf 89' lang='lat' dir='ltr'><strong>Bi-</strong></span> 
     </span>
    </p>
   </div>
   <div class='ocr_carea' id='block_1_61' title="bbox 2173 3083 3844 3155">
    <p class='ocr_par' dir='ltr' id='par_1_61' title="bbox 2173 3083 3844 3155">
     <span class='ocr_line' id='line_1_61' title="bbox 2173 3083 3844 3155; baseline -0.002 -15"><span class='ocrx_word' id='word_1_443' title='bbox 2173 3083 2555 3142; x_wconf 90' lang='lat' dir='ltr'><strong>bliothecario</strong></span> <span class='ocrx_word' id='word_1_444' title='bbox 2586 3084 2769 3142; x_wconf 92' lang='lat' dir='ltr'><strong>tribui</strong></span> <span class='ocrx_word' id='word_1_445' title='bbox 2801 3088 3006 3155; x_wconf 89' lang='lat' dir='ltr'><strong>potest,</strong></span> <span class='ocrx_word' id='word_1_446' title='bbox 3033 3084 3098 3138; x_wconf 90' lang='lat' dir='ltr'><strong>ob</strong></span> <span class='ocrx_word' id='word_1_447' title='bbox 3114 3083 3450 3153; x_wconf 73' lang='lat' dir='ltr'><strong>affectatum,</strong></span> <span class='ocrx_word' id='word_1_448' title='bbox 3476 3085 3529 3137; x_wconf 89' lang='lat' dir='ltr'><strong>et</strong></span> <span class='ocrx_word' id='word_1_449' title='bbox 3546 3083 3844 3152; x_wconf 85' lang='lat' dir='ltr'><strong>ineptissi-</strong></span> 
     </span>
    </p>
   </div>
   <div class='ocr_carea' id='block_1_62' title="bbox 407 3162 3840 3244">
    <p class='ocr_par' dir='ltr' id='par_1_62' title="bbox 407 3162 3840 3244">
     <span class='ocr_line' id='line_1_62' title="bbox 407 3162 3840 3244; baseline -0.001 -16"><span class='ocrx_word' id='word_1_450' title='bbox 407 3171 592 3228; x_wconf 87' lang='lat' dir='ltr'><strong>sancti</strong></span> <span class='ocrx_word' id='word_1_451' title='bbox 612 3169 846 3228; x_wconf 80' lang='lat' dir='ltr'><strong>Callixti</strong></span> <span class='ocrx_word' id='word_1_452' title='bbox 868 3174 1028 3226; x_wconf 89' lang='lat' dir='ltr'><strong>trans</strong></span> <span class='ocrx_word' id='word_1_453' title='bbox 1049 3167 1325 3240; x_wconf 83' lang='lat' dir='ltr'><strong>Tiberim,</strong></span> <span class='ocrx_word' id='word_1_454' title='bbox 1347 3167 1588 3224; x_wconf 88' lang='lat' dir='ltr'><strong>scribit:</strong></span> <span class='ocrx_word' id='word_1_455' title='bbox 1617 3189 1644 3221; x_wconf 78' lang='grc' dir='ltr'><strong><em>α</em></strong></span> <span class='ocrx_word' id='word_1_456' title='bbox 1667 3171 1731 3225; x_wconf 91' lang='lat' dir='ltr'><strong>In</strong></span> <span class='ocrx_word' id='word_1_457' title='bbox 1755 3181 1870 3240; x_wconf 89' lang='lat' dir='ltr'><strong>quo</strong></span> <span class='ocrx_word' id='word_1_458' title='bbox 1889 3167 2064 3224; x_wconf 85' lang='lat' dir='ltr'><strong>etiam</strong></span> <span class='ocrx_word' id='word_1_459' title='bbox 2093 3162 2144 3226; x_wconf 87' lang='lat' dir='ltr'>C</span> <span class='ocrx_word' id='word_1_460' title='bbox 2172 3189 2321 3228; x_wconf 92' lang='lat' dir='ltr'><strong>mum</strong></span> <span class='ocrx_word' id='word_1_461' title='bbox 2361 3173 2738 3244; x_wconf 68' lang='lat' dir='ltr'><strong>exaggerandi</strong></span> <span class='ocrx_word' id='word_1_462' title='bbox 2779 3173 3115 3244; x_wconf 79' lang='lat' dir='ltr'><strong>proﬂuvium</strong></span> <span class='ocrx_word' id='word_1_463' title='bbox 3161 3187 3226 3226; x_wconf 90' lang='lat' dir='ltr'><strong>ac</strong></span> <span class='ocrx_word' id='word_1_464' title='bbox 3275 3185 3530 3228; x_wconf 82' lang='lat' dir='ltr'><strong>numeros</strong></span> <span class='ocrx_word' id='word_1_465' title='bbox 3572 3173 3840 3240; x_wconf 84' lang='lat' dir='ltr'><strong>poeticos,</strong></span> 
     </span>
    </p>
   </div>
   <div class='ocr_carea' id='block_1_63' title="bbox 411 3255 2064 3330">
    <p class='ocr_par' dir='ltr' id='par_1_63' title="bbox 411 3255 2064 3330">
     <span class='ocr_line' id='line_1_63' title="bbox 411 3255 2064 3330; baseline -0.004 -12"><span class='ocrx_word' id='word_1_466' title='bbox 411 3261 721 3320; x_wconf 89' lang='lat' dir='ltr'><strong>monachos</strong></span> <span class='ocrx_word' id='word_1_467' title='bbox 757 3260 1068 3316; x_wconf 86' lang='lat' dir='ltr'><strong>canonicos</strong></span> <span class='ocrx_word' id='word_1_468' title='bbox 1104 3257 1454 3330; x_wconf 85' lang='lat' dir='ltr'><strong>aggregavit,</strong></span> <span class='ocrx_word' id='word_1_469' title='bbox 1489 3258 1590 3330; x_wconf 88' lang='lat' dir='ltr'><strong>qui</strong></span> <span class='ocrx_word' id='word_1_470' title='bbox 1625 3257 1772 3313; x_wconf 91' lang='lat' dir='ltr'><strong>inibi</strong></span> <span class='ocrx_word' id='word_1_471' title='bbox 1812 3255 2064 3313; x_wconf 84' lang='lat' dir='ltr'><strong>oﬁicium</strong></span> 
     </span>
    </p>
   </div>
   <div class='ocr_carea' id='block_1_64' title="bbox 409 3343 2068 3418">
    <p class='ocr_par' dir='ltr' id='par_1_64' title="bbox 409 3343 2068 3418">
     <span class='ocr_line' id='line_1_64' title="bbox 409 3343 2068 3418; baseline -0.004 -12"><span class='ocrx_word' id='word_1_472' title='bbox 409 3350 664 3408; x_wconf 89' lang='lat' dir='ltr'><strong>facerent</strong></span> <span class='ocrx_word' id='word_1_473' title='bbox 688 3353 746 3405; x_wconf 90' lang='lat' dir='ltr'><strong>et</strong></span> <span class='ocrx_word' id='word_1_474' title='bbox 773 3347 1152 3418; x_wconf 89' lang='lat' dir='ltr'><strong>omnipotenti</strong></span> <span class='ocrx_word' id='word_1_475' title='bbox 1182 3347 1296 3402; x_wconf 93' lang='lat' dir='ltr'><strong>Deo</strong></span> <span class='ocrx_word' id='word_1_476' title='bbox 1328 3353 1516 3418; x_wconf 88' lang='lat' dir='ltr'><strong>grates</strong></span> <span class='ocrx_word' id='word_1_477' title='bbox 1543 3351 1600 3402; x_wconf 90' lang='lat' dir='ltr'><strong>et</strong></span> <span class='ocrx_word' id='word_1_478' title='bbox 1629 3345 1828 3402; x_wconf 91' lang='lat' dir='ltr'><strong>laudes</strong></span> <span class='ocrx_word' id='word_1_479' title='bbox 1857 3343 2068 3401; x_wconf 92' lang='lat' dir='ltr'><strong>diebus</strong></span> 
     </span>
    </p>
   </div>
   <div class='ocr_carea' id='block_1_65' title="bbox 411 3433 2070 3510">
    <p class='ocr_par' dir='ltr' id='par_1_65' title="bbox 411 3433 2070 3510">
     <span class='ocr_line' id='line_1_65' title="bbox 411 3433 2070 3510; baseline -0.004 -15"><span class='ocrx_word' id='word_1_480' title='bbox 411 3437 666 3510; x_wconf 89' lang='lat' dir='ltr'><strong>singulis</strong></span> <span class='ocrx_word' id='word_1_481' title='bbox 699 3441 758 3493; x_wconf 91' lang='lat' dir='ltr'><strong>et</strong></span> <span class='ocrx_word' id='word_1_482' title='bbox 783 3435 1053 3493; x_wconf 89' lang='lat' dir='ltr'><strong>noctibus</strong></span> <span class='ocrx_word' id='word_1_483' title='bbox 1082 3436 1369 3506; x_wconf 87' lang='lat' dir='ltr'><strong>prosecuti</strong></span> <span class='ocrx_word' id='word_1_484' title='bbox 1408 3435 1616 3492; x_wconf 91' lang='lat' dir='ltr'><strong>intimo</strong></span> <span class='ocrx_word' id='word_1_485' title='bbox 1648 3433 1842 3491; x_wconf 90' lang='lat' dir='ltr'><strong>cordis</strong></span> <span class='ocrx_word' id='word_1_486' title='bbox 1870 3433 2070 3504; x_wconf 88' lang='lat' dir='ltr'><strong>spira-</strong></span> 
     </span>
    </p>
   </div>
   <div class='ocr_carea' id='block_1_66' title="bbox 416 3523 2070 3598">
    <p class='ocr_par' dir='ltr' id='par_1_66' title="bbox 416 3523 2070 3598">
     <span class='ocr_line' id='line_1_66' title="bbox 416 3523 2070 3598; baseline -0.004 -16"><span class='ocrx_word' id='word_1_487' title='bbox 416 3527 571 3582; x_wconf 92' lang='lat' dir='ltr'><strong>mine</strong></span> <span class='ocrx_word' id='word_1_488' title='bbox 596 3526 984 3596; x_wconf 90' lang='lat' dir='ltr'><strong>decantarent,</strong></span> <span class='ocrx_word' id='word_1_489' title='bbox 1015 3524 1165 3598; x_wconf 92' lang='lat' dir='ltr'><strong>quod</strong></span> <span class='ocrx_word' id='word_1_490' title='bbox 1197 3524 1353 3580; x_wconf 90' lang='lat' dir='ltr'><strong>sicut</strong></span> <span class='ocrx_word' id='word_1_491' title='bbox 1383 3524 1443 3580; x_wconf 93' lang='lat' dir='ltr'><strong>in</strong></span> <span class='ocrx_word' id='word_1_492' title='bbox 1475 3523 1911 3594; x_wconf 66' lang='lat' dir='ltr'><strong>praesentiarum</strong></span> <span class='ocrx_word' id='word_1_493' title='bbox 1936 3535 2070 3577; x_wconf 91' lang='lat' dir='ltr'><strong>cer—</strong></span> 
     </span>
    </p>
   </div>
   <div class='ocr_carea' id='block_1_67' title="bbox 416 3611 2072 3687">
    <p class='ocr_par' dir='ltr' id='par_1_67' title="bbox 416 3611 2072 3687">
     <span class='ocr_line' id='line_1_67' title="bbox 416 3611 2072 3687; baseline -0.004 -15"><span class='ocrx_word' id='word_1_494' title='bbox 416 3614 630 3687; x_wconf 90' lang='lat' dir='ltr'><strong>nimus,</strong></span> <span class='ocrx_word' id='word_1_495' title='bbox 672 3627 876 3686; x_wconf 86' lang='lat' dir='ltr'><strong>magno</strong></span> <span class='ocrx_word' id='word_1_496' title='bbox 917 3613 1230 3670; x_wconf 91' lang='lat' dir='ltr'><strong>certamine</strong></span> <span class='ocrx_word' id='word_1_497' title='bbox 1274 3626 1594 3686; x_wconf 89' lang='lat' dir='ltr'><strong>magnoque</strong></span> <span class='ocrx_word' id='word_1_498' title='bbox 1640 3611 1836 3669; x_wconf 91' lang='lat' dir='ltr'><strong>studio</strong></span> <span class='ocrx_word' id='word_1_499' title='bbox 1875 3614 2072 3681; x_wconf 89' lang='lat' dir='ltr'><strong>pastor</strong></span> 
     </span>
    </p>
   </div>
   <div class='ocr_carea' id='block_1_68' title="bbox 415 3699 2066 3774">
    <p class='ocr_par' dir='ltr' id='par_1_68' title="bbox 415 3699 2066 3774">
     <span class='ocr_line' id='line_1_68' title="bbox 415 3699 2066 3774; baseline -0.006 -14"><span class='ocrx_word' id='word_1_500' title='bbox 415 3704 666 3761; x_wconf 88' lang='lat' dir='ltr'><strong>eximius</strong></span> <span class='ocrx_word' id='word_1_501' title='bbox 709 3703 816 3761; x_wconf 93' lang='lat' dir='ltr'><strong>hoc</strong></span> <span class='ocrx_word' id='word_1_502' title='bbox 854 3716 1000 3774; x_wconf 91' lang='lat' dir='ltr'><strong>opus</strong></span> <span class='ocrx_word' id='word_1_503' title='bbox 1037 3701 1202 3760; x_wconf 91' lang='lat' dir='ltr'><strong>valde</strong></span> <span class='ocrx_word' id='word_1_504' title='bbox 1238 3701 1638 3758; x_wconf 87' lang='lat' dir='ltr'><strong>ﬁrmissimum</strong></span> <span class='ocrx_word' id='word_1_505' title='bbox 1676 3699 1997 3772; x_wconf 88' lang='lat' dir='ltr'><strong>ampliavit.</strong></span> <span class='ocrx_word' id='word_1_506' title='bbox 2038 3717 2066 3750; x_wconf 67' lang='grc' dir='ltr'><strong><em>υ</em></strong></span> 
     </span>
    </p>
   </div>
   <div class='ocr_carea' id='block_1_69' title="bbox 415 3789 2072 3864">
    <p class='ocr_par' dir='ltr' id='par_1_69' title="bbox 415 3789 2072 3864">
     <span class='ocr_line' id='line_1_69' title="bbox 415 3789 2072 3864; baseline -0.002 -16"><span class='ocrx_word' id='word_1_507' title='bbox 415 3794 498 3849; x_wconf 89' lang='lat' dir='ltr'><strong>Ex</strong></span> <span class='ocrx_word' id='word_1_508' title='bbox 531 3792 748 3864; x_wconf 88' lang='lat' dir='ltr'><strong>quibus</strong></span> <span class='ocrx_word' id='word_1_509' title='bbox 779 3791 969 3849; x_wconf 90' lang='lat' dir='ltr'><strong>verbis</strong></span> <span class='ocrx_word' id='word_1_510' title='bbox 1007 3791 1176 3862; x_wconf 91' lang='lat' dir='ltr'><strong>plane</strong></span> <span class='ocrx_word' id='word_1_511' title='bbox 1211 3791 1521 3850; x_wconf 90' lang='lat' dir='ltr'><strong>deducitur</strong></span> <span class='ocrx_word' id='word_1_512' title='bbox 1556 3797 1846 3848; x_wconf 89' lang='lat' dir='ltr'><strong>auctorem</strong></span> <span class='ocrx_word' id='word_1_513' title='bbox 1882 3789 2072 3845; x_wconf 73' lang='lat' dir='ltr'><strong>Romae</strong></span> 
     </span>
    </p>
   </div>
   <div class='ocr_carea' id='block_1_70' title="bbox 417 3877 2068 3954">
    <p class='ocr_par' dir='ltr' id='par_1_70' title="bbox 417 3877 2068 3954">
     <span class='ocr_line' id='line_1_70' title="bbox 417 3877 2068 3954; baseline -0.003 -18"><span class='ocrx_word' id='word_1_514' title='bbox 417 3880 648 3950; x_wconf 88' lang='lat' dir='ltr'><strong>quidem</strong></span> <span class='ocrx_word' id='word_1_515' title='bbox 688 3881 928 3951; x_wconf 82' lang='lat' dir='ltr'><strong>vixisse,</strong></span> <span class='ocrx_word' id='word_1_516' title='bbox 957 3880 1056 3936; x_wconf 88' lang='lat' dir='ltr'><strong>sed</strong></span> <span class='ocrx_word' id='word_1_517' title='bbox 1086 3885 1218 3951; x_wconf 90' lang='lat' dir='ltr'><strong>post</strong></span> <span class='ocrx_word' id='word_1_518' title='bbox 1253 3886 1510 3954; x_wconf 86' lang='lat' dir='ltr'><strong>tempora</strong></span> <span class='ocrx_word' id='word_1_519' title='bbox 1545 3879 1812 3951; x_wconf 80' lang='lat' dir='ltr'><strong>Gregorii</strong></span> <span class='ocrx_word' id='word_1_520' title='bbox 1852 3877 2068 3949; x_wconf 89' lang='lat' dir='ltr'><strong>quarti.</strong></span> 
     </span>
    </p>
   </div>
   <div class='ocr_carea' id='block_1_71' title="bbox 486 3965 2070 4042">
    <p class='ocr_par' dir='ltr' id='par_1_71' title="bbox 486 3965 2070 4042">
     <span class='ocr_line' id='line_1_71' title="bbox 486 3965 2070 4042; baseline -0.003 -20"><span class='ocrx_word' id='word_1_521' title='bbox 486 3966 541 4022; x_wconf 90' lang='lat'><strong>9.</strong></span> <span class='ocrx_word' id='word_1_522' title='bbox 573 3969 652 4024; x_wconf 92' lang='lat' dir='ltr'><strong>De</strong></span> <span class='ocrx_word' id='word_1_523' title='bbox 679 3969 878 4039; x_wconf 88' lang='lat' dir='ltr'><strong>Sergio</strong></span> <span class='ocrx_word' id='word_1_524' title='bbox 915 3968 1188 4041; x_wconf 81' lang='lat' dir='ltr'><strong>secundo,</strong></span> <span class='ocrx_word' id='word_1_525' title='bbox 1221 3969 1324 4040; x_wconf 89' lang='lat' dir='ltr'><strong>qui</strong></span> <span class='ocrx_word' id='word_1_526' title='bbox 1353 3969 1632 4042; x_wconf 87' lang='lat' dir='ltr'><strong>Gregorio</strong></span> <span class='ocrx_word' id='word_1_527' title='bbox 1669 3970 1740 4023; x_wconf 89' lang='lat' dir='ltr'><strong>IV</strong></span> <span class='ocrx_word' id='word_1_528' title='bbox 1767 3965 2070 4034; x_wconf 90' lang='lat' dir='ltr'><strong>successit,</strong></span> 
     </span>
    </p>
   </div>
   <div class='ocr_carea' id='block_1_72' title="bbox 418 4052 2074 4132">
    <p class='ocr_par' dir='ltr' id='par_1_72' title="bbox 418 4052 2074 4132">
     <span class='ocr_line' id='line_1_72' title="bbox 418 4052 2074 4132; baseline -0.004 -20"><span class='ocrx_word' id='word_1_529' title='bbox 418 4055 590 4112; x_wconf 83' lang='lat' dir='ltr'><strong>facile</strong></span> <span class='ocrx_word' id='word_1_530' title='bbox 612 4055 931 4127; x_wconf 89' lang='lat' dir='ltr'><strong>colligitur,</strong></span> <span class='ocrx_word' id='word_1_531' title='bbox 973 4069 1042 4111; x_wconf 82' lang='lat' dir='ltr'><strong>ex</strong></span> <span class='ocrx_word' id='word_1_532' title='bbox 1073 4056 1280 4128; x_wconf 90' lang='lat' dir='ltr'><strong>primis</strong></span> <span class='ocrx_word' id='word_1_533' title='bbox 1313 4066 1605 4132; x_wconf 86' lang='lat' dir='ltr'><strong>gestorum</strong></span> <span class='ocrx_word' id='word_1_534' title='bbox 1645 4054 1856 4122; x_wconf 89' lang='lat' dir='ltr'><strong>verbis,</strong></span> <span class='ocrx_word' id='word_1_535' title='bbox 1883 4052 2074 4107; x_wconf 86' lang='lat' dir='ltr'><strong>Vitam</strong></span> 
     </span>
    </p>
   </div>
   <div class='ocr_carea' id='block_1_73' title="bbox 417 4143 2070 4220">
    <p class='ocr_par' dir='ltr' id='par_1_73' title="bbox 417 4143 2070 4220">
     <span class='ocr_line' id='line_1_73' title="bbox 417 4143 2070 4220; baseline -0.005 -17"><span class='ocrx_word' id='word_1_536' title='bbox 417 4145 546 4217; x_wconf 88' lang='lat' dir='ltr'><strong>ejus</strong></span> <span class='ocrx_word' id='word_1_537' title='bbox 586 4145 660 4202; x_wconf 92' lang='lat' dir='ltr'><strong>ab</strong></span> <span class='ocrx_word' id='word_1_538' title='bbox 704 4145 823 4202; x_wconf 92' lang='lat' dir='ltr'><strong>alio</strong></span> <span class='ocrx_word' id='word_1_539' title='bbox 872 4145 1117 4220; x_wconf 90' lang='lat' dir='ltr'><strong>quodam</strong></span> <span class='ocrx_word' id='word_1_540' title='bbox 1183 4154 1418 4205; x_wconf 88' lang='lat' dir='ltr'><strong>auctore</strong></span> <span class='ocrx_word' id='word_1_541' title='bbox 1489 4143 1876 4212; x_wconf 87' lang='lat' dir='ltr'><strong>conscriptam</strong></span> <span class='ocrx_word' id='word_1_542' title='bbox 1927 4152 2070 4211; x_wconf 88' lang='lat' dir='ltr'><strong>esse,</strong></span> 
     </span>
    </p>
   </div>
   <div class='ocr_carea' id='block_1_74' title="bbox 416 4231 2074 4308">
    <p class='ocr_par' dir='ltr' id='par_1_74' title="bbox 416 4231 2074 4308">
     <span class='ocr_line' id='line_1_74' title="bbox 416 4231 2074 4308; baseline -0.005 -17"><span class='ocrx_word' id='word_1_543' title='bbox 416 4234 708 4307; x_wconf 67' lang='lat' dir='ltr'><strong>siquidem</strong></span> <span class='ocrx_word' id='word_1_544' title='bbox 739 4235 911 4294; x_wconf 90' lang='lat' dir='ltr'><strong>initio</strong></span> <span class='ocrx_word' id='word_1_545' title='bbox 932 4243 1272 4308; x_wconf 88' lang='lat' dir='ltr'><strong>repetuntur</strong></span> <span class='ocrx_word' id='word_1_546' title='bbox 1297 4249 1496 4292; x_wconf 90' lang='lat' dir='ltr'><strong>omnes</strong></span> <span class='ocrx_word' id='word_1_547' title='bbox 1524 4231 1663 4289; x_wconf 92' lang='lat' dir='ltr'><strong>anni</strong></span> <span class='ocrx_word' id='word_1_548' title='bbox 1690 4231 2074 4285; x_wconf 85' lang='lat' dir='ltr'><strong>Romanorum</strong></span> 
     </span>
    </p>
   </div>
   <div class='ocr_carea' id='block_1_75' title="bbox 421 4318 2080 4396">
    <p class='ocr_par' dir='ltr' id='par_1_75' title="bbox 421 4318 2080 4396">
     <span class='ocr_line' id='line_1_75' title="bbox 421 4318 2080 4396; baseline -0.007 -14"><span class='ocrx_word' id='word_1_549' title='bbox 421 4325 756 4396; x_wconf 88' lang='lat' dir='ltr'><strong>pontiﬁcum</strong></span> <span class='ocrx_word' id='word_1_550' title='bbox 780 4339 815 4382; x_wconf 88' lang='lat' dir='ltr'><strong>a</strong></span> <span class='ocrx_word' id='word_1_551' title='bbox 844 4327 1026 4384; x_wconf 87' lang='lat' dir='ltr'><strong>Leone</strong></span> <span class='ocrx_word' id='word_1_552' title='bbox 1055 4327 1228 4383; x_wconf 89' lang='lat' dir='ltr'><strong>tertio</strong></span> <span class='ocrx_word' id='word_1_553' title='bbox 1252 4337 1437 4395; x_wconf 90' lang='lat' dir='ltr'><strong>usque</strong></span> <span class='ocrx_word' id='word_1_554' title='bbox 1465 4321 1536 4377; x_wconf 90' lang='lat' dir='ltr'><strong>ad</strong></span> <span class='ocrx_word' id='word_1_555' title='bbox 1567 4318 1831 4390; x_wconf 87' lang='lat' dir='ltr'><strong>Sergium</strong></span> <span class='ocrx_word' id='word_1_556' title='bbox 1862 4329 2080 4372; x_wconf 88' lang='lat' dir='ltr'><strong>secun-</strong></span> 
     </span>
    </p>
   </div>
   <div class='ocr_carea' id='block_1_76' title="bbox 417 4406 2078 4486">
    <p class='ocr_par' dir='ltr' id='par_1_76' title="bbox 417 4406 2078 4486">
     <span class='ocr_line' id='line_1_76' title="bbox 417 4406 2078 4486; baseline -0.006 -16"><span class='ocrx_word' id='word_1_557' title='bbox 417 4415 576 4486; x_wconf 92' lang='lat' dir='ltr'><strong>dum,</strong></span> <span class='ocrx_word' id='word_1_558' title='bbox 611 4415 763 4486; x_wconf 90' lang='lat' dir='ltr'><strong>quod</strong></span> <span class='ocrx_word' id='word_1_559' title='bbox 801 4415 1040 4472; x_wconf 90' lang='lat' dir='ltr'><strong>minime</strong></span> <span class='ocrx_word' id='word_1_560' title='bbox 1082 4413 1296 4470; x_wconf 89' lang='lat' dir='ltr'><strong>factum</strong></span> <span class='ocrx_word' id='word_1_561' title='bbox 1333 4416 1503 4482; x_wconf 89' lang='lat' dir='ltr'><strong>esset,</strong></span> <span class='ocrx_word' id='word_1_562' title='bbox 1540 4409 1592 4466; x_wconf 92' lang='lat' dir='ltr'><strong>si</strong></span> <span class='ocrx_word' id='word_1_563' title='bbox 1625 4421 1777 4464; x_wconf 90' lang='lat' dir='ltr'><strong>unus</strong></span> <span class='ocrx_word' id='word_1_564' title='bbox 1812 4406 2078 4476; x_wconf 91' lang='lat' dir='ltr'><strong>idemque</strong></span> 
     </span>
    </p>
   </div>
   <div class='ocr_carea' id='block_1_77' title="bbox 2177 3259 3836 3336">
    <p class='ocr_par' dir='ltr' id='par_1_77' title="bbox 2177 3259 3836 3336">
     <span class='ocr_line' id='line_1_77' title="bbox 2177 3259 3836 3336; baseline -0.003 -17"><span class='ocrx_word' id='word_1_565' title='bbox 2177 3277 2304 3336; x_wconf 72' lang='lat' dir='ltr'><strong>qua:</strong></span> <span class='ocrx_word' id='word_1_566' title='bbox 2342 3263 2404 3319; x_wconf 94' lang='lat' dir='ltr'><strong>in</strong></span> <span class='ocrx_word' id='word_1_567' title='bbox 2447 3277 2513 3318; x_wconf 88' lang='lat' dir='ltr'><strong>ea</strong></span> <span class='ocrx_word' id='word_1_568' title='bbox 2557 3263 2825 3334; x_wconf 90' lang='lat' dir='ltr'><strong>reperiri,</strong></span> <span class='ocrx_word' id='word_1_569' title='bbox 2878 3261 3206 3318; x_wconf 87' lang='lat' dir='ltr'><strong>observavit</strong></span> <span class='ocrx_word' id='word_1_570' title='bbox 3253 3260 3436 3316; x_wconf 90' lang='lat' dir='ltr'><strong>Lucas</strong></span> <span class='ocrx_word' id='word_1_571' title='bbox 3476 3259 3836 3317; x_wconf 86' lang='lat' dir='ltr'><strong>Holstenius.</strong></span> 
     </span>
    </p>
   </div>
   <div class='ocr_carea' id='block_1_78' title="bbox 2173 3347 3842 3424">
    <p class='ocr_par' dir='ltr' id='par_1_78' title="bbox 2173 3347 3842 3424">
     <span class='ocr_line' id='line_1_78' title="bbox 2173 3347 3842 3424; baseline -0.001 -18"><span class='ocrx_word' id='word_1_572' title='bbox 2173 3352 2417 3407; x_wconf 88' lang='lat' dir='ltr'><strong>Tantum</strong></span> <span class='ocrx_word' id='word_1_573' title='bbox 2464 3352 2703 3408; x_wconf 90' lang='lat' dir='ltr'><strong>initium</strong></span> <span class='ocrx_word' id='word_1_574' title='bbox 2749 3352 2926 3408; x_wconf 90' lang='lat' dir='ltr'><strong>istius</strong></span> <span class='ocrx_word' id='word_1_575' title='bbox 2968 3351 3112 3408; x_wconf 81' lang='lat' dir='ltr'><strong>Vitae</strong></span> <span class='ocrx_word' id='word_1_576' title='bbox 3161 3351 3464 3424; x_wconf 88' lang='lat' dir='ltr'><strong>legendum</strong></span> <span class='ocrx_word' id='word_1_577' title='bbox 3517 3354 3622 3420; x_wconf 88' lang='lat' dir='ltr'><strong>est,</strong></span> <span class='ocrx_word' id='word_1_578' title='bbox 3674 3354 3744 3406; x_wconf 88' lang='lat' dir='ltr'><strong>ut</strong></span> <span class='ocrx_word' id='word_1_579' title='bbox 3782 3347 3842 3404; x_wconf 90' lang='lat' dir='ltr'><strong>id</strong></span> 
     </span>
    </p>
   </div>
   <div class='ocr_carea' id='block_1_79' title="bbox 2176 3438 3843 3510">
    <p class='ocr_par' dir='ltr' id='par_1_79' title="bbox 2176 3438 3843 3510">
     <span class='ocr_line' id='line_1_79' title="bbox 2176 3438 3843 3510; baseline -0.003 -14"><span class='ocrx_word' id='word_1_580' title='bbox 2176 3438 2578 3510; x_wconf 73' lang='lat' dir='ltr'><strong>comprobatur</strong></span> <span class='ocrx_word' id='word_1_581' title='bbox 2604 3459 2616 3494; x_wconf 93' lang='lat'><strong>:</strong></span> <span class='ocrx_word' id='word_1_582' title='bbox 2644 3441 2844 3496; x_wconf 89' lang='lat' dir='ltr'><strong>Beatus</strong></span> <span class='ocrx_word' id='word_1_583' title='bbox 2878 3443 2968 3495; x_wconf 78' lang='lat' dir='ltr'><strong>vir</strong></span> <span class='ocrx_word' id='word_1_584' title='bbox 3003 3443 3106 3495; x_wconf 87' lang='lat' dir='ltr'><strong>iste</strong></span> <span class='ocrx_word' id='word_1_585' title='bbox 3135 3441 3502 3495; x_wconf 88' lang='lat' dir='ltr'><strong>dilectissimis</strong></span> <span class='ocrx_word' id='word_1_586' title='bbox 3539 3438 3843 3493; x_wconf 73' lang='lat' dir='ltr'><strong>visceribus</strong></span> 
     </span>
    </p>
   </div>
   <div class='ocr_carea' id='block_1_80' title="bbox 2179 3527 3845 3598">
    <p class='ocr_par' dir='ltr' id='par_1_80' title="bbox 2179 3527 3845 3598">
     <span class='ocr_line' id='line_1_80' title="bbox 2179 3527 3845 3598; baseline -0.002 -16"><span class='ocrx_word' id='word_1_587' title='bbox 2179 3528 2379 3592; x_wconf 83' lang='lat' dir='ltr'><strong>editus,</strong></span> <span class='ocrx_word' id='word_1_588' title='bbox 2409 3528 2610 3582; x_wconf 88' lang='lat' dir='ltr'><strong>siderio</strong></span> <span class='ocrx_word' id='word_1_589' title='bbox 2629 3528 2846 3598; x_wconf 86' lang='lat' dir='ltr'><strong>pollens</strong></span> <span class='ocrx_word' id='word_1_590' title='bbox 2875 3543 3019 3596; x_wconf 83' lang='lat' dir='ltr'><strong>rore,</strong></span> <span class='ocrx_word' id='word_1_591' title='bbox 3061 3543 3404 3598; x_wconf 84' lang='lat' dir='ltr'><strong>crescensque</strong></span> <span class='ocrx_word' id='word_1_592' title='bbox 3431 3528 3659 3582; x_wconf 87' lang='lat' dir='ltr'><strong>celerius</strong></span> <span class='ocrx_word' id='word_1_593' title='bbox 3689 3527 3845 3580; x_wconf 80' lang='lat' dir='ltr'><strong>divi-</strong></span> 
     </span>
    </p>
   </div>
   <div class='ocr_carea' id='block_1_81' title="bbox 2177 3603 3847 3687">
    <p class='ocr_par' dir='ltr' id='par_1_81' title="bbox 2177 3603 3847 3687">
     <span class='ocr_line' id='line_1_81' title="bbox 2177 3603 3847 3687; baseline -0.001 -15"><span class='ocrx_word' id='word_1_594' title='bbox 2177 3632 2374 3672; x_wconf 85' lang='lat' dir='ltr'><strong>norum</strong></span> <span class='ocrx_word' id='word_1_595' title='bbox 2416 3616 2600 3671; x_wconf 83' lang='lat' dir='ltr'><strong>studio</strong></span> <span class='ocrx_word' id='word_1_596' title='bbox 2645 3619 2884 3687; x_wconf 83' lang='lat' dir='ltr'><strong>apicum,</strong></span> <span class='ocrx_word' id='word_1_597' title='bbox 2926 3619 3113 3672; x_wconf 88' lang='lat' dir='ltr'><strong>Patris</strong></span> <span class='ocrx_word' id='word_1_598' title='bbox 3157 3617 3234 3672; x_wconf 88' lang='lat' dir='ltr'><strong>ad</strong></span> <span class='ocrx_word' id='word_1_599' title='bbox 3274 3603 3658 3672; x_wconf 30' lang='lat' dir='ltr'><strong>erudiendum.</strong></span> <span class='ocrx_word' id='word_1_600' title='bbox 3678 3615 3847 3670; x_wconf 85' lang='lat' dir='ltr'><strong>arbi—</strong></span> 
     </span>
    </p>
   </div>
   <div class='ocr_carea' id='block_1_82' title="bbox 2179 3701 3844 3777">
    <p class='ocr_par' dir='ltr' id='par_1_82' title="bbox 2179 3701 3844 3777">
     <span class='ocr_line' id='line_1_82' title="bbox 2179 3701 3844 3777; baseline -0.002 -17"><span class='ocrx_word' id='word_1_601' title='bbox 2179 3707 2285 3760; x_wconf 89' lang='lat' dir='ltr'><strong>trio</strong></span> <span class='ocrx_word' id='word_1_602' title='bbox 2337 3705 2602 3759; x_wconf 81' lang='lat' dir='ltr'><strong>traditur.</strong></span> <span class='ocrx_word' id='word_1_603' title='bbox 2643 3704 2836 3760; x_wconf 88' lang='lat' dir='ltr'><strong>Simili</strong></span> <span class='ocrx_word' id='word_1_604' title='bbox 2885 3705 3079 3776; x_wconf 91' lang='lat' dir='ltr'><strong>inepto</strong></span> <span class='ocrx_word' id='word_1_605' title='bbox 3129 3703 3510 3777; x_wconf 88' lang='lat' dir='ltr'><strong>exaggerandi</strong></span> <span class='ocrx_word' id='word_1_606' title='bbox 3558 3701 3844 3774; x_wconf 89' lang='lat' dir='ltr'><strong>proﬁuvio</strong></span> 
     </span>
    </p>
   </div>
   <div class='ocr_carea' id='block_1_83' title="bbox 2183 3793 3845 3867">
    <p class='ocr_par' dir='ltr' id='par_1_83' title="bbox 2183 3793 3845 3867">
     <span class='ocr_line' id='line_1_83' title="bbox 2183 3793 3845 3867; baseline -0.002 -16"><span class='ocrx_word' id='word_1_607' title='bbox 2183 3795 2347 3867; x_wconf 89' lang='lat' dir='ltr'><strong>plena</strong></span> <span class='ocrx_word' id='word_1_608' title='bbox 2375 3799 2463 3850; x_wconf 91' lang='lat' dir='ltr'><strong>est</strong></span> <span class='ocrx_word' id='word_1_609' title='bbox 2500 3794 2676 3864; x_wconf 91' lang='lat' dir='ltr'><strong>hujus</strong></span> <span class='ocrx_word' id='word_1_610' title='bbox 2716 3793 3010 3864; x_wconf 87' lang='lat' dir='ltr'><strong>pontiﬁcis</strong></span> <span class='ocrx_word' id='word_1_611' title='bbox 3046 3795 3196 3864; x_wconf 88' lang='lat' dir='ltr'><strong>Vita,</strong></span> <span class='ocrx_word' id='word_1_612' title='bbox 3234 3794 3294 3848; x_wconf 92' lang='lat' dir='ltr'><strong>in</strong></span> <span class='ocrx_word' id='word_1_613' title='bbox 3327 3807 3438 3865; x_wconf 89' lang='lat' dir='ltr'><strong>qua</strong></span> <span class='ocrx_word' id='word_1_614' title='bbox 3479 3803 3845 3863; x_wconf 87' lang='lat' dir='ltr'><strong>nequaquam</strong></span> 
     </span>
    </p>
   </div>
   <div class='ocr_carea' id='block_1_84' title="bbox 2183 3879 3843 3954">
    <p class='ocr_par' dir='ltr' id='par_1_84' title="bbox 2183 3879 3843 3954">
     <span class='ocr_line' id='line_1_84' title="bbox 2183 3879 3843 3954; baseline -0.003 -14"><span class='ocrx_word' id='word_1_615' title='bbox 2183 3885 2424 3954; x_wconf 89' lang='lat' dir='ltr'><strong>repetita</strong></span> <span class='ocrx_word' id='word_1_616' title='bbox 2472 3881 2681 3940; x_wconf 86' lang='lat' dir='ltr'><strong>fuisset</strong></span> <span class='ocrx_word' id='word_1_617' title='bbox 2725 3883 3016 3939; x_wconf 90' lang='lat' dir='ltr'><strong>successio</strong></span> <span class='ocrx_word' id='word_1_618' title='bbox 3065 3883 3451 3939; x_wconf 81' lang='lat' dir='ltr'><strong>Romanorum</strong></span> <span class='ocrx_word' id='word_1_619' title='bbox 3501 3879 3843 3951; x_wconf 90' lang='lat' dir='ltr'><strong>pontiﬁcum</strong></span> 
     </span>
    </p>
   </div>
   <div class='ocr_carea' id='block_1_85' title="bbox 2181 3967 3847 4044">
    <p class='ocr_par' dir='ltr' id='par_1_85' title="bbox 2181 3967 3847 4044">
     <span class='ocr_line' id='line_1_85' title="bbox 2181 3967 3847 4044; baseline -0.003 -15"><span class='ocrx_word' id='word_1_620' title='bbox 2181 3973 2446 4044; x_wconf 89' lang='lat' dir='ltr'><strong>Gregorii</strong></span> <span class='ocrx_word' id='word_1_621' title='bbox 2494 3973 2564 4028; x_wconf 92' lang='lat' dir='ltr'><strong>IV</strong></span> <span class='ocrx_word' id='word_1_622' title='bbox 2611 3977 2676 4028; x_wconf 89' lang='lat' dir='ltr'><strong>et’</strong></span> <span class='ocrx_word' id='word_1_623' title='bbox 2717 3971 2903 4044; x_wconf 89' lang='lat' dir='ltr'><strong>Sergii</strong></span> <span class='ocrx_word' id='word_1_624' title='bbox 2952 3973 3020 4041; x_wconf 91' lang='lat' dir='ltr'><strong>II,</strong></span> <span class='ocrx_word' id='word_1_625' title='bbox 3068 3985 3196 4042; x_wconf 75' lang='lat' dir='ltr'><strong>qua:</strong></span> <span class='ocrx_word' id='word_1_626' title='bbox 3245 3971 3307 4027; x_wconf 92' lang='lat' dir='ltr'><strong>in</strong></span> <span class='ocrx_word' id='word_1_627' title='bbox 3349 3969 3558 4026; x_wconf 88' lang='lat' dir='ltr'><strong>Leonis</strong></span> <span class='ocrx_word' id='word_1_628' title='bbox 3596 3967 3673 4024; x_wconf 89' lang='lat' dir='ltr'><strong>IV</strong></span> <span class='ocrx_word' id='word_1_629' title='bbox 3713 3967 3847 4024; x_wconf 90' lang='lat' dir='ltr'><strong>Vita</strong></span> 
     </span>
    </p>
   </div>
   <div class='ocr_carea' id='block_1_86' title="bbox 2183 4060 3848 4135">
    <p class='ocr_par' dir='ltr' id='par_1_86' title="bbox 2183 4060 3848 4135">
     <span class='ocr_line' id='line_1_86' title="bbox 2183 4060 3848 4135; baseline 0 -19"><span class='ocrx_word' id='word_1_630' title='bbox 2183 4062 2440 4118; x_wconf 85' lang='lat' dir='ltr'><strong>exhibita</strong></span> <span class='ocrx_word' id='word_1_631' title='bbox 2470 4068 2613 4135; x_wconf 89' lang='lat' dir='ltr'><strong>erat,</strong></span> <span class='ocrx_word' id='word_1_632' title='bbox 2645 4062 2696 4118; x_wconf 92' lang='lat' dir='ltr'><strong>si</strong></span> <span class='ocrx_word' id='word_1_633' title='bbox 2729 4075 2881 4118; x_wconf 90' lang='lat' dir='ltr'><strong>unus</strong></span> <span class='ocrx_word' id='word_1_634' title='bbox 2907 4066 2965 4118; x_wconf 92' lang='lat' dir='ltr'><strong>et</strong></span> <span class='ocrx_word' id='word_1_635' title='bbox 2994 4062 3143 4118; x_wconf 91' lang='lat' dir='ltr'><strong>idem</strong></span> <span class='ocrx_word' id='word_1_636' title='bbox 3171 4066 3376 4118; x_wconf 85' lang='lat' dir='ltr'><strong>auctor</strong></span> <span class='ocrx_word' id='word_1_637' title='bbox 3416 4060 3606 4116; x_wconf 89' lang='lat' dir='ltr'><strong>Vitam</strong></span> <span class='ocrx_word' id='word_1_638' title='bbox 3640 4061 3848 4116; x_wconf 88' lang='lat' dir='ltr'><strong>Leonis</strong></span> 
     </span>
    </p>
   </div>
   <div class='ocr_carea' id='block_1_87' title="bbox 2183 4147 3848 4223">
    <p class='ocr_par' dir='ltr' id='par_1_87' title="bbox 2183 4147 3848 4223">
     <span class='ocr_line' id='line_1_87' title="bbox 2183 4147 3848 4223; baseline -0.001 -18"><span class='ocrx_word' id='word_1_639' title='bbox 2183 4155 2240 4205; x_wconf 89' lang='lat' dir='ltr'><strong>et.</strong></span> <span class='ocrx_word' id='word_1_640' title='bbox 2267 4150 2559 4207; x_wconf 90' lang='lat' dir='ltr'><strong>Benedicti</strong></span> <span class='ocrx_word' id='word_1_641' title='bbox 2602 4150 3044 4222; x_wconf 90' lang='lat' dir='ltr'><strong>composuisset.</strong></span> <span class='ocrx_word' id='word_1_642' title='bbox 3089 4150 3274 4223; x_wconf 84' lang='lat' dir='ltr'><strong>Magis</strong></span> <span class='ocrx_word' id='word_1_643' title='bbox 3321 4149 3504 4220; x_wconf 84' lang='lat' dir='ltr'><strong>igitur</strong></span> <span class='ocrx_word' id='word_1_644' title='bbox 3549 4147 3848 4220; x_wconf 90' lang='lat' dir='ltr'><strong>probanda</strong></span> 
     </span>
    </p>
   </div>
   <div class='ocr_carea' id='block_1_88' title="bbox 2184 4239 3850 4310">
    <p class='ocr_par' dir='ltr' id='par_1_88' title="bbox 2184 4239 3850 4310">
     <span class='ocr_line' id='line_1_88' title="bbox 2184 4239 3850 4310; baseline 0.001 -18"><span class='ocrx_word' id='word_1_645' title='bbox 2184 4239 2414 4296; x_wconf 87' lang='lat' dir='ltr'><strong>videtur</strong></span> <span class='ocrx_word' id='word_1_646' title='bbox 2465 4239 2569 4295; x_wconf 90' lang='lat' dir='ltr'><strong>illa</strong></span> <span class='ocrx_word' id='word_1_647' title='bbox 2617 4240 2982 4297; x_wconf 91' lang='lat' dir='ltr'><strong>eruditorum</strong></span> <span class='ocrx_word' id='word_1_648' title='bbox 3042 4239 3300 4296; x_wconf 88' lang='lat' dir='ltr'><strong>virorum</strong></span> <span class='ocrx_word' id='word_1_649' title='bbox 3358 4239 3668 4308; x_wconf 89' lang='lat' dir='ltr'><strong>sententia,</strong></span> <span class='ocrx_word' id='word_1_650' title='bbox 3719 4251 3850 4310; x_wconf 71' lang='lat' dir='ltr'><strong>qua:</strong></span> 
     </span>
    </p>
   </div>
   <div class='ocr_carea' id='block_1_89' title="bbox 2183 4325 3844 4398">
    <p class='ocr_par' dir='ltr' id='par_1_89' title="bbox 2183 4325 3844 4398">
     <span class='ocr_line' id='line_1_89' title="bbox 2183 4325 3844 4398; baseline 0 -16"><span class='ocrx_word' id='word_1_651' title='bbox 2183 4327 2488 4384; x_wconf 81' lang='lat' dir='ltr'><strong>Anastasio</strong></span> <span class='ocrx_word' id='word_1_652' title='bbox 2503 4328 2951 4384; x_wconf 90' lang='lat' dir='ltr'><strong>Bibliothecario</strong></span> <span class='ocrx_word' id='word_1_653' title='bbox 2968 4329 3154 4385; x_wconf 89' lang='lat' dir='ltr'><strong>Vitam</strong></span> <span class='ocrx_word' id='word_1_654' title='bbox 3169 4327 3397 4384; x_wconf 86' lang='lat' dir='ltr'><strong>Nicolai</strong></span> <span class='ocrx_word' id='word_1_655' title='bbox 3418 4326 3589 4398; x_wconf 90' lang='lat' dir='ltr'><strong>primi</strong></span> <span class='ocrx_word' id='word_1_656' title='bbox 3610 4325 3844 4382; x_wconf 89' lang='lat' dir='ltr'><strong>tribuit.</strong></span> 
     </span>
    </p>
   </div>
   <div class='ocr_carea' id='block_1_90' title="bbox 2185 4415 3851 4488">
    <p class='ocr_par' dir='ltr' id='par_1_90' title="bbox 2185 4415 3851 4488">
     <span class='ocr_line' id='line_1_90' title="bbox 2185 4415 3851 4488; baseline -0.001 -17"><span class='ocrx_word' id='word_1_657' title='bbox 2185 4416 2320 4472; x_wconf 87' lang='lat' dir='ltr'><strong>Fuit</strong></span> <span class='ocrx_word' id='word_1_658' title='bbox 2357 4417 2477 4472; x_wconf 71' lang='lat' dir='ltr'><strong>haec</strong></span> <span class='ocrx_word' id='word_1_659' title='bbox 2515 4417 2800 4472; x_wconf 90' lang='lat' dir='ltr'><strong>sententia</strong></span> <span class='ocrx_word' id='word_1_660' title='bbox 2836 4417 3002 4474; x_wconf 64' lang='lat' dir='ltr'><strong>Lucae</strong></span> <span class='ocrx_word' id='word_1_661' title='bbox 3037 4417 3342 4488; x_wconf 84' lang='lat' dir='ltr'><strong>Holstenii,</strong></span> <span class='ocrx_word' id='word_1_662' title='bbox 3375 4417 3477 4488; x_wconf 92' lang='lat' dir='ltr'><strong>qui</strong></span> <span class='ocrx_word' id='word_1_663' title='bbox 3511 4416 3685 4472; x_wconf 90' lang='lat' dir='ltr'><strong>initio</strong></span> <span class='ocrx_word' id='word_1_664' title='bbox 3715 4415 3851 4471; x_wconf 76' lang='lat' dir='ltr'><strong>vitae</strong></span> 
     </span>
    </p>
   </div>
   <div class='ocr_carea' id='block_1_91' title="bbox 419 4494 3854 4577">
    <p class='ocr_par' dir='ltr' id='par_1_91' title="bbox 419 4494 3854 4577">
     <span class='ocr_line' id='line_1_91' title="bbox 419 4494 3854 4577; baseline -0.003 -6"><span class='ocrx_word' id='word_1_665' title='bbox 419 4509 623 4561; x_wconf 66' lang='lat'><strong>30010?</strong></span> <span class='ocrx_word' id='word_1_666' title='bbox 676 4504 836 4558; x_wconf 61' lang='lat' dir='ltr'><strong>Vitas</strong></span> <span class='ocrx_word' id='word_1_667' title='bbox 898 4501 1258 4571; x_wconf 54' lang='lat' dir='ltr'><strong>Pontiﬁcum:</strong></span> <span class='ocrx_word' id='word_1_668' title='bbox 1317 4500 1419 4571; x_wconf 70' lang='lat' dir='ltr'><strong>qui</strong></span> <span class='ocrx_word' id='word_1_669' title='bbox 1471 4512 1506 4556; x_wconf 72' lang='lat' dir='ltr'><strong>a</strong></span> <span class='ocrx_word' id='word_1_670' title='bbox 1553 4499 1735 4553; x_wconf 70' lang='lat' dir='ltr'><strong>Leone</strong></span> <span class='ocrx_word' id='word_1_671' title='bbox 1777 4508 1961 4567; x_wconf 75' lang='grc' dir='ltr'><strong>ιιείιιιθ</strong></span> <span class='ocrx_word' id='word_1_672' title='bbox 2005 4494 2074 4550; x_wconf 71' lang='lat' dir='ltr'><strong>ad</strong></span> <span class='ocrx_word' id='word_1_673' title='bbox 2105 4503 2158 4564; x_wconf 92' lang='lat' dir='ltr'>D</span> <span class='ocrx_word' id='word_1_674' title='bbox 2186 4506 2410 4562; x_wconf 90' lang='lat' dir='ltr'><strong>Nicolai</strong></span> <span class='ocrx_word' id='word_1_675' title='bbox 2439 4505 2776 4561; x_wconf 88' lang='lat' dir='ltr'><strong>adnotavit:</strong></span> <span class='ocrx_word' id='word_1_676' title='bbox 2811 4525 2839 4558; x_wconf 76' lang='grc' dir='ltr'><strong><em>α</em></strong></span> <span class='ocrx_word' id='word_1_677' title='bbox 2865 4507 3021 4562; x_wconf 82' lang='lat' dir='ltr'><strong>lianc</strong></span> <span class='ocrx_word' id='word_1_678' title='bbox 3048 4505 3238 4562; x_wconf 89' lang='lat' dir='ltr'><strong>Vitam</strong></span> <span class='ocrx_word' id='word_1_679' title='bbox 3266 4519 3301 4562; x_wconf 90' lang='lat' dir='ltr'><strong>a</strong></span> <span class='ocrx_word' id='word_1_680' title='bbox 3331 4507 3488 4563; x_wconf 90' lang='lat' dir='ltr'><strong>sedis</strong></span> <span class='ocrx_word' id='word_1_681' title='bbox 3515 4505 3854 4577; x_wconf 67' lang='lat' dir='ltr'><strong>apostolica:</strong></span> 
     </span>
    </p>
   </div>
   <div class='ocr_carea' id='block_1_92' title="bbox 417 4585 2080 4662">
    <p class='ocr_par' dir='ltr' id='par_1_92' title="bbox 417 4585 2080 4662">
     <span class='ocr_line' id='line_1_92' title="bbox 417 4585 2080 4662; baseline -0.005 -13"><span class='ocrx_word' id='word_1_682' title='bbox 417 4591 681 4660; x_wconf 83' lang='lat' dir='ltr'><strong>Sergium</strong></span> <span class='ocrx_word' id='word_1_683' title='bbox 716 4591 1032 4646; x_wconf 87' lang='lat' dir='ltr'><strong>secundum</strong></span> <span class='ocrx_word' id='word_1_684' title='bbox 1057 4589 1312 4662; x_wconf 87' lang='lat' dir='ltr'><strong>deerant,</strong></span> <span class='ocrx_word' id='word_1_685' title='bbox 1348 4589 1520 4647; x_wconf 90' lang='lat' dir='ltr'><strong>Libro</strong></span> <span class='ocrx_word' id='word_1_686' title='bbox 1553 4585 1876 4643; x_wconf 89' lang='lat' dir='ltr'><strong>Pontiﬁcali</strong></span> <span class='ocrx_word' id='word_1_687' title='bbox 1912 4585 2080 4656; x_wconf 87' lang='lat' dir='ltr'><strong>adje-</strong></span> 
     </span>
    </p>
   </div>
   <div class='ocr_carea' id='block_1_93' title="bbox 421 4674 2076 4751">
    <p class='ocr_par' dir='ltr' id='par_1_93' title="bbox 421 4674 2076 4751">
     <span class='ocr_line' id='line_1_93' title="bbox 421 4674 2076 4751; baseline -0.005 -14"><span class='ocrx_word' id='word_1_688' title='bbox 421 4682 616 4737; x_wconf 86' lang='lat' dir='ltr'><strong>cisset.</strong></span> <span class='ocrx_word' id='word_1_689' title='bbox 693 4679 910 4734; x_wconf 83' lang='lat' dir='ltr'><strong>Auctor</strong></span> <span class='ocrx_word' id='word_1_690' title='bbox 963 4681 1160 4751; x_wconf 89' lang='lat' dir='ltr'><strong>itaque</strong></span> <span class='ocrx_word' id='word_1_691' title='bbox 1223 4680 1527 4738; x_wconf 89' lang='lat' dir='ltr'><strong>Gestorum</strong></span> <span class='ocrx_word' id='word_1_692' title='bbox 1585 4678 1771 4750; x_wconf 86' lang='lat' dir='ltr'><strong>Sergii</strong></span> <span class='ocrx_word' id='word_1_693' title='bbox 1837 4674 2076 4731; x_wconf 90' lang='lat' dir='ltr'><strong>secundi</strong></span> 
     </span>
    </p>
   </div>
   <div class='ocr_carea' id='block_1_94' title="bbox 418 4764 2079 4844">
    <p class='ocr_par' dir='ltr' id='par_1_94' title="bbox 418 4764 2079 4844">
     <span class='ocr_line' id='line_1_94' title="bbox 418 4764 2079 4844; baseline -0.005 -14"><span class='ocrx_word' id='word_1_694' title='bbox 418 4773 687 4830; x_wconf 86' lang='lat' dir='ltr'><strong>diversus</strong></span> <span class='ocrx_word' id='word_1_695' title='bbox 709 4776 796 4828; x_wconf 90' lang='lat' dir='ltr'><strong>est</strong></span> <span class='ocrx_word' id='word_1_696' title='bbox 825 4769 898 4826; x_wconf 91' lang='lat' dir='ltr'><strong>ab</strong></span> <span class='ocrx_word' id='word_1_697' title='bbox 923 4771 1000 4829; x_wconf 94' lang='lat' dir='ltr'><strong>iis</strong></span> <span class='ocrx_word' id='word_1_698' title='bbox 1024 4771 1126 4844; x_wconf 91' lang='lat' dir='ltr'><strong>qui</strong></span> <span class='ocrx_word' id='word_1_699' title='bbox 1158 4771 1523 4843; x_wconf 90' lang='lat' dir='ltr'><strong>superiorum</strong></span> <span class='ocrx_word' id='word_1_700' title='bbox 1553 4771 1889 4842; x_wconf 90' lang='lat' dir='ltr'><strong>pontiﬁcum</strong></span> <span class='ocrx_word' id='word_1_701' title='bbox 1914 4764 2079 4822; x_wconf 89' lang='lat' dir='ltr'><strong>Vitas</strong></span> 
     </span>
    </p>
   </div>
   <div class='ocr_carea' id='block_1_95' title="bbox 421 4852 2078 4940">
    <p class='ocr_par' dir='ltr' id='par_1_95' title="bbox 421 4852 2078 4940">
     <span class='ocr_line' id='line_1_95' title="bbox 421 4852 2078 4940; baseline -0.002 -17"><span class='ocrx_word' id='word_1_702' title='bbox 421 4852 910 4940; x_wconf 79' lang='lat' dir='ltr'><strong>conscripserunt,</strong></span> <span class='ocrx_word' id='word_1_703' title='bbox 982 4864 1159 4937; x_wconf 91' lang='lat' dir='ltr'><strong>idque</strong></span> <span class='ocrx_word' id='word_1_704' title='bbox 1221 4864 1523 4922; x_wconf 85' lang='lat' dir='ltr'><strong>manifeste</strong></span> <span class='ocrx_word' id='word_1_705' title='bbox 1593 4869 1951 4922; x_wconf 87' lang='lat' dir='ltr'><strong>monstratur</strong></span> <span class='ocrx_word' id='word_1_706' title='bbox 2008 4878 2078 4921; x_wconf 82' lang='lat' dir='ltr'><strong>ex</strong></span> 
     </span>
    </p>
   </div>
   <div class='ocr_carea' id='block_1_96' title="bbox 417 4951 2080 5032">
    <p class='ocr_par' dir='ltr' id='par_1_96' title="bbox 417 4951 2080 5032">
     <span class='ocr_line' id='line_1_96' title="bbox 417 4951 2080 5032; baseline -0.004 -17"><span class='ocrx_word' id='word_1_707' title='bbox 417 4959 586 5032; x_wconf 90' lang='lat' dir='ltr'><strong>stylo,</strong></span> <span class='ocrx_word' id='word_1_708' title='bbox 611 4959 712 5030; x_wconf 91' lang='lat' dir='ltr'><strong>qui</strong></span> <span class='ocrx_word' id='word_1_709' title='bbox 733 4955 1058 5029; x_wconf 86' lang='lat' dir='ltr'><strong>singularis</strong></span> <span class='ocrx_word' id='word_1_710' title='bbox 1077 4955 1325 5024; x_wconf 86' lang='lat' dir='ltr'><strong>videtur,</strong></span> <span class='ocrx_word' id='word_1_711' title='bbox 1347 4953 1668 5023; x_wconf 89' lang='lat' dir='ltr'><strong>interjectis</strong></span> <span class='ocrx_word' id='word_1_712' title='bbox 1691 4951 1907 5024; x_wconf 89' lang='lat' dir='ltr'><strong>ubique</strong></span> <span class='ocrx_word' id='word_1_713' title='bbox 1927 4953 2080 5010; x_wconf 91' lang='lat' dir='ltr'><strong>inter</strong></span> 
     </span>
    </p>
   </div>
   <div class='ocr_carea' id='block_1_97' title="bbox 420 5041 2078 5118">
    <p class='ocr_par' dir='ltr' id='par_1_97' title="bbox 420 5041 2078 5118">
     <span class='ocr_line' id='line_1_97' title="bbox 420 5041 2078 5118; baseline -0.004 -11"><span class='ocrx_word' id='word_1_714' title='bbox 420 5050 655 5107; x_wconf 90' lang='lat' dir='ltr'><strong>nomina</strong></span> <span class='ocrx_word' id='word_1_715' title='bbox 701 5053 758 5105; x_wconf 90' lang='lat' dir='ltr'><strong>et</strong></span> <span class='ocrx_word' id='word_1_716' title='bbox 805 5047 1084 5118; x_wconf 88' lang='lat' dir='ltr'><strong>adjectiva</strong></span> <span class='ocrx_word' id='word_1_717' title='bbox 1139 5044 1410 5118; x_wconf 90' lang='lat' dir='ltr'><strong>pluribus</strong></span> <span class='ocrx_word' id='word_1_718' title='bbox 1452 5041 1660 5098; x_wconf 86' lang='lat' dir='ltr'><strong>verbis.</strong></span> <span class='ocrx_word' id='word_1_719' title='bbox 1715 5043 1809 5100; x_wconf 91' lang='lat' dir='ltr'><strong>Sic</strong></span> <span class='ocrx_word' id='word_1_720' title='bbox 1855 5044 2078 5101; x_wconf 91' lang='lat' dir='ltr'><strong>dicitur</strong></span> 
     </span>
    </p>
   </div>
   <div class='ocr_carea' id='block_1_98' title="bbox 417 5132 2080 5203">
    <p class='ocr_par' dir='ltr' id='par_1_98' title="bbox 417 5132 2080 5203">
     <span class='ocr_line' id='line_1_98' title="bbox 417 5132 2080 5203; baseline -0.006 -7"><span class='ocrx_word' id='word_1_721' title='bbox 417 5138 592 5196; x_wconf 91' lang='lat' dir='ltr'><strong>initio</strong></span> <span class='ocrx_word' id='word_1_722' title='bbox 628 5139 931 5194; x_wconf 88' lang='lat' dir='ltr'><strong>Gestorum</strong></span> <span class='ocrx_word' id='word_1_723' title='bbox 964 5153 978 5190; x_wconf 98' lang='lat'><strong>:</strong></span> <span class='ocrx_word' id='word_1_724' title='bbox 1009 5135 1229 5203; x_wconf 83' lang='lat' dir='ltr'><strong>Ingenti</strong></span> <span class='ocrx_word' id='word_1_725' title='bbox 1265 5133 1422 5201; x_wconf 74' lang='lat' dir='ltr'><strong>capit</strong></span> <span class='ocrx_word' id='word_1_726' title='bbox 1450 5146 1571 5186; x_wconf 88' lang='lat' dir='ltr'><strong>cum</strong></span> <span class='ocrx_word' id='word_1_727' title='bbox 1606 5132 1812 5186; x_wconf 86' lang='lat' dir='ltr'><strong>studio.</strong></span> <span class='ocrx_word' id='word_1_728' title='bbox 1833 5173 1848 5186; x_wconf 94' lang='lat'><strong>.</strong></span> <span class='ocrx_word' id='word_1_729' title='bbox 1871 5173 1885 5187; x_wconf 97' lang='lat'><strong>.</strong></span> <span class='ocrx_word' id='word_1_730' title='bbox 1929 5135 2080 5188; x_wconf 83' lang='lat' dir='ltr'><strong>acti-</strong></span> 
     </span>
    </p>
   </div>
   <div class='ocr_carea' id='block_1_99' title="bbox 418 5219 2075 5296">
    <p class='ocr_par' dir='ltr' id='par_1_99' title="bbox 418 5219 2075 5296">
     <span class='ocr_line' id='line_1_99' title="bbox 418 5219 2075 5296; baseline -0.002 -14"><span class='ocrx_word' id='word_1_731' title='bbox 418 5229 518 5282; x_wconf 88' lang='lat' dir='ltr'><strong>bus</strong></span> <span class='ocrx_word' id='word_1_732' title='bbox 566 5225 773 5296; x_wconf 82' lang='lat' dir='ltr'><strong>pollere</strong></span> <span class='ocrx_word' id='word_1_733' title='bbox 817 5224 1100 5278; x_wconf 81' lang='lat' dir='ltr'><strong>uideretur</strong></span> <span class='ocrx_word' id='word_1_734' title='bbox 1132 5224 1250 5293; x_wconf 87' lang='lat' dir='ltr'><strong>piis</strong></span> <span class='ocrx_word' id='word_1_735' title='bbox 1297 5220 1368 5274; x_wconf 90' lang='lat' dir='ltr'><strong>ab</strong></span> <span class='ocrx_word' id='word_1_736' title='bbox 1416 5219 1687 5284; x_wconf 88' lang='lat' dir='ltr'><strong>omnibus,</strong></span> <span class='ocrx_word' id='word_1_737' title='bbox 1736 5224 1790 5274; x_wconf 89' lang='lat' dir='ltr'><strong>et</strong></span> <span class='ocrx_word' id='word_1_738' title='bbox 1832 5223 2075 5280; x_wconf 87' lang='lat' dir='ltr'><strong>moribus</strong></span> 
     </span>
    </p>
   </div>
   <div class='ocr_carea' id='block_1_100' title="bbox 415 5307 2076 5380">
    <p class='ocr_par' dir='ltr' id='par_1_100' title="bbox 415 5307 2076 5380">
     <span class='ocr_line' id='line_1_100' title="bbox 415 5307 2076 5380; baseline -0.004 -10"><span class='ocrx_word' id='word_1_739' title='bbox 415 5316 707 5370; x_wconf 87' lang='lat' dir='ltr'><strong>clarescere</strong></span> <span class='ocrx_word' id='word_1_740' title='bbox 756 5311 1030 5380; x_wconf 87' lang='lat' dir='ltr'><strong>majorum</strong></span> <span class='ocrx_word' id='word_1_741' title='bbox 1071 5311 1288 5380; x_wconf 74' lang='lat' dir='ltr'><strong>emperit</strong></span> <span class='ocrx_word' id='word_1_742' title='bbox 1345 5307 1636 5363; x_wconf 84' lang='lat' dir='ltr'><strong>nobilium.</strong></span> <span class='ocrx_word' id='word_1_743' title='bbox 1657 5349 1671 5362; x_wconf 94' lang='lat'><strong>.</strong></span> <span class='ocrx_word' id='word_1_744' title='bbox 1691 5349 1706 5362; x_wconf 93' lang='lat'><strong>.</strong></span> <span class='ocrx_word' id='word_1_745' title='bbox 1769 5314 2076 5366; x_wconf 68' lang='lat' dir='ltr'><strong>communi-</strong></span> 
     </span>
    </p>
   </div>
   <div class='ocr_carea' id='block_1_101' title="bbox 419 5397 2076 5466">
    <p class='ocr_par' dir='ltr' id='par_1_101' title="bbox 419 5397 2076 5466">
     <span class='ocr_line' id='line_1_101' title="bbox 419 5397 2076 5466; baseline -0.002 -10"><span class='ocrx_word' id='word_1_746' title='bbox 419 5403 520 5457; x_wconf 87' lang='lat' dir='ltr'><strong>bus</strong></span> <span class='ocrx_word' id='word_1_747' title='bbox 552 5401 787 5455; x_wconf 87' lang='lat' dir='ltr'><strong>tradidit</strong></span> <span class='ocrx_word' id='word_1_748' title='bbox 826 5399 1001 5453; x_wconf 86' lang='lat' dir='ltr'><strong>literis</strong></span> <span class='ocrx_word' id='word_1_749' title='bbox 1031 5402 1082 5452; x_wconf 87' lang='lat' dir='ltr'><strong>et</strong></span> <span class='ocrx_word' id='word_1_750' title='bbox 1118 5403 1180 5452; x_wconf 87' lang='lat' dir='ltr'><strong>ut</strong></span> <span class='ocrx_word' id='word_1_751' title='bbox 1216 5397 1493 5466; x_wconf 85' lang='lat' dir='ltr'><strong>melliﬂuis</strong></span> <span class='ocrx_word' id='word_1_752' title='bbox 1529 5399 1896 5453; x_wconf 86' lang='lat' dir='ltr'><strong>instrueretur</strong></span> <span class='ocrx_word' id='word_1_753' title='bbox 1933 5415 2076 5454; x_wconf 89' lang='lat' dir='ltr'><strong>can-</strong></span> 
     </span>
    </p>
   </div>
   <div class='ocr_carea' id='block_1_102' title="bbox 415 5486 2075 5558">
    <p class='ocr_par' dir='ltr' id='par_1_102' title="bbox 415 5486 2075 5558">
     <span class='ocr_line' id='line_1_102' title="bbox 415 5486 2075 5558; baseline -0.001 -15"><span class='ocrx_word' id='word_1_754' title='bbox 415 5490 600 5544; x_wconf 67' lang='lat' dir='ltr'><strong>tilenae</strong></span> <span class='ocrx_word' id='word_1_755' title='bbox 637 5487 914 5543; x_wconf 86' lang='lat' dir='ltr'><strong>melodiis.</strong></span> <span class='ocrx_word' id='word_1_756' title='bbox 932 5525 948 5540; x_wconf 89' lang='lat'><strong>.</strong></span> <span class='ocrx_word' id='word_1_757' title='bbox 969 5524 984 5540; x_wconf 92' lang='lat'><strong>.</strong></span> <span class='ocrx_word' id='word_1_758' title='bbox 1037 5501 1190 5540; x_wconf 89' lang='lat' dir='ltr'><strong>omne</strong></span> <span class='ocrx_word' id='word_1_759' title='bbox 1235 5486 1466 5540; x_wconf 86' lang='lat' dir='ltr'><strong>literalis</strong></span> <span class='ocrx_word' id='word_1_760' title='bbox 1499 5487 1805 5557; x_wconf 59' lang='lat' dir='ltr'><strong>disciplina</strong></span> <span class='ocrx_word' id='word_1_761' title='bbox 1839 5490 2075 5558; x_wconf 87' lang='lat' dir='ltr'><strong>sumpsit</strong></span> 
     </span>
    </p>
   </div>
   <div class='ocr_carea' id='block_1_103' title="bbox 413 5573 2072 5648">
    <p class='ocr_par' dir='ltr' id='par_1_103' title="bbox 413 5573 2072 5648">
     <span class='ocr_line' id='line_1_103' title="bbox 413 5573 2072 5648; baseline -0.002 -13"><span class='ocrx_word' id='word_1_762' title='bbox 413 5577 718 5648; x_wconf 84' lang='lat' dir='ltr'><strong>ingenium.</strong></span> <span class='ocrx_word' id='word_1_763' title='bbox 783 5573 1002 5630; x_wconf 89' lang='lat' dir='ltr'><strong>Omitto</strong></span> <span class='ocrx_word' id='word_1_764' title='bbox 1059 5575 1302 5646; x_wconf 90' lang='lat' dir='ltr'><strong>reliqua,</strong></span> <span class='ocrx_word' id='word_1_765' title='bbox 1372 5575 1638 5648; x_wconf 89' lang='lat' dir='ltr'><strong>nihilque</strong></span> <span class='ocrx_word' id='word_1_766' title='bbox 1700 5575 2072 5646; x_wconf 89' lang='lat' dir='ltr'><strong>peculiariter</strong></span> 
     </span>
    </p>
   </div>
   <div class='ocr_carea' id='block_1_104' title="bbox 415 5661 2071 5737">
    <p class='ocr_par' dir='ltr' id='par_1_104' title="bbox 415 5661 2071 5737">
     <span class='ocr_line' id='line_1_104' title="bbox 415 5661 2071 5737; baseline -0.004 -12"><span class='ocrx_word' id='word_1_767' title='bbox 415 5663 732 5725; x_wconf 89' lang='lat' dir='ltr'><strong>notandum</strong></span> <span class='ocrx_word' id='word_1_768' title='bbox 759 5661 1032 5732; x_wconf 86' lang='lat' dir='ltr'><strong>occurrit,</strong></span> <span class='ocrx_word' id='word_1_769' title='bbox 1064 5663 1177 5720; x_wconf 90' lang='lat' dir='ltr'><strong>nisi</strong></span> <span class='ocrx_word' id='word_1_770' title='bbox 1207 5664 1354 5735; x_wconf 91' lang='lat' dir='ltr'><strong>quod</strong></span> <span class='ocrx_word' id='word_1_771' title='bbox 1384 5665 1674 5737; x_wconf 88' lang='lat' dir='ltr'><strong>plerisque</strong></span> <span class='ocrx_word' id='word_1_772' title='bbox 1695 5665 1754 5720; x_wconf 91' lang='lat' dir='ltr'><strong>in</strong></span> <span class='ocrx_word' id='word_1_773' title='bbox 1781 5663 1927 5720; x_wconf 91' lang='lat' dir='ltr'><strong>locis</strong></span> <span class='ocrx_word' id='word_1_774' title='bbox 1943 5668 2071 5720; x_wconf 88' lang='lat' dir='ltr'><strong>acta</strong></span> 
     </span>
    </p>
   </div>
   <div class='ocr_carea' id='block_1_105' title="bbox 2187 4593 3849 4666">
    <p class='ocr_par' dir='ltr' id='par_1_105' title="bbox 2187 4593 3849 4666">
     <span class='ocr_line' id='line_1_105' title="bbox 2187 4593 3849 4666; baseline 0.001 -17"><span class='ocrx_word' id='word_1_775' title='bbox 2187 4593 2631 4650; x_wconf 84' lang='lat' dir='ltr'><strong>bibliothecario</strong></span> <span class='ocrx_word' id='word_1_776' title='bbox 2691 4595 2964 4665; x_wconf 88' lang='lat' dir='ltr'><strong>scriptam</strong></span> <span class='ocrx_word' id='word_1_777' title='bbox 3045 4594 3214 4650; x_wconf 91' lang='lat' dir='ltr'><strong>docet</strong></span> <span class='ocrx_word' id='word_1_778' title='bbox 3285 4593 3557 4666; x_wconf 81' lang='lat' dir='ltr'><strong>frequens</strong></span> <span class='ocrx_word' id='word_1_779' title='bbox 3635 4595 3849 4652; x_wconf 91' lang='lat' dir='ltr'><strong>scrinii</strong></span> 
     </span>
    </p>
   </div>
   <div class='ocr_carea' id='block_1_106' title="bbox 2185 4682 3854 4742">
    <p class='ocr_par' dir='ltr' id='par_1_106' title="bbox 2185 4682 3854 4742">
     <span class='ocr_line' id='line_1_106' title="bbox 2185 4682 3854 4742; baseline 0.002 -4"><span class='ocrx_word' id='word_1_780' title='bbox 2185 4682 2564 4738; x_wconf 90' lang='lat' dir='ltr'><strong>ecclesiastici</strong></span> <span class='ocrx_word' id='word_1_781' title='bbox 2597 4684 2830 4740; x_wconf 91' lang='lat' dir='ltr'><strong>mentio.</strong></span> <span class='ocrx_word' id='word_1_782' title='bbox 2865 4701 2892 4734; x_wconf 71' lang='grc' dir='ltr'><strong>ι»</strong></span> <span class='ocrx_word' id='word_1_783' title='bbox 2925 4685 3110 4741; x_wconf 89' lang='lat' dir='ltr'><strong>Unum</strong></span> <span class='ocrx_word' id='word_1_784' title='bbox 3148 4684 3324 4740; x_wconf 91' lang='lat' dir='ltr'><strong>istius</strong></span> <span class='ocrx_word' id='word_1_785' title='bbox 3354 4684 3618 4741; x_wconf 85' lang='lat' dir='ltr'><strong>veritatis</strong></span> <span class='ocrx_word' id='word_1_786' title='bbox 3645 4697 3854 4742; x_wconf 89' lang='lat' dir='ltr'><strong>exem—</strong></span> 
     </span>
    </p>
   </div>
   <div class='ocr_carea' id='block_1_107' title="bbox 2187 4771 3851 4846">
    <p class='ocr_par' dir='ltr' id='par_1_107' title="bbox 2187 4771 3851 4846">
     <span class='ocr_line' id='line_1_107' title="bbox 2187 4771 3851 4846; baseline 0.003 -20"><span class='ocrx_word' id='word_1_787' title='bbox 2187 4771 2346 4842; x_wconf 87' lang='lat' dir='ltr'><strong>plum</strong></span> <span class='ocrx_word' id='word_1_788' title='bbox 2384 4771 2668 4828; x_wconf 90' lang='lat' dir='ltr'><strong>adducere</strong></span> <span class='ocrx_word' id='word_1_789' title='bbox 2698 4771 2960 4829; x_wconf 87' lang='lat' dir='ltr'><strong>sufﬁciet.</strong></span> <span class='ocrx_word' id='word_1_790' title='bbox 2991 4774 3071 4829; x_wconf 91' lang='lat' dir='ltr'><strong>De</strong></span> <span class='ocrx_word' id='word_1_791' title='bbox 3100 4774 3278 4846; x_wconf 88' lang='lat' dir='ltr'><strong>gestis</strong></span> <span class='ocrx_word' id='word_1_792' title='bbox 3307 4787 3554 4844; x_wconf 88' lang='lat' dir='ltr'><strong>namque</strong></span> <span class='ocrx_word' id='word_1_793' title='bbox 3581 4773 3851 4831; x_wconf 87' lang='lat' dir='ltr'><strong>Lotharii</strong></span> 
     </span>
    </p>
   </div>
   <div class='ocr_carea' id='block_1_108' title="bbox 2188 4863 3852 4934">
    <p class='ocr_par' dir='ltr' id='par_1_108' title="bbox 2188 4863 3852 4934">
     <span class='ocr_line' id='line_1_108' title="bbox 2188 4863 3852 4934; baseline 0 -14"><span class='ocrx_word' id='word_1_794' title='bbox 2188 4865 2269 4921; x_wconf 83' lang='lat' dir='ltr'><strong>ita</strong></span> <span class='ocrx_word' id='word_1_795' title='bbox 2316 4863 2526 4921; x_wconf 91' lang='lat' dir='ltr'><strong>scribit</strong></span> <span class='ocrx_word' id='word_1_796' title='bbox 2564 4869 2766 4920; x_wconf 88' lang='lat' dir='ltr'><strong>auctor</strong></span> <span class='ocrx_word' id='word_1_797' title='bbox 2803 4880 2818 4918; x_wconf 88' lang='lat'><strong>:</strong></span> <span class='ocrx_word' id='word_1_798' title='bbox 2861 4863 3017 4918; x_wconf 87' lang='lat' dir='ltr'><strong>Sicut</strong></span> <span class='ocrx_word' id='word_1_799' title='bbox 3067 4865 3129 4917; x_wconf 90' lang='lat' dir='ltr'><strong>in</strong></span> <span class='ocrx_word' id='word_1_800' title='bbox 3175 4864 3290 4918; x_wconf 84' lang='lat' dir='ltr'><strong>illis</strong></span> <span class='ocrx_word' id='word_1_801' title='bbox 3343 4865 3487 4918; x_wconf 88' lang='lat' dir='ltr'><strong>male</strong></span> <span class='ocrx_word' id='word_1_802' title='bbox 3537 4867 3852 4934; x_wconf 85' lang='lat' dir='ltr'><strong>compositis</strong></span> 
     </span>
    </p>
   </div>
   <div class='ocr_carea' id='block_1_109' title="bbox 2185 4953 3846 5024">
    <p class='ocr_par' dir='ltr' id='par_1_109' title="bbox 2185 4953 3846 5024">
     <span class='ocr_line' id='line_1_109' title="bbox 2185 4953 3846 5024; baseline -0.001 -14"><span class='ocrx_word' id='word_1_803' title='bbox 2185 4957 2346 5024; x_wconf 88' lang='lat' dir='ltr'><strong>gestis</strong></span> <span class='ocrx_word' id='word_1_804' title='bbox 2386 4957 2447 5008; x_wconf 86' lang='lat' dir='ltr'><strong>in</strong></span> <span class='ocrx_word' id='word_1_805' title='bbox 2491 4955 2692 5008; x_wconf 90' lang='lat' dir='ltr'><strong>scrinio</strong></span> <span class='ocrx_word' id='word_1_806' title='bbox 2734 4953 2901 5022; x_wconf 88' lang='lat' dir='ltr'><strong>hujus</strong></span> <span class='ocrx_word' id='word_1_807' title='bbox 2941 4953 3086 5008; x_wconf 87' lang='lat' dir='ltr'><strong>sedis</strong></span> <span class='ocrx_word' id='word_1_808' title='bbox 3118 4954 3372 5022; x_wconf 86' lang='lat' dir='ltr'><strong>repositis</strong></span> <span class='ocrx_word' id='word_1_809' title='bbox 3409 4953 3748 5008; x_wconf 87' lang='lat' dir='ltr'><strong>declaratur.</strong></span> <span class='ocrx_word' id='word_1_810' title='bbox 3791 4958 3846 5022; x_wconf 89' lang='lat'><strong>§.</strong></span> 
     </span>
    </p>
   </div>
   <div class='ocr_carea' id='block_1_110' title="bbox 2190 5039 3856 5122">
    <p class='ocr_par' dir='ltr' id='par_1_110' title="bbox 2190 5039 3856 5122">
     <span class='ocr_line' id='line_1_110' title="bbox 2190 5039 3856 5122; baseline 0 -24"><span class='ocrx_word' id='word_1_811' title='bbox 2190 5045 2338 5098; x_wconf 88' lang='lat' dir='ltr'><strong>Tunc</strong></span> <span class='ocrx_word' id='word_1_812' title='bbox 2379 5043 2710 5099; x_wconf 72' lang='lat' dir='ltr'><strong>Emiliensis</strong></span> <span class='ocrx_word' id='word_1_813' title='bbox 2757 5039 3123 5096; x_wconf 71' lang='lat' dir='ltr'><strong>bibliothecae</strong></span> <span class='ocrx_word' id='word_1_814' title='bbox 3167 5040 3513 5112; x_wconf 73' lang='lat' dir='ltr'><strong>Apostolicae</strong></span> <span class='ocrx_word' id='word_1_815' title='bbox 3553 5043 3856 5122; x_wconf 70' lang='lat' dir='ltr'><strong>meminit,</strong></span> 
     </span>
    </p>
   </div>
   <div class='ocr_carea' id='block_1_111' title="bbox 2183 5129 3853 5202">
    <p class='ocr_par' dir='ltr' id='par_1_111' title="bbox 2183 5129 3853 5202">
     <span class='ocr_line' id='line_1_111' title="bbox 2183 5129 3853 5202; baseline 0 -15"><span class='ocrx_word' id='word_1_816' title='bbox 2183 5134 2324 5187; x_wconf 87' lang='lat' dir='ltr'><strong>sicut</strong></span> <span class='ocrx_word' id='word_1_817' title='bbox 2351 5134 2411 5186; x_wconf 88' lang='lat' dir='ltr'><strong>in</strong></span> <span class='ocrx_word' id='word_1_818' title='bbox 2447 5133 2630 5200; x_wconf 86' lang='lat' dir='ltr'><strong>gestis,</strong></span> <span class='ocrx_word' id='word_1_819' title='bbox 2673 5145 2794 5199; x_wconf 61' lang='lat' dir='ltr'><strong>qua</strong></span> <span class='ocrx_word' id='word_1_820' title='bbox 2828 5131 2890 5184; x_wconf 91' lang='lat' dir='ltr'><strong>in</strong></span> <span class='ocrx_word' id='word_1_821' title='bbox 2929 5129 3252 5184; x_wconf 88' lang='lat' dir='ltr'><strong>bibliotheca</strong></span> <span class='ocrx_word' id='word_1_822' title='bbox 3290 5131 3554 5199; x_wconf 86' lang='lat' dir='ltr'><strong>rejacent,</strong></span> <span class='ocrx_word' id='word_1_823' title='bbox 3593 5133 3853 5202; x_wconf 87' lang='lat' dir='ltr'><strong>quisquis</strong></span> 
     </span>
    </p>
   </div>
   <div class='ocr_carea' id='block_1_112' title="bbox 2181 5217 3856 5288">
    <p class='ocr_par' dir='ltr' id='par_1_112' title="bbox 2181 5217 3856 5288">
     <span class='ocr_line' id='line_1_112' title="bbox 2181 5217 3856 5288; baseline 0.001 -14"><span class='ocrx_word' id='word_1_824' title='bbox 2181 5221 2612 5287; x_wconf 75' lang='lat' dir='ltr'><strong>investigaverit,</strong></span> <span class='ocrx_word' id='word_1_825' title='bbox 2646 5219 2846 5288; x_wconf 86' lang='lat' dir='ltr'><strong>poterit</strong></span> <span class='ocrx_word' id='word_1_826' title='bbox 2873 5219 3130 5287; x_wconf 86' lang='lat' dir='ltr'><strong>reperire.</strong></span> <span class='ocrx_word' id='word_1_827' title='bbox 3167 5217 3397 5288; x_wconf 86' lang='lat' dir='ltr'><strong>Quibus</strong></span> <span class='ocrx_word' id='word_1_828' title='bbox 3423 5217 3616 5275; x_wconf 87' lang='lat' dir='ltr'><strong>verbis</strong></span> <span class='ocrx_word' id='word_1_829' title='bbox 3643 5226 3856 5277; x_wconf 84' lang='lat' dir='ltr'><strong>auctor</strong></span> 
     </span>
    </p>
   </div>
   <div class='ocr_carea' id='block_1_113' title="bbox 2186 5305 3854 5380">
    <p class='ocr_par' dir='ltr' id='par_1_113' title="bbox 2186 5305 3854 5380">
     <span class='ocr_line' id='line_1_113' title="bbox 2186 5305 3854 5380; baseline 0.001 -16"><span class='ocrx_word' id='word_1_830' title='bbox 2186 5307 2486 5364; x_wconf 89' lang='lat' dir='ltr'><strong>manifeste</strong></span> <span class='ocrx_word' id='word_1_831' title='bbox 2539 5307 2758 5364; x_wconf 91' lang='lat' dir='ltr'><strong>indicat</strong></span> <span class='ocrx_word' id='word_1_832' title='bbox 2805 5319 2866 5362; x_wconf 89' lang='lat' dir='ltr'><strong>se</strong></span> <span class='ocrx_word' id='word_1_833' title='bbox 2911 5305 3130 5362; x_wconf 89' lang='lat' dir='ltr'><strong>scrinio</strong></span> <span class='ocrx_word' id='word_1_834' title='bbox 3181 5312 3238 5362; x_wconf 93' lang='lat' dir='ltr'><strong>et</strong></span> <span class='ocrx_word' id='word_1_835' title='bbox 3283 5306 3651 5366; x_wconf 63' lang='lat' dir='ltr'><strong>bibliothecae</strong></span> <span class='ocrx_word' id='word_1_836' title='bbox 3697 5321 3854 5380; x_wconf 91' lang='lat' dir='ltr'><strong>apo—</strong></span> 
     </span>
    </p>
   </div>
   <div class='ocr_carea' id='block_1_114' title="bbox 2183 5389 3850 5467">
    <p class='ocr_par' dir='ltr' id='par_1_114' title="bbox 2183 5389 3850 5467">
     <span class='ocr_line' id='line_1_114' title="bbox 2183 5389 3850 5467; baseline 0.001 -15"><span class='ocrx_word' id='word_1_837' title='bbox 2183 5397 2401 5452; x_wconf 72' lang='lat' dir='ltr'><strong>stolicae</strong></span> <span class='ocrx_word' id='word_1_838' title='bbox 2457 5389 2828 5467; x_wconf 69' lang='lat' dir='ltr'><strong>praepositum</strong></span> <span class='ocrx_word' id='word_1_839' title='bbox 2881 5392 3084 5450; x_wconf 91' lang='lat' dir='ltr'><strong>fuisse.</strong></span> <span class='ocrx_word' id='word_1_840' title='bbox 3142 5394 3302 5451; x_wconf 90' lang='lat' dir='ltr'><strong>Unde</strong></span> <span class='ocrx_word' id='word_1_841' title='bbox 3374 5408 3488 5451; x_wconf 91' lang='lat' dir='ltr'><strong>non</strong></span> <span class='ocrx_word' id='word_1_842' title='bbox 3548 5395 3850 5455; x_wconf 90' lang='lat' dir='ltr'><strong>immerito</strong></span> 
     </span>
    </p>
   </div>
   <div class='ocr_carea' id='block_1_115' title="bbox 2182 5483 3854 5542">
    <p class='ocr_par' dir='ltr' id='par_1_115' title="bbox 2182 5483 3854 5542">
     <span class='ocr_line' id='line_1_115' title="bbox 2182 5483 3854 5542; baseline 0.001 -1"><span class='ocrx_word' id='word_1_843' title='bbox 2182 5485 2678 5542; x_wconf 88' lang='lat' dir='ltr'><strong>eminentissimus</strong></span> <span class='ocrx_word' id='word_1_844' title='bbox 2702 5483 3018 5538; x_wconf 88' lang='lat' dir='ltr'><strong>cardinalis</strong></span> <span class='ocrx_word' id='word_1_845' title='bbox 3045 5484 3330 5540; x_wconf 90' lang='lat' dir='ltr'><strong>Baronius</strong></span> <span class='ocrx_word' id='word_1_846' title='bbox 3361 5489 3514 5540; x_wconf 92' lang='lat' dir='ltr'><strong>tomo</strong></span> <span class='ocrx_word' id='word_1_847' title='bbox 3543 5484 3622 5540; x_wconf 82' lang='lat' dir='ltr'><strong>IX</strong></span> <span class='ocrx_word' id='word_1_848' title='bbox 3640 5485 3854 5542; x_wconf 82' lang='lat' dir='ltr'><strong>Anna-</strong></span> 
     </span>
    </p>
   </div>
   <div class='ocr_carea' id='block_1_116' title="bbox 2181 5571 3852 5642">
    <p class='ocr_par' dir='ltr' id='par_1_116' title="bbox 2181 5571 3852 5642">
     <span class='ocr_line' id='line_1_116' title="bbox 2181 5571 3852 5642; baseline 0.001 -13"><span class='ocrx_word' id='word_1_849' title='bbox 2181 5573 2328 5630; x_wconf 90' lang='lat' dir='ltr'><strong>lium</strong></span> <span class='ocrx_word' id='word_1_850' title='bbox 2364 5574 2533 5630; x_wconf 84' lang='lat' dir='ltr'><strong>Gesta</strong></span> <span class='ocrx_word' id='word_1_851' title='bbox 2567 5571 2788 5628; x_wconf 87' lang='lat' dir='ltr'><strong>Nicolai</strong></span> <span class='ocrx_word' id='word_1_852' title='bbox 2820 5571 2993 5641; x_wconf 91' lang='lat' dir='ltr'><strong>primi</strong></span> <span class='ocrx_word' id='word_1_853' title='bbox 3027 5571 3242 5642; x_wconf 89' lang='lat' dir='ltr'><strong>passim</strong></span> <span class='ocrx_word' id='word_1_854' title='bbox 3278 5571 3584 5627; x_wconf 82' lang='lat' dir='ltr'><strong>Anastasio</strong></span> <span class='ocrx_word' id='word_1_855' title='bbox 3612 5571 3852 5630; x_wconf 89' lang='lat' dir='ltr'><strong>Biblio—</strong></span> 
     </span>
    </p>
   </div>
   <div class='ocr_carea' id='block_1_117' title="bbox 2181 5659 3849 5734">
    <p class='ocr_par' dir='ltr' id='par_1_117' title="bbox 2181 5659 3849 5734">
     <span class='ocr_line' id='line_1_117' title="bbox 2181 5659 3849 5734; baseline 0.001 -18"><span class='ocrx_word' id='word_1_856' title='bbox 2181 5660 2455 5730; x_wconf 90' lang='lat' dir='ltr'><strong>thecario,</strong></span> <span class='ocrx_word' id='word_1_857' title='bbox 2505 5661 2604 5731; x_wconf 91' lang='lat' dir='ltr'><strong>qui</strong></span> <span class='ocrx_word' id='word_1_858' title='bbox 2653 5659 2763 5714; x_wconf 90' lang='lat' dir='ltr'><strong>sub</strong></span> <span class='ocrx_word' id='word_1_859' title='bbox 2804 5659 3039 5715; x_wconf 86' lang='lat' dir='ltr'><strong>Nicolao</strong></span> <span class='ocrx_word' id='word_1_860' title='bbox 3077 5659 3265 5729; x_wconf 91' lang='lat' dir='ltr'><strong>primo</strong></span> <span class='ocrx_word' id='word_1_861' title='bbox 3313 5659 3375 5714; x_wconf 90' lang='lat' dir='ltr'><strong>in</strong></span> <span class='ocrx_word' id='word_1_862' title='bbox 3421 5659 3570 5716; x_wconf 90' lang='lat' dir='ltr'><strong>Urbe</strong></span> <span class='ocrx_word' id='word_1_863' title='bbox 3614 5659 3849 5734; x_wconf 87' lang='lat' dir='ltr'><strong>ﬁoruit,</strong></span> 
     </span>
    </p>
   </div>
  </div>
