3950 6400
156 357 258 414 243

877 357 1281 415 SCHELESTR.
1321 358 1625 415 DISSERT.
1666 360 1757 414 DE
1795 358 2023 428 ANTIQ.
2066 356 2234 415 ROM.
2275 354 2472 413 PONT.
2516 355 2857 412 CATALOG.

3480 354 3588 414 244

153 488 435 544 attribuit
471 487 896 559 ;Bellarminus
916 494 1106 546 autem
1126 489 1280 546 libro
1306 490 1378 546 de
1418 488 1816 558 Scriptoribus
1841 490 1899 548 A
1993 485 2043 542 l.
2075 488 2147 543 Ut
2176 489 2247 544 de
2278 487 2463 558 priori
2497 490 2659 556 parte
2685 485 2844 540 Libri
2875 484 3258 555 Pontiﬁcalis,
3298 496 3412 555 qua
3436 483 3583 539 Vitae

157 576 451 632 immerito
493 578 804 634 Anastasio
829 592 1026 634 omnes
1062 580 1448 634 Romanorum
1475 576 1814 648 pontiﬁcum

154 664 337 732 Vitas,
367 680 498 735 quae
538 664 710 721 Libro
748 665 1075 722 Pontiﬁcali
1116 666 1509 733 continentur,
1561 664 1811 720 tribuit:

156 774 183 802 α
215 753 471 823 Scripsit
513 754 676 809 Vitas
702 755 1091 811 Romanorum
1125 754 1483 825 pontiﬁcum,
1513 753 1818 825 inquiebat

154 840 567 910 Bellarniinus,
621 856 655 898 a
703 850 902 898 sancto
955 844 1119 898 Petro
1168 855 1352 913 usque
1397 842 1467 898 ad
1510 841 1814 898 Nicolaum

156 931 491 1001 primum.»
534 932 593 987 Si
640 932 795 987 enim
827 937 913 987 tot
958 937 1223 988 auctores
1272 933 1433 988 Vitas
1479 932 1816 1001 pontiﬁcum

154 1021 521 1089 scripserunt
546 1026 681 1077 ante
711 1021 1103 1087 Anastasium,
1136 1022 1446 1078 dicendum
1491 1035 1623 1077 cum
1668 1023 1818 1077 Luca

153 1109 476 1178 Holsteuio,
531 1108 903 1165 Anastasium
961 1110 1159 1179 potius
1221 1110 1586 1166 collectorem
1645 1123 1818 1179 quam

151 1203 454 1251 auctorem
490 1197 756 1253 Vitarum
791 1198 1126 1267 pontiﬁcum
1171 1212 1297 1253 esse
1337 1186 1616 1268 potuisse.
1663 1198 1821 1253 Unde

155 1298 272 1340 non
296 1284 418 1340 alia
465 1287 690 1342 ratione
732 1286 817 1341 uti
868 1287 1059 1356 potuit
1102 1286 1392 1356 Velserus,
1427 1287 1529 1357 qui
1567 1286 1820 1356 primum

156 1372 402 1430 Librum
455 1375 848 1430 Pontiﬁcaletn
894 1376 1047 1446 typis
1101 1374 1209 1431 sub
1250 1376 1358 1431 hoc
1382 1374 1555 1431 titulo
1584 1374 1815 1430 edidit:

155 1463 456 1515 Anastasii
506 1462 562 1516 S.
604 1464 672 1517 Β.
715 1463 967 1517 Ecclesia:
1007 1464 1407 1517 bibliothecarii
1460 1464 1705 1517 Historia
1754 1463 1821 1517 de

162 1551 310 1604 Vitis
365 1552 732 1605 Romanorum
772 1553 1097 1621 pontiﬁcum
1130 1568 1166 1605 α
1205 1551 1359 1605 beato
1387 1554 1543 1607 Petro
1578 1551 1821 1620 apostolo

152 1654 336 1706 usque
362 1640 439 1691 ad
461 1641 748 1695 Nicolaum
775 1642 1043 1710 primum,
1070 1655 1356 1709 nunquam
1392 1641 1653 1695 hactenus
1674 1641 1820 1708 typis

152 1742 385 1780 excusa.
412 1726 687 1795 Quamvis
737 1730 889 1784 enim
943 1729 1224 1784 rationem
1266 1728 1469 1784 reddat
1500 1729 1561 1783 in
1610 1727 1823 1797 praefa—

1926 577 2311 633 Romanorum
2361 575 2700 646 pontiﬁcum
2730 588 2763 629 a
2805 574 2973 629 Petro
3022 587 3206 645 usque
3243 572 3312 629 ad
3358 569 3586 644 Grego—

1928 664 2080 719 rium
2108 665 2154 719 ΙΙ
2191 663 2262 719 ab
2295 676 2410 719 uno
2449 663 2764 731 eodemque
2789 669 3025 717 auctore
3056 661 3361 731 descripta:
3385 659 3584 717 conti—

1926 758 2156 823 nentur,
2182 751 2409 808 nullum
2434 751 2495 806 in
2518 751 2729 820 primis
2749 749 2995 805 dubium
3017 762 3143 805 esse
3156 749 3406 817 videtur,
3436 749 3580 820 quin

1924 847 2127 898 auctor
2152 856 2253 911 pro
2295 841 2399 896 hac
2433 847 2591 910 parte
2619 854 2760 895 usus
2798 839 2878 893 sit
2896 838 3167 910 Catalogo
3198 839 3583 894 Romanorum

1928 930 2264 1001 pontiﬁcum
2286 928 2396 984 sub
2413 927 2731 983 Justiniani
2753 926 3088 995 principatu
3113 926 3485 981 concinnato.
3513 928 3578 982 In

1927 1018 2291 1088 singulorum
2320 1030 2568 1087 namque
2598 1015 2936 1086 pontiﬁcum
2981 1014 3131 1069 Vitis
3183 1019 3269 1069 tot
3307 1019 3585 1086 tantaque

1930 1106 2104 1176 hujus
2124 1106 2388 1162 veritatis
2424 1105 2685 1175 exempla
2728 1109 3064 1174 occurrunt,
3098 1107 3165 1159 ut
3187 1108 3392 1159 auctor
3428 1103 3585 1158 Pon—

1930 1195 2165 1252 tiﬁcalis
2231 1195 2575 1266 plerumque
2651 1192 2821 1250 verba
2894 1192 3141 1264 catalogi
3204 1192 3586 1262 exscripsisse

1929 1285 2212 1340 videatur.
2240 1285 2320 1339 De
2348 1282 2653 1353 Simplicio
2673 1295 2818 1353 papa
2845 1281 3016 1337 habet
3037 1281 3345 1352 Catalogus
3373 1299 3386 1335 :
3425 1301 3451 1333 α
3478 1280 3585 1336 Hic

1930 1374 2243 1429 constituit
2269 1373 2339 1429 ad
2367 1378 2631 1429 sanctum
2661 1373 2914 1439 Petrum,
2943 1377 3001 1427 et
3029 1370 3098 1427 ad
3134 1374 3399 1426 sanctum
3427 1370 3586 1425 Pau—

1931 1461 2073 1532 lum,
2119 1468 2177 1518 et
2219 1463 2289 1518 ad
2330 1467 2592 1518 sanctum
2650 1460 3024 1517 Laurentium
3077 1458 3479 1528 hebdomadas,
3520 1466 3588 1514 ut

1932 1551 2249 1623 presbyteri
2288 1556 2581 1606 manerent
2617 1556 2850 1621 propter
2879 1549 3253 1621 baptismum,
3296 1553 3355 1605 et
3394 1547 3586 1618 poeni-

1931 1641 2171 1697 tentiam
2226 1639 2576 1710 petentibus,
2619 1641 2690 1696 de
2733 1640 2967 1712 regione
3008 1639 3193 1710 prima
3221 1638 3290 1693 ad
3323 1642 3585 1694 sanctum

1932 1729 2200 1800 Paulum,
2226 1730 2298 1784 de
2328 1730 2563 1800 regione
2591 1728 2763 1785 tertia
2783 1729 2853 1785 ad
2879 1729 2935 1784 S.
2965 1729 3367 1798 Laurentium,
3400 1727 3471 1783 de
3490 1738 3591 1781 re-

151 1816 319 1870 tione
349 1817 421 1872 ad
451 1817 741 1886 lectorem,
783 1838 810 1868 «
842 1818 980 1888 quia
1005 1817 1213 1887 stylus,
1242 1821 1481 1888 totaque
1523 1816 1820 1873 scribendi
1847 1810 1902 1871 B
1934 1819 2106 1890 gione
2135 1818 2383 1889 septima
2414 1820 2482 1874 ad
2512 1819 2567 1874 S.
2615 1820 2864 1875 Petrum.
2910 1836 2936 1868 ››
2980 1816 3118 1886 Quae
3147 1825 3349 1873 auctor
3380 1815 3587 1872 Ponti—

152 1905 334 1975 ratio,
365 1905 528 1976 ordo,
556 1912 615 1961 et
660 1906 968 1962 methodus
992 1920 1190 1961 earum
1219 1905 1505 1974 Vitarum,
1540 1919 1667 1976 quae
1694 1910 1823 1975 post

152 1992 309 2048 beati
340 1995 573 2051 Damasi
604 1994 796 2050 Vitam
826 1996 884 2049 in
930 1995 1038 2049 hoc
1069 1996 1266 2050 codice
1308 2000 1553 2065 exstant,
1587 1996 1823 2050 omnino

149 2085 494 2139 consentire
510 2084 746 2139 videtur
767 2097 895 2139 cum
917 2083 990 2154 ph
1000 2084 1113 2138 rasi
1132 2084 1516 2153 universaque
1533 2082 1823 2137 scribendi

151 2173 408 2241 ratione,
431 2188 560 2242 quae
585 2182 672 2228 est
700 2174 759 2228 in
779 2173 929 2228 Vitis
954 2172 1252 2243 prioribus
1275 2174 1517 2227 Damaso
1549 2172 1825 2227 hactenus

153 2262 495 2331 inscriptis,
539 2263 629 2318 uti
659 2247 854 2333 quivis
893 2275 1005 2317 non
1033 2260 1219 2317 obesas
1245 2261 1406 2317 naris
1432 2260 1610 2316 lector
1652 2260 1825 2317 facile

152 2350 394 2406 odorari
446 2356 504 2404 et
546 2351 841 2405 advertere
881 2350 1112 2419 poterit,
1156 2364 1392 2419 prorsus
1436 2350 1495 2404 in
1527 2362 1647 2404 eam
1689 2362 1829 2404 sen-

152 2439 400 2494 tentiam
417 2438 793 2507 inclinamus,
814 2439 1072 2494 omnium
1098 2437 1331 2493 illarum
1349 2437 1507 2507 (licet
1524 2437 1827 2494 nonnullis

154 2526 217 2582 in
270 2527 426 2582 locis
464 2526 796 2582 adulterina
826 2526 1076 2582 aliorum
1107 2527 1449 2595 adjectione,
1497 2525 1582 2581 vel
1624 2526 1828 2581 detra—

151 2616 370 2684 ctione,
414 2614 488 2670 ob
520 2628 802 2671 summam
850 2616 1218 2685 superiorum
1251 2614 1593 2671 saeculorum
1636 2615 1827 2671 insci-

151 2704 297 2759 tiam
331 2705 654 2774 depravatae
675 2704 833 2775 sint),
860 2717 1056 2759 verum
1082 2708 1140 2759 et
1174 2716 1508 2775 germanum
1534 2708 1825 2773 parentem

149 2808 279 2849 esse
304 2793 678 2849 Anastasium
736 2795 793 2849 S.
842 2794 910 2849 R.
963 2793 1234 2849 Ecclesiae
1283 2792 1821 2849 bibliothecarium.

147 2884 344 2953 Quare
374 2888 433 2937 et
465 2884 593 2951 ejus
622 2882 1054 2939 nomenclatura
1080 2886 1264 2938 totum
1303 2894 1449 2951 Opus
1473 2894 1680 2937 ornare
1709 2895 1824 2938 non

147 2972 577 3028 dubitavimus.
630 2990 655 3022 ››
688 2971 982 3042 Quamvis,
1024 2971 1286 3042 inquam,
1339 2971 1433 3027 his
1469 2970 1665 3027 verbis
1708 2984 1823 3027 au—

149 3067 300 3130 ctor,
330 3060 403 3116 ab
431 3074 546 3117 uno
571 3062 885 3131 eodemque
913 3060 1219 3117 Anastasio
1251 3073 1448 3116 omnes
1477 3059 1819 3130 pontiﬁcum

1934 1907 2121 1963 ﬁcalis
2171 1907 2265 1963 his
2320 1907 2515 1963 verbis
2558 1906 2733 1963 refert
2777 1926 2791 1961 :
2851 1927 2877 1959 α
2922 1907 3027 1962 Hic
3068 1906 3378 1963 constituit
3417 1905 3489 1961 ad
3528 1904 3584 1959 S.

1932 1997 2165 2053 Petrum
2217 1997 2566 2067 apostolum.
2610 2001 2669 2052 et
2695 1997 2764 2052 ad
2795 1996 2852 2051 S.
2893 1994 3135 2051 Paulum
3163 1992 3488 2063 apostolum
3536 1996 3595 2048 et

1934 2085 2003 2141 ad
2038 2093 2301 2142 sanctum
2328 2086 2705 2142 Laurentium
2739 2089 3042 2155 martyrem
3064 2082 3497 2151 hebdomadam,
3529 2086 3596 2136 ut

1938 2175 2253 2245 presbyteri
2279 2182 2573 2231 manerent
2593 2174 2675 2229 ibi
2700 2180 2930 2244 propter
2944 2173 3304 2243 poenitentes,
3336 2175 3393 2227 et
3412 2167 3602 2239 bapti-

1938 2278 2147 2335 smum,
2200 2264 2491 2335 regionem
2521 2264 2752 2320 tertiam
2801 2264 2869 2319 ad
2900 2268 3163 2318 sanctum
3196 2259 3590 2329 Laurentium,

1938 2354 2226 2425 regionem
2245 2354 2489 2424 primam
2502 2354 2572 2408 ad
2588 2357 2849 2408 sanctum
2872 2350 3137 2420 Paulum,
3154 2350 3445 2422 regionem
3458 2363 3594 2405 sex-

1938 2447 2074 2512 tam,
2097 2443 2183 2499 vel
2212 2443 2517 2511 septimam
2541 2442 2611 2497 ad
2632 2445 2896 2497 sanctum
2917 2441 3167 2495 Petrum.
3196 2457 3223 2488 ››
3242 2440 3370 2493 Haec.
3390 2443 3594 2495 auctor

1937 2532 2097 2588 Libri
2123 2532 2501 2597 Pontiﬁcalis,
2538 2544 2666 2601 qua:
2696 2542 2861 2585 nemo
2892 2543 3007 2585 non
3033 2528 3206 2597 videt,
3238 2542 3308 2584 ex
3333 2527 3591 2599 Catalogi

1937 2621 2063 2678 loco
2093 2622 2366 2692 superius
2402 2621 2578 2677 allato
2625 2619 2926 2688 desumpta
2964 2631 3107 2674 esse.
3155 2616 3334 2672 Habet
3365 2629 3594 2687 quoque

1934 2711 2241 2784 Catalogus
2296 2712 2357 2767 in
2404 2708 2697 2780 Simplicii
2747 2716 3106 2765 antecessore
3146 2705 3346 2762 Hilaro
3398 2717 3587 2776 papa:

1941 2821 1967 2854 α
1995 2801 2100 2857 Hic
2130 2800 2270 2857 fecit
2297 2799 2641 2857 decretalem
2673 2802 2731 2854 et
2772 2811 2873 2867 per
2920 2796 3258 2853 universum
3299 2793 3591 2852 Orientem

1934 2889 2170 2959 direxit,
2213 2894 2269 2944 et
2296 2887 2574 2958 epistolas
2603 2887 2674 2943 de
2696 2886 2806 2942 ﬁde
2828 2884 3133 2942 catholica.
3170 2902 3196 2934 »
3233 2881 3373 2951 Quae
3391 2887 3595 2938 auctor

1934 2976 2294 3033 Pontiﬁcalis
2325 2976 2420 3032 his
2442 2974 2637 3031 verbis
2658 2973 2865 3029 tradit:
2893 2993 2919 3025 ‹‹
2940 2972 3046 3027 Hic
3067 2970 3205 3027 fecit
3222 2968 3589 3039 decretalem,

1932 3070 1988 3120 et
2018 3079 2118 3135 per
2146 3065 2481 3121 universum
2509 3063 2802 3120 Orientem
2834 3063 3052 3133 sparsit
3074 3059 3352 3132 epistolas
3380 3058 3453 3114 de
3481 3057 3592 3113 ﬁde

152 3152 319 3205 Vitas
364 3151 728 3220 conscriptas
756 3148 942 3206 fuisse
970 3150 1211 3219 indicet,
1269 3149 1483 3206 mirum
1536 3155 1725 3205 tamen
1757 3148 1820 3204 in
1851 3135 1901 3202 Ο
1932 3153 2220 3210 catholica
2257 3159 2314 3210 et
2355 3152 2696 3224 apostolica,
2754 3151 3101 3208 conﬁrmans
3148 3154 3269 3205 tres
3314 3147 3586 3219 synodos,

151 3240 392 3295 modum
438 3252 471 3295 a
517 3253 650 3295 vero
698 3238 947 3307 aberrat,
995 3243 1060 3296 ut
1106 3238 1279 3295 facile
1327 3252 1395 3294 ex
1461 3237 1818 3307 supradictis

151 3328 359 3399 colligi
393 3334 599 3397 potest.
627 3328 816 3398 Atque
842 3328 962 3384 hzec
980 3328 1211 3400 quidem
1231 3327 1521 3384 sufficiant
1549 3328 1620 3383 de
1644 3327 1818 3383 Libro

150 3418 485 3475 Pontiﬁcali
517 3420 760 3489 ejusque
802 3424 1058 3474 auctore.
1090 3418 1289 3474 Restat
1318 3423 1384 3473 ut
1419 3418 1719 3473 videamus
1749 3430 1818 3473 ex

150 3508 512 3578 quibusnam
560 3507 938 3578 antiquitatis
966 3508 1339 3563 monimentis
1365 3506 1514 3564 liber
1545 3507 1646 3562 ille
1670 3520 1818 3562 con-

151 3598 417 3666 scriptus
446 3596 546 3665 sit,
568 3601 626 3651 et
657 3608 916 3666 quaenam
946 3595 1000 3650 ei
1026 3595 1168 3652 ﬁdes
1191 3608 1226 3651 a
1246 3596 1373 3652 viro
1393 3595 1630 3652 cordato
1653 3594 1821 3651 adhi-

149 3684 274 3740 beri
308 3684 492 3754 possit
515 3683 605 3741 vel
625 3682 848 3739 debeat.

800 3846 1023 3903 CAPUT
1080 3845 1173 3901 IX.

150 3982 235 4033 Em
256 3978 591 4047 quibusnam
634 3975 1032 4042 antiquitatum
1081 3973 1438 4047 monimentis
1472 3971 1635 4047 Liber
1669 3972 1824 4047 Pon-

220 4042 446 4117 tificalis
478 4049 839 4099 concinnatus
886 4047 978 4115 sit,
1012 4049 1061 4098 et
1092 4060 1345 4114 quamam
1389 4044 1440 4097 ei
1483 4043 1616 4114 ﬁdes
1647 4042 1822 4095 adhi—

223 4123 343 4174 beri
358 4121 560 4189 possit.

147 4250 184 4298 1.
204 4249 411 4296 Auctor
432 4244 620 4305 prioris
644 4242 804 4305 partis
828 4240 1289 4305 LibriPontificalis
1306 4253 1336 4287 a
1351 4239 1509 4305 Petro
1540 4239 1603 4287 ad
1625 4237 1822 4305 Zacha-

208 4311 342 4357 riam
382 4303 511 4354 usus
544 4309 625 4353 est
648 4303 911 4363 Catalogo
940 4307 1084 4352 sexto
1115 4303 1308 4351 saeculo
1340 4304 1564 4359 exarata,
1599 4305 1653 4347 ut
1680 4303 1821 4362 patet

208 4375 261 4420 in
298 4370 481 4432 primis
501 4384 560 4441 ex
592 4366 956 4441 diversis‘locis
978 4380 1092 4428 quae
1110 4380 1173 4441 ert
1191 4364 1439 4441 Catalogo
1454 4364 1817 4441 descripsit._—

208 4434 276 4483 Il.
300 4426 555 4481 Secundo
590 4430 641 4477 id
673 4432 876 4476 constat
903 4443 962 4477 ex
993 4426 1266 4476 consulum
1298 4428 1450 4487 notis,
1486 4440 1615 4489 quas
1635 4430 1816 4473 auctor

1927 3246 2239 3314 Nicaenam,
2292 3242 2664 3314 Ephesinam,
2695 3248 2752 3298 et
2796 3241 3334 3297 Chalcedonensem.
3384 3254 3414 3287 in
3454 3236 3592 3305 Quae

1927 3333 2099 3389 verba
2127 3339 2354 3389 constat
2388 3333 2695 3402 desumpta
2749 3343 2872 3385 esse
2915 3344 2985 3385 ex
3043 3326 3281 3399 praefato
3331 3324 3590 3398 Catalogi

1929 3422 2076 3485 loco,
2113 3421 2176 3477 in
2207 3436 2321 3492 quo
2352 3427 2541 3477 tamen
2573 3419 2727 3475 nihil
2766 3420 2837 3475 de
2862 3419 3053 3474 tribus
3079 3416 3317 3487 synodis
3348 3413 3585 3485 legitur,

1927 3511 2069 3567 adeo
2100 3516 2165 3567 ut
2194 3524 2424 3567 necesse
2453 3511 2533 3565 sit
2556 3514 2854 3565 auctorem
2884 3506 3046 3561 Libri
3078 3504 3441 3561 Pontiﬁcalis
3478 3504 3588 3560 hoc

1924 3600 2196 3670 Catalogo
2226 3600 2600 3669 posteriorem
2630 3609 2776 3660 esse,
2818 3609 2950 3652 cum
2980 3595 3070 3651 illi
3103 3592 3387 3651 nonnulla
3414 3592 3601 3668 addi-_

1927 3689 2083 3745 derit
2132 3687 2326 3744 forsan
2356 3702 2425 3743 ex
2448 3687 2645 3741 eodem
2688 3685 2844 3740 fonte
2872 3698 2941 3739 ex
2972 3696 3087 3754 quo
3118 3688 3320 3738 auctor
3347 3680 3592 3738 alterius

1929 3778 2187 3848 Catalogi
2249 3781 2505 3845 tempore
2562 3771 2753 3829 Caroli
2811 3772 3002 3843 Magni
3064 3773 3198 3825 ante
3251 3767 3358 3826 850
3409 3781 3591 3827 annos

1934 3867 2237 3939 sequentia
2261 3864 2588 3934 desumpsit
2618 3863 2679 3918 in
2708 3861 2904 3916 Hilaro
2933 3872 3075 3930 papa
3126 3876 3138 3913 :
3175 3879 3201 3911 (ι
3229 3859 3334 3915 Hic
3367 3859 3591 3932 spargit

1932 3956 2208 4028 epistolas
2249 3954 2322 4010 de
2366 3953 2475 4010 ﬁde
2515 3951 2811 4009 Catholica
2862 3965 2962 4021 per
2990 3949 3182 4006 orbem
3209 3948 3582 4020 Orientalem,

1930 4052 1987 4103 et
2011 4044 2375 4102 conﬁrmavit
2401 4049 2518 4099 tres
2562 4042 2828 4113 synodos,
2870 4042 3179 4111 Nicmnam,
3214 4039 3583 4109 Ephesinam,

1935 4149 1992 4197 et
2046 4136 2582 4194 Chalcedonensem.
2621 4149 2648 4182 ››
2697 4130 2834 4200 Quae
2870 4145 2939 4187 ex
2970 4131 3151 4203 gestis
3191 4130 3378 4185 Hilari
3430 4143 3587 4201 papae

1936 4229 2186 4301 primum
2216 4224 2288 4281 ab
2340 4230 2575 4281 auctore
2623 4220 2783 4277 Libri
2838 4220 3216 4291 Pontiﬁcalis,
3271 4221 3481 4277 deinde
3510 4219 3583 4277 ab

1929 4324 2165 4376 auctore
2200 4315 2457 4387 Catalogi
2490 4320 2746 4384 tempore
2772 4310 2963 4367 Caroli
2994 4311 3185 4382 Magni
3209 4310 3462 4367 contexti
3494 4312 3589 4367 de-

1926 4414 2153 4479 sumpta
2180 4407 2469 4464 videntur.

209 4469 1811 4567 ίῙῖὧῖβξίίίῖίῑέξιὶἓίέῖ’ἷὲοῖηξὶδ”(ῗίῖἶᾶιῖξέξάξέιξῆῥξὶίίξῖέξιῆ
1842 4506 1898 4567 1)
1993 4469 2340 4555 2.-Secundo
2378 4469 2604 4551 constat
2650 4493 2756 4548 hoc
2800 4491 2991 4562 ipsum
3016 4503 3085 4545 ex
3124 4488 3430 4547 consulum
3471 4503 3583 4547 no—

209 4559 387 4607 nullos
398 4558 529 4603 alios
554 4554 801 4603 consules
820 4554 1037 4615 quamin
1060 4553 1288 4600 secundo
1310 4551 1557 4611 Catalogo
1579 4552 1812 4615 assigna-

214 4626 299 4669 tns
332 4619 560 4669 exhibet.
600 4643 658 4651 ——
696 4616 792 4664 lii.
837 4613 912 4665 De
946 4616 1075 4664 actis
1126 4628 1239 4677 qum
1289 4617 1465 4663 auctor
1497 4613 1814 4677 Pontiﬁcalis

207 4684 423 4732 aliunde
459 4680 654 4735 habuit,
691 4678 877 4739 partim
914 4675 1312 4739 sciturtpartim
1346 4677 1626 4739 ignoratur,
1676 4675 1815 4739 unde

204 4747 486 4804 desumpta
518 4744 639 4790 sint.
673 4738 863 4804 ειν.
900 4740 1041 4804 Inter
1067 4738 1155 4787 illa
1172 4752 1405 4804 quorum
1434 4738 1551 4786 fons
1584 4741 1636 4804 et
1667 4738 1815 4804 origo

204 4799 539 4863 scitum-sunt
566 4802 815 4851 nonnulla
844 4805 973 4850 Acta
1003 4799 1225 4851 Cornelii
1255 4814 1401 4863 papa:
1432 4815 1492 4848 ex
1526 4799 1815 4859 antiquiore

206 4870 466 4923 Catalogo
485 4866 747 4925 descripta
773 4867 921 4912 :Acta
944 4864 1207 4925 Stephani,
1234 4863 1465 4911 Marcelli
1487 4863 1814 4921 aliorumque

205 4948 270 4979 ex
307 4933 548 4991 ipsorum
586 4924 744 4985 Vitis,
779 4942 867 4991 seu
902 4924 1123 4991 martyrii
1159 4928 1285 4973 actis
1320 4925 1537 4991 collecta
1568 4924 1711 4991 sunt.
1736 4948 1814 4991 _-

208 4996 280 5044 ν.
300 4985 427 5050 Quae
450 4992 514 5038 de
536 4990 903 5038 donationibus
925 4990 977 5037 in
998 4985 1262 5051 S’ylvestro
1277 4991 1332 5051 et
1356 4987 1537 5051 Marco
1555 4985 1815 5051 adduntur

207 5072 269 5105 ex
311 5047 666 5103 instrumentis
702 5047 1056 5105 ecclesiarum,
1094 5053 1143 5097 et
1185 5049 1397 5098 archiva
1433 5047 1570 5096 sedis
1602 5049 1813 5107 aposto-

206 5120 325 5167 lica}
356 5116 683 5177 prodierunt,
704 5115 856 5177 itinde
898 5115 962 5161 de
999 5113 1136 5177 Libri
1169 5110 1489 5177 Pontiﬁcalis
1522 5108 1814 5177 prajstantia

205 5171 440 5230 constat.
474 5204 534 5211 ——
562 5171 676 5225 Vi.
697 5176 769 5224 Ex
793 5176 1064 5236 posteriori
1091 5180 1231 5235 parte
1264 5174 1407 5236 Libri
1434 5171 1815 5236 Pontiﬁcalisa

204 5243 462 5292 Zacharia
485 5253 647 5301 usque
669 5238 733 5285 ad
762 5234 1289 5301 Nicolaumprimum,
1318 5235 1380 5282 de
1396 5235 1509 5295 ejus
1524 5234 1815 5301 praestantia

205 5308 427 5362 constat,
460 5297 584 5364 quia
604 5300 668 5348 ab
690 5300 989 5364 auctoribus
1015 5297 1319 5364 synchronis
1343 5298 1635 5364 conscripta
1655 5300 1815 5343 est.—

206 5369 322 5435 VTH-
358 5361 578 5435 υφίιίάεν
606 5364 730 5435 quia
754 5377 813 5435 βπ
833 5361 1818 5435 ξίιξυτοηίίεεὲθὲεηρευτξι.ιῼρλνςξϊιξωέτὶφῑ

205 5431 455 5477 τιὶηπιηιὶδ
487 5420 800 5473 cont-innata
830 5424 948 5472 fuit.
983 5450 1045 5461 -—
1066 5422 1217 5472 VllI.
1240 5421 1488 5471 Exdictis
1513 5420 1649 5468 enim
1681 5423 1820 5477 patet

204 5508 309 5554 qua
336 5487 1302 5554 vent-rationeaccipienda_sint,_‘quze
1317 5484 1389 5554 de
1407 5482 1637 5554 historia,
1666 5481 1821 5554 disci-

203 5544 361 5616 plina,
401 5551 611 5616 ritibus,
631 5552 701 5616 et
733 5544 843 5616 fide
872 5549 1120 5616 in_Libro
1142 5544 1813 5616 Pbutiﬁcali-reperiuntur.

202 5606 267 5652 ἒ-
302 5606 394 5665 ΙΧ.
445 5611 694 5662 limi-elici
750 5610 847 5671 ipsi
898 5610 949 5658 id
985 5624 1176 5671 negare
1210 5622 1313 5656 non
1350 5610 1469 5655 sunt
1501 5606 1636 5664 ausi,
1668 5607 1724 5651 ut
1754 5617 1818 5652 ex

210 5680 419 5727 illorum
459 5671 780 5724 testimoniis
808 5672 1025 5720 eruitur.

1927 4590 2025 4658 tis,
2083 4600 2208 4658 quae
2262 4585 2323 4641 in
2375 4584 2550 4640 Libro
2597 4580 2927 4638 Pontiﬁcali
2983 4580 3054 4637 ad
3108 4593 3581 4653 unumquemque

1929 4678 2326 4751 pontiﬁcatum
2380 4678 2721 4744 occurrunt,
2775 4677 2833 4727 et
2893 4684 3039 4743 quas
3087 4679 3294 4728 auctor
3337 4669 3578 4726 secundi

1922 4767 2180 4837 Catalogi
2228 4765 2436 4837 partim
2490 4777 2558 4819 ex
2615 4761 2950 4833 antiquiore
2995 4759 3266 4831 Catalogo
3326 4764 3582 4826 tempore

1926 4856 2140 4915 Liberii
2166 4854 2483 4925 conscripti
2505 4851 2849 4921 desumpsit,
2877 4847 3087 4919 partim
3106 4848 3176 4902 de
3197 4858 3304 4902 suo
3325 4844 3577 4912 addidit,

1928 4948 2009 5004 ita
2030 4951 2094 5002 ut
2114 4960 2181 5001 ex
2211 4957 2279 5001 eo
2302 4950 2565 5000 constare
2589 4940 2915 4995 existimem
2942 4935 3094 5006 quod
3123 4946 3320 4989 omnes
3358 4944 3582 4987 consu-

1926 5036 2007 5091 les
2037 5048 2070 5090 a
2091 5035 2218 5091 Lini
2247 5032 2590 5103 pontiﬁcatu
2633 5039 2820 5097 usque
2848 5024 2917 5078 ad
2946 5024 3202 5076 Marcum
3231 5030 3433 5090 papam
3459 5018 3582 5074 sint

1926 5125 2103 5180 iidem
2148 5123 2385 5178 omnino
2428 5117 2526 5189 qui
2580 5117 2637 5169 in
2684 5121 2934 5181 utroque
2986 5106 3257 5178 Catalogo
3307 5110 3366 5161 et
3407 5104 3582 5162 Libro

1922 5209 2250 5269 Pontiﬁcali
2282 5206 2677 5275 assignantur,
2705 5206 2762 5253 et
2791 5198 2878 5252 sic
2902 5199 3106 5249 auctor
3129 5194 3368 5250 secundi
3412 5193 3588 5249 Cata—

1928 5299 2073 5367 logi,
2094 5310 2161 5353 ex
2188 5292 2520 5362 antiquiore
2543 5286 2833 5358 CataIOgo,
2869 5281 3026 5337 Libri
3051 5294 3183 5337 vero
3203 5280 3585 5353 Pontiﬁcalis,

1926 5394 2130 5445 auctor
2160 5398 2228 5440 ex
2276 5378 2531 5437 secundo
2566 5375 2836 5445 Catalogo
2879 5368 3151 5427 consules
3192 5368 3587 5439 desumpsisse

1929 5477 2259 5533 credantur.
2286 5470 2358 5523 Ut
2383 5470 2573 5521 autem
2602 5464 2708 5519 hac
2729 5465 2799 5520 de
2829 5474 2891 5517 re
2930 5458 3255 5528 exemplum
3308 5458 3587 5515 clarissi—

1929 5578 2085 5622 mum
2112 5560 2423 5618 aﬁ’eramus
2440 5553 2610 5609 habet
2629 5552 2933 5625 antiquior
2945 5546 3253 5620 Catalogus
3274 5550 3334 5604 in
3356 5549 3550 5603 Marco
3570 5564 3585 5599 :

1931 5674 1957 5705 ‹‹
1980 5653 2114 5709 Fuit
2131 5642 2491 5719 temporibus
2513 5640 2882 5700 Constantini
2904 5636 3223 5717 Nepotiano
3242 5644 3301 5695 et
3317 5631 3593 5695 Facundo
