3950 6392
358 343 466 400 245

1149 350 1242 404 AD
1279 350 1716 407 ANASTASIUM
1755 352 2268 409 PROLEGOMENA
2308 354 2484 410 EDIT.
2538 351 2968 408 ROM.—VATIC.

3661 344 3776 402 246

361 466 808 534 consulibus,ex
833 470 927 524 die
954 484 1026 524 xv
1045 471 1328 526 Kalendas
1353 473 1511 527 Febr.
1557 489 1739 543 usque
1775 475 1830 528 in
1857 475 2006 529 diem
2030 483 2083 539 Α
2118 477 2179 529 In
2239 475 2366 529 Vita
2424 475 2509 528 Pii
2573 488 2727 543 papm
2789 473 3069 528 habentur
3133 471 3365 540 quidem
3427 468 3731 538 sequentia
3761 486 3774 520 :

364 557 653 610 Nonarum
677 556 1011 613 Octobrium
1040 560 1380 615 consulibus
1408 564 1783 630 supradictis.
1817 582 1843 612 ι)
1875 563 2012 631 Quae

366 649 567 699 auctor
587 646 824 700 secundi
855 647 1109 718 Catalogi
1143 649 1228 702 sic
1259 647 1432 703 refert
1462 668 1474 703 :
1515 672 1538 699 «
1569 651 1701 705 Fuit
1732 652 2013 720 tempori-

368 730 478 786 bus
504 733 869 789 Constantini
900 741 957 789 et
986 736 1290 804 Nepotiani
1319 739 1570 793 secundo
1586 739 1927 793 consulibus
1947 753 2014 793 ex

367 819 464 874 die
490 820 724 876 Kalend.
750 821 908 876 Febr.
945 837 1128 893 usque
1153 824 1210 878 in
1227 825 1378 878 diem
1407 827 1642 880 Kalend.
1675 827 1957 881 Octobris.
1988 845 2013 874 ι)

372 911 547 964 Error
573 908 946 964 librariorum
977 911 1070 965 hic
1100 918 1187 966 est
1233 913 1289 966 in
1323 914 1623 970 consulum
1660 915 2014 982 nominibus,

371 996 767 1066 nonnullaque
795 999 1038 1054 mutatio
1071 997 1218 1054 facta
1244 1001 1472 1056 videtur
1492 1003 1550 1056 in
1572 1002 1780 1057 diebus
1807 1002 2020 1072 quibus

372 1085 600 1139 Marcus
616 1084 810 1138 sedere
828 1086 1001 1154 coepit
1020 1093 1076 1141 et
1095 1087 1288 1142 desiit.
1313 1090 1486 1144 Porro
1505 1096 1708 1145 auctor
1725 1090 2020 1145 Pontiﬁca-

375 1171 802 1228 liserroreshos
816 1175 1086 1243 retinuit;
1104 1177 1347 1232 namait:
1371 1199 1395 1228 α
1412 1178 1741 1234 Fuitautem
1760 1178 2025 1247 tempori-

377 1258 859 1316 busConstantini
882 1264 1253 1332 etN-epotiani
1272 1278 1336 1319 ac
1352 1266 1596 1321 Secundi
1611 1266 1936 1334 consulum,
1956 1279 2024 1320 ex

377 1348 474 1403 die
489 1347 723 1403 Kalend.
741 1350 899 1405 Febr.
918 1367 1098 1422 usque
1115 1353 1170 1406 in
1183 1353 1335 1408 diem
1351 1355 1585 1409 Kalend.
1601 1354 1886 1409 Octobris.
1905 1374 1929 1402 »
1948 1357 2026 1408 Ex

384 1435 600 1506 quibus
619 1439 944 1494 conﬁrmari
973 1441 1202 1496 videtur
1221 1443 1370 1512 quod
1389 1449 1592 1498 auctor
1617 1443 1772 1498 Libri
1796 1441 2028 1498 Pontiﬁ-

381 1524 526 1578 calis
545 1527 812 1582 consules
831 1533 885 1582 et
909 1529 1035 1584 dies
1052 1531 1423 1587 Pontiﬁcatus
1440 1533 1614 1586 Marci
1640 1531 2025 1600 desumpserit

380 1626 449 1667 ex
468 1616 993 1688 secundoCatalogo
1010 1620 1219 1675 saeculo
1235 1627 1394 1675 sexto
1407 1622 1753 1690 conscripto,
1771 1621 1869 1691 qui
1887 1626 2025 1675 tunc

379 1699 755 1758 librariorum
777 1705 1002 1761 incuria
1025 1709 1366 1777 depravatus
1390 1716 1494 1763 est.
1530 1711 1702 1764 Porro
1721 1710 2028 1779 antiquio-

2125 582 2151 612 «
2185 562 2285 616 Hic
2319 576 2388 616 ex
2416 569 2616 633 rogatu
2649 563 2821 616 beata:
2853 560 3125 615 Praxedis
3153 557 3443 614 dedicavit
3471 556 3780 611 ecclesiam

2121 649 2392 704 Thermas
2416 651 2614 705 Novati
2650 651 2708 704 in
2736 650 2860 703 vico
2892 647 3121 702 Patritii
3157 647 3214 701 in
3251 647 3522 700 honorem
3553 644 3782 699 sororis

2125 753 2242 793 sum
2273 744 2482 792 sancta:
2515 738 2882 802 Potentianaa,
2917 736 3015 790 ubi
3048 739 3106 789 et
3145 733 3324 788 multa
3355 734 3506 788 dona
3536 731 3782 801 obtulit,

2129 825 2226 880 ubi
2260 840 2406 894 saepe
2436 825 2785 880 sacriﬁcium
2818 823 3058 878 Domino
3085 821 3325 876 offerens
3358 821 3734 874 ministrabat
3767 837 3783 885 ς

2131 914 2265 981 imo,
2299 919 2354 967 et
2383 912 2593 968 fontem
2646 911 2916 981 baptismi
2950 910 3207 966 construi
3243 908 3398 976 fecit,
3452 922 3622 963 manu
3677 921 3786 962 sua

2130 1002 2427 1057 benedixit
2451 1007 2507 1056 et
2535 1000 2908 1064 consecravit,
2939 1006 2993 1054 et
3035 999 3245 1053 multos
3276 997 3568 1052 venientes
3597 997 3668 1051 ad
3708 996 3785 1049 ﬁ-

2129 1091 2254 1144 dem
2301 1090 2612 1159 baptizavit
2661 1091 2717 1144 in
2751 1089 2979 1144 nomine
3020 1087 3347 1142 Trinitatis.
3383 1104 3408 1135 »
3443 1087 3568 1140 llaac
3592 1092 3785 1140 tamen

2130 1178 2320 1248 verba,
2368 1186 2432 1233 ut
2471 1181 2650 1233 Lucas
2692 1177 3024 1232 Ilolstenius
3055 1175 3294 1242 notavit,
3325 1173 3538 1229 absunt
3584 1188 3618 1228 a
3645 1174 3793 1228 Flo-

2133 1267 2380 1320 rentinis
2431 1265 2732 1321 codicibus
2783 1263 3195 1332 manuscriptis
3223 1269 3278 1316 et
3318 1262 3513 1330 Regio,
3545 1269 3602 1316 et
3642 1261 3790 1330 quia

2133 1360 2290 1408 extra
2328 1354 2586 1408 ordinem
2622 1354 2884 1422 apposita
2917 1357 3052 1406 sunt
3080 1352 3148 1406 ad
3188 1351 3352 1404 ﬁnem
3383 1350 3541 1417 Vitae,
3587 1357 3791 1419 postea

2134 1441 2317 1496 eidem
2359 1441 2530 1496 Libro
2581 1440 2902 1496 Pontiﬁcali
2954 1440 3173 1508 adjecta
3222 1437 3402 1493 fuisse
3445 1438 3791 1494 creduntur.

2133 1530 2366 1599 Adjecta
2387 1545 2612 1600 quoque
2634 1535 2912 1598 suntquae
2937 1529 2995 1583 in
3019 1528 3193 1583 Libro
3215 1527 3537 1582 Pontiﬁcali
3564 1526 3798 1582 haben—

2136 1623 2232 1672 tur
2263 1618 2370 1673 sub
2402 1619 2626 1674 Victore
2655 1637 2666 1672 :
2694 1638 2721 1668 α
2742 1618 2841 1672 Hic
2873 1616 3402 1671 fecitconstitutum
3429 1617 3496 1671 ad
3533 1617 3800 1672 interro-

2137 1706 2422 1776 gationem
2441 1707 2797 1762 sacerdotum
2816 1705 2885 1758 de
2902 1705 3122 1759 circulo
3142 1705 3366 1759 Pascha:
3396 1718 3524 1758 cum
3547 1705 3802 1775 presby—

386 1803 503 1845 rem
533 1791 863 1863 Catalogum
909 1794 1118 1850 fontem
1150 1810 1272 1851 esse
1301 1811 1369 1851 ex
1400 1811 1514 1866 quo
1555 1805 1759 1855 auctor
1789 1800 2024 1854 secundi
2057 1794 2106 1852 B
2138 1795 2279 1849 teris
2300 1801 2356 1850 et
2370 1795 2657 1864 episcopis
2684 1793 2829 1848 facta
2856 1793 3182 1861 collatione,
3208 1800 3263 1846 et
3287 1795 3566 1848 accersito
3595 1794 3803 1848 Theo-

382 1880 635 1952 Catalogi
655 1883 956 1938 consulum
981 1885 1210 1940 nomina
1233 1886 1494 1955 protulit,
1520 1901 1682 1943 nemo
1704 1889 1760 1943 in
1783 1889 2026 1945 dubium

385 1969 1092 2040 vocabit,quiconsiderat
1114 1980 1239 2043 post
1268 1975 1662 2044 pontiﬁcatum
1697 1978 1933 2048 Liberii,
1970 1979 2026 2033 in

389 2072 503 2128 quo
544 2060 844 2130 antiquior
892 2061 1197 2134 Catal0gus
1225 2063 1391 2118 ﬁnem
1422 2065 1657 2134 accipit,
1693 2066 1750 2120 in
1779 2067 2031 2123 secundo

385 2147 653 2218 Catalogo
715 2148 908 2204 nullos
972 2151 1226 2221 amplius
1278 2152 1545 2208 consules
1599 2155 1906 2226 assignari.
1970 2158 2032 2210 In

385 2237 627 2291 Damaso
655 2238 807 2292 enim
857 2239 1072 2294 Liberii
1105 2254 1435 2296 successore
1484 2239 1651 2294 habet
1691 2248 1893 2298 auctor
1937 2258 2036 2298 se—

383 2325 559 2378 cundi
585 2326 838 2395 Catalogi
866 2346 878 2380 :
914 2347 939 2377 α
971 2328 1328 2383 Seditannos
1360 2325 1445 2392 47,
1477 2342 1698 2383 menses
1721 2329 1774 2396 3,
1795 2331 1921 2385 dies
1946 2345 2024 2385 χι.

384 2411 520 2467 Fuit
563 2413 919 2481 temporibus
942 2414 1183 2468 Juliani.
1218 2432 1244 2461 »
1290 2416 1505 2469 Auctor
1541 2427 1672 2469 vero
1719 2417 2035 2472 Pontiﬁca—

386 2499 463 2553 lis
490 2515 502 2551 :
537 2519 563 2548 ‹‹
589 2500 748 2554 Sedit
772 2512 954 2554 annos
978 2501 1171 2554 decem
1201 2505 1258 2554 et
1277 2506 1424 2568 octo,
1455 2501 1752 2556 mensibus
1781 2503 2029 2574 duobus,

384 2585 592 2639 diebus
620 2586 840 2640 decem.
870 2604 896 2634 ι›
917 2587 988 2640 Εῐ
1013 2594 1139 2654 post
1159 2594 1420 2643 enarrata
1454 2588 1556 2643 illa
1583 2604 1710 2658 qua:
1739 2591 1807 2644 ad
1845 2590 2034 2646 intru-

384 2672 605 2728 sionem
628 2673 878 2728 Ursicini
903 2680 1162 2742 spectant
1191 2693 1202 2728 :
1243 2695 1268 2725 α
1300 2675 1640 2732 Fuitautem
1673 2678 2034 2747 temporibus

383 2759 623 2828 Juliani,
658 2777 684 2809 ››
713 2759 871 2816 nulla
923 2761 1158 2818 omnino
1187 2763 1473 2818 mentione
1510 2763 1655 2819 facta
1700 2766 2036 2823 consulatus

389 2862 504 2919 quo
571 2849 850 2904 Damasus
912 2855 1159 2918 coeperat
1209 2850 1551 2921 ﬁnieratque
1611 2854 2028 2921 pontiﬁcatum.

389 2936 540 2991 Idem
565 2936 758 2992 videre
789 2937 923 2992 licet
954 2939 1013 2992 in
1053 2938 1284 3007 Siricio,
1335 2939 1660 3007 Anastasio,
1703 2944 2034 2998 Innocentio

339 3055 349 3063 -
385 3024 595 3093 primo,
626 3025 849 3080 Zosimo
889 3026 1140 3095 aliisque
1183 3027 1410 3081 Damasi
1443 3030 1895 3090 successoribus.
1929 3046 2037 3084 us-

2141 1886 2300 1958 philo
2331 1886 2599 1954 episcopo
2644 1881 3006 1937 Alexandria:
3037 1880 3184 1936 facta
3219 1883 3686 1952 congregatione,
3737 1888 3802 1938 ut

2139 1990 2170 2030 a
2203 1981 2405 2045 quarta
2431 1974 2651 2028 decima
2684 1973 2820 2026 luna
2854 1971 3024 2040 primi
3062 1971 3275 2024 mensis
3308 1984 3488 2040 usque
3517 1972 3586 2025 ad
3619 1973 3802 2041 vige-

2143 2064 2344 2118 simam
2385 2063 2626 2131 primam
2653 2061 2748 2116 die
2775 2059 3074 2115 Dominica
3119 2059 3484 2116 custodiatur
3526 2067 3801 2132 sanctum

2144 2151 2376 2206 Pascha.
2413 2169 2438 2200 »
2472 2153 2595 2205 Haec
2625 2151 2780 2205 enim
2811 2148 2890 2203 ibi
2915 2154 3074 2202 extra
3102 2147 3359 2202 ordinem
3393 2148 3802 2216 reperiuntur,

2146 2245 2444 2308 postquam
2474 2239 2544 2293 de
2569 2236 3040 2294 ordinationibus
3069 2241 3260 2290 actum
3293 2242 3434 2303 erat,
3462 2236 3560 2290 ubi
3593 2242 3651 2290 et
3688 2250 3807 2290 no-

2145 2327 2377 2381 tandum
2403 2327 2553 2394 quod
2581 2325 2679 2378 illa
2703 2340 2828 2394 qum
2849 2324 2918 2378 de
2940 2324 3227 2390 Theophila
3245 2324 3630 2376 Alexandrino
3656 2338 3810 2378 nar-

2147 2419 2347 2468 rantur
2378 2412 2520 2466 falsa
2551 2413 2690 2480 sint,
2721 2426 2850 2466 cum
2877 2411 3230 2478 Theophilus
3258 2413 3637 2467 Caesareensis
3665 2410 3811 2467 fue—

2145 2502 2242 2567 rit,
2267 2501 2335 2554 ad
2369 2513 2536 2569 quem
2566 2500 2781 2565 Victor,
2808 2505 2948 2553 teste
2992 2497 3160 2564 Beda,
3197 2497 3299 2551 hac
3337 2499 3407 2551 de
3435 2514 3493 2552 re
3525 2501 3804 2569 scripsit.

2141 2589 2374 2657 Adjecta
2405 2594 2590 2642 tamen
2621 2601 2730 2642 non
2763 2591 2917 2654 sunt,
2953 2586 3047 2640 sed
3077 2597 3298 2653 semper
3339 2586 3397 2638 in
3440 2586 3610 2641 Libro
3642 2591 3813 2644 Pon—

2145 2676 2346 2731 tiﬁcali
2366 2675 2659 2730 exstitisse
2675 2676 2944 2729 videntur
2961 2673 3280 2743 sequentia,
3305 2687 3429 2742 quae
3457 2674 3513 2727 in
3543 2678 3810 2733 secundo

2142 2765 2408 2834 Catalogo
2446 2777 2558 2818 non
2586 2763 2958 2832 reperiuntur
2991 2781 3002 2816 :
3037 2783 3062 2811 «
3097 2761 3252 2815 Fecit
3297 2761 3686 2817 constitutum
3737 2766 3811 2818 de

2145 2853 2418 2920 Ecclesia,
2454 2858 2518 2906 ut
2549 2858 2780 2920 patenas
2819 2851 3035 2904 vitreas
3065 2855 3195 2903 ante
3227 2850 3551 2903 sacerdotes
3589 2851 3645 2903 in
3684 2853 3806 2906 Ec—

2145 2941 2377 2996 clesiam
2411 2940 2666 2995 ministri
2701 2945 3012 3008 portarent,
3040 2940 3219 2993 donec
3249 2938 3553 3006 episcOpus
3587 2939 3807 2994 missas

2145 3029 2476 3096 celebraret,
2523 3035 2654 3083 ante
2701 3042 2760 3082 se
2807 3027 3204 3082 sacerdotibus
3235 3026 3581 3094 astantibus,
3615 3034 3673 3081 et
3716 3028 3807 3081 sic

383 3126 495 3182 que
524 3113 592 3167 ad
623 3113 914 3174 Joannem.
944 3115 1112 3182 cujus
1135 3116 1376 3184 tempori
1411 3130 1540 3171 cum
1575 3124 1776 3172 auctor
1793 3119 2033 3174 secundi
2067 3115 2113 3176 C
2149 3119 2336 3173 missae
2357 3117 2738 3183 celebrantur,
2763 3122 2995 3185 excepto
3015 3115 3163 3184 quod
3186 3114 3312 3182 ejus
3329 3115 3581 3184 episcOpi
3610 3115 3808 3169 inter-

385 3199 641 3272 Catalogi
670 3201 898 3257 vicinus
923 3202 1118 3273 fuerit,
1152 3204 1405 3272 ejusdem
1436 3206 1765 3274 ponticatus
1796 3207 2034 3261 initium

384 3293 441 3343 et
459 3287 623 3343 ﬁnem
643 3289 818 3344 certis
841 3289 1182 3345 consulibus
1208 3291 1524 3362 assignavit
1550 3308 1561 3343 :
1589 3313 1613 3343 «
1638 3294 1817 3362 Sedit,
1844 3294 2038 3364 inquit

387 3375 460 3430 de
481 3377 713 3445 Joanne,
745 3389 926 3432 annos
964 3379 1131 3438 duos.
1178 3391 1398 3434 menses
1439 3386 1586 3450 octo,
1627 3381 1754 3435 dies
1785 3383 2041 3450 quinde-

390 3463 526 3532 cim,
576 3477 608 3518 a
666 3468 974 3520 consulatu
1025 3466 1258 3520 Maximi
1317 3482 1499 3537 usque
1549 3469 1618 3524 ad
1673 3470 2034 3525 consulatum

385 3550 594 3606 Olibri.
631 3570 658 3600 »
699 3552 834 3620 Quae
873 3553 1065 3608 eadem
1119 3555 1323 3622 repetit
1354 3563 1556 3610 auctor
1587 3556 1936 3625 pontiﬁcalis
1978 3559 2034 3612 in

389 3639 496 3694 hoc
525 3640 808 3708 pontiﬁce,
831 3641 917 3696 uti
945 3648 1000 3696 et
1025 3641 1082 3695 in
1117 3641 1302 3697 Felice
1318 3651 1541 3712 quarto,
1565 3659 1811 3714 quocum
1839 3653 2040 3702 auctor

386 3728 623 3784 secundi
653 3729 908 3800 Catalogi
943 3729 1072 3785 ﬁnit
1099 3749 1112 3784 :
1151 3752 1177 3782 α
1209 3731 1254 3785 A
1279 3732 1583 3787 consulatu
1612 3733 1817 3788 Aburti
1860 3749 2041 3805 usque
2093 3738 2099 3743 “

393 3816 453 3870 in
502 3817 867 3873 consulatum
922 3819 1191 3888 Lampadi
1237 3825 1294 3874 et
1331 3820 1572 3887 Orestis,
1609 3835 1640 3875 a
1683 3822 1779 3876 die
1817 3836 1870 3876 1v
1907 3824 2043 3878 Idus

388 3904 672 3960 Juliarum
703 3919 884 3975 usque
915 3907 973 3960 in
1003 3907 1156 3961 diem
1206 3921 1262 3961 1v
1289 3908 1423 3962 Idus
1443 3909 1729 3964 Octobris.
1759 3929 1784 3958 υ
1836 3911 2042 3968 Aburti

393 3992 520 4047 loco
578 3999 778 4048 auctor
845 3993 1198 4049 Pontiﬁcalis
1248 3995 1388 4065 legit
1436 3998 1779 4051 Mamortim'.
1833 3999 2046 4055 Caetera

393 4081 562 4135 verba
586 4081 777 4136 eadem
807 4082 1040 4138 omnino
1074 4088 1230 4137 sunt.
1255 4084 1410 4139 Unde
1435 4092 1637 4141 auctor
1657 4086 1811 4142 Libri
1843 4089 2047 4143 Ponti-

400 4168 584 4223 ﬁcalis
635 4181 698 4223 ea
751 4183 784 4224 a
830 4171 1079 4226 secundo
1125 4171 1392 4242 Catalogo
1445 4180 1742 4231 mutuatus
1793 4175 2044 4232 videtur.

398 4257 578 4325 Cujus
608 4255 971 4313 manifestum
1016 4259 1248 4329 signum
1275 4259 1418 4316 illud
1445 4275 1673 4331 quoque
1698 4265 2046 4319 censendum

401 4351 487 4400 est
512 4347 661 4415 quod
688 4353 814 4416 post
835 4349 1192 4403 Hormisdam
1210 4354 1266 4402 et
1291 4349 1553 4420 Felicem,
1580 4352 1678 4419 qui
1706 4353 1823 4408 duo
1852 4353 2046 4407 ultimi

2146 3213 2315 3275 esset,
2349 3211 2413 3260 ut
2438 3211 2660 3260 tantum
2688 3204 2877 3259 clerus
2908 3204 3222 3258 sustineret
3253 3203 3524 3258 omnibus
3557 3217 3808 3271 praesen-

2149 3295 2306 3349 tibus
2329 3307 2398 3348 ex
2423 3307 2488 3348 ea
2513 3293 2938 3348 consecratione
2959 3292 3028 3346 de
3060 3305 3230 3346 manu
3270 3292 3524 3360 episcopi
3549 3293 3664 3359 jam
3697 3305 3807 3345 co—

2151 3396 2345 3437 ronam
2377 3387 2788 3449 consecratam,
2819 3385 2874 3433 et
2903 3381 3187 3448 acciperet
3220 3379 3512 3448 presbyter
3558 3379 3808 3433 traden—

2146 3471 2276 3524 dam
2309 3470 2540 3540 populo.
2574 3488 2599 3518 »
2628 3469 2762 3537 Quae
2797 3469 3079 3523 undenam
3113 3469 3413 3537 desumpta
3445 3468 3582 3536 sint,
3619 3465 3809 3521 fateor

2150 3573 2236 3614 me
2267 3559 2548 3628 ignorare.

2221 3645 2270 3701 4.
2304 3648 2670 3716 Nequaquam
2709 3653 2893 3702 tamen
2937 3648 3238 3717 ignoratur
3265 3646 3414 3700 unde
3434 3645 3806 3713 desumptum

2153 3735 2230 3789 sit
2252 3735 2401 3804 quod
2433 3735 2491 3789 in
2513 3735 2779 3790 Cornelio
2812 3749 2952 3804 papa
2983 3734 3150 3789 habet
3178 3740 3381 3788 auctor
3409 3732 3565 3786 Libri
3597 3734 3812 3787 Ponti-

2157 3823 2340 3878 ﬁcalis
2376 3823 2464 3878 his
2494 3823 2684 3878 verbis
2714 3842 2727 3876 :
2766 3844 2792 3875 α
2834 3823 2950 3877 Sub
2979 3824 3148 3891 cujus
3177 3821 3512 3889 episcopatu
3551 3823 3809 3876 Novatus

2156 3912 2532 3966 Novatianum
2564 3920 2722 3966 extra
2754 3911 3063 3964 Ecclesiam
3096 3901 3406 3975 ordinavit,
3434 3913 3490 3961 et
3523 3909 3580 3962 in
3611 3908 3810 3964 Africa

2157 3999 2563 4054 Nicostratum.
2595 4000 2708 4051 lloc
2739 3997 2887 4050 facto
2927 3995 3301 4055 confessores,
3345 3995 3442 4063 qui
3472 4010 3532 4048 se
3570 4009 3811 4065 separa-

2159 4092 2415 4140 verunta
2435 4085 2699 4139 Cornelio
2721 4097 2849 4138 cum
2880 4084 3127 4137 Maximo
3165 4081 3510 4150 presbytero.
3542 4085 3642 4150 qui
3677 4097 3810 4138 cum

2158 4176 2345 4242 Moyse
2377 4171 2508 4241 fuit,
2536 4172 2603 4226 ad
2637 4171 2946 4225 Ecclesiam
2980 4175 3116 4224 sunt
3143 4170 3350 4224 reversi
3381 4187 3392 4222 :
3430 4178 3486 4224 et
3508 4169 3641 4226 facti
3675 4177 3814 4228 sunt

2159 4259 2513 4315 confessores
2558 4259 2772 4314 ﬁdeles.
2827 4260 2959 4313 Post
3005 4258 3109 4312 hoc
3152 4257 3455 4313 Cornelius
3501 4260 3814 4330 episc0pus

2157 4349 2565 4404 Centumcellis
2585 4348 2786 4417 pulsus
2803 4353 2910 4415 est,
2930 4352 2985 4400 et
3005 4346 3085 4400 ibi
3119 4347 3390 4415 scriptam
3411 4347 3715 4415 epistolam
3745 4349 3814 4402 de

401 4441 540 4489 sunt
567 4435 640 4490 ab
663 4443 897 4491 auctore
937 4437 1174 4491 secundi
1217 4437 1472 4508 Catalogi
1517 4440 1786 4507 exhibiti,
1825 4441 2050 4496 nullius
2086 4454 2138 4514 ι)
2162 4453 2265 4494 sua
2308 4438 2760 4506 conﬁrmatione,
2797 4437 3029 4491 missam
3072 4450 3104 4490 a
3149 4436 3452 4506 Cypriano,
3483 4449 3651 4505 quam
3698 4437 3815 4506 Cy—

400 4522 646 4578 alterius
664 4523 1031 4592 pontiﬁcatus
1048 4538 1147 4594 per
1161 4527 1428 4582 consules
1443 4529 1778 4598 designetur
1797 4529 1857 4584 in
1881 4530 2051 4587 Libro

403 4611 750 4667 Pontiﬁcali.

475 4701 531 4758 3.
558 4702 698 4758 Cum
745 4703 938 4773 itaque
968 4717 1037 4757 ex
1070 4703 1246 4759 dictis
1291 4710 1480 4774 pateat
1531 4707 1815 4762 undenam
1852 4715 2056 4764 auctor

407 4792 565 4849 Libri
592 4791 949 4848 Pontiﬁcalis
973 4791 1276 4847 consulum
1330 4799 1494 4848 notas
1523 4801 1578 4848 et
1605 4796 1876 4865 pleraque
1898 4806 2055 4868 gesta

404 4883 737 4954 descripsit,
771 4881 1077 4938 videndum
1126 4887 1211 4937 est
1242 4882 1393 4938 unde
1422 4889 1620 4938 caetera
1647 4887 1806 4951 Acta,
1838 4900 1964 4954 quae
1996 4888 2055 4941 in

409 4974 660 5029 secundo
679 4971 948 5043 Catalogo
973 4971 1210 5026 minime
1234 4972 1624 5041 reperiuntur,
1649 4974 2052 5041 desumpserit.

407 5061 855 5132 Pluraequidem
880 5062 1250 5130 reperiuntur
1269 5061 1327 5115 in
1354 5060 1521 5115 Libro
1544 5061 1862 5116 PontiﬁCali
1888 5076 2059 5130 quam

412 5149 472 5204 in
520 5151 769 5206 secundo
795 5151 1086 5222 Catalogo,
1122 5158 1185 5206 ut
1227 5157 1378 5221 patet
1407 5152 1464 5205 in
1511 5150 1715 5220 primis
1757 5164 1825 5204 ex
1872 5151 2062 5206 verbis

410 5240 806 5307 sequentibus,
869 5253 992 5308 qnae
1051 5239 1339 5296 habentur
1398 5241 1454 5294 in
1519 5241 1582 5293 D.
1643 5241 1861 5294 Petro:
1918 5240 2063 5293 Obiit

405 5330 532 5394 post
566 5329 872 5394 passionem
915 5330 1132 5382 Domini
1179 5327 1271 5382 38.
1333 5329 1457 5383 Haec
1499 5342 1743 5398 namque
1786 5329 1856 5383 de
1912 5333 2064 5382 tem—

416 5425 550 5480 pore
599 5414 794 5469 obitus
843 5416 990 5470 Petri
1047 5430 1160 5471 non
1220 5417 1277 5471 in
1323 5418 1574 5472 secundo
1621 5417 1910 5486 Catalogo,
1961 5416 2058 5470 sed

415 5499 564 5567 apud
593 5501 656 5553 D.
686 5503 1086 5572 Hieronymum
1136 5504 1286 5560 libro
1333 5505 1403 5559 de
1428 5505 1822 5573 Scriptoribus
1860 5504 2063 5558 Eccle-

415 5587 674 5644 siasticis
704 5590 1091 5660 reperiuntur,
1123 5606 1192 5646 ex
1213 5607 1328 5663 quo
1357 5599 1561 5653 auctor
1593 5593 1693 5648 illa
1710 5593 2053 5666 desumpsit.

2165 4531 2404 4600 prianus
2449 4529 2508 4582 in
2552 4540 2776 4581 carcere
2804 4526 3060 4595 scripsit,
3093 4531 3148 4579 et
3187 4525 3256 4578 de
3301 4525 3562 4579 Celerino
3601 4524 3814 4582 lectore

2165 4618 2438 4686 suscepit.
2475 4636 2500 4665 ι)
2529 4618 2654 4671 Haec
2697 4616 2847 4670 enim
2879 4615 3179 4683 desumpta
3205 4620 3342 4668 sunt
3369 4614 3572 4682 partim
3603 4627 3672 4668 ex
3703 4628 3816 4668 an-

2165 4709 2418 4778 tiquiore
2432 4705 2720 4776 Catalogo,
2747 4706 2953 4774 partim
2976 4718 3044 4759 ex
3057 4704 3340 4774 Cypriano
3365 4703 3507 4772 ipso,
3531 4708 3595 4758 ut
3611 4710 3816 4758 auctor

2168 4813 2279 4855 non
2307 4797 2547 4852 obscure
2593 4795 2829 4850 indicat.
2883 4793 3143 4862 Reliqua,
3182 4805 3308 4860 quae
3358 4791 3641 4846 habentur
3687 4796 3816 4859 post

2167 4887 2318 4943 beati
2344 4885 2493 4941 Petri
2523 4883 2957 4939 translationem
2984 4882 3054 4936 de
3093 4894 3265 4935 causa
3295 4879 3366 4935 ob
3395 4893 3562 4948 quam
3613 4877 3814 4934 beatus

2168 4975 2468 5031 Cornelius
2498 4971 2772 5040 martyrio
2816 4975 3124 5023 coronatus
3154 4974 3258 5037 est,
3310 4981 3377 5021 ex
3421 4968 3580 5021 Actis
3629 4967 3812 5022 sancti

2175 5066 2347 5133 hujus
2377 5062 2669 5132 pontiﬁcis
2694 5061 2998 5126 desumpta
3029 5062 3184 5120 sunt,
3220 5056 3303 5110 uti
3337 5061 3390 5110 et
3413 5070 3479 5110 ex
3501 5057 3661 5110 Actis
3687 5057 3816 5110 Ste—

2177 5151 2372 5220 phani,
2402 5163 2526 5220 quae
2568 5153 2770 5202 auctor
2809 5144 2965 5199 Libri
3020 5143 3371 5198 Pontiﬁcalis
3405 5143 3572 5197 habet
3613 5143 3684 5196 ab
3727 5143 3816 5196 his

2173 5237 2363 5292 verbis
2394 5255 2406 5291 :
2441 5239 2567 5291 Suis
2600 5234 2948 5303 temporibus,
2993 5245 3175 5300 usque
3197 5231 3262 5285 ad
3293 5231 3391 5286 illa
3423 5250 3434 5283 :
3462 5232 3607 5284 Fecit
3659 5232 3817 5283 ordi-

2173 5328 2438 5379 nationes.
2467 5325 2601 5393 Qua:
2628 5323 2819 5378 omnia
2869 5321 2927 5375 in
2975 5320 3224 5375 secundo
3272 5319 3540 5388 Catalogo
3583 5319 3816 5374 deside—

2175 5421 2393 5469 rantur.
2428 5416 2609 5468 Pauca
2635 5411 2870 5467 omnino
2899 5410 3094 5464 addita
3121 5414 3257 5464 sunt
3300 5409 3358 5462 in
3405 5408 3554 5461 Vitis
3599 5407 3723 5461 Caii
3765 5411 3818 5460 et

2173 5502 2513 5571 Marcellini,
2540 5502 2704 5571 plura
2726 5513 2857 5555 vero
2899 5500 2958 5554 in
2986 5499 3113 5552 Vita
3138 5497 3413 5563 Marcelli,
3469 5497 3527 5550 in
3568 5510 3694 5565 quae
3725 5510 3817 5550 se—

2174 5590 2410 5660 quentia
2453 5590 2761 5660 leguntur:
2819 5608 2844 5638 «
2878 5587 2981 5642 Hic
3013 5585 3235 5656 rogavit
3264 5584 3567 5654 quamdam
3601 5588 3819 5639 matro-
