3934 6392
177 489 286 530 non
319 475 410 529 est
439 490 514 530 ne

176 545 285 602 nis.
319 545 646 603 Dicendum
683 547 890 622 itaque
930 545 1018 622 est
1059 553 1310 622 veterem
1341 545 1715 622 disciplinam
1761 552 1833 608 de

177 634 289 673 una
337 624 573 674 tantum
623 618 811 675 missa
861 619 1211 675 celebranda
1243 621 1320 675 ita
1354 618 1535 676 fuisse
1582 640 1617 677 a
1663 623 1832 679 beato

173 689 496 763 Deusdedit
524 690 873 759 emollitam,
898 695 963 746 ut
991 695 1124 763 post
1142 691 1464 748 solemnem
1491 693 1673 749 altera
1702 700 1829 749 tan-

171 764 294 816 tum
330 762 516 817 missa
544 767 860 818 caneretur
899 763 958 817 in
991 762 1167 828 clero,
1190 780 1306 819 non
1338 765 1423 818 sic
1453 763 1729 830 laxatam,
1765 771 1830 821 ut

171 832 364 889 missis
386 907 390 908 ν
408 833 977 908 multiplicarentur
996 835 1066 908 ad
1085 906 1094 908 _
1118 851 1431 890 numerum
1465 838 1828 908 presbytero-

169 905 422 978 rnm,uti
447 905 847 978 fierifortasse
867 905 1184 978 incipiebat
1202 905 1830 977 tempore—beati'Fran-

171 974 332 1050 eisci,
354 981 416 1030 et
447 976 534 1030 uti
556 976 778 1050 deinde
801 974 1036 1050 factum
1068 982 1157 1050 est
1184 993 1197 1031 :
1232 974 1404 1049 cujus
1435 979 1514 1033 rei
1546 997 1662 1034 una
1692 981 1826 1050 qui-

171 1047 301 1120 dem
334 1047 678 1120 causa_fuit,
703 1053 769 1102 ut
797 1047 993 1120 inquit
1014 1048 1289 1104 laudatus
1306 1047 1636 1104 Vcardinalis
1671 1047 1828 1106 Bona

169 1117 250 1191 l.__i
275 1119 492 1191 Rerum
523 1117 724 1191 liturg.
749 1135 800 1173 c.
828 1117 914 1186 18,
944 1137 1004 1174 n.
1026 1120 1096 1174 9:
1122 1141 1150 1169 «
1175 1121 1331 1191 quod
1370 1123 1629 1176 fundatis
1668 1123 1824 1177 ordi-

169 1137 209 1173 ι.
232 1137 250 1172 ι
275 1137 492 1173 uerum
523 1137 724 1191 nturg.
749 1137 800 1173 c.
828 1137 914 1186 ιδ,
944 1137 1004 1174 n.
1026 1137 1096 1174 υς
1122 1141 1150 1169 «
1220 1137 1331 1175 non
1370 1137 1629 1176 iunoaus
1668 1137 1823 1177 orm-

169 1189 344 1274 nibus
375 1189 863 1274 liisndicantium,
895 1196 954 1246 et
982 1191 1152 1273 longe
1175 1137 1422 1274 (iateque
1467 1194 1823 1274 prOpagatis,

169 1259 565 1334 multiplicata
576 1266 915 1334 suntonera
929 1259 1268 1334 missarum,
1283 1259 1379 1334 atq
1389 1259 1602 1318 ueideo
1622 1259 1824 1319 uaces;

168 1346 228 1388 se
247 1332 360 1404 fuit
391 1332 661 1404 singulos
693 1335 1126 1398 sacerdotes,ut
1155 1333 1228 1388 iis
1256 1332 1679 1400 satisfacerent,
1704 1335 1824 1390 sin-

168 1401 319 1476 gulis
334 1401 566 1476 idiebas
596 1405 867 1476 privatim
893 1404 1244 1460 celebrare.»
1267 1407 1406 1460 Inde
1431 1406 1608 1462 etiam
1633 1412 1823 1462 ortam

167 1475 289 1547 esse
322 1475 497 1532 facile
535 1475 928 1547 intelligimus
975 1476 1415 1532 multitudinem
1467 1477 1629 1532 illam
1679 1478 1823 1534 alta-

166 1545 340 1610 rium,
362 1561 487 1618 qua
524 1545 756 1602 refertsi
777 1552 918 1602 sunt
947 1548 1202 1603 ecclesia:
1253 1549 1734 1614 Mendicantium,
1769 1556 1827 1604 et

201 1629 342 1672 nam
376 1633 497 1673 non
528 1623 619 1673 est
645 1633 881 1674 eernere
914 1618 975 1674 in
1013 1619 1143 1675 aliis
1173 1619 1434 1676 basilicis
1465 1621 1583 1676 sive
1617 1638 1824 1676 mona-

234 1705 410 1745 orum
442 1688 565 1745 sive
587 1688 957 1746 clericorum.

843 1803 1154 1861 BENCINI.

233 1901 422 1974 Linea
453 1901 518 1974 Δ3.
543 1901 978 1974 -Αειαιιυιεηίω
1003 1904 1276 1974 patricius
1322 1903 1690 1972 Anastasius,
1722 1905 1828 1960 ite-

165 1989 298 2047 i_-um
323 1969 691 2047 Pauliverba
707 1969 1066 2047 describens,
1081 1979 1247 2046 gesta
1263 1974 1479 2047 iterum
1502 1969 1828 2047 perturbat.

163 2043 593 2116 Emendandus
617 2043 890 2116 igiturrex
909 2043 1134 2113 eodeni,
1160 2046 1450 2101 scribente
1473 2043 1522 2103 c'.
1545 2049 1607 2102 31
1639 2065 1686 2104 ;‹‹
1714 2048 1830 2103 Hac

161 2120 336 2190 etate
355 2115 620 2190 Joannes
643 2115 935 2190 Consinu_s
965 2116 1177 2172 invasit
1206 2117 1528 2190 Neapolim,
1552 2136 1726 2190 quem
1761 2121 1831 2175 de

163 2187 372 2262 eadem
395 2187 634 2262 civitate
654 2203 771 2262 non
794 2187 1018 2262 multos
1042 2194 1173 2260 post
1194 2189 1319 2244 dies
1332 2187 1708 2262 E‘leutbérius
1731 2208 1830 2262 pa-

163 2258 711 2343 triciuseunuchus
741 2257 970 2343 imperii
997 2257 1440 2343 juransuscepit.
1470 2282 1496 2309 »
1519 2257 1829 2326 Consinns,

161 2328 308 2402 sive,
333 2335 405 2402 ut
442 2329 700 2402 appellat
737 2328 1106 2398 Anastasius,
1129 2328 1500 2402 Compsinus,
1535 2349 1654 2387 una
1695 2349 1831 2388 cum

163 2400 559 2473 Neapolitana
599 2401 742 2474 urbe
779 2407 1056 2474 ceteras
1083 2400 1530 2474 circumpositas
1587 2403 1829 2470 invadit,

163 2472 349 2544 seque
371 2488 575 2544 regem
595 2472 760 2528 dixit.
777 2472 1022 2529 Batillus
1043 2472 1103 2528 in
1122 2472 1268 2528 Hist.
1287 2472 1518 2530 Barensi
1537 2475 1836 2530 contendit

165 2543 461 2601 Joannem
490 2543 650 2600 hunc
670 2543 993 2600 Consinum
1021 2561 1236 2600 corona
1266 2545 1452 2600 terrea
1472 2545 1532 2600 in
1561 2547 1703 2601 urbe
1727 2548 1833 2600 Ba-

171 2616 349 2687 rensi,
382 2631 566 2671 aurea
612 2614 823 2687 deinde
853 2616 1007 2686 apud
1035 2615 1446 2687 Neapolitanos
1494 2617 1832 2672 redimitum

175 2686 380 2758 fuisse,
415 2692 481 2741 ut
537 2703 668 2758 sese
699 2685 1344 2758 ltaliaa’populisregem
1398 2690 1686 2758 probaret.
1723 2688 1833 2742 Sed

175 2757 342 2814 illum
367 2757 597 2830 redegit
615 2758 674 2830 in
695 2757 962 2830 ordinem
980 2757 1376 2825 Eleutherius;
1397 2757 1466 2814 de
1484 2777 1598 2830 quo
1619 2759 1836 2814 Paulus

181 2828 492 2901 subjungit
518 2828 537 2901 ξ
566 2852 588 2878 ι
627 2829 888 2901 Posthac
933 2829 1120 2884 isdem
1149 2828 1524 2885 Eleutherius
1558 2831 1838 2901 patricius

179 2899 492 2957 eunuchus
513 2899 744 2971 imperii
761 2901 899 2969 jura
919 2901 1199 2971 suscepit.
1215 2901 1322 2966 Qui
1346 2903 1486 2956 dum
1510 2920 1543 2956 a
1558 2899 1840 2956 Ravenna

182 2971 429 3044 Romam
463 2976 756 3044 pergeret,
776 2971 836 3026 in
865 2976 1058 3028 castro
1081 2971 1344 3027 Luceolis
1366 2989 1400 3028 a
1430 2971 1718 3028 militibus
1743 2973 1838 3028 in-

178 3041 605 3116 terfectusiest',
627 3050 921 3116 caputque
947 3044 1077 3114 ejus
1114 3043 1618 3116 Constantinopoli
1651 3045 1839 3116 impe-

177 3115 359 3170 ratori
394 3113 660 3169 delatum
691 3120 800 3170 est.
827 3113 854 3163 ῑ›
878 3113 1036 3170 Hanc
1073 3131 1208 3170 vero
1252 3113 1561 3172 neriochén
1594 3113 1844 3172 inseruit

172 3185 530 3256 Anastasius
560 3185 714 3240 inter
742 3191 909 3256 gesta
940 3185 1220 3241 Bonifacii
1249 3185 1316 3240 V.

247 3253 434 3313 Linea
462 3259 519 3330 7.
543 3253 870 3330 Timui-ta.
903 3261 1135 3321 Intarta,
1175 3257 1370 3330 inquit
1412 3257 1720 3330 Esychius,
1752 3265 1842 3330 ty-

175 3345 414 3401 rannus,
436 3328 662 3401 rebellis
691 3327 949 3401 qdverm
979 3345 1180 3397 regem.
1205 3327 1369 3393 Quod
1390 3327 1576 3401 est'ab
1607 3327 1842 3401 ἀρταίρω,

173 3399 465 3456 contendo.
491 3400 668 3454 rixor.
700 3400 772 3453 Et
824 3401 1029 3455 Festus
1060 3416 1074 3454 :
1109 3401 1398 3454 Antarium
1448 3399 1667 3462 bellum,
1701 3399 1844 3462 quod

173 3479 304 3528 ante
329 3470 526 3542 urbem
555 3472 804 3540 geritur;
834 3488 869 3524 a
893 3471 1120 3525 civibus
1161 3487 1368 3542 nempe
1399 3470 1840 3527 rebellantibus.

176 3541 241 3599 In
271 3541 428 3598 actis
461 3541 680 3612 pariter
709 3546 924 3596 sanctae
958 3542 1217 3597 Martinaa
1245 3541 1490 3610 virginis
1517 3542 1732 3612 legitur
1762 3560 1774 3598 :
1805 3542 1844 3597 0

175 3587 534 3676 manu“;
542 3587 1845 3674 ante};Hennensi?{summa

179 3683 646 3750 Fontallenensi,
671 3700 800 3755 cap.
835 3685 868 3738 3
893 3701 907 3738 :
933 3685 1123 3740 Actum
1150 3693 1226 3739 est
1275 3685 1475 3740 bellum
1507 3687 1652 3740 inter
1680 3685 1846 3740 Caro-

180 3756 300 3812 lum
329 3755 638 3828 exercitum
667 3763 727 3828 et,
747 3756 1140 3828 Regenfridum
1169 3757 1451 3828 intortam.
1487 3758 1624 3811 Inde
1652 3761 1843 3811 ortum

178 3828 430 3899 verbum
463 3826 886 3899 intartarizare,
911 3826 1069 3899 quod
1100 3827 1161 3881 in
1191 3826 1352 3882 hisce
1394 3828 1574 3898 gestis
1607 3845 1722 3884 non
1755 3844 1847 3883 se-

181 3898 313 3970 mel
338 3903 546 3970 postea
577 3897 849 3970 occurrit.

254 3968 440 4027 Linea
472 3970 560 4024 10.
581 3969 868 4025 --Eodem
905 3976 1158 4027 trmnore.
1183 3968 1477 4024 Anastasii
1507 3969 1681 4024 verba
1713 3985 1848 4024 cum

183 4040 259 4097 iis
279 4045 428 4112 sunt
455 4039 970 4111 illustranda,qua3
999 4039 1233 4112 Paulus,
1259 4056 1393 4112 cap.
1413 4042 1500 4104 42,
1527 4041 1627 4095 ubi
1650 4042 1720 4095 de
1745 4042 1851 4096 Ro-

180 4111 340 4168 thari
365 4111 882 4184 Langobardorum
907 4128 1040 4184 rege
1061 4111 1299 4184 scribit;
1311 4111 1350 4184 «ί
1369 4111 1514 4184 Cum
1549 4112 1849 4184 Ravenna-

184 4184 350 4241 tibus
371 4187 433 4238 et
454 4183 735 4238 Romanis
762 4182 996 4238 bellum'
1011 4183 1196 4253 gessit
1223 4183 1292 4237 ad
1329 4182 1574 4238 ﬂuvium
1608 4183 1850 4238 lEmilias

185 4255 346 4328 quod
371 4254 694 4328 Scultenna
718 4254 960 4328 dicitur;
987 4255 1047 4308 in
1073 4271 1189 4328 quo
1220 4253 1372 4309 bello
1393 4271 1427 4308 a
1449 4259 1611 4328 parte
1637 4255 1850 4328 Roma-

184 4324 428 4389 norum,
462 4324 707 4396 reliquis
737 4329 901 4397 terga
927 4324 1229 4390 dantibus,
1250 4330 1380 4380 octo
1412 4324 1599 4380 millia
1629 4325 1850 4382 cecide-

183 4401 349 4453 runt.
378 4397 460 4451 Eo
475 4401 1009 4469 temporemagnus
1041 4397 1238 4469 Romae
1269 4400 1634 4469 terrmmotus
1664 4397 1852 4452 factus

185 4467 655 4549 est,_magnaque
674 4467 784 4522 fuit
802 4467 1122 4549 inundatio
1133 4484 1443 4549 aquarum.
1462 4468 1720 4549 Posthac
1743 4468 1853 4523 fuit

189 4538 395 4596 clades
425 4537 780 4607 acabierum,
804 4537 888 4595 ita
917 4544 983 4594 ut
1003 4537 1203 4610 nullus
1230 4538 1519 4610 potuisset
1547 4544 1849 4594 mortuum

189 4627 374 4668 suum
409 4615 1008 4682 agnoscere.propter
1037 4609 1286 4682 nimium
1321 4610 1640 4666 inﬂationis
1671 4614 1858 4665 tumo-

190 4699 392 4754 rem._»_
416 4681 530 4737 Sed
562 4681 1343 4754 imperitus’consarcinator
1364 4682 1673 4754 Gestorum
1704 4698 1854 4754 pon-

189 4751 503 4810 tiﬁcalium
524 4751 790 4810 tempora
811 4752 988 4808 simul
1011 4757 1065 4808 et
1087 4757 1216 4808 acta
1237 4753 1598 4808 commiscet.
1625 4751 1856 4808 Pontifi-

189 4823 991 4896 catumgerenteDeusdedit
1002 4823 1330 4896 imperabat
1340 4823 1694 4896 Adaloaldus
1713 4825 1853 4896 Lan-

231 4894 516 4952 abardus.
531 4895 925 4961 Quamobrem
946 4895 995 4951 si
1021 4894 1309 4967 aquarum
1338 4894 1644 4952 inundatio
1669 4900 1726 4950 et
1746 4894 1858 4950 cla-

233 4984 298 5024 es
323 4967 668 5040 scabierum
698 4970 978 5040 regnante
1013 4965 1264 5040 Rethari
1287 4966 1677 5040 contigerunt,
1703 4972 1854 5040 Ana:

191 5037 462 5095 stasiana
488 5037 590 5093 illa
619 5037 877 5094 narratio
921 5037 1168 5094 fortasse
1197 5037 1270 5092 ad
1298 5037 1473 5101 gesta
1509 5037 1752 5101 Joannis
1785 5037 1856 5094 IV

193 5114 297 5166 aut
327 5109 622 5165 Theodori
651 5109 815 5164 Pont.
839 5108 950 5165 erit
973 5108 1398 5176 transferenda,
1423 5126 1558 5164 cum
1583 5109 1858 5164 Rotharis

193 5185 506 5252 anteann.
539 5181 648 5236 636
679 5180 1183 5252 Langobardicum
1217 5196 1464 5252 regnum
1497 5180 1739 5235 minime
1770 5197 1860 5236 ca-

191 5249 531 5378 seSsivei-it.
567 5249 840 5334 Bothari's
887 5255 1104 5332 autem,
1130 5249 1311 5334 parta
1359 5251 1470 5307 hac
1514 5251 1757 5306 victoria
1802 5257 1860 5307 et

233 5328 622 5378 ominatioms
653 5322 1063 5378 amplitudine.
1085 5323 1420 5378 dmtusoue
1451 5327 1682 5378 auctus.
1708 5323 1860 5378 Lan-

233 5321 622 5379 ominationis
653 5322 1063 5394 amplitudine,
1085 5321 1420 5394 divitiisque
1451 5327 1682 5389 auctus,
1708 5323 1860 5379 Lan-

195 5394 600 5467 gobardorum
631 5393 890 5467 regnum,
909 5393 970 5467 in
999 5394 1174 5467 italia
1211 5393 1484 5467 firmavit,
1510 5399 1685 5467 atque
1717 5396 1860 5450 adeo

197 5464 681 5539 animumsuum
703 5464 954 5539 edendis
998 5465 1226 5539 legibus
1257 5464 1713 5539 Langobardicis
1741 5467 1862 5537 pri-

198 5536 665 5611 mus_applicuit,
691 5535 1095 5611 etiitterarum
1127 5535 1530 5611 monumentis
1551 5535 1860 5611 consigna-

196 5607 302 5664 vit.
328 5607 493 5665 Unde
514 5608 734 5664 Paulus
759 5607 930 5677 ibid..,
953 5624 1005 5662 c.
1029 5609 1096 5663 44
1122 5625 1170 5662 ;‹‹
1199 5608 1302 5664 Ηίο
1330 5608 1568 5664 Rothari
1601 5625 1701 5663 rex
1724 5607 1864 5663 Lan-

201 5680 600 5807 gobardorum
623 5679 801 5751 leges,
817 5695 966 5760 quas
986 5679 1112 5736 sola
1132 5680 1418 5734 memoria
1437 5684 1494 5734 et
1514 5696 1627 5734 usu
1651 5681 1863 5735 retine-

243 5753 728 5807 ant.scrintorum
749 5767 895 5805 serie
913 5751 1647 5807 comnosuitcodiocmnue
1671 5751 1863 5807 ipsum

243 5753 728 5824 ant,scriptoru_m
749 5751 895 5824 serie
913 5751 1647 5824 composuit,corliocmque
1671 5751 1863 5823 ipsum

201 5822 459 5904 edictum
483 5821 766 5904 appellari
794 5821 1088 5904 pracepit.
1114 5823 1249 5904 Erat
1280 5827 1474 5876 autem
1503 5821 1628 5904 jam
1655 5821 1722 5877 ea
1751 5839 1866 5903 quo

204 5893 581 5968 Langobardi
610 5894 672 5949 in
706 5893 933 5949 Italiam
962 5897 1241 5948 venerant
1279 5909 1471 5948 annus
1502 5894 1866 5966 septuagesi-

894 341 1266 405 HISTORIA
1308 344 1411 406 DE
1453 343 1661 408 VITIS
1702 345 1894 410 “OM.
1938 346 2170 412 PONT.
2205 373 2283 397 ιι-
2312 352 2377 415 S.
2423 353 2893 417 DEUSDEDIT.

591 474 729 550 uda,
754 479 814 532 et
843 476 1085 549 antiquo
1129 478 1263 532 testi
1296 482 1352 532 et
1382 480 1646 549 ejusdem
1677 480 1833 534 ordi-
1865 484 1917 550 Α
1951 491 2084 539 mus
2114 485 2420 550 septimus,
2448 487 2600 541 sicut
2631 488 2783 542 idem
2809 493 2905 542 rex
2935 488 2995 543 in
3028 489 3119 544 sui
3151 489 3323 545 edicti
3357 495 3602 549 testatus

3481 355 3602 422 600

1947 560 2036 611 est
2066 558 2323 630 prologo.
2358 559 2557 613 Exstat
2587 559 2714 631 ipso
2743 558 2910 615 initio
2953 565 3171 633 Legum
3204 562 3604 637 Langobardi-

1944 644 2147 683 carum
2159 671 2171 683 .
2200 651 2226 678 ι)

2470 737 2648 794 BINII
2689 754 2755 794 ET
2794 738 3072 796 LABBEI.

2012 842 2192 917 Linea
2226 843 2275 917 1.
2302 873 2372 884 --
2394 844 2703 917 Deusdedit.
2735 846 2878 900 Cum
2926 850 3059 917 post
3104 846 3330 902 obitum
3361 849 3599 905 Bonifa-

1938 913 2008 996 cii
2048 915 2320 1000 “(sedes
2351 916 2673 1000 apostolica
2703 913 3008 1000 mensi‘bjus
3031 918 3600 1000 quinqueetduode-

1937 985 2052 1040 cim
2085 986 2295 1061 diebus
2325 985 2606 1061 vacasset,
2635 988 2968 1054 Deusdedit,
2999 985 3249 1061 egregiis
3280 991 3598 1048 virtutibus

1935 1061 1992 1111 et
2012 1058 2320 1130 sanctitate
2343 1060 2716 1130 conspicuus,
2733 1065 2962 1114 creatus
2981 1058 3069 1114 est
3092 1058 3368 1130 pontifex.
3388 1063 3468 1117 De
3491 1064 3599 1118 hoc

1936 1127 2169 1199 publice
2200 1127 2559 1184 cantatur'in
2604 1130 2860 1185 Ecclesia
2889 1133 2923 1184 8
2954 1131 3046 1186 die
3078 1127 3420 1188 Novembris
3459 1150 3596 1190 eum

1935 1199 2082 1275 tanti
2115 1200 2305 1254 meriti
2339 1201 2634 1275 exstitisse
2663 1202 2817 1272 quod
2861 1218 2995 1275 cum
3022 1203 3287 1275 visitaret
3325 1210 3592 1275 aagrotos,

1931 1269 2436 1396 lepinp'siumtunum
2457 1273 2654 1328 osculo
2679 1269 2969 1328 sanaverit
2991 1278 3049 1328 et
3070 1291 3104 1329 a
3125 1273 3287 1346 lepra
3305 1269 3596 1332 mundum

1933 1359 1994 1396 re
2083 1360 2097 1395 ι
2144 1359 2222 1396 eri
2261 1386 2272 1396 .

1933 1348 2272 1398 reddiderit.

2007 1414 2184 1468 Linea
2217 1416 2265 1468 1.
2286 1443 2351 1453 —-
2370 1414 2522 1469 Sedit
2549 1432 2721 1470 annos
2753 1423 2878 1482 tres,
2913 1414 3029 1471 dies
3055 1416 3145 1470 24.
3171 1415 3353 1471 Annis
3401 1416 3595 1472 tribus

1935 1483 2134 1556 minus
2162 1485 2422 1556 quinque
2443 1487 2672 1542 diebus.
2701 1487 2916 1542 Octava
2935 1487 3092 1541 enim
3124 1487 3216 1541 die
3246 1487 3588 1544 Novembris

1933 1555 2117 1625 huius
2146 1555 2547 1612 anniversaria
2594 1558 2877 1613 memoria
2906 1558 2964 1613 in
2998 1557 3252 1613 Ecclesia
3297 1558 3591 1626 recolitur,

1935 1627 2198 1698 adeoque
2219 1627 2385 1702 facta
2415 1629 2850 1700 computatione
2881 1630 2954 1684 ab
2985 1629 3253 1701 ingressu
3284 1629 3595 1702 pontiﬁca-

1934 1699 2358 1772 tus,_praedicto
2388 1699 2650 1772 tempore
2679 1701 2904 1756 sedisse
2934 1699 3240 1772 reperitur.

2011 1770 2182 1824 Linea
2211 1771 2264 1826 9.
2300 1801 2367 1812 --
2397 1770 2563 1840 Roga.
2597 1773 2699 1828 Est
2741 1770 3116 1840 donatio,_sic
3163 1773 3319 1828 dicta
3357 1773 3429 1828 ab
3462 1789 3592 1828 ero-

1858 1859 1904 1922 B
1937 1842 2148 1914 gando.

2650 1948 2886 2006 CENNI.

2435 2035 2596 2075 ΝΟΤεΒ
2633 2035 2702 2076 CH
2711 2033 3099 2077 RONOLOGICE.

2013 2125 2358 2194 Quanquam
2388 2122 2608 2194 vulgati
2650 2125 2945 2180 Anastasii
2974 2126 3145 2181 codd.
3179 2125 3403 2181 nullam
3434 2125 3593 2182 sedis

1939 2195 2302 2250 vacationem
2332 2195 2628 2260 exhibent,
2651 2198 2804 2267 quod
2837 2202 2895 2252 et
2924 2197 3062 2252 facit
3090 2197 3259 2253 catal.
3290 2197 3590 2263 Lucensis,

1983 2267 2170 2320 rimus
2199 2271 2396 2321 tamen
2427 2267 2816 2322 Freberianus
2862 2267 3041 2323 habet
3088 2283 3320 2324 menses
3346 2270 3401 2332 6,
3431 2269 3490 2323 d.
3521 2270 3591 2335 5;

1983 2283 2170 2320 rimus
2199 2283 2396 2321 tamen
2427 2283 2816 2322 r‘renerlanus
2863 2283 3041 2323 habet
3088 2283 3320 2324 menses
3346 2283 3401 2332 ο,
3431 2283 3490 2323 α.
3521 2283 3591 2335 a;

1942 2283 2224 2422 Ei‘huanus
2239 2337 2387 2392 alter
2404 2355 2592 2393 mens.
2605 2341 2658 2422 6,
2749 2341 2838 2405 25,
2853 2339 3094 2422 quicum
3113 2340 3595 2422 membranaoeus

1944 2408 2364 2483 Ambrosianus
2420 2410 2713 2464 consentit
2771 2408 3084 2483 regiusqne
3142 2411 3495 2483 Mazarinus,
3541 2413 3599 2465 et

1943 2479 2228 2534 Thuanus
2257 2480 2486 2551 primus
2507 2497 2575 2536 ac
2608 2479 2904 2537 secundus
2929 2479 3354 2538 Ambrosianus
3384 2481 3600 2537 habent

1946 2553 2261 2625 menses],
2285 2552 2776 2625 d.725.AFarfensis
2809 2554 3047 2608 demum
3089 2553 3390 2625 catalogus
3419 2554 3598 2608 inter-

1945 2621 2310 2695 pontificium
2338 2623 2575 2696 indicat
2620 2624 2762 2680 dier.
2798 2626 2884 2689 13,
2916 2631 3036 2680 tam
3070 2631 3202 2696 post
3236 2621 3501 2696 Bonifac.
3527 2625 3598 2696 ιν

1946 2710 2123 2764 quam
2159 2699 2290 2765 post
2318 2695 2466 2749 duos
2514 2712 2882 2750 successores
2930 2695 3250 2751 DeuSdedit
3280 2702 3336 2751 et
3368 2695 3598 2750 Bonifa-

1946 2765 2124 2838 cium,
2152 2765 2366 2838 ubique
2399 2782 2701 2838 perperam
2735 2768 3014 2838 gravique
3043 2784 3177 2822 cum
3209 2766 3596 2838 chronologiaa

1947 2783 2124 2828 cium,
2152 2783 2366 2837 umque
2399 2783 2701 2890 perperam
2735 2783 3014 2838 gravnque
3043 2784 3177 2822 cum
3209 2783 3596 2838 cnronomglaa

1947 2835 2401 2917 detrimeeto.Nu
2420 2837 2553 2919 ‘lum
2574 2838 2914 2919 profectoex
2925 2837 3118 2919 allatis
3133 2837 3600 2919 inter-pontificiis

1947 2923 2148 2962 verum
2166 2924 2293 2980 esse
2311 2908 2607 2980 evidenter
2620 2913 2878 2980 constat;
2897 2908 3458 2980 undecunque’enim
3476 2908 3602 2980 dies

1948 2978 2279 3032 enumerari
2307 2977 2594 3048 incipiant
2617 2978 2702 3033 vel
2733 2980 2805 3033 ab
2836 2979 3166 3044 emortuali,
3187 2977 3276 3033 vel
3307 2997 3342 3033 a
3370 2977 3600 3049 deposi-g

1949 3049 2125 3130 tionis
2155 3050 2274 3129 die,
2297 3047 2752 3130 inDominicarn
2785 3066 3088 3130 nunquam
3119 3047 3461 3130 offenditur,
3485 3047 3600 3130 nisi

1950 3125 2184 3200 tempus
2231 3120 2461 3200 ineatur
2491 3137 2525 3174 a
2565 3120 2658 3175 die
2707 3119 3088 3200 depositionis
3134 3119 3603 3200 in‘Vaticanqc25

1953 3190 2278 3263 Maii,quod
2297 3191 2543 3263 quidem
2575 3207 2726 3262 saepe
2754 3191 2973 3246 factum
3004 3191 3299 3263 invenitur
3325 3195 3459 3263 post
3489 3190 3602 3245 Ho-

1952 3261 2206 3328 norium,
2231 3261 2442 3316 minori
2463 3261 2818 3317 tamencum
2841 3261 3179 3318 discrimine
3199 3279 3234 3318 a
3253 3261 3348 3318 die
3366 3262 3599 3318 obitus:

1952 3341 2336 3405 praeterquam
2350 3334 2504 3405 quod
2529 3337 2686 3388 certa
2710 3333 2834 3388 dies
2856 3333 3062 3389 mortis
3085 3338 3142 3388 et
3161 3333 3321 3389 sedis
3343 3334 3403 3389 S.
3426 3333 3604 3388 Deus-

1951 3404 2113 3477 dedit
2141 3404 2432 3477 removeri
2450 3421 2566 3477 non
2599 3410 2864 3477 possunt,
2893 3422 2959 3477 ac
2985 3405 3231 3477 proinde
3255 3409 3358 3477 aut
3385 3420 3601 3477 novum

1954 3476 2086 3531 cudi
2123 3473 2640 3547 interpontiﬁcium
2671 3482 2773 3530 aut
2793 3473 3040 3532 divinari
3062 3480 3308 3547 oportet.
3331 3475 3412 3547 Ad
3431 3473 3603 3547 sedis

1954 3551 2189 3618 tempus
2217 3545 2371 3618 quod
2405 3547 2632 3611 attinet,
2652 3551 2774 3602 tam
2795 3548 2964 3619 codd.
2989 3545 3165 3619 quam
3197 3545 3445 3619 catalogi
3474 3562 3603 3619 eam

1954 3617 2251 3673 deﬁniunt
2292 3634 2578 3673 annorum
2630 3619 2808 3672 trium
2858 3617 3203 3674 dierumque
3249 3619 3320 3672 23
3368 3617 3470 3672 a'ut
3510 3617 3601 3671 24.

1953 3689 2063 3744 Alii
2096 3695 2292 3762 autem
2337 3693 2477 3762 sunt
2523 3689 2884 3762 catalogi,_ut
2911 3692 2947 3762 5
2976 3685 3224 3762 catalogi
3252 3691 3385 3762 Ant.
3421 3685 3600 3762 Pagii,

1957 3765 2156 3816 noster
2178 3760 2580 3815 Blanchinian.
2603 3759 2774 3815 antea
2795 3760 3073 3826 ineditus,
3095 3765 3154 3815 et
3173 3759 3469 3815 aecuudu's
3490 3759 3608 3813 Ma-

1955 3831 2204 3900 biilonii,
2229 3830 2326 3903 qui
2378 3831 2596 3904 habent
2638 3849 2734 3904 an.
2768 3833 2821 3896 3,
2845 3833 2902 3887 d.
2925 3835 3016 3899 20,
3042 3847 3315 3904 quorum_
3344 3829 3603 3904 opinioni

1956 3902 2353 3981 suffragantus
2376 3903 2609 3981 Martia.
2636 3903 2907 3981 Polonus,
2930 3902 3134 3959 auctor
3157 3902 3603 3981 Fascic.’Teﬂmp.

1955 3979 2013 4030 et
2053 3973 2351 4046 Gotfridus
2378 3973 2777 4046 Viterbiensis,
2803 3975 2906 4044 qui
2955 3991 3257 4046 perperam
3301 3989 3437 4046 eum
3470 3973 3609 4028 facit

1957 4044 2239 4125 aequalem
2256 4045 2335 4125 im
2345 4045 2485 4125 perii
2501 4044 3307 4125 Phocaeﬂorumauctonitate
3320 4044 3609 4125 inhanens

1958 4115 2360 4172 ab’emortuali
2385 4116 2498 4180 die,
2529 4133 2633 4172 seu
2664 4115 3044 4180 depositionis
3064 4117 3098 4172 8
3119 4115 3460 4171 Novembris
3479 4115 3604 4178 618,

1957 4193 2113 4244 retro
2144 4188 2216 4242 ab
2249 4205 2316 4242 eo
2350 4204 2534 4242 annos
2566 4193 2684 4243 tres
2717 4184 2840 4242 dies
2869 4189 2959 4256 20,
2984 4187 3257 4257 diemque
3281 4184 3511 4241 invenio
3544 4184 3611 4239 19

1959 4257 2224 4315 Octobris
2268 4257 2406 4330 anni
2435 4259 2562 4330 615,
2597 4257 2788 4313 littera
2836 4258 2910 4330 F.
2933 4261 3335 4330 praenotatam,
3369 4273 3509 4330 qua}
3543 4271 3611 4310 eo

1959 4347 2112 4385 anno
2142 4346 2274 4384 cum
2307 4328 2610 4400 Dominica
2649 4326 2971 4397 concurrit;
3017 4345 3198 4400 quare
3226 4329 3426 4400 videor
3455 4326 3611 4400 diem

1959 4401 2149 4472 ipsam
2182 4399 2565 4456 ordinationis
2589 4404 2816 4467 nactus,
2832 4417 3009 4471 quam
3032 4398 3209 4455 etiam
3232 4398 3443 4525 Pafius
3463 4398 3616 4469 ejus-

1960 4472 2118 4525 modi
2151 4488 2277 4525 esse
2307 4471 2593 4525 cognovit.
2620 4472 2964 4525 Rursusoue
2986 4473 3059 4525 ab
3089 4471 3198 4525 hac
3229 4488 3294 4525 or
3337 4467 3614 4525 inationis

1960 4470 2118 4526 modi
2151 4488 2277 4526 esse
2307 4471 2593 4542 cognovit.
2620 4470 2964 4542 Rursusque
2986 4473 3059 4527 ab
3089 4471 3198 4526 hac
3229 4470 3614 4542 ordinationis

1965 4543 2060 4599 die
2089 4543 2162 4598 ad
2195 4539 2470 4597 Bonifaicii
2513 4542 2583 4597 1V
2613 4539 2998 4598 emortualem
3038 4543 3362 4598 ascendens
3388 4544 3423 4595 7
3453 4539 3611 4605 Maii,

1965 4631 2210 4670 numero
2239 4630 2473 4684 menses
2503 4613 2784 4684 quinque,
2814 4614 2939 4669 dies
2971 4615 3056 4679 13,
3087 4631 3205 4669 non
3239 4616 3324 4682 12,
3347 4617 3411 4667 ut
3440 4611 3618 4684 habet

1965 4685 2199 4762 Pagius,
2224 4683 2337 4762 ipsi
2357 4680 2813 4762 enim—obitaalis
2836 4680 3616 4762 includitunSic'Farfensis

1964 4755 2263 4828 catalogus
2284 4755 2506 4828 habens
2539 4756 2664 4828 dies
2687 4756 2972 4828 13rminus
3001 4759 3400 4828 peccatgquam
3424 4755 3615 4808 caeteri

1963 4825 2210 4899 catalogi
2235 4831 2292 4899 et
2311 4827 2559 4899 codices.
2575 4825 2869 4899 inquibus
2891 4825 3433 4899 proprioiarbitratu
3455 4839 3620 4899 exeo.

1965 4893 2214 4971 gitatuin
2239 4893 3100 4974 interpontiﬁciuminvenit—ur.
3126 4895 3322 4974 Mirari
3340 4895 3449 4974 .hic
3472 4893 3617 4974 satis

1965 4965 2082 5026 non
2105 4985 2346 5041 possum
2368 4965 2630 5041 Garnerii
2653 4968 3054 5041 supinitatem,
3069 4967 3170 5041 qui
3193 4965 3616 5041 sui_s_in_eru_di-

1965 4987 2082 5026 non
2145 4987 2346 5026 ossum
2368 4987 2627 5025 uarneru
2653 4987 3317 5041 sup1mtatem,qmsu1s
3337 4987 3398 5020 ιιι
3426 4987 3616 5020 erum-

1965 5041 2044 5121 tis
2069 4987 2140 5121 ag
2165 5040 2453 5096 Diurnum
2475 5040 2820 5121 pontificum
2851 5039 3024 5121 notis,
3049 5035 3371 5121 primordia
3393 5035 3619 5121 Boni‘fn-

1965 5112 2038 5168 cii
2071 5111 2140 5176 V,
2163 5108 2522 5168 successoris
2544 5112 2602 5167 S.
2627 5111 2964 5168 Deusdedit.
2990 5108 3296 5166 constituit
3316 5123 3469 5164 anno
3487 5108 3617 5171 617,

1968 5200 2034 5239 ac
2057 5182 2298 5254 proinde
2327 5183 2557 5239 decreto
2587 5181 2888 5239 electionis
2919 5179 3210 5254 pontiﬁcis
3231 5178 3501 5251 adjungit
3528 5176 3618 5254 in-

1969 5249 2106 5310 dict.
2129 5272 2185 5319 v,
2211 5270 2338 5325 quas
2363 5254 2549 5310 eidem
2573 5271 2725 5309 anno
2754 5258 2884 5325 post
2904 5249 3616 5325 Septembrem—convenit,

1969 5343 2034 5382 ac
2055 5321 2364 5381 Novembri
2386 5341 2587 5402 mense
2605 5326 2666 5402 ἓ.
2683 5321 3002 5402 Deusdedit
3019 5340 3146 5402 esse
3160 5321 3617 5402 mortuumfate:

1969 5403 2066 5452 tur
2087 5413 2221 5452 cum
2245 5396 2570 5452 Anastasio.
2588 5398 2660 5451 At
2681 5400 2840 5450 totus
2861 5394 2921 5449 in
2951 5395 3288 5465 conjectura
3317 5397 3384 5448 ut
3413 5392 3620 5465 Diurni

1971 5468 2328 5545 collectionis
2350 5472 2576 5545 aetatem
2594 5467 2852 5545 deﬁniat,
2873 5483 2988 5545 non
3010 5463 3152 5545 legit
3172 5466 3328 5545 apud
3349 5463 3622 5545 eumdem

1971 5539 2350 5595 Anastasium
2389 5539 2780 5595 certissimam
2813 5542 3009 5592 notam
3059 5536 3246 5592 aetatis
3291 5536 3622 5608 pontificis;

1973 5628 2110 5666 nam
2143 5611 2224 5666 ait
2252 5614 2645 5666 terraemotum
2677 5609 2976 5681 ingentem
3010 5607 3440 5681 secutum’esse
3471 5607 3628 5681 (ante

1974 5683 2198 5737 obitum
2233 5681 2548 5752 pontiﬁcis)
2578 5677 2838 5749 Auguato
2871 5696 3093 5752 mense,
3114 5678 3332 5752 indict.
3366 5696 3444 5744 vx,
3469 5677 3627 5750 quod

1975 5753 2146 5809 etiam
2167 5750 2422 5807 Joannes
2440 5752 2732 5806 Diaconus
2750 5753 3007 5806 afﬁrmat
3026 5751 3085 5805 in
3099 5750 3403 5818 Chronico,
3421 5764 3630 5820 nempe

1976 5842 2129 5880 anno
2151 5827 2274 5888 618,
2291 5840 2464 5894 quem
2491 5824 2601 5878 fuit
2623 5823 3332 5894 consecutusscabierum
3366 5822 3627 5894 morbus,

1980 5913 2082 5952 seu
2109 5895 2234 5950 lues
2256 5894 2498 5966 clephan
2509 5895 2874 5961 tiaca.Quare
2897 5895 2956 5950 S.
2977 5893 3297 5951 Deusdedit
3315 5893 3512 5950 obitus
3536 5905 3628 5946 ne-
