3934 6422
320 322 438 387 699
1472 326 1893 389 ANASTASII
1936 325 2599 390 BIBLIOTHECARII.
3633 323 3762 388 700

324 460 743 533 ccemeterium,
779 459 935 531 quod
967 476 1080 533 non
1127 458 1219 515 via
1263 458 1596 533 Ardeatino,
1632 463 1696 533 ut
1719 458 1980 533 Ascripsit
2009 467 2063 533 Α
2090 475 2190 514 eas
2209 459 2269 533 in
2285 458 2550 533 Angliam
2571 457 2798 533 litteras
2818 455 3760 533 misitBonifaciusdiusuperstea

324 532 664 608 Onupbrius
777 527 1243 608 cmmeteriorum
1267 529 1560 604 Catalogo,
1583 527 1695 608 sed
1719 527 1979 608 Nunfen-
2009 527 2063 533 ’“
2089 548 2206 608 non
2239 527 2807 608 fuitiieodem‘enim
2840 545 2994 608 anno
3026 528 3450 608 segcentesimo
3471 527 3759 586 vicesimo

324 600 476 662 tana'
499 621 678 678 prope
709 603 880 686 Urbis
929 603 1146 658 mmnia
1184 603 1373 685 situm
1425 600 1554 684 esse
1586 603 1738 685 inter
1785 604 1979 685 Romae
2090 602 2319 728 guinto,
2348 602 2442 684 die
2471 601 2750 659 vicesima
2779 601 3041 658 secunda
3080 600 3368 682 octobris,
3403 617 3760 672 supremum

325 679 716 728 subterraneae
747 679 1061 728 scriptores
1086 679 1230 728 satis
1250 676 1776 728 convemt.lb1dem
1803 679 1979 728 etiam
2134 690 2248 728 lem
2280 674 2443 728 obut.
2477 677 2552 728 et.
2584 679 2648 728 ut
2667 673 2844 728 habet
2869 675 3240 728 Anastasms.
3270 673 3518 728 sepultus
3555 680 3634 728 est
3682 671 3760 728 ad

325 671 716 756 subterraneae
747 675 1061 756 scriptores
1081 674 1230 756 satis
1250 675 1536 756 convenit.
1557 674 1777 756 Ibidem
1793 673 1979 756 etiam
2090 671 2248 756 diem
2276 673 2443 756 obiit,
2477 677 2552 742 et,
2583 679 2648 756 ut
2667 673 2844 756 habet
2869 671 3518 756 Anastasiustsepultds
3555 680 3643 756 esi

325 754 450 805 erat
481 748 725 804 ecclesia
747 742 1174 814 S.Nicomedis,
1203 763 1380 818 quam
1400 751 1686 818 vetustate
1709 745 1981 801 fatiscen-
2093 747 2153 800 Β.
2188 751 2414 800 Petrum
2443 746 2742 818 apostolum
2769 744 2858 800 die
2888 746 3146 818 vicesimo,
3169 742 3360 816 quinto
3389 745 3590 818 mensis
3605 742 3763 801 Octo-

325 825 443 877 tem
466 820 757 876 Adrianus
788 818 831 884 I,
864 823 930 873 ut
961 818 1134 873 refert
1160 815 1505 873 Anastasius
1536 817 1707 883 infra,
1741 833 1980 873 renova-
2093 815 2547 889 brigpﬁostqua‘m
2572 817 2828 889 sedisset
2848 832 3020 889 annos
3051 815 3529 889 quicquam”
3548 815 3762 889 decem,

326 893 428 947 vit.
458 891 568 948 Sed
600 895 934 962 temporum
965 889 1292 962 injuriaita
1323 889 1446 962 solo
1495 893 1725 962 aequata
1773 893 1882 959 est,
1917 893 1984 962 u_t
2093 892 2157 943 ut
2188 886 2735 962 baibent‘Gotfridus
2765 886 3151 962 Viterbiensis
3181 886 3242 942 in
3265 886 3576 962 Qbronico,
3600 887 3772 962 Luit-

328 967 528 1019 nostra
557 956 844 1018 aetate'vix
865 956 1161 1032 parietinae
1192 959 1350 1033 illius
1382 961 1502 1015 sint
1523 956 1874 1033 conspicuae;
1896 960 1981 1014 Ad
2091 961 2373 1032 prandus,
2403 959 2715 1033 Catalogus
2745 956 3546 1033 nominumapostolicorum,
3574 958 3770 1033 codex

330 1034 730 1092 cmmeterium
780 1029 910 1087 vero
961 1033 1128 1104 quod
1147 1031 1377 1104 attinet,
1409 1049 1542 1086 cum
1581 1029 1715 1104 ante
1747 1030 1985 1104 Bosium
2092 1029 2931 1104 ips.Anastasiicolbertinus
2953 1035 3012 1085 et
3061 1029 3316 1104 quatuor
3353 1046 3422 1085 ex
3471 1029 3769 1104 catalogis

329 1111 484 1183 esset
524 1106 824 1183 ignotum,
845 1101 1054 1183 Posi'us
1095 1102 1242 1183 illud
1288 1104 1548 1183 primum
1584 1103 1799 1158 detexit
1828 1119 1982 1183 anno
2093 1102 2316 1183 _Criticaa
2347 1102 2685 1183 Beronianze
2718 1101 3002 1183 praeditis;
3037 1101 3098 1157 et
3121 1101 3279 1183 quod
3304 1118 3428 1183 rem
3451 1105 3618 1183 extra
3643 1101 3767 1156 du-

331 1179 490 1242 1601,
523 1172 701 1249 p'rope
732 1174 902 1231 Urbis
935 1174 1150 1230 mmnia
1173 1175 1266 1230 via
1288 1172 1684 1242 Numentana,
1701 1191 1828 1230 com
1876 1174 1986 1229 lec-
2093 1173 2259 1228 bium
2333 1174 2474 1240 onit,
2504 1175 2632 1230 e'us
2655 1172 2812 1246 epita
2855 1172 3022 1228 bium
3055 1190 3090 1229 a
3121 1172 3363 1229 Baronio
3419 1173 3769 1240 recitatum,

331 1248 589 1301 tituraue
618 1253 737 1301 tres
769 1250 871 1301 aut
901 1252 1152 1301 quatuor
1179 1247 1406 1301 viarum
1439 1247 1680 1301 semitas
1709 1191 1983 1301 totid)em-
2094 1246 2251 1301 auod
2280 1191 2637 1301 guobus‘lbis
2667 1191 2936 1301 versibus
2967 1243 3284 1301 clauditur.

329 1243 595 1328 titurque.
618 1243 737 1328 {res
769 1250 871 1302 aut
901 1252 1152 1320 quatuor
1179 1247 1406 1303 viarum
1439 1247 1680 1302 semitas
1709 1243 1983 1303 totidem-
2094 1246 2251 1317 quod
2280 1243 2512 1302 duobus
2534 1243 2637 1301 bis
2667 1243 2936 1301 versibus
2967 1243 3284 1301 clauditur.

332 1335 443 1392 qua
465 1317 756 1375 cumcum.
1061 1425 1246 1481 PAG“
2095 1385 2312 1498 Cumaea
2336 1386 2692 1459 apostolicum
2721 1386 2962 1460 quinque
3011 1390 3064 1436 et
3092 1385 3176 1436 his
3200 1386 3506 1459 mensibus,
3538 1386 3696 1437 annis

1254 1468 1267 1481 -
2267 1453 2373 1499 exit
2397 1452 2449 1498 et
2477 1448 2544 1499 ad
2573 1463 2755 1515 magni
2785 1449 2997 1500 culmen
3018 1448 3242 1500 honoris
3271 1450 3403 1500 abit.

411 1533 591 1590 Linea
622 1533 708 1588 12.
739 1563 810 1574 --
837 1531 943 1602 Qui
967 1532 1252 1604 defunctus
1280 1533 1523 1605 sepultus
1551 1540 1648 1589 est.
1667 1532 1985 1604 Postquam

1665 1823 1927 1893 LXXII.
1981 1822 2437 1894 HONOBIUS.

1492 1990 1658 2036 ANNO
1701 1989 1939 2036 cnnls'ri
1982 1974 2122 2046 626,
2169 1989 2455 2034 nauem
2501 1975 2598 2034 l7.

585 2269 749 2322 “9
818 2261 1136 2324 Honorius
1205 2263 1464 2324 natione
1535 2264 1913 2344 Campanus,
1989 2281 2066 2326 ex
2139 2268 2317 2342 patre
2399 2259 2695 2324 Petronio
2779 2259 3059 2334 consule,
3134 2258 3296 2320 sedit
3377 2277 3581 2320 annos
3664 2259 3780 2330 12,

503 2386 748 2429 menses
807 2370 908 2442 11,
955 2369 1089 2430 dies
1153 2371 1227 2430 11
1290 2370 1397 2451 (a).
1447 2371 1558 2432 Hic
1622 2371 2014 2452 temporibus
2070 2370 2197 2432 suis
2259 2371 2460 2431 multa
2529 2368 2700 2430 bona
2761 2368 2929 2429 fecit.
2996 2367 3109 2429 Hic
3169 2366 3440 2428 erudivit
3501 2365 3785 2428 clerum.

502 2475 922 2554 Temporibus
963 2477 1092 2536 suis
1135 2479 1465 2539 renovavit
1506 2498 1759 2540 omnem
1804 2478 2108 2540 familiam
2152 2477 2322 2539 beati
2363 2476 2536 2538 Petri
2578 2473 2850 2555 apostoli
2895 2473 2998 2554 (ὁ),
3049 2479 3112 2534 et
3154 2473 3473 2534 investivit
3513 2473 3787 2534 confes-

504 2582 747 2642 sionem
792 2581 959 2643 beati
1002 2583 1172 2645 Petri
1214 2603 1290 2645 ex
1335 2591 1599 2664 argento
1645 2605 1827 2666 puro,
1875 2586 2045 2666 quod
2090 2590 2315 2665 pensat
2374 2584 2566 2644 libras
2627 2586 2881 2643 centum
2944 2578 3311 2658 octuaginta
3372 2583 3435 2638 et
3491 2585 3779 2659 septem.

345 2749 348 2753 _
425 2689 462 2747 5
507 2688 831 2750 lnvestivit
862 2690 1064 2769 regias
1099 2689 1335 2769 januas
1378 2692 1443 2752 in
1488 2693 1773 2772 ingressu
1819 2692 2096 2753 ecclesiae
2157 2690 2451 2770 majores,
2499 2707 2641 2768 quas
2703 2686 3108 2767 appellantur
3170 2684 3483 2746 medianae
3537 2703 3615 2746 ex
3660 2704 3782 2746 ar-

507 2799 723 2874 gento,
770 2814 912 2876 quae
974 2804 1246 2877 pensant
1307 2798 1501 2860 libras
1563 2799 1986 2878 noningentas
2048 2797 2452 2879 septuaginta
2524 2794 2825 2874 quinque,
2876 2791 3024 2854 fecit
3082 2797 3146 2853 et
3206 2797 3553 2853 cerostatas
3628 2810 3783 2853 ma-

500 2901 675 2982 jores
717 2901 796 2984 (c)
837 2921 913 2964 ex
957 2911 1222 2984 argento
1255 2906 1433 2986 paria
1474 2907 1621 2981 duo,
1671 2926 1814 2987 quae
1858 2912 2007 2968 sunt
2048 2912 2194 2967 ante
2236 2921 2464 2983 corpus
2505 2900 2676 2963 beati
2716 2899 2888 2962 Petri
2930 2899 3224 2981 apostoli,
3272 2917 3537 2979 pensan.
3600 2898 3787 2979 sing.

508 3009 702 3071 libras
770 3012 911 3071 272.
960 3012 1128 3074 Fecit
1199 3019 1262 3074 et
1331 3014 1410 3074 ad
1480 3015 1739 3076 beatum
1810 3014 2127 3076 Andream
2193 3009 2575 3092 apostolum,
2623 3007 2732 3069 ubi
2801 3025 3019 3088 supra,
3091 3011 3238 3068 ante
3309 3005 3785 3069 confessionem

511 3114 772 3177 tabulas.
821 3136 899 3179 ex
959 3126 1248 3198 argento,
1297 3139 1440 3202 quae
1483 3140 1662 3202 pens.
1732 3122 1876 3182 libr.
1923 3118 2328 3200 septuaginta
2391 3122 2537 3178 tres.
2613 3115 2817 3194 Hujus
2879 3113 3271 3195 temporibus
3331 3113 3557 3175 levatae
3621 3118 3791 3174 sunt

393 3221 470 3282 10
512 3223 722 3285 trabes
798 3225 864 3285 in
930 3226 1194 3288 ecclesia
1266 3227 1435 3290 beati
1509 3229 1676 3290 Petri
1745 3227 2015 3310 apostoli
2086 3243 2350 3286 numero
2421 3222 2760 3285 sexdecim.
2834 3221 2948 3284 Hic
3031 3219 3355 3302 cooperuit
3441 3219 3787 3282 ecclesiam

509 3349 763 3393 omnem
834 3352 909 3394 ex
981 3333 1216 3396 tabulis
1257 3334 1344 3416 (d)
1391 3336 1592 3410 aereis,
1641 3355 1799 3416 quas
1869 3333 2103 3396 levavit
2170 3333 2249 3393 de
2319 3329 2584 3412 templo,
2631 3329 2801 3411 quod
2882 3329 3246 3410 appellatur
3317 3329 3532 3390 Romae
3572 3325 3647 3407 (e)
3697 3345 3790 3390 ex

517 3456 824 3500 consensu
871 3441 1134 3520 piissimi
1176 3442 1461 3503 Heraclei
1518 3442 1938 3522 imperatoris.
2005 3441 2242 3502 Eodem
2303 3444 2590 3519 tempore
2650 3436 2800 3498 fecit
2860 3436 3189 3498 ecclesiam
3250 3435 3454 3497 beata:
3515 3434 3792 3514 Agnetis

518 3547 813 3626 martyris
885 3548 1176 3609 milliario
1249 3549 1327 3610 ab
1401 3550 1553 3611 urbe
1627 3553 1826 3610 Roma
1894 3547 2104 3620 tertio,
2176 3546 2281 3607 via
2365 3548 2787 3618 Numentana,
2865 3563 2904 3604 a
2972 3544 3130 3618 solo,
3221 3542 3331 3604 ubi
3415 3541 3787 3622 requiescit,

514 3671 704 3732 quam
777 3655 1056 3735 undique
1126 3656 1376 3716 ornavit
1445 3662 1508 3716 et
1577 3655 1930 3735 exquisivit,
2009 3654 2118 3714 ubi
2188 3653 2397 3734 posuit
2467 3652 2666 3712 multa
2729 3652 2920 3713 dona.
2997 3650 3261 3714 Ornavit
3304 3655 3516 3711 autem
3561 3649 3792 3730 sepul-

399 3761 473 3820 15
517 3779 690 3822 crum
737 3761 874 3840 ejus
917 3781 993 3822 ex
1037 3770 1326 3842 argento,
1373 3763 1543 3842 quod
1589 3781 1850 3843 pensan.
1898 3763 2092 3822 libras
2133 3763 2274 3824 252.
2321 3760 2537 3821 Posuit
2580 3765 2642 3820 et
2703 3759 2976 3839 desuper
3034 3758 3347 3819 ciburium
3412 3756 3486 3837 (Ι)
3542 3773 3789 3817 aereum

517 3867 890 3928 deauratum
965 3870 1140 3932 mirae
1212 3869 1689 3949 magnitudinis.
1765 3868 1934 3930 Fecit
2005 3873 2067 3928 et
2138 3867 2459 3930 Gabathos
2530 3885 2755 3928 aureos
2817 3872 3091 3947 quatuor
3134 3863 3241 3945 (g),
3291 3883 3554 3946 pensan.
3610 3862 3789 3943 sing.

522 3973 719 4037 libras
789 3977 1090 4056 singulas.
1167 3977 1339 4039 Fecit
1410 3977 1699 4038 absidam
1773 3976 2057 4056 ejusdem
2127 3974 2410 4037 baeilicae
2481 3993 2560 4036 ex
2631 3973 2878 4035 musibo
2947 3972 3059 4054 (Ιι),
3134 3972 3245 4033 ubi
3315 3972 3509 4036 etiam
3579 3971 3798 4036 multa.

518 4082 684 4144 bona
725 4082 800 4164 (τ’)
841 4084 1092 4146 obtulit.
1157 4085 1330 4146 Idem
1394 4084 1543 4147 fecit
1613 4084 1939 4146 basilicam
2016 4083 2188 4144 beati
2258 4081 2644 4161 Apollinaris
2715 4080 3010 4160 martyris
3080 4079 3145 4141 in
3216 4079 3375 4142 urbe
3447 4081 3672 4152 Roma,
3719 4079 3792 4140 in

520 4191 763 4272 porticu
809 4191 978 4254 beati
1021 4191 1192 4254 Petri
1234 4192 1525 4272 apostoli,
1575 4211 1718 4273 qua:
1762 4192 2120 4272 appellatur
2162 4190 2243 4250 ad
2288 4189 2570 4270 palmata
2612 4207 2650 4250 a
2692 4188 2852 4263 solo,
2901 4186 3008 4248 ubi
3051 4186 3225 4249 dona
3267 4185 3471 4248 multa
3513 4185 3794 4265 largitus

521 4304 614 4360 est
655 4298 757 4380 ω.

605 4413 770 4466 ηυ
811 4405 924 4466 Hic
993 4406 1141 4467 fecit
1210 4407 1621 4470 constitutum
1693 4407 1756 4468 in
1830 4404 2129 4478 Ecclesia,
2201 4409 2264 4465 et
2334 4401 2614 4464 decrevit
2681 4407 2751 4462 ut
2819 4419 2934 4482 per
2993 4419 3249 4462 omnem
3307 4399 3786 4462 hebdomadam

523 4512 802 4574 Sabbato
863 4515 964 4576 die
1026 4521 1210 4576 exeat
1264 4516 1513 4577 Litania
1571 4516 1652 4575 ad
1717 4515 1971 4574 beatum
2034 4511 2490 4591 Apollinarem,
2539 4516 2602 4570 et
2656 4508 2735 4570 ad
2800 4509 3055 4570 beatum
3127 4511 3382 4569 Petrum
3430 4506 3790 4588 apostolum

524 4639 666 4681 cum
738 4621 992 4701 hymnis
1062 4628 1123 4683 et
1191 4624 1450 4685 canticis
1522 4622 1794 4702 populus
1865 4620 2069 4680 omnis
2141 4636 2471 4680 occurrere
2541 4617 2796 4678 debeat.
2845 4617 3019 4678 Fecit
3087 4621 3151 4677 et
3211 4615 3538 4677 ecclesiam
3601 4614 3794 4675 beato

526 4729 784 4809 Cyriaco
831 4731 1093 4810 martyri
1137 4749 1173 4790 a
1216 4731 1349 4792 solo
1411 4730 1513 4790 via
1575 4727 1844 4790 Ostiensi
1918 4725 2212 4786 milliario
2283 4725 2576 4804 septimo,
2626 4723 2735 4784 ubi
2805 4728 2868 4785 et
2939 4723 3177 4785 donum
3251 4721 3506 4784 obtulit.
3549 4719 3792 4782 Eodem

447 4839 484 4897 5
527 4843 812 4918 tempore
856 4837 1003 4898 fecit
1045 4837 1374 4898 ecclesiam
1421 4837 1750 4897 beatorum
1796 4834 2145 4913 Martyrum
2207 4837 2484 4911 quatuor
2551 4833 3039 4903 Coronatorum,
3088 4848 3281 4909 quam
3327 4834 3392 4891 et
3451 4826 3794 4897 dedicavit,

527 4951 590 5006 et
631 4944 868 5006 donum
913 4943 1164 5005 obtulit.
1214 4944 1386 5004 Fecit
1444 4943 1772 5004 ecclesiam
1845 4942 2030 5003 beato
2075 4939 2375 5002 Severino
2421 4957 2460 4999 a
2518 4938 2653 5000 solo
2708 4936 2894 5018 juxta
2973 4937 3294 4998 civitatem
3353 4935 3786 5008 Tiburtinam,

531 5051 823 5113 milliario
895 5052 977 5112 ab
1051 5051 1207 5111 urbe
1277 5053 1564 5111 Romana
1636 5050 1952 5122 vicesimo,
2020 5066 2212 5129 quam
2284 5047 2417 5126 ipse
2487 5044 2828 5120 dedicavtt,
2898 5051 2956 5107 et
3029 5045 3200 5105 dona
3267 5043 3470 5104 multa
3537 5041 3794 5104 obtulit.

532 5158 879 5220 Renovavit
925 5164 986 5218 et
1028 5158 1455 5219 coemeterium
1505 5157 1837 5219 beatorum
1912 5161 2262 5236 martyrum
2332 5152 2683 5216 Marcellini
2741 5158 2802 5214 et
2861 5152 3054 5226 Petri,
3114 5152 3218 5213 via
3286 5149 3623 5214 Lavicana.
3673 5150 3796 5210 Eo-

447 5321 454 5328 .
532 5267 674 5326 dem
721 5271 1005 5346 tempore
1050 5267 1196 5328 fecit
1240 5265 1565 5328 basilicam
1596 5267 1782 5327 beato
1826 5263 2165 5326 Pancratio
2212 5260 2498 5340 martyri,
2549 5260 2652 5320 via
2711 5260 2990 5333 Aurelia,
3039 5258 3335 5321 milliario
3406 5255 3685 5318 secundo
3761 5270 3798 5313 a

416 5373 492 5433 10
534 5372 691 5444 solo,
739 5379 801 5432 et
843 5373 1096 5434 ornavit
1137 5374 1497 5454 sepulcrum
1543 5372 1679 5453 ejus
1724 5390 1800 5432 ex
1843 5377 2129 5450 argento,
2180 5369 2349 5448 quod
2394 5386 2660 5447 pensan.
2708 5367 2902 5428 libras
2962 5373 3215 5430 centum
3279 5363 3525 5445 viginti.
3572 5364 3652 5425 Et
3713 5357 3799 5423 ibi

533 5479 861 5540 constituit
904 5481 1072 5541 mola
1112 5481 1178 5540 in
1225 5499 1475 5540 murum
1521 5481 1584 5540 in
1631 5480 1768 5540 loco
1812 5477 2070 5556 Trajani
2117 5476 2304 5555 juxta
2367 5493 2618 5535 murum
2683 5475 2975 5554 civitatis,
3025 5481 3088 5536 et
3147 5475 3420 5536 formam
3481 5488 3626 5552 qua
3687 5469 3794 5530 de-

1569 5630 1818 5676 Νοτυιλε
1859 5628 2244 5674 HABGINALES
2287 5626 2607 5672 FABBOTTI.

451 5732 523 5812 (ᾳ)
553 5737 676 5832 Β
710 5737 906 5831 minus
935 5743 968 5796 3
996 5741 1132 5824 dieb
1234 5742 1353 5870 (ὁὲίθ
1387 5739 1692 5826 cimiliam.
1731 5743 1808 5823 0,.
1857 5739 2170 5824 cemiliam.
2205 5743 2269 5805 Β,
2303 5737 2602 5809 cymiliam
2650 5739 2734 5796 vel
2786 5737 3231 5824 supellectilem.
3337 5735 3406 5809 (ε)
3428 5737 3450 5759 ¹
3481 5731 3800 5828 cereostata

451 5805 760 5881 imm-mw)
833 5812 1064 5881 tegulis.
1144 5811 1212 5881 (ο)
1237 5816 1258 5837 '
1345 5813 1546 5870 omull.
1625 5814 1724 5881 (ιγ
1751 5812 2068 5870 Ciborium.
2148 5813 2264 5881 (g)*
2297 5810 2552 5869 Gabatas
2579 5811 2632 5867 3.
2710 5809 2790 5881 (h)
2815 5814 3108 5870 'muswo.
3185 5808 3487 5881 (z)'dona.
3563 5805 3630 5878 (j)
3688 5797 3800 5862 Pal‘

380 5797 800 5932 ggﬁiaéawr
833 5812 1064 5883 tegulis.
1144 5797 1546 5881 (ωιῇοωαιί.
1625 5797 2068 5884 (ηίαίὴοτίαω.
2148 5797 2267 5882 (gr'
2297 5797 2552 5869 ρῐὼαιειε
2579 5811 2632 5867 3.
2710 5797 3108 5884 (h)'inusivo.
3185 5797 3487 5881 (ι’)’ἆοὶιοη
3563 5797 3801 5878 (θ’)ῬαΙι
