3950 6400
152 382 240 440 2n
846 383 1252 440 SCHELESTR.
1293 383 1594 440 mssanr.
1640 383 1732 438 DE
1768 383 2000 453 ANTIQ.
2042 384 2211 440 nou.
2253 383 2451 440 rom.
2498 357 2841 441 CATALOG.

3460 384 3570 443 248

156 520 287 577 nam,
316 505 549 562 nomine
588 504 935 575 Priscillam,
963 512 1021 561 et
1048 505 1185 561 fecit
1210 506 1536 562 cmmeteria
1564 504 1657 559 via
1686 504 1797 559 Sa—
1819 500 1880 561 A
1909 504 2086 560 trium
2136 520 2557 575 successorum,
2591 507 2834 579 Eugenii
2886 509 2952 563 II.
2985 507 3277 563 Valentini
3326 513 3384 563 et
3419 506 3567 563 Gre-

157 596 303 663 laria,
344 600 400 650 et
430 607 505 648 xv
540 594 749 650 titulos
782 595 841 649 in
892 595 1033 650 urbe
1064 597 1238 652 Roma
1269 594 1597 664 constituit,
1628 593 1792 664 quasi

154 685 409 740 dioeceses
436 688 670 753 propter
695 683 1043 752 baptismum
1066 693 1121 739 et
1148 684 1542 754 paenitentiam
1574 681 1795 737 multo—

157 786 268 828 rum
294 773 393 843 qui
425 771 910 828 convertebantur
937 787 1005 827 ex
1049 773 1306 843 paganis.
1346 791 1371 822 »
1404 773 1473 827 Et
1499 779 1563 827 ut
1591 774 1795 825 caetera

156 862 420 927 omittam,
456 860 625 930 plura
653 860 725 915 de
754 861 985 915 Lucinae
1010 862 1178 916 domo
1225 860 1284 915 in
1321 860 1621 915 ecclesiam
1650 872 1797 913 con—

155 954 377 1019 secrata,
404 954 461 1003 et
494 962 592 1018 per
616 949 960 1005 Maxentium
998 950 1056 1004 in
1085 949 1377 1004 stabulum
1406 960 1699 1015 conversa,
1732 947 1793 1001 in

155 1036 267 1092 illis
292 1036 546 1091 Marcelli
568 1035 749 1105 Actis,
782 1051 909 1106 quae
937 1037 1327 1106 manuscripta
1346 1037 1662 1092 etiamnum
1688 1048 1796 1089 su-

154 1131 396 1194 persunt,
431 1124 823 1194 reperiuntur,
856 1125 998 1181 adeo
1028 1130 1093 1181 ut
1133 1138 1202 1179 ex
1249 1125 1342 1180 his
1383 1125 1466 1180 vel
1497 1122 1798 1180 similibus

152 1212 298 1269 Actis
319 1212 622 1283 desumpta
648 1226 775 1269 esse
804 1219 1043 1269 constet.

212 1300 263 1358 5.
302 1302 478 1357 Porro
503 1302 660 1357 sicut
687 1302 848 1357 Actis
886 1302 1225 1372 pontiﬁcum
1263 1317 1405 1359 usus
1444 1300 1558 1357 fuit
1594 1305 1798 1357 auctor

150 1390 291 1446 Libri
304 1389 663 1445 Pontiﬁcalis
685 1404 788 1460 pro
809 1391 961 1446 Vitis
987 1391 1222 1447 illorum
1244 1392 1345 1462 qui
1366 1391 1557 1446 tribus
1589 1390 1799 1459 primis

153 1478 370 1534 saeculis
412 1479 704 1544 vixerunt,
739 1480 820 1534 ita
867 1480 927 1534 in
971 1480 1101 1535 Vita
1134 1481 1318 1537 sancti
1348 1479 1621 1550 Sylvestri
1656 1493 1799 1534 usus

148 1567 363 1624 videtur
394 1568 549 1622 varis
583 1567 999 1624 donationibus
1040 1570 1155 1639 piis
1185 1575 1241 1625 et
1272 1569 1679 1624 instrumentis
1698 1582 1800 1623 ec-

149 1655 467 1722 clesiarum,
499 1670 628 1726 quae
660 1655 720 1711 in
746 1656 982 1711 archivo
1007 1658 1164 1713 sedis
1190 1657 1523 1727 apostolica:
1547 1669 1799 1711 asserva-

151 1743 324 1798 batur.
372 1743 716 1799 Additiones
761 1744 916 1799 enim
959 1744 1117 1800 Libri
1165 1745 1523 1801 Pontiﬁcalis
1568 1744 1802 1799 consis—

1908 594 2058 664 gorii
2091 597 2181 664 Ill,
2216 596 2377 651 Vitas
2418 595 2490 651 ab
2521 596 2863 651 auctoribus
2904 597 3181 652 Romanis
3209 597 3567 666 conscriptas

1906 695 2029 737 esse
2059 682 2213 737 circa
2251 684 2583 739 eorumdem
2619 684 2956 752 pontiﬁcum
3003 690 3280 754 tempora,
3317 691 3469 753 patet
3497 697 3566 739 ex

1908 783 2145 826 numero
2173 768 2226 825 7.
2257 771 2442 841 Sergii
2472 772 2516 826 II
2546 776 2603 826 et
2627 772 2834 827 Leonis
2870 773 2940 826 IV
2966 776 3123 842 gesta
3156 785 3267 826 non
3301 772 3467 827 modo
3496 771 3568 826 ah

1904 866 2139 916 auctore
2203 861 2458 917 Romano
2510 864 2566 916 et
2623 866 3121 930 contemporaneo,
3184 861 3278 916 sed
3354 874 3568 932 magna:

1903 948 2273 1003 auctoritatis
2302 949 2427 1004 viro
2470 953 2527 1004 et
2566 949 2795 1005 oculato
2839 954 2981 1004 teste
3025 947 3209 1003 fuisse
3251 950 3562 1019 descripta,

1906 1038 2356 1092 moustraVimus
2380 1050 2618 1092 numero
2639 1035 2693 1091 8.
2734 1038 2802 1091 Et
2823 1036 3085 1106 quamvis
3113 1036 3413 1107 ignoretur
3434 1038 3569 1106 quis

1905 1122 2195 1179 Benedicti
2216 1126 2287 1180 III
2314 1125 2501 1180 Vitam
2528 1125 2803 1195 exararit,
2831 1124 2904 1180 ab
2928 1130 3162 1179 auctore
3194 1130 3383 1179 tamen
3433 1136 3567 1178 con-

1907 1216 2271 1281 temporaneo
2300 1214 2515 1269 editam
2548 1212 2731 1269 fuisse
2765 1213 3026 1283 oportuit
3053 1230 3068 1282 ;
3101 1211 3391 1282 siquidem
3424 1224 3570 1266 con-

1907 1299 2140 1356 cinnata
2178 1300 2292 1357 fuit
2321 1306 2453 1357 ante
2491 1301 2865 1357 Anastasium
2897 1300 3433 1368 Bibliothecarium,
3464 1300 3564 1370 qui

1908 1387 2094 1442 Vitam
2128 1388 2287 1445 illam
2315 1404 2448 1445 cum
2477 1389 2609 1445 Vita
2646 1389 2872 1446 Nicolai
2902 1388 3098 1459 primi,
3134 1388 3236 1458 qui
3264 1387 3569 1444 Benedicto

1909 1477 2211 1547 successit,
2243 1492 2275 1533 a
2301 1492 2362 1533 se
2385 1479 2745 1548 conscriptas
2782 1477 2955 1534 Libro
2982 1477 3303 1533 Pontiﬁcali
3333 1476 3565 1545 adjecit,

1911 1571 1976 1621 ut
2012 1564 2183 1621 facile
2224 1567 2510 1636 conjicere
2536 1568 2672 1623 licet
2695 1581 2765 1622 ex
2789 1567 2866 1623 iis
2888 1581 3015 1637 quae
3050 1579 3291 1622 numero
3320 1563 3356 1620 9
3381 1565 3570 1634 captis

1910 1666 2060 1722 saepe
2091 1653 2256 1709 citati
2285 1655 2652 1712 tradidimus.

1980 1737 2035 1795 7.
2078 1743 2192 1796 Nec
2234 1741 2421 1797 solum
2469 1742 2540 1797 ab
2587 1745 2926 1801 auctoribus
2970 1744 3198 1813 coaevis,
3249 1744 3346 1800 sed
3394 1742 3566 1798 etiam

149 1836 268 1887 lunt
307 1837 374 1887 ut
414 1832 732 1901 plurimum
776 1833 835 1887 in
878 1833 1296 1889 donationibus
1338 1833 1410 1888 ab
1456 1834 1801 1903 imperatore
1832 1817 1885 1878 Β
1911 1843 1981 1884 ex
2005 1830 2364 1885 authenticis
2383 1830 2647 1887 Romana:
2672 1832 2942 1888 Ecclesia:
2975 1833 3345 1889 monimentis
3376 1831 3571 1886 histo—

147 1920 532 1990 Constantino,
558 1922 801 1990 ejusque
822 1921 1058 1990 pietatis
1082 1921 1427 1989 hmredihus,
1450 1926 1506 1977 et
1528 1921 1800 1976 Romanis

150 2009 279 2077 ipsis
305 2009 691 2078 pontiﬁcibus
720 2008 909 2063 factis.
937 2007 1156 2064 Omitto
1182 2023 1277 2064 eas
1325 2024 1451 2079 quae
1488 2009 1805 2079 quamplu-

149 2096 290 2152 rima!
318 2098 383 2152 in
428 2098 562 2152 Vita
604 2096 879 2166 Sylvestri
908 2097 1325 2164 continentur;
1372 2097 1517 2151 satis
1558 2109 1804 2167 namque

147 2184 243 2238 erit
270 2197 465 2253 pauca
504 2198 574 2239 ex
617 2183 751 2239 Vita
788 2183 974 2238 sancti
1022 2184 1200 2238 Marci
1238 2183 1547 2254 delibasse,
1581 2184 1643 2239 in
1689 2197 1802 2253 qua

150 2271 345 2342 legitur
377 2289 391 2325 :
432 2292 461 2323 «
486 2272 591 2327 Hic
614 2270 751 2327 fecit
770 2272 917 2327 duas
939 2270 1232 2341 basilicas,
1258 2285 1428 2326 unam
1459 2273 1551 2326 via
1578 2272 1802 2327 Ardea-

149 2360 272 2430 tina,
303 2359 408 2416 ubi
442 2360 761 2429 requiescit
792 2376 807 2429 ;
852 2366 909 2413 et
937 2359 1111 2415 aliam
1146 2361 1203 2414 in
1246 2360 1388 2415 urbe
1418 2361 1591 2415 Roma
1632 2362 1800 2429 juxta

148 2448 440 2505 Palacinis.
509 2448 698 2517 Hujus
724 2448 1093 2519 suggestione
1119 2448 1334 2503 obtulit
1382 2448 1797 2504 Constantinus

147 2537 426 2608 Augustus
460 2536 738 2604 basilicae,
764 2549 934 2605 quam
954 2536 1346 2591 ccemeterium
1373 2537 1683 2591 constituit
1703 2537 1797 2592 via

146 2626 468 2695 Ardeatina,
499 2623 745 2681 fundum
790 2638 1052 2681 rosarum
1098 2638 1227 2680 cum
1270 2625 1428 2679 omni
1465 2638 1603 2696 agro
1632 2639 1797 2681 cam-

152 2715 309 2782 pestri
344 2719 713 2785 praestantem
746 2713 966 2769 solidos
1009 2710 1097 2769 40.
1150 2715 1209 2768 In
1254 2713 1502 2768 Basilica
1544 2713 1603 2767 in
1654 2712 1795 2768 urbe

147 2800 304 2859 Roma
336 2803 565 2860 obtulit
606 2802 723 2856 hrrc
758 2821 769 2856 :
807 2807 1067 2872 patenam
1099 2807 1426 2873 argenteam
1461 2811 1792 2871 pensantem

146 2888 309 2946 libras
331 2890 421 2961 30,
459 2904 642 2946 urnas
672 2894 971 2961 argenteas
999 2890 1147 2946 duas
1169 2895 1474 2960 pensantes
1500 2890 1682 2946 libras
1699 2889 1794 2962 20,

145 2981 396 3049 scypham
447 2986 784 3050 argenteam
843 2984 1174 3048 pensantem
1225 2977 1407 3034 libras
1448 2975 1534 3049 40,
1585 2978 1796 3035 calices

147 3067 549 3124 ministeriales
567 3073 868 3139 argenteos
886 3064 921 3121 3
939 3071 1241 3135 pensantes
1258 3066 1440 3123 libras
1472 3067 1669 3123 binas:
1691 3082 1798 3123 co-

148 3170 324 3213 ronam
339 3134 672 3227 argenteam
691 3134 1018 3226 pensantem
1041 3155 1221 3211 libras
1243 3153 1328 3225 40,
1353 3154 1595 3211 fundum
1610 3157 1798 3212 Anto—
1829 3134 1879 3197 Ο

148 3245 363 3301 nianum
393 3246 489 3301 via
522 3244 767 3299 Claudia
792 3248 1152 3313 prazstantem
1181 3244 1402 3300 solidos
1424 3242 1514 3312 30,
1551 3243 1795 3300 fundum

150 3333 446 3389 Vaceanum
475 3334 575 3388 via
595 3334 781 3402 Appia
802 3337 1166 3402 prmstantem
1189 3332 1411 3388 solidos
1427 3331 1514 3403 40,
1545 3339 1600 3388 et
1614 3334 1800 3388 trimi-

145 3422 253 3476 sios
275 3423 461 3478 duos:
493 3420 744 3477 fundum
770 3420 946 3476 Orrea
973 3420 1065 3475 via
1089 3420 1402 3477 Ardeatina
1434 3428 1796 3491 prmstantem

149 3508 351 3565 solidos
378 3508 450 3566 55
488 3515 551 3565 et
576 3508 897 3565 trimisium
931 3522 1132 3564 unum.
1161 3527 1187 3558 »
1218 3510 1348 3564 Haec
1374 3510 1570 3566 omnia
1596 3516 1800 3567 auctor

148 3596 290 3652 Libri
317 3596 704 3666 Pontiﬁcalis,
749 3597 852 3667 qui
881 3610 1011 3652 cum
1039 3597 1230 3652 Romae
1256 3597 1582 3667 scripserit,
1612 3598 1663 3651 si
1696 3598 1800 3652 Bi—

145 3683 425 3742 bliothecze
477 3685 817 3756 apostolica:
858 3690 962 3740 aut
999 3684 1236 3740 archivo
1297 3698 1410 3740 non
1453 3686 1798 3755 praepositus

146 3769 327 3842 fuerit,
353 3787 657 3829 accessum
682 3772 885 3828 saltem
916 3773 985 3829 ad
1017 3785 1082 3829 ea
1118 3771 1344 3841 habuit,
1372 3778 1430 3828 et
1470 3773 1605 3827 inde
1634 3772 1798 3828 noti-

148 3860 271 3915 tiam
307 3862 696 3918 donationum
746 3860 1023 3917 habuisse
1052 3861 1305 3923 videtur,
1338 3874 1519 3930 eaque
1562 3874 1663 3930 pro
1686 3874 1801 3916 au-

152 3949 337 4017 gendis
362 3948 709 4019 pontiﬁcum
728 3949 906 4020 gestis
932 3963 1103 4005 usum
1121 3947 1323 4005 fuisse.
1344 3948 1503 4003 Unde
1529 3948 1802 4020 colligere

151 4034 273 4090 licet
303 4038 505 4107 quanti
543 4037 671 4092 ﬁeri
706 4043 1035 4093 mereantur
1067 4037 1167 4092 illa
1218 4051 1346 4107 quae
1388 4036 1492 4091 hac
1522 4037 1591 4092 de
1636 4050 1695 4092 re
1738 4038 1799 4092 in

146 4121 299 4180 Libro
324 4125 653 4181 Pontiﬁcali
680 4125 1077 4195 continentur,
1108 4138 1240 4180 cum
1270 4124 1353 4180 vel
1381 4138 1449 4181 ex
1473 4125 1629 4181 sedis
1651 4138 1797 4195 apo—

145 4212 346 4269 stolica:
387 4215 673 4282 archivis,
716 4214 805 4269 vel
846 4227 915 4269 ex
953 4213 1245 4284 Catalogis
1280 4220 1487 4285 quarto
1532 4219 1587 4269 et
1637 4220 1797 4271 sexto

145 4302 339 4358 saeculo
368 4302 745 4359 concinnatis
772 4302 1077 4373 desumpta
1119 4304 1260 4358 sint.
1287 4302 1476 4373 Atque
1508 4304 1626 4359 hate
1656 4305 1800 4374 qui—

147 4387 261 4444 dem
289 4391 358 4446 de
390 4392 576 4461 priori
618 4398 778 4461 parte
804 4391 960 4447 Libri
991 4391 1366 4464 Pontiﬁcalis,
1397 4407 1525 4463 qua:
1566 4392 1637 4448 ab
1682 4407 1797 4450 uno

1913 1919 1999 1973 ria
2036 1918 2333 1987 pontiﬁcia
2361 1920 2625 1974 secunda:
2651 1920 2829 1989 hujus
2860 1921 3042 1990 partis
3078 1920 3400 1989 conscripta
3430 1918 3561 1974 fuit.

1911 2007 1970 2061 Si
2003 2007 2158 2062 enim
2196 2007 2585 2063 Romanorum
2632 2008 2990 2077 pontiﬁcum,
3038 2008 3137 2078 qui
3168 2008 3239 2063 ab
3278 2021 3429 2063 anno
3466 2003 3574 2061 742

1914 2110 2099 2166 usque
2126 2104 2252 2165 post
2272 2096 2410 2151 noni
2439 2096 2633 2151 saaculi
2656 2097 2907 2152 medium
2940 2097 3211 2152 sederunt
3231 2096 3395 2151 Vitas
3438 2109 3576 2165 per-

1913 2184 2231 2253 volvamus,
2276 2184 2630 2253 reperiemus
2682 2182 2937 2254 profecto
2995 2188 3262 2240 auctores
3312 2183 3571 2240 Vitarum

1914 2272 2148 2327 illarum
2189 2286 2257 2328 ex
2292 2275 2559 2329 Romanae
2594 2274 2867 2329 Ecclesiae
2926 2274 3185 2345 regestis,
3225 2288 3295 2329 ex
3335 2273 3574 2329 scriniis

1910 2362 2243 2431 apostolicae
2288 2362 2445 2417 sedis
2494 2363 2887 2432 desumpsisse
2939 2377 3002 2417 ea
3051 2377 3177 2433 quae
3225 2362 3567 2418 retulerunt.

1908 2447 2117 2504 Omnes
2155 2449 2307 2503 enim
2351 2450 2543 2504 Romae
2569 2451 2950 2520 scripserunt,
2991 2456 3049 2505 et
3082 2450 3167 2505 vel
3198 2449 3570 2505 basilicarum

1907 2536 2327 2606 Lateranensis,
2361 2537 2668 2608 Vaticanze,
2711 2544 2766 2592 et
2802 2539 2867 2592 D.
2921 2538 3083 2594 Pauli
3123 2537 3381 2593 archivis
3418 2552 3571 2607 prte—

1906 2625 2083 2693 positi
2135 2624 2391 2697 fuerunt,
2449 2627 2535 2682 vel
2581 2628 2910 2683 earumdem
2974 2627 3353 2683 basilicarum
3418 2627 3573 2682 clero

1905 2714 2145 2784 ascripti
2189 2714 2419 2770 chartas
2473 2722 2529 2770 et
2584 2724 2803 2787 regesta
2855 2716 3223 2772 archivorum
3273 2715 3577 2771 consulere

1907 2808 2236 2872 potuerunt.
2271 2803 2365 2858 Sic
2384 2808 2590 2859 auctor
2611 2804 2671 2859 in
2693 2804 2981 2874 Stephano
3003 2805 3095 2870 III,
3127 2804 3414 2860 Zachariae
3431 2817 3575 2860 suc-

1905 2904 2129 2946 cessore
2163 2910 2176 2945 :
2215 2911 2240 2942 «
2268 2892 2345 2946 De
2372 2891 2647 2947 omnibus
2675 2893 2921 2961 receptis
2946 2892 3285 2948 civitatibus
3311 2892 3572 2949 donatio-

1905 2991 2032 3032 nem
2056 2978 2113 3034 in
2134 2978 2373 3047 scriptis
2398 2978 2431 3034 a
2454 2979 2619 3035 beato
2640 2980 2825 3051 Petro,
2846 2986 3022 3051 atque
3046 2994 3079 3036 a
3100 2986 3299 3036 sancta
3318 2981 3570 3035 Romana

1903 3067 2176 3134 Ecclesia,
2233 3067 2318 3122 vel
2373 3067 2645 3124 omnibus
2693 3069 2752 3123 in
2795 3074 3131 3139 perpetuum
3192 3068 3570 3139 pontiﬁcibus

1905 3156 2235 3224 apostolicae
2257 3157 2414 3213 sedis
2438 3157 2600 3212 misit
2622 3158 3045 3228 possidendam,
3067 3171 3193 3229 quae
3220 3158 3494 3213 hactenus
3510 3156 3568 3211 in
3620 3174 3631 3183 ο

1906 3244 2140 3300 archivo
2161 3252 2374 3301 sancta:
2399 3251 2607 3301 nostrae
2638 3246 2909 3302 Ecclesiae
2935 3247 3229 3303 recondita
3259 3251 3507 3302 tenetur.
3539 3262 3565 3293 ››
3596 3294 3597 3297 η

1905 3332 1999 3387 Sic
2027 3347 2256 3403 quoque
2289 3335 2346 3388 in
2376 3334 2507 3389 Vita
2524 3333 2766 3390 Adriani
2795 3334 2966 3405 primi
2994 3336 3140 3390 citat
3165 3341 3370 3389 auctor
3397 3334 3573 3389 dona-

1910 3420 2121 3475 tionem
2160 3420 2352 3477 Caroli
2390 3423 2579 3493 Magni
2616 3422 2781 3478 beato
2813 3423 2977 3478 Petro
3027 3420 3276 3477 factam:
3316 3442 3341 3473 «
3383 3421 3566 3492 Sicut,

1909 3507 2123 3577 inquit,
2160 3509 2219 3563 in
2246 3509 2442 3564 eadem
2473 3510 2786 3566 donatione
2812 3510 3098 3566 contineri
3133 3514 3507 3566 monstratur.
3539 3526 3566 3559 »

1906 3593 2085 3651 Addit
2114 3596 2404 3665 exemplar
2428 3596 2595 3652 illius
2620 3597 2959 3653 donationis
2985 3610 3161 3666 super
3181 3611 3391 3666 corpus
3416 3595 3568 3652 beati

1908 3684 2059 3738 Petri
2082 3684 2368 3752 positum:
2391 3684 2696 3754 «Aliaque,
2719 3685 2933 3754 inquit,
2961 3684 3215 3753 ejusdem
3238 3684 3573 3740 donationis

1909 3772 2166 3840 exempla
2214 3786 2313 3840 per
2344 3771 2726 3828 scriniarium
2768 3772 2943 3841 hujus
2983 3777 3196 3828 sanctte
3226 3778 3435 3828 nostra;
3460 3774 3574 3828 Ec—

1909 3860 2101 3915 clesiae
2127 3859 2418 3930 descripta
2442 3862 2569 3929 ejus
2592 3860 2937 3917 excellentia
2958 3875 3150 3918 secum
3172 3861 3513 3931 deportavit.
3542 3880 3568 3913 ››

1909 3947 2135 4018 Quibus
2163 3948 2396 4018 quidem
2440 3947 2631 4005 verbis
2660 3950 2881 4005 indicat
2917 3957 3121 4007 auctor
3153 3964 3215 4006 se
3250 3963 3362 4006 non
3391 3947 3572 4006 fuisse

1911 4036 2286 4091 scriniarium
2326 4036 2551 4092 archivi
2580 4037 2864 4108 Vaticani,
2892 4035 3076 4096 fuisse
3097 4045 3284 4095 tamen
3314 4038 3569 4108 ejusdem

1908 4125 2167 4181 ecclesiae
2191 4126 2533 4196 ascriptum,
2561 4131 2618 4181 et
2655 4127 3036 4183 donationum
3067 4128 3325 4198 exempla
3350 4142 3382 4185 a
3408 4127 3575 4183 Scri-

1908 4216 2099 4271 niario
2137 4219 2369 4271 exarata
2410 4215 2799 4286 conspexisse.
2840 4215 2989 4285 Quid
3033 4216 3254 4286 plura?
3302 4216 3363 4272 In
3421 4216 3572 4274 Vitis

1907 4303 2266 4375 reliquorum
2315 4305 2652 4374 pontiﬁcum
2685 4318 2871 4376 usque
2913 4306 2981 4361 ad
3014 4305 3316 4362 Nicolaum
3346 4306 3370 4360 Ι
3400 4307 3573 4363 toties

1907 4393 2256 4449 seriuiorum
2273 4393 2606 4463 apostolicae
2620 4393 2776 4449 sedis
2792 4394 3004 4451 mentio
3021 4393 3169 4450 facta
3183 4395 3491 4465 reperitur,
3510 4400 3574 4450 ut

144 4478 441 4552 eodemque
486 4487 732 4537 auctore
765 4493 799 4536 a
841 4482 907 4534 D.
942 4482 1107 4537 Petro
1142 4494 1324 4552 usque
1353 4481 1422 4537 ad
1462 4482 1795 4538 Zachariam
1824 4500 1880 4562 D
1906 4480 1994 4536 vel
2042 4480 2114 4536 ob
2164 4481 2310 4536 hanc
2374 4482 2654 4539 rationem
2713 4497 2911 4540 eorum
2960 4484 3220 4541 omnium
3278 4488 3571 4540 auctorem

146 4577 329 4634 papam
362 4576 636 4625 contexta
667 4572 773 4623 est.

204 4651 255 4708 9.
298 4657 374 4711 De
400 4655 699 4712 Zachariae
742 4661 799 4712 et
840 4658 1208 4728 sequentium
1252 4658 1587 4727 pontiﬁcum
1635 4660 1798 4716 Actis

144 4755 312 4813 usque
330 4747 400 4801 ad
418 4746 726 4802 Nicolaum
760 4746 1009 4815 primum
1028 4743 1264 4800 facilius
1283 4758 1386 4800 nos
1403 4745 1794 4814 expediemus,

144 4843 259 4886 cum
283 4833 395 4902 jam
425 4848 611 4904 supra
644 4840 1028 4890 monstratum
1058 4833 1138 4889 sit
1166 4834 1318 4904 quod
1346 4833 1419 4888 ab
1457 4832 1797 4889 auctoribus

144 4923 450 4991 coaetaneis,
481 4923 587 4993 qui
624 4921 816 4978 Romte
845 4924 1136 4991 vixerunt,
1165 4923 1493 4992 conscripta
1518 4922 1653 4977 sint.
1702 4921 1799 4976 Sic

143 5005 431 5078 Zachariae,
464 5011 750 5082 Stephani
778 5012 851 5067 Ill
876 5018 931 5067 et
956 5011 1119 5067 Pauli
1151 5017 1307 5081 gesta
1333 5011 1573 5081 scripsit
1596 5015 1799 5066 auctor

144 5093 392 5154 Romana:
419 5099 700 5155 Ecclesiae
731 5099 885 5156 clero
913 5101 1225 5169 ascriptus,
1260 5107 1315 5155 et
1342 5098 1535 5155 forsan
1562 5101 1798 5156 archivo

143 5187 444 5252 apostolico
476 5187 851 5258 praepositus.
900 5190 996 5244 Sic
1021 5189 1199 5244 etiam
1248 5188 1393 5243 Vita:
1424 5187 1696 5257 Stephani
1730 5190 1798 5245 IV

144 5278 193 5325 et
217 5274 447 5330 Adriani
479 5275 662 5345 primi
685 5275 758 5331 ab
782 5285 1016 5333 auctore
1039 5276 1385 5346 synchrono,
1411 5276 1511 5345 qui
1543 5276 1796 5334 basilicae

148 5358 528 5420 Lateranensis
547 5372 656 5421 aut
684 5365 969 5421 Vaticana:
992 5379 1124 5421 vero
1146 5364 1439 5433 ascriptus
1463 5372 1603 5421 erat.
1627 5367 1797 5422 editae

147 5445 379 5521 fuerunt,
426 5458 491 5508 ut
538 5467 670 5522 cap.
716 5451 771 5523 9,
843 5468 1001 5510 num.
1052 5452 1106 5521 5,
1162 5452 1541 5509 ostendimus.
1580 5456 1798 5511 Auctor

146 5534 272 5594 Vita:
294 5540 499 5597 Leonis
525 5542 625 5609 III,
655 5540 848 5597 forsan
873 5556 904 5597 e
932 5544 1086 5599 clero
1126 5540 1384 5597 basilica}
1411 5543 1595 5597 sancti
1630 5543 1795 5599 Pauli

147 5620 267 5698 fuit,
294 5634 356 5684 ut
379 5630 583 5687 eodem
627 5629 819 5701 capite
847 5632 1120 5689 innuitur
1146 5644 1313 5688 num.
1346 5627 1381 5685 6
1405 5629 1698 5687 Paschalis
1738 5639 1797 5690 et

1905 4570 2273 4626 Anastasium
2312 4570 2835 4629 Bibliothecarium
2876 4575 3190 4631 statuerint
3228 4572 3570 4645 Onuphrius

1907 4657 2242 4727 Panvinius,
2274 4658 2586 4717 Ciaconius
2613 4661 2839 4733 aliique
2872 4662 2983 4719 viri
3010 4663 3250 4721 eruditi.
3535 4676 3542 4683 '

1977 4746 2032 4802 8.
2057 4747 2242 4819 Atque
2269 4762 2334 4805 ex
2372 4749 2463 4806 his
2487 4751 2760 4808 omnibus
2782 4758 2937 4822 patet
2953 4762 3185 4825 quanta:
3199 4753 3570 4809 auctoritatis

1911 4837 2195 4907 posterior
2230 4851 2362 4907 pars
2386 4839 2544 4895 Libri
2570 4840 2926 4897 Pontiﬁcalis
2953 4841 3215 4897 habenda
3237 4840 3338 4911 sit,
3369 4846 3570 4910 utpote

1908 4941 2035 4997 quae
2059 4926 2130 4982 ab
2160 4927 2502 4984 auctoribus
2530 4929 3030 4998 contemporaneis
3053 4943 3123 4984 ex
3152 4927 3416 4998 antiquis
3449 4930 3571 4983 Ro-

1910 5030 2089 5071 manaa
2117 5016 2388 5073 Ecclesiae
2419 5019 2809 5073 monumentis
2844 5017 2904 5070 in
2930 5016 3189 5071 archivis
3217 5016 3345 5083 ejus
3371 5029 3569 5071 asser—

1906 5106 2055 5161 vatis
2086 5108 2351 5160 contexta
2376 5110 2489 5159 est.
2517 5105 2674 5159 Licet
2702 5108 2893 5159 autem
2935 5104 3097 5172 prior
3123 5117 3255 5173 pars
3282 5115 3394 5158 non
3424 5117 3572 5159 con-

1908 5194 2124 5261 scripta
2168 5192 2249 5245 sit
2289 5190 2362 5245 ab
2398 5191 2745 5247 auctoribus
2784 5190 3152 5261 synchronis,
3197 5205 3267 5247 ex
3306 5191 3570 5262 antiquis

1907 5287 2095 5335 tamen
2136 5278 2401 5332 Romana:
2452 5278 2722 5333 Ecclesia:
2756 5279 3128 5334 monimentis
3178 5279 3397 5349 pariter
3424 5292 3570 5336 con—

1906 5368 2138 5423 cinnata
2168 5363 2280 5419 fuit
2308 5381 2320 5416 :
2346 5364 2488 5419 adeo
2517 5370 2582 5420 ut
2609 5379 2710 5435 pro
2739 5365 3141 5423 discernendis
3174 5370 3439 5423 Romana:
3456 5369 3570 5425 Ec—

1906 5456 2095 5512 clesize
2124 5450 2360 5521 ritibus,
2384 5465 2483 5520 pro
2505 5454 2761 5521 ejusdem
2781 5453 3098 5523 disciplina
3122 5463 3180 5513 et
3198 5456 3570 5525 dogmatibus

1906 5539 2343 5616 cognoscendis,
2379 5539 2474 5595 hic
2510 5540 2658 5597 liber
2691 5543 2897 5597 merito
2929 5541 3167 5617 allegari
3201 5546 3407 5617 possit,
3434 5561 3567 5604 cum

1904 5645 2078 5693 ex.eo
2118 5631 2323 5687 horum
2354 5629 2612 5687 omnium
2656 5630 2867 5687 notitia
2896 5638 3154 5692 eruatur.
3196 5634 3258 5691 Si
3307 5635 3461 5690 enim
3497 5635 3570 5690 de
