3934 6408
149 361 271 423 709
939 361 1306 424 HISTORIA
1351 360 1453 422 DE
1498 359 1698 423 VITIS
1747 358 1934 421 ROM.
1983 361 2209 422 PONT.
2246 394 2319 405 --
2349 360 2807 424 SEVERINUS.
3455 366 3572 428 710

148 498 256 569 est,
280 491 375 569 vel
407 491 775 549 schismatici
831 493 1040 549 iterum
1099 497 1232 566 post
1279 493 1514 548 Honorii
1563 499 1808 548 mortem
1844 496 1895 560 Α
1925 491 2119 558 tionis,
2155 493 2582 569 quam__mortis
2627 498 2728 548 aut
2757 493 3091 569 sepultum,
3125 499 3192 551 ut
3223 513 3374 569 saepe
3399 498 3482 565 ﬁt,
3514 501 3571 554 in

147 565 292 641 lapsi
327 570 524 641 sunt:
591 635 628 641 __
808 639 822 641 _
1053 640 1058 641 γ
1101 564 1133 641 __
1253 638 1261 641 Α
1554 638 1562 641 _
1926 583 2219 618 summam
2254 564 2490 641 collato,
2532 567 3150 641 exquo‘manil'estum
3186 570 3250 622 ﬁt
3280 564 3385 624 nos
3408 564 3576 641 juxta

267 653 392 711 um.
431 638 551 711 120,
591 635 752 711 linea
800 639 889 711 20.
925 669 988 677 --
1019 638 1157 711 ους
1187 638 1367 711 etiam
1409 638 1651 711 sepultus
1708 646 1803 711 est.
1919 642 2171 711 montem
2202 638 2492 711 Anastasii
2527 635 3108 711 ordinationemejus
3145 646 3297 694 recte
3327 635 3576 711 conjun-

148 708 304 764 Obiit
334 708 905 780 tandemAHonorius
935 706 1084 780 papa
1104 706 1194 780 die
1218 706 1565 780 duodecima
1590 709 1809 780 mensis
1920 709 2072 761 xisse
2104 724 2235 761 cum
2271 708 2360 780 die
2407 711 2475 761 27
2524 708 2788 762 Octobris
2845 709 2982 780 anni
3011 706 3146 776 ‘6‘35,
3181 729 3336 777 cum,
3372 706 3575 770 eodem

148 780 416 836 Octobris
463 778 600 851 anni
654 778 1064 851 sexcentesimi
1110 778 1396 850 trigesimi
1426 779 1611 834 octavi
1648 786 1808 850 post-
1922 785 2088 844 teste,
2123 779 2331 832 obierit
2357 785 2416 851 et
2447 781 2712 851 sepultus
2745 780 2821 833 sit
2852 779 2910 834 in
2945 780 3185 837 basilica
3229 783 3378 838 beati
3421 785 3574 842 Petri

151 869 351 924 quam,
374 855 440 906 ut
461 849 635 924 habet
658 850 1024 924 Anastasius,
1047 849 1298 924 sedisset
1318 849 1808 924 annosduodi'cim,
1923 851 2171 922 apostoli
2202 851 2301 905 sub
2332 850 2420 906 die
2445 849 2641 922 quarto
2669 851 2796 906 Idus
2828 851 3086 907 Octobris.

151 921 358 980 ἠιεηεω
387 923 662 990 undecim,
697 922 818 978 dies
849 921 1240 994 septemdecim,
1272 927 1394 978 tam
1443 923 1539 978 die
1579 923 1812 978 ordina-

1438 1238 1736 1309 LXXIII.
1795 1238 2299 1310 SEVERINUS.

1316 1403 1484 1450 anno
1527 1403 1765 1449 canisri
1808 1388 1952 1461 638,
1999 1404 2284 1449 nessem
2326 1389 2428 1448 29.

393 1660 505 1718 121
555 1657 915 1730 Severinus,
982 1657 1239 1718 natione
1302 1658 1645 1728 Romanus,
1713 1675 1790 1716 ex
1855 1661 2033 1735 patre
2118 1655 2383 1728 Abieno,
2451 1655 2610 1717 sedit
2671 1676 2916 1718 menses
2975 1659 3156 1732 duos,
3221 1659 3354 1722 dies
3415 1681 3574 1742 qua-

313 1772 459 1826 tuor
501 1765 608 1848 (a).
655 1763 860 1844 Hujus
920 1763 1310 1844 temporibus
1372 1763 1768 1824 devastatum
1840 1769 1931 1822 est
1974 1762 2363 1841 episc0pium
2424 1765 2846 1824 Lateranense
2891 1783 2927 1825 a
2971 1766 3271 1827 Mauricio
3317 1767 3574 1830 chartu-

310 1872 472 1934 lario
543 1878 606 1933 et
646 1872 848 1933 Isacio
910 1871 1172 1951 patricio
1216 1876 1279 1931 et
1320 1869 1596 1931 exarcho
1641 1870 1864 1941 Italiaz,
1913 1888 2055 1930 cum
2102 1869 2312 1929 adhuc
2357 1869 2595 1930 electus
2657 1877 2819 1931 esset
2881 1871 3152 1933 domnus
3213 1874 3570 1936 Severinus.

311 1979 436 2041 Sed
501 1985 842 2058 antequam
907 1979 1152 2039 veniret
1214 1977 1469 2051 Isacius,
1534 1977 1873 2037 Mauricius
1933 1977 2079 2036 dolo
2141 1976 2367 2035 ductus
2444 1977 2743 2038 adversus
2825 1979 3165 2039 Ecclesiam
3245 1981 3358 2041 Dei
3421 2000 3573 2043 con-

233 2087 452 2148 5silio
516 2085 673 2146 inito
737 2103 880 2145 cum
951 2083 1330 2164 quibusdam
1404 2084 1713 2163 perversis
1792 2083 2178 2154 hominibus,
2263 2083 2684 2144 incitaverunt
2764 2086 3108 2146 exercitum
3191 2091 3571 2166 Romanum,

308 2194 615 2266 dicentes,
697 2191 848 2272 quia
930 2191 1084 2271 quid
1164 2190 1421 2271 prodest
1510 2190 1681 2270 quod
1765 2196 1958 2250 tanta:
2045 2191 2324 2269 pecuniae
2405 2197 2802 2270 congregata:
2883 2199 3031 2254 sunt
3112 2194 3177 2254 in
3257 2196 3574 2276 episcopio

309 2298 721 2362 Lateranensi
765 2298 844 2358 ab
903 2297 1180 2359 Honorio
1245 2316 1434 2378 papa,
1511 2303 1575 2357 et
1645 2297 1824 2357 miles
1894 2297 2009 2358 iste
2084 2296 2240 2357 nihil
2307 2298 2533 2359 exinde
2617 2299 2963 2360 subventus
3032 2299 3248 2375 habet,
3321 2305 3574 2382 quando

309 2415 372 2469 et
417 2425 588 2485 rogas
631 2411 878 2478 vestrae,
925 2423 1084 2484 quas
1145 2405 1420 2466 domnus
1504 2405 1853 2484 imperator
1917 2404 2092 2464 vobis
2153 2424 2266 2484 per
2325 2405 2490 2465 vices
2555 2407 2901 2479 mandavit,
2951 2407 3040 2467 ibi
3084 2414 3236 2469 sunt
3277 2427 3316 2470 a
3358 2417 3575 2472 sancto

306 2515 446 2574 viro
511 2512 876 2574 reconditis.
941 2511 1051 2572 His
1112 2511 1343 2572 auditis
1400 2516 1773 2572 exarserunt
1846 2529 2065 2571 omnes
2128 2511 2430 2572 adversus
2511 2512 2856 2574 Ecclesiam
2942 2514 3079 2587 Dei,
3147 2520 3212 2576 et
3272 2524 3581 2579 venerunt

193 2624 269 2682 10
309 2638 534 2682 omnes
578 2639 615 2680 a
659 2619 920 2680 minimo
1002 2618 1322 2694 concitati,
1411 2636 1632 2678 omnes
1717 2617 1970 2690 armati,
2057 2619 2167 2696 qui
2254 2619 2494 2680 inventi
2578 2625 2727 2679 sunt
2807 2620 2871 2680 in
2959 2620 3210 2682 civitate
3294 2624 3580 2685 Romana

310 2747 348 2788 a
393 2745 595 2808 puero
669 2745 864 2805 usque
947 2725 1030 2786 ad
1092 2744 1306 2786 senem
1391 2725 1453 2784 in
1541 2724 1860 2804 episcopio
1946 2726 2378 2804 suprascripto
2462 2727 2895 2800 Lateranensi,
2944 2734 3005 2788 et
3051 2747 3178 2789 non
3237 2737 3582 2808 potuerunt

309 2853 507 2896 manu
568 2834 826 2895 militari
885 2833 1166 2906 introire,
1235 2833 1387 2912 quia
1448 2833 1819 2893 restiterunt
1883 2831 1972 2892 eis
2034 2833 2142 2912 qui
2206 2839 2387 2893 erant
2447 2851 2589 2892 cum
2663 2835 3054 2896 sanctissimo
3111 2836 3346 2898 domno
3388 2839 3577 2902 Seve-

309 2943 480 3004 rino.

392 3051 510 3109 122
553 3049 732 3109 Tunc
791 3047 1008 3108 videns
1067 3046 1190 3108 hoc
1254 3045 1613 3118 Mauricius,
1659 3045 1810 3125 quia
1871 3044 2029 3105 nihil
2096 3051 2437 3124 potuerunt
2494 3047 2724 3119 facere,
2773 3047 2920 3108 dolo
2983 3047 3208 3109 ductus
3273 3051 3420 3110 fecit
3485 3050 3576 3111 ibi

305 3156 655 3218 exercitum
742 3153 1033 3227 residere,
1122 3153 1292 3214 intra
1375 3153 1762 3234 episc0pium
1849 3156 2294 3226 Lateranense,
2363 3158 2424 3212 et
2500 3153 2756 3213 fuerunt
2837 3154 2926 3214 ibi
3009 3154 3144 3215 dies
3230 3162 3379 3218 tres.
3423 3159 3578 3218 Post

305 3263 590 3324 triduum
677 3267 888 3322 autem
974 3261 1256 3322 introivit
1339 3261 1680 3322 Mauricius
1764 3279 1904 3321 cum
1987 3260 2332 3338 judicibus,
2381 3260 2491 3339 qui
2573 3261 2812 3321 inventi
2896 3268 3248 3323 suntcum
3316 3263 3454 3344 ipso
3507 3265 3574 3326 in

309 3369 601 3444 consilio,
665 3374 727 3430 et
788 3367 1226 3447 sigillaverunt
1291 3366 1374 3447 (ὁ)
1435 3385 1622 3428 omne
1705 3367 2069 3428 vestiarium
2157 3366 2456 3440 ecclesias,
2523 3385 2630 3427 seu
2695 3367 2990 3448 cimbylia
3049 3369 3372 3450 episcopii,
3432 3391 3575 3452 quin

225 3481 263 3538 5
307 3477 543 3538 diversi
625 3473 1139 3536 Christianissimi
1241 3475 1679 3554 imperatores,
1768 3493 1876 3534 seu
1983 3473 2228 3553 patricii
2333 3480 2396 3533 et
2506 3474 2817 3548 consules,
2925 3495 3038 3556 pro
3143 3477 3576 3558 redemptione

309 3585 671 3646 animarum
734 3600 991 3643 suarum
1048 3581 1235 3642 beato
1295 3582 1482 3642 Petro
1556 3581 1847 3660 apostolo
1931 3581 2340 3660 reliquerant,
2407 3586 2477 3642 ut
2541 3581 2923 3661 pauperibus
2985 3583 3250 3662 singulis
3327 3590 3574 3665 tempo-

311 3693 491 3754 ribus
537 3709 651 3771 pro
693 3688 1000 3750 alimonia
1044 3687 1116 3768 (c)
1164 3694 1599 3767 erogarentur,
1649 3707 1754 3749 seu
1820 3694 2081 3767 propter
2142 3687 2638 3768 redemptionem
2705 3689 3118 3768 captivorum.
3167 3691 3244 3751 Et
3294 3697 3574 3770 postmo-

315 3801 471 3861 dum
551 3798 721 3858 misit
780 3796 1119 3866 Mauricius
1176 3795 1476 3875 epistolas
1535 3814 1682 3855 suas
1745 3794 1823 3854 ad
1887 3795 2152 3855 Isacium
2231 3795 2560 3874 patricium
2646 3797 3011 3856 Ravennam
3087 3797 3166 3858 de
3230 3799 3348 3860 hoc
3407 3799 3576 3879 quod

306 3913 527 3968 actum
573 3910 690 3977 est,
737 3903 1055 3984 quomodo
1100 3903 1232 3982 ipse
1286 3920 1428 3961 cum
1495 3901 1770 3962 exercitu
1835 3901 2169 3980 sigillasset
2236 3921 2423 3962 omne
2485 3901 2850 3961 vestiarium
2923 3903 3276 3984 episcopii;
3322 3912 3386 3966 et
3429 3907 3580 3986 quia

189 4019 261 4078 10
306 4015 449 4075 sine
523 4011 737 4091 aliqua
797 4010 1053 4071 laesione
1115 4027 1369 4070 omnem
1434 4008 1853 4068 substantiam
1916 4027 2081 4087 saepe
2139 4008 2372 4069 dictam
2432 4009 2784 4088 potuissent
2845 4009 3220 4089 deprmdari.
3295 4014 3578 4094 Cumque

305 4122 450 4181 haec
514 4119 724 4180 verius
787 4117 1183 4195 cognovisset
1253 4115 1505 4186 Isacius,
1575 4115 1747 4174 venit
1808 4114 1868 4174 in
1933 4115 2252 4175 civitatem
2319 4118 2691 4188 Romanam,
2738 4121 2801 4176 ct
2846 4117 3016 4176 misit
3057 4136 3278 4178 omnes
3337 4121 3576 4198 prima-

297 4223 409 4290 Ios
455 4225 542 4307 (Δ)
587 4223 882 4286 Ecclesiae
943 4223 1222 4302 singulos
1285 4241 1397 4302 per
1455 4221 1737 4300 singulas
1801 4221 2086 4282 civitates
2147 4223 2210 4281 in
2274 4223 2588 4295 exsilium,
2636 4229 2706 4283 ut
2767 4242 2893 4283 non
2957 4224 3176 4284 fuisset
3220 4226 3330 4304 qui
3386 4225 3443 4286 ei
3487 4245 3580 4288 re-

300 4336 530 4397 sistere
573 4331 892 4392 debuisset
934 4329 1011 4390 de
1056 4330 1246 4390 clero.
1296 4330 1373 4389 Et
1417 4334 1558 4407 post
1601 4328 1734 4388 dies
1779 4328 2136 4406 aliquantos
2181 4329 2500 4408 ingressus
2545 4335 2639 4389 est
2683 4331 2916 4390 Isacius
2959 4331 3260 4410 patricius
3305 4332 3370 4392 in
3416 4333 3574 4413 epis-

302 4442 568 4522 copium
611 4441 1049 4510 Lateranense,
1099 4441 1163 4496 et
1204 4436 1324 4495 fuit
1364 4435 1451 4495 ibi
1496 4453 1607 4514 per
1649 4434 1782 4495 dies
1825 4441 1990 4508 octo,
2041 4454 2238 4515 usque
2283 4436 2432 4496 dum
2479 4455 2700 4497 omnes
2744 4437 3180 4517 substantiam
3245 4439 3424 4501 illam
3467 4441 3577 4502 de-

184 4553 259 4610 15
304 4546 778 4631 praedarentur.
2812 4521 2819 4530 ’

395 4656 515 4716 123
559 4653 799 4715 Eodem
859 4656 1143 4732 tempore
1203 4649 1434 4710 direxit
1493 4648 1720 4709 exinde
1775 4666 1852 4710 ex
1913 4655 2091 4728 parte
2153 4668 2229 4710 ex
2273 4649 2626 4711 substantia
2689 4649 2829 4730 ipsa
2874 4649 2950 4731 (θ)
2993 4651 3057 4712 in
3103 4653 3420 4716 civitatem
3478 4673 3579 4716 re-

302 4764 483 4844 giam
549 4761 628 4822 ad
693 4758 1053 4821 Heraclium
1115 4758 1585 4837 imperatorem.
1649 4755 2058 4816 Postmodum
2144 4758 2472 4818 ordinatus
2544 4763 2639 4817 est
2709 4759 3142 4840 sanctissimus
3217 4761 3574 4834 Severinus,

300 4877 369 4933 et
431 4887 722 4931 reversus
793 4871 888 4927 est
968 4865 1204 4926 Isacius
1288 4867 1678 4925 Ravennam.
1745 4863 1859 4923 Hic
1922 4864 2250 4924 renovavit
2321 4865 2606 4925 absidam
2671 4865 2746 4946 (Γ)
2815 4865 2984 4926 beati
3057 4865 3228 4926 Petri
3290 4862 3580 4947 Apostoli
3685 4939 3698 4953 '

300 4998 376 5040 ex
429 4976 701 5049 musivo,
759 4973 928 5054 quod
991 4973 1272 5033 dirutum
1344 4977 1503 5032 erat.
1567 4971 1681 5030 Hic
1743 4970 1962 5032 dilexit
2022 4971 2282 5044 clerum,
2354 4977 2415 5033 et
2477 4973 2774 5033 omnibus
2858 4972 3095 5034 donum
3141 4972 3222 5054 (g)
3271 4991 3577 5051 augmen-

213 5092 252 5150 5
303 5087 489 5147 tavit.
574 5083 722 5144 Fuit
809 5085 1021 5142 autem
1110 5085 1386 5153 sanctus,
1472 5078 1782 5157 benignus
1861 5096 2050 5157 super
2151 5098 2371 5141 omnes
2452 5080 2764 5153 homines,
2858 5086 3104 5141 amator
3197 5100 3574 5163 pauperum,

299 5196 523 5272 largus
565 5195 630 5251 et
673 5188 1062 5250 mitissimus.
1111 5186 1284 5248 Fecit
1325 5190 1535 5246 autem
1581 5185 1909 5265 episcopos
1954 5204 2065 5265 per
2107 5186 2355 5247 diversa
2425 5187 2567 5248 loca
2625 5207 2889 5249 numero
2953 5193 3249 5268 quatuor.
3323 5189 3437 5250 Hic
3479 5188 3575 5250 di-

303 5299 478 5362 misit
521 5297 608 5379 (h)
652 5296 828 5359 omni
872 5294 1039 5356 clero
1083 5312 1304 5373 regam
1349 5293 1686 5371 integram.
1736 5292 1855 5366 Qui
1896 5293 2084 5354 etiam
2132 5294 2418 5372 sepultus
2461 5300 2556 5357 est
2598 5295 2678 5356 ad
2722 5295 2979 5356 beatum
3021 5297 3279 5358 Petrum
3323 5304 3572 5377 aposto-

300 5408 439 5468 lum
485 5405 603 5466 sub
646 5405 750 5466 die
796 5407 1023 5483 quarto
1067 5403 1280 5462 Nonas
1319 5399 1606 5479 Augusti,
1657 5405 1720 5460 et
1762 5400 2028 5461 cessavit
2071 5401 2472 5481 episcopatus
2517 5422 2764 5465 menses
2820 5409 3116 5485 quatuor,
3175 5405 3311 5467 dies
3352 5403 3576 5484 viginti

300 5532 558 5577 novem.

1343 5630 1596 5676 Νοτσωε
1636 5629 2022 5677 IARGINALES
2067 5633 2389 5680 FABROTTI.

205 5759 283 5822 (ιι)
315 5761 520 5812 Baron.
555 5757 640 5812 ait
669 5751 1101 5828 Anastasiungei
1119 5749 1371 5828 tribuere
1377 5763 1550 5802 mens.
1570 5747 1851 5828 undecim.
1886 5748 2288 5828 (b)_1ntrantes_
2308 5749 2418 5803 sub
2452 5749 2644 5828 specie
2678 5751 2840 5828 pacis
2872 5751 3052 5828 sigill:
3083 5757 3158 5828 (c)
3179 5755 3577 5828 Eleemosyna.

141 5819 691 5902 (dwaroajnteuigi
702 5831 874 5898 putat
890 5821 1221 5878 cardinales.
1257 5820 1326 5892 (c)
1350 5824 1483 5891 Ipsa
1495 5819 1829 5875 substantia
1850 5825 2077 5890 partem
2096 5821 2413 5892 quandam.
2447 5819 2516 5892 (Γ)
2536 5820 2898 5894 B,apsidem.
2927 5819 3008 5897 fg)
3024 5819 3274 5891 B,'donis
3289 5827 3372 5883 vel
3386 5819 3578 5884 benis.

147 5899 216 5973 (ιι)
248 5901 312 5969 Β,
346 5901 564 5961 divisit.
