3934 6408
335 295 456 357 723
1489 296 1888 386 ANAs'rAsr.

2211 297 2606 360 THEGARII.
3643 301 3763 369 ’124

504 431 828 516 patricius,
866 449 940 494 eo
983 430 1154 511 quod
1197 430 1498 493 Mauricio
1542 430 1749 492 omnis
1793 431 2104 492 exercitus
2144 431 2343 493 Italiae
2387 437 2784 495 sacramenta
2826 433 3101 498 dedisset
3129 433 3237 519 (a),
3273 437 3444 502 misit
3483 440 3759 518 Donum,

505 541 878 620 magistrum
923 539 1193 598 militum
1238 543 1299 599 et
1342 537 1738 598 sacellarium
1785 558 1994 611 suum,
2029 539 2107 599 ad
2149 538 2467 600 civitatem
2520 543 2782 601 Romam
2827 560 2970 604 cum
3015 544 3318 619 exercitu,
3351 547 3462 627 qui
3505 549 3767 611 veniens

505 655 572 716 in
615 649 928 712 civitatem
975 649 1348 719 Romanam,
1396 663 1615 706 omnes
1668 644 1936 724 judices,
1985 664 2090 706 seu
2157 645 2468 706 exercitus
2514 647 2857 720 Romanus,
2907 648 3024 720 Qui
3068 649 3242 729 prius
3285 670 3350 712 se
3394 671 3537 715 cum
3583 656 3765 718 Mau-

507 761 658 823 ricio
702 757 1097 817 sacramento
1160 753 1686 824 constrinxerant,
1756 752 1979 812 timore
2049 751 2223 813 ducti
2283 752 2669 814 dimittentes
2729 754 3102 816 Mauricium
3164 756 3623 822 chartularium
3658 762 3763 844 (ὁ),

387 876 460 936 l5
505 884 727 932 omnes
767 881 832 924 se
875 878 1018 922 cum
1063 861 1308 920 Domno
1344 857 1698 938 junxerunt
1734 857 1836 938 (ς).

596 979 760 1034 uo
815 967 903 1048 (ά)
972 968 1052 1026 Et
1110 965 1393 1043 ingresso
1455 983 1530 1026 eo
1587 967 1850 1025 Romam
1913 963 2075 1042 fugit
2130 963 2472 1026 Mauricius
2526 965 2607 1026 ad
2667 965 2918 1028 beatam
2978 969 3242 1030 Mariam
3300 971 3382 1032 ad
3450 976 3764 1057 Praesepe,

507 1098 694 1162 quem
763 1075 1056 1136 tollentes
1111 1071 1188 1131 de
1243 1071 1506 1132 ecclesia
1581 1071 1890 1132 miserunt
1961 1069 2174 1150 bojam
2235 1070 2310 1150 (e)
2368 1072 2432 1131 in
2488 1072 2720 1134 collum
2775 1076 2933 1154 ejus.
2995 1075 3299 1138 Similiter
3377 1085 3440 1140 et
3520 1100 3763 1158 omnes,

510 1187 622 1269 qui
677 1184 742 1245 in
801 1179 1062 1242 consilio
1119 1196 1262 1238 cum
1321 1177 1458 1258 ipso
1516 1177 1790 1250 fuerant,
1849 1175 2192 1256 imbojatos
2249 1176 2324 1257 (ί)
2384 1178 2552 1239 misit
2609 1182 2976 1242 Ravennam
3037 1201 3148 1261 per
3219 1202 3444 1247 manus
3499 1189 3771 1251 Mam-ini

509 1290 834 1362 scribonis,
883 1291 947 1350 et
1000 1285 1297 1348 Thomati
1349 1283 1432 1365 (g)
1491 1283 1886 1346 chartularii.
1932 1283 2052 1356 Qui
2111 1284 2492 1346 dedocentes
2550 1305 2657 1347 eos
2731 1295 3160 1366 pervenerunt
3205 1289 3394 1370 juxta
3451 1295 3768 1359 civitatem

426 1407 465 1466 5
511 1401 943 1464 Ravennatem
1014 1393 1078 1452 in
1147 1392 1357 1452 locum
1419 1391 1527 1470 qui
1587 1390 1819 1452 dicitur
1877 1389 2126 1451 Ficulas
2171 1389 2253 1471 (Ιι)
2313 1391 2686 1454 duodecimo
2754 1395 3047 1456 milliario
3106 1414 3144 1457 a
3199 1397 3484 1477 civitate,
3565 1407 3629 1463 et
3684 1403 3772 1466 ibi

512 1505 988 1571 decollaverunt
1056 1498 1454 1572 Mauricium,
1519 1497 1671 1578 quia
1725 1497 1812 1558 sic
1867 1497 1933 1557 in
1993 1497 2308 1558 mandatis
2384 1505 2763 1580 acceperant
2835 1519 2874 1562 a
2940 1504 3369 1585 suprascripto
3423 1507 3641 1583 lsacio,
3701 1516 3774 1572 ut

513 1615 700 1678 unius
757 1609 1076 1672 civitatem
1151 1608 1581 1666 Ravennatem
1640 1622 1766 1664 non
1850 1603 2312 1683 ingrederetur.
2372 1607 2453 1666 Et
2501 1612 2839 1687 postquam
2914 1607 3262 1672 decollatus
3319 1618 3434 1687 est,
3491 1614 3775 1678 levantes
3884 1688 3890 1700 η

514 1725 709 1802 caput
761 1715 917 1796 ejus,
982 1713 1300 1774 duxerunt
1354 1710 1431 1791 (τ’)
1491 1711 1884 1771 Ravennam.
1971 1709 2204 1771 Videns
2278 1717 2491 1772 autem
2568 1713 2802 1774 Isacius
2885 1720 3079 1794 caput
3145 1717 3457 1793 Mauricii,
3519 1721 3776 1800 gavisus

514 1835 633 1894 est.
689 1828 769 1888 Et
823 1822 973 1884 fecit
1026 1819 1105 1881 ad
1163 1817 1521 1897 exemplum
1581 1815 1928 1878 multorum
1984 1815 2050 1875 in
2110 1815 2275 1878 circo
2335 1819 2701 1880 Ravennate
2765 1818 2830 1879 in
2900 1819 3180 1899 stipitem
3244 1824 3418 1904 poni.
3465 1824 3614 1888 Illos
3657 1847 3778 1889 au-

393 1942 472 2005 ιο
515 1944 641 2000 tem
685 1931 794 2013 qui
838 1947 982 1991 cum
1025 1927 1162 2007 ipso
1205 1924 1426 1986 directi
1467 1925 1721 1985 fuerant
1762 1941 1981 1986 omnes
2023 1923 2364 2004 imbojatos
2410 1923 2493 2006 (λ)
2540 1924 2732 2004 jussit
2786 1931 2962 1988 arcta
3015 1929 3300 1991 custodia
3342 1931 3406 1991 in
3464 1950 3784 1997 carcerem

517 2041 704 2115 mitti,
765 2035 1052 2117 cogitans
1111 2051 1218 2094 eos
1274 2031 1594 2111 quomodo
1651 2031 1944 2109 puniret;
2003 2030 2114 2091 sed
2169 2049 2311 2092 cum
2385 2050 2462 2092 ea
2532 2039 2874 2112 agerentur
2943 2052 3090 2095 mox
3159 2036 3270 2098 Dei
3333 2037 3574 2116 judicio
3632 2041 3792 2121 ipsis

517 2149 739 2213 diebus
781 2159 1114 2226 percussus
1155 2137 1370 2200 divino
1412 2138 1540 2198 ictu
1583 2137 1824 2198 interiit
1865 2136 2120 2214 Isacius,
2169 2142 2232 2198 et
2275 2143 2561 2199 mortuus
2620 2145 2735 2200 est.
2785 2139 2836 2202 li
2896 2145 3109 2202 autem
3155 2142 3266 2223 qui
3311 2145 3536 2207 reclusi
3579 2154 3795 2218 erant,

519 2259 824 2320 exeuntes
862 2250 942 2311 de
986 2264 1259 2318 carcere,
1305 2243 1539 2306 reversi
1581 2247 1732 2303 sunt
1771 2242 2006 2322 singuli
2049 2261 2161 2323 per
2217 2243 2360 2304 loca
2425 2263 2561 2305 sua.
2605 2246 2882 2308 Audiens
2927 2246 3048 2309 hoc
3091 2247 3440 2329 imperator
3483 2251 3589 2334 (k),
3636 2257 3802 2334 quia

525 2363 860 2424 defunctus
902 2362 996 2417 est
1038 2351 1292 2428 Isacius,
1330 2350 1500 2410 misit
1539 2348 1942 2411 Theodorum
1991 2349 2327 2430 patricium
2372 2351 2740 2426 exarchum,
2774 2353 2876 2414 cui
2903 2361 3400 2433 cognomentum
3433 2359 3798 2444 CalliOppa,

407 2474 484 2535 15
527 2469 610 2532 ad
653 2462 993 2545 regendam
1037 2476 1290 2520 omnem
1336 2454 1606 2518 Italiam.

611 2577 768 2634 lt!
829 2565 985 2648 Ipsis
1054 2563 1448 2644 temporibus
1513 2561 1689 2623 venit
1758 2561 2042 2642 Pyrrhus
2084 2582 2160 2624 ex
2204 2565 2435 2639 Africa,
2485 2565 2593 2644 qui
2667 2566 2873 2627 fuerat
2939 2567 3306 2646 patriarcha
3346 2570 3806 2638 Constantino-

523 2679 869 2763 politanus,
913 2675 976 2735 in
1024 2672 1246 2733 urbem
1309 2673 1574 2732 Romam
1637 2669 1718 2730 ad
1783 2669 2011 2730 limina
2053 2671 2489 2750 aportolorum
2533 2671 2626 2752 (ι).
2675 2672 2794 2745 Qui
2836 2673 3154 2752 ingressus
3213 2675 3496 2737 libellum
3559 2679 3807 2745 obtulit

525 2805 667 2850 cum
714 2801 828 2845 sua
869 2776 1327 2858 subscriptione
1371 2775 1732 2856 apostolicae
1795 2779 2028 2837 nostra;
2071 2776 2236 2838 sedis
2279 2776 2345 2836 in
2389 2777 2727 2857 praesentia
2769 2779 2978 2840 cuncti
3043 2781 3195 2841 cleri
3237 2788 3302 2843 et
3345 2785 3587 2863 populi,
3634 2804 3800 2849 con-

523 2895 834 2956 demnans
875 2887 940 2949 in
981 2885 1205 2948 eodem
1250 2883 1463 2945 libello
1507 2881 1724 2944 omnia
1777 2900 1920 2962 quae
1964 2900 2002 2943 a
2044 2900 2109 2944 se
2169 2883 2268 2944 vel
2312 2902 2351 2944 a
2392 2883 2824 2946 decessoribus
2867 2886 2996 2946 suis
3039 2886 3276 2968 scripta
3318 2889 3417 2950 vel
3459 2897 3600 2952 acta
3639 2901 3802 2957 sunt

438 3005 476 3065 5
521 3000 818 3063 adversus
886 2991 1359 3055 immaculatam
1430 2994 1710 3050 nostram
1782 2987 1996 3048 ﬁdem.
2043 2989 2151 3049 His
2219 2987 2436 3069 itaque
2481 2989 2562 3050 ab
2607 3009 2680 3052 eo
2740 2991 3034 3070 peractis,
3080 2992 3231 3053 fecit
3302 3012 3446 3055 eum
3519 3015 3797 3062 munera

523 3123 786 3186 erogare
825 3101 891 3163 in
935 3098 1241 3180 populum
1291 3096 1416 3178 (m),
1461 3101 1525 3156 et
1584 3093 1954 3156 cathedram
1999 3095 2057 3156 ei
2100 3097 2253 3176 poni
2304 3095 2494 3174 juxta
2551 3096 2772 3170 altare,
2821 3096 3148 3159 honorans
3191 3117 3336 3160 eum
3384 3107 3452 3162 ut
3493 3105 3798 3168 sacerdo-

525 3218 653 3275 tem
697 3207 889 3288 regiaa
933 3204 1223 3278 civitatis,
1267 3204 1495 3263 Postea
1537 3219 1756 3261 rursus
1799 3218 1974 3262 more
2017 3201 2191 3262 canis
2246 3201 2327 3261 ad
2391 3203 2717 3283 proprium
2781 3203 3128 3284 impietatis
3170 3206 3476 3268 vomitum
3523 3211 3796 3289 repeda-

523 3318 615 3380 vit
656 3314 766 3396 (η).
812 3315 992 3375 Tunc
1032 3308 1462 3371 sanctissimus
1490 3306 1862 3368 Theodorus
1908 3325 2094 3386 papa,
2133 3325 2490 3372 convocans
2535 3308 2863 3370 universos
2905 3307 2983 3390 (0)
3031 3309 3402 3374 Sacerdotes
3443 3319 3507 3374 ct
3549 3315 3797 3377 clerum

521 3425 588 3486 in
629 3420 892 3484 ecclesia
932 3417 1104 3478 beati
1144 3415 1316 3477 Petri
1359 3414 1794 3495 apostolorum
1843 3413 2166 3494 principis,
2216 3413 2663 3474 condemnavit
2704 3433 2848 3475 eum
2903 3415 3020 3476 sub
3064 3416 3320 3478 vinculo
3365 3419 3802 3484 anathematis

403 3535 480 3594 10
514 3530 702 3610 juxta
745 3524 1096 3588 mercedem
1141 3541 1216 3584 ac
1259 3521 1743 3583 retributionem
1789 3520 2043 3600 proprie
2103 3520 2639 3598 transgressionis,
2687 3522 3058 3583 canonicam
3117 3541 3372 3602 poenam
3416 3525 3544 3587 sive
3588 3527 3798 3609 depo-

523 3637 816 3698 sitionem
861 3629 1176 3711 excipiens
1220 3629 1338 3710 (p).
1386 3627 1505 3700 Qui
1549 3627 1886 3707 praedictus
1928 3623 2208 3704 Pyrrhus
2254 3643 2537 3686 reversus
2581 3633 2676 3688 est
2718 3629 2783 3688 in
2831 3634 3040 3708 partes
3083 3629 3378 3691 Orientis.

606 3746 767 3801 128
811 3737 1046 3799 Eodem
1095 3741 1379 3814 tempore
1424 3733 1705 3794 relevata
1746 3737 1893 3792 sunt
1949 3749 2220 3810 corpora
2263 3737 2628 3793 sanctorum
2695 3740 3044 3814 martyrum
3095 3735 3306 3807 Primi,
3355 3742 3418 3798 et
3459 3738 3792 3818 Feliciani,

521 3866 663 3928 quae
707 3850 889 3907 erant
927 3845 992 3904 in
1037 3841 1328 3904 arenario
1372 3840 1644 3921 sepulta,
1691 3839 1794 3900 via
1837 3841 2261 3911 Numentana,
2308 3845 2371 3900 et
2414 3839 2691 3901 adducta
2732 3847 2883 3902 sunt
2924 3842 2988 3902 in
3035 3842 3257 3904 urbem
3305 3845 3597 3906 Romam.
3631 3847 3790 3920 Quae

521 3960 585 4015 et
624 3949 951 4014 recondita
992 3954 1140 4010 sunt
1181 3949 1248 4008 in
1291 3946 1554 4007 basilica
1594 3945 1766 4006 beati
1809 3943 2120 4024 Stephani
2177 3947 2660 4026 protomartyris
2703 3947 2815 4029 (q),
2862 3947 2972 4008 ubi
3013 3954 3078 4010 et
3137 3948 3308 4010 dona
3369 3951 3620 4025 obtulit,
3669 3974 3789 4034 ga-

517 4059 746 4120 bathas
789 4074 1013 4118 aureas
1055 4061 1204 4128 tres,
1251 4053 1500 4115 tabulas
1544 4071 1620 4113 ex
1665 4057 1930 4130 argento
1993 4055 2140 4111 ante
2202 4051 2685 4127 confessionem,
2733 4072 2917 4114 arcus
2980 4059 3317 4133 argenteos
3381 4055 3562 4119 duos.
3610 4061 3794 4130 Fecit

436 4170 474 4230 5
518 4165 846 4230 ecclesiam
888 4165 1074 4226 beato
1115 4161 1478 4232 Valentino,
1523 4159 1626 4220 via
1686 4157 2023 4230 Flaminia,
2063 4155 2252 4236 juxta
2295 4164 2553 4237 pontem
2601 4159 2885 4220 Milvium
2952 4178 2990 4220 a
3052 4160 3212 4234 solo,
3259 4179 3450 4241 quam
3495 4163 3628 4243 ipse
3672 4167 3790 4228 de-

516 4272 772 4346 dicavit,
817 4275 879 4332 et
921 4271 1090 4332 dona
1131 4268 1331 4329 multa
1373 4266 1624 4328 obtulit.
1673 4267 1846 4326 Fecit
1887 4263 2236 4326 oratorium
2303 4265 2490 4326 beato
2551 4266 2850 4326 Silvestro
2897 4265 2976 4348 (r)
3019 4267 3189 4328 intra
3230 4268 3616 4349 episcopium
3663 4275 3790 4334 La-

514 4385 869 4446 teranense,
917 4377 1028 4438 ubi
1068 4381 1132 4437 et
1173 4375 1342 4437 dona
1383 4375 1649 4453 largitus
1683 4378 1798 4433 est.
1831 4372 2004 4434 Fecit
2045 4377 2109 4432 et
2150 4373 2497 4432 oratorium
2543 4373 2730 4434 beato
2775 4373 2978 4453 Euplo
3026 4374 3288 4455 martyri
3332 4376 3484 4436 foris
3528 4384 3784 4456 portam

512 4487 681 4548 beati
723 4484 905 4546 Pauli
947 4484 1238 4564 apostoli,
1287 4482 1458 4563 quod
1501 4481 1692 4543 etiam
1733 4480 2007 4541 ornavit.

594 4599 760 4654 ηο
806 4590 876 4672 (ε)
918 4593 1096 4652 Tunc
1138 4589 1569 4652 sanctissimus
1610 4586 1982 4648 Theodorus
2046 4604 2215 4666 papa
2257 4586 2507 4666 scripsit
2550 4587 2745 4648 Paulo
2789 4587 3171 4668 patriarchae
3231 4589 3419 4668 regiae
3481 4589 3776 4691 civitatis,

510 4706 638 4762 tam
684 4717 915 4778 rogans
959 4716 1279 4778 quamque
1326 4694 1700 4775 regulariter
1741 4693 2097 4772 increpans,
2147 4711 2392 4754 necnon
2440 4712 2552 4773 per
2607 4695 3044 4775 apocrisarios,
3095 4701 3165 4757 ut
3206 4696 3446 4757 dictum
3491 4703 3605 4773 est,
3657 4719 3775 4779 pro

507 4807 630 4870 hoc
672 4805 946 4867 maxime
989 4804 1335 4866 destinatos
1377 4800 1859 4884 przesentialiter
1899 4799 2250 4861 admonens
2290 4805 2353 4861 et
2395 4806 2780 4876 contestans,
2827 4808 3145 4882 quatenus
3187 4803 3514 4884 proprium
3560 4823 3776 4868 emen-

505 4915 686 4976 daret
727 4915 1180 4987 commentum,
1226 4915 1416 4989 atque
1459 4909 1539 4970 ad
1582 4906 2000 4969 orthodoxam
2063 4905 2254 4966 ﬁdem
2317 4906 2645 4969 catholicae
2705 4909 2999 4970 Ecclesia;
3060 4915 3392 4972 remearet.
3438 4912 3516 4972 Et
3559 4930 3768 4992 neque

424 5020 461 5078 5
503 5025 820 5100 rogantes,
870 5035 1076 5098 neque
1144 5017 1544 5096 increpantes
1614 5018 1960 5095 potuerunt
2014 5031 2159 5074 eum
2205 5031 2244 5073 a
2285 5032 2399 5074 suo
2445 5015 2778 5078 conamine
2849 5035 3108 5098 quoquo
3180 5016 3368 5078 modo
3441 5035 3762 5081 revocare.

1519 5261 1772 5310 NOTULE
1812 5261 2202 5309 HARGINALES
2244 5261 2570 5310 FABROTTI.

405 5471 484 5536 (α)
515 5469 676 5533 Quod
707 5468 1023 5524 Mauricius
1054 5484 1186 5523 cum
1218 5468 1378 5523 omni
1410 5467 1664 5540 exercitu
1698 5467 1798 5523 tali
1847 5472 2215 5524 sacramenta
2263 5468 2375 5524 sibi
2425 5469 2673 5526 invicem
2723 5469 3042 5527 dedissent.
3119 5470 3197 5540 (b)
3228 5470 3292 5536 Β,
3325 5469 3451 5526 add.
3487 5469 3754 5527 Romani.

438 5555 656 5618 omnes
674 5557 735 5618 se
766 5542 854 5618 ad
873 5541 1026 5595 dona
1054 5544 1372 5618 verterunt.
1447 5539 1523 5618 ((1)
1561 5539 1685 5618 Vch
1723 5541 1904 5596 Baron
1936 5540 2004 5618 ad
2037 5559 2150 5618 ann
2178 5542 2399 5618 Domini
2427 5543 2564 5618 643._
2632 5544 2701 5618 te)
2737 5542 2960 5618 Rojam,
2997 5542 3059 5618 id
3079 5537 3185 5618 est
3205 5543 3532 5618 vinculum,
3585 5543 3661 5614 (Ῑ)
3692 5543 3754 5609 Β,

325 5609 544 5685 jatqs._
587 5609 756 5685 (g)_B,
792 5609 1109 5685 Tho‘masii.
1193 5613 1267 5680 (Ιι)
1315 5611 1694 5685 Ρῇοῃ-ᾃᾳειω
1749 5611 2115 5685 ρει-εραιεδίία
2171 5612 2485 5668 Ficode-nsis
2543 5613 2702 5669 hodie
2747 5609 2961 5685 Ce'rvia.
3039 5616 3106 5682 (ί)
3140 5616 3198 5680 C,
3234 5616 3542 5685 portarunt
3597 5609 3751 5685 eum.

533 5677 780 5766 ligiiilgs,
801 5755 837 5766 Α
858 5675 1268 5766 (ltitia/"latens;
1424 5681 1550 5766 νξιιε
1582 5682 1756 5736 Buron
1790 5683 1884 5766 ad!
1909 5701 2018 5766 (inn
2067 5684 2286 5766 Domini
2311 5686 2461 5766 614-5.“
2515 5684 2970 5766 (1n)_i_nﬁpppfulo.
3038 5675 3128 5766 in)
3163 5675 3458 5766 reversus...
3480 5755 3491 5766 _
3527 5686 3608 5766 (ολ
3635 5684 3757 5740 Vide

326 5741 1017 5875 gingiuaggggilgzéiini
1044 5753 1170 5804 648.
1246 5741 1415 5823 (ργά,
1450 5753 1790 5808 decernens.
1865 5757 1941 5822 (q)
1974 5755 2032 5808 in
2086 5760 2283 5809 monte
2330 5741 2531 5811 Coelio:
2597 5741 2675 5825 [(r)
2705 5741 3213 5823 CB,‘Sebastia'no.
3292 5757 3360 5828 (δ)
3396 5741 3745 5813 γίάἐιέανοη
