3950 6394
353 366 461 424 249

1155 368 1250 423 ΑΒ
1285 346 1721 435 ΑῄδτΑεῐυΜ
1760 367 2052 425 PROLEG(

2195 369 2278 424 NA
2312 369 2493 424 EDIT.
2535 365 2966 422 ROM.—VAT1C.

3669 365 3774 424 290

357 493 576 550 ritibus
599 493 894 562 sacriﬁcii,
925 494 1026 564 qui
1049 495 1165 564 jam
1201 494 1334 550 inde
1357 506 1391 550 a
1416 495 1625 565 primis
1657 494 2012 564 temporibus
2035 494 2093 552 A
2127 491 2233 549 40:
2291 513 2317 545 α
2366 493 2712 562 Scriptorem
2768 491 2914 547 forte
2956 505 3068 547 non
3101 491 3312 548 malum
3362 505 3504 548 esse.
3541 509 3566 542 ››
3618 490 3774 546 Alibi

355 586 690 652 coeperunt;
739 582 791 638 si
829 582 900 637 de
933 582 1408 638 ordinationibus
1443 583 1866 652 episcoporum,
1913 598 2014 638 sa-

356 671 674 741 cerdotum,
701 670 1100 740 diaconorum,
1125 670 1614 726 subdiaconorum
1637 676 1692 724 et
1715 669 2012 726 inferioris

355 757 518 824 cleri,
553 771 867 828 eorumque
897 759 1160 829 muniis;
1195 759 1246 814 si
1269 759 1338 814 de
1374 759 1646 829 reliquiis
1673 764 2008 828 martyrum,

354 845 428 901 de
464 846 827 902 invocatione
863 851 1216 908 sanctorum.
1262 847 1334 902 de
1359 845 1598 915 psalmis
1625 851 1681 900 et
1721 846 2014 900 orationi-

356 932 467 990 bus
501 935 564 989 in
587 933 844 990 Ecclesia
873 933 1106 988 recitari
1151 934 1378 1003 solitis;
1407 934 1456 988 si
1501 934 1574 989 de
1615 933 1772 988 varia
1803 934 2010 989 summi

359 1021 654 1090 pontiﬁcis
679 1021 991 1090 electione;
1020 1021 1071 1076 si
1090 1021 1160 1078 de
1191 1023 1477 1077 sexcentis
1498 1021 1638 1077 aliis
1662 1021 2010 1091 disciplinae.

356 1107 583 1164 rituum
641 1116 698 1163 et
751 1109 1084 1179 dogmatum
1149 1109 1674 1165 ecclesiasticorum
1723 1109 2015 1178 capitibus

359 1209 617 1268 agamus,
661 1196 1015 1266 reperiemus
1054 1195 1307 1266 profecto
1349 1199 1410 1253 in
1461 1198 1564 1253 hoc
1601 1196 1772 1252 Libro
1812 1197 2016 1252 Ponti-

361 1283 514 1339 ﬁcali
543 1283 695 1339 unde
731 1283 959 1339 cunctis
987 1284 1234 1340 satisﬁat
1263 1302 1276 1338 :
1323 1291 1647 1354 perspectos
1673 1284 2015 1340 habebimus

362 1371 764 1427 haereticorum
797 1385 1021 1428 errores
1060 1377 1116 1428 et
1158 1384 1568 1442 cognoscemus
1620 1373 1849 1442 quando
1881 1379 1938 1429 et
1981 1386 2015 1428 a

361 1461 577 1532 quibus
601 1461 860 1516 damnati
889 1461 1044 1532 sint;
1072 1461 1455 1518 conciliorum
1482 1461 1834 1532 generalium
1865 1469 2010 1533 acta,

360 1549 696 1620 pontiﬁcum
719 1550 970 1620 decreta,
999 1550 1348 1620 synodorum
1377 1549 1759 1606 nationalium
1784 1555 1842 1605 et
1873 1563 2015 1619 pro—

359 1637 700 1694 vincialium
727 1643 941 1694 statuta
965 1638 1398 1694 observabimus
1429 1656 1444 1707 ;
1485 1647 1541 1694 et
1565 1639 1782 1708 quibus
1827 1638 2014 1694 modis

359 1725 629 1782 Ecclesia:
667 1725 921 1796 regimen
947 1735 1077 1782 octo
1103 1727 1422 1796 primorum
1448 1726 1791 1782 saaculorum
1821 1727 2012 1796 spatio

2124 583 2356 652 fatetur,
2389 596 2456 636 eo
2485 587 2700 636 veteres
2729 581 3000 635 Ecclesiae
3031 581 3296 636 Romanae
3325 579 3552 636 tabulas
3581 579 3780 635 conti-

2123 671 2269 738 neri,
2296 669 2564 738 nihilque
2584 683 2650 724 eo
2676 669 2892 738 scripto
2919 668 3317 737 incorruptius
3335 669 3578 732 editum,
3604 666 3780 722 nihil-

2123 771 2233 826 que
2261 771 2293 811 a
2325 755 2456 812 falsi
2491 757 2818 826 suspicione
2843 756 3098 812 alienius
3131 757 3370 826 reperiri
3402 770 3585 826 posse.
3626 757 3782 810 Hanc

2121 845 2403 900 Blondelli
2457 844 2800 900 sententiam
2852 849 3085 900 secutus
3136 851 3224 898 est
3279 843 3616 911 Salmasius,
3675 843 3780 912 qui

2124 933 2336 989 fatetur
2365 948 2496 989 cum
2537 933 2850 1004 Blondello,
2898 939 3186 988 auctorem
3230 933 3396 1003 quasi
3444 932 3586 988 solis
3616 931 3782 987 radio

2124 1021 2449 1091 scripsisse,
2501 1035 2747 1092 quorum
2802 1022 3168 1083 sententiam.
3217 1021 3354 1077 dum
3399 1021 3458 1075 in
3505 1019 3784 1089 operibus

2126 1109 2454 1180 posthumis
2479 1110 2896 1165 Dissertatione
2927 1111 3036 1166 ide
3060 1111 3210 1165 serie
3241 1110 3624 1164 Romanorum
3650 1121 3785 1178 pon-

2126 1197 2369 1266 tiﬁcum,
2410 1199 2597 1268 capite
2656 1195 2743 1266 42,
2796 1197 3121 1268 improbare
3169 1196 3363 1254 studet
3412 1197 3779 1267 Pearsonius,

2125 1287 2404 1341 rationem
2438 1299 2594 1340 num.
2624 1284 2694 1340 42
2721 1285 2994 1342 adducit:
3026 1306 3052 1336 ‹‹
3084 1283 3232 1353 Quia
3260 1288 3462 1340 auctor
3487 1285 3612 1353 ejus
3634 1297 3784 1340 ano-

2126 1388 2330 1444 nymus
2354 1379 2411 1429 et
2433 1375 2690 1430 incertus
2711 1375 2858 1429 sexti
2883 1373 3080 1430 saeculi
3100 1373 3366 1444 scriptor,
3385 1377 3442 1427 et
3457 1378 3646 1428 status
3671 1373 3786 1442 pri-

2127 1461 2339 1516 mitivze
2368 1461 2637 1517 Ecclesia:
2668 1462 2906 1532 ignarus
2938 1460 3072 1517 fuit.
3110 1478 3136 1510 ››
3181 1461 3462 1532 Adjungit
3503 1459 3787 1516 nonnulla

2124 1564 2251 1619 quae
2292 1551 2672 1619 prmoccupati
2709 1550 2890 1604 animi
2943 1549 3160 1604 indicia
3210 1550 3453 1619 spirant,
3485 1555 3543 1603 et
3573 1561 3788 1604 aversae

2123 1637 2510 1708 religionibus
2541 1639 2763 1695 hostem
2804 1637 3096 1709 produnt:
3137 1638 3288 1692 unde
3317 1637 3530 1693 mirum
3563 1637 3786 1694 nemini

2122 1725 2434 1792 videbitur,
2455 1727 2606 1796 quod
2632 1726 2994 1781 narrationes
3027 1729 3087 1781 in
3111 1725 3281 1780 Libro
3306 1725 3628 1780 Pontiﬁcali
3654 1739 3793 1781 con-

359 1813 646 1879 constitit,
682 1812 852 1869 facile
873 1815 1268 1884 conjiciemus.
1303 1816 1384 1869 Ita
1410 1820 1475 1869 ut
1503 1814 1599 1870 vix
1630 1814 1810 1869 sciam
1853 1827 1925 1868 an
1951 1814 2010 1868 in
2044 1816 2096 1876 B
2124 1815 2420 1884 tentzeipsi
2439 1815 2810 1884 displiceant,
2830 1815 2980 1869 ritus
2995 1814 3260 1869 Romana:
3285 1813 3790 1868 Ecclesizeibidem

359 1905 477 1958 tota
502 1902 855 1972 antiquitate
893 1916 1040 1972 opus
1067 1902 1228 1958 aliud
1264 1903 1608 1974 reperiatur,
1639 1915 1708 1957 ex
1743 1915 1858 1973 quo
1894 1908 2011 1958 tam

359 1989 540 2046 multa
567 2003 635 2046 ac
671 2004 741 2046 ex
767 1989 939 2046 Libro
963 1989 1287 2046 Pontiﬁeali
1318 1990 1542 2046 addisci
1572 1990 1815 2060 possint.

427 2076 480 2132 9.
503 2079 690 2150 Atque
720 2078 837 2134 haec
867 2077 1156 2134 sufﬁciant
1185 2078 1255 2134 de
1282 2077 1441 2133 Libri
1473 2078 1828 2134 Pontitiealis
1862 2091 2013 2147 prae-

361 2167 578 2224 stantia
600 2171 658 2222 et
683 2167 1047 2237 auctoritate,
1082 2181 1255 2238 quam
1285 2165 1540 2223 haeretici
1570 2167 1682 2236 ipsi
1727 2180 1839 2222 non
1865 2179 2014 2220 con—

362 2257 722 2312 temnendam
757 2269 882 2312 esse
912 2255 1302 2312 declararunt.
1325 2254 1655 2310 Blondellus
1671 2255 1846 2324 enim,
1871 2255 2010 2310 dum

357 2349 557 2400 contra
588 2343 941 2399 Turrianum
979 2343 1186 2398 scribit
1215 2343 1285 2397 de
1319 2342 1585 2411 epistolis
1624 2341 2013 2397 decretalibus

359 2433 680 2504 primorum
728 2430 1092 2499 pontiﬁcum,
1133 2429 1396 2484 observat
1449 2430 1510 2484 in
1565 2429 2008 2499 prolegomenis,

359 2519 548 2588 capite
569 2515 658 2583 42,
691 2515 848 2572 Libri
882 2515 1237 2572 Pontiﬁcalis
1267 2516 1607 2584 scriptorem
1637 2515 1855 2570 vixisse
1883 2519 2014 2568 ante

359 2618 578 2661 annum
604 2603 1178 2674 septingentesimum
1207 2607 1264 2658 et
1300 2603 1472 2658 citari
1502 2617 1535 2658 a
1572 2623 1597 2655 cr
1627 2603 1797 2671 Beda,
1838 2608 2017 2657 Ama-

363 2693 512 2750 lario
539 2692 872 2756 Fortunato,
905 2687 1228 2746 Walafrido
1267 2690 1562 2761 Strabone,
1595 2697 1652 2746 et
1679 2690 1818 2747 aliis
1855 2691 2018 2747 Ana-

362 2780 544 2838 stasio
572 2777 1022 2834 Bibliothecario
1050 2777 1505 2849 antiquioribus.
1533 2797 1560 2828 »
1585 2779 1870 2851 Adjungit
1888 2794 2010 2851 cap.

2123 1902 2416 1958 exhibitos
2431 1909 2775 1971 contemnat,
2789 1903 3084 1957 doctrinas
3099 1902 3496 1971 sivedogmata
3520 1901 3795 1971 primiti—

2121 2005 2203 2045 vaa
2231 1991 2500 2046 Ecclesia:
2525 1991 2585 2046 in
2606 2004 2672 2046 eo
2702 2003 2970 2060 expressa
3002 1989 3278 2061 suggillet
3307 1996 3363 2044 et
3386 1990 3670 2059 repudiet.
3691 1989 3796 2045 Os-

2123 2080 2417 2136 tendimus
2459 2093 2594 2136 sane
2618 2093 2686 2134 ex
2717 2079 2933 2150 quibus
2973 2078 3234 2135 fontibus
3259 2091 3324 2134 ea
3351 2091 3477 2148 quae
3518 2079 3580 2132 in
3613 2077 3795 2134 Libro

2123 2168 2447 2224 Pontiﬁcali
2463 2169 2792 2232 traduntur,
2811 2168 3110 2236 desumpta
3123 2167 3261 2222 sint.
3286 2168 3368 2221 Ex
3385 2165 3598 2236 quibus
3617 2165 3796 2222 facile

2125 2256 2374 2325 quisque
2397 2256 2704 2324 discernet,
2736 2255 3102 2310 Pearsonium
3129 2255 3364 2310 humani
3390 2254 3527 2325 quid
3552 2267 3792 2324 passum

2125 2357 2270 2412 esse,
2302 2344 2441 2398 dum
2468 2348 2668 2398 contra
2699 2342 2857 2396 Libri
2891 2342 3247 2397 Pontiﬁcalis
3277 2349 3568 2398 auctorem
3600 2343 3800 2398 insur-

2124 2432 2231 2502 git,
2255 2443 2423 2500 quem
2445 2430 2583 2484 dum
2607 2429 2816 2484 saeculo
2840 2430 3085 2498 septimo
3109 2429 3412 2498 scripsisse
3428 2429 3639 2486 fatetur
3661 2443 3799 2486 me—

2125 2517 2244 2574 lius
2269 2519 2340 2573 de
2370 2518 2623 2572 Romana
2641 2515 2918 2585 Ecclesia,
2948 2516 3188 2586 ejusque
3215 2515 3552 2588 disciplina,
3571 2518 3799 2576 ritibus

2122 2611 2180 2662 et
2209 2606 2319 2661 ﬁde
2351 2605 2700 2660 instructum
2730 2603 2934 2667 fuisse,
2963 2617 3134 2674 quam
3163 2604 3496 2659 novissimis
3529 2605 3622 2660 his
3642 2614 3794 2663 tem-

2127 2693 2369 2763 poribus
2393 2698 2576 2762 natos,
2596 2705 2904 2764 agnoscere
2922 2691 3236 2747 debuisset.
3262 2693 3448 2762 Atque
3468 2693 3575 2748 hoc
3600 2708 3796 2752 meum

2125 2780 2196 2836 de
2226 2780 2397 2836 Libro
2428 2779 2750 2836 Pontiﬁcali
2777 2779 3069 2849 judicium
3101 2785 3208 2835 est.

1305 3121 2018 3228 FRANCISCI‘
2127 3121 2853 3224 BLANCHINI

1599 3317 1946 3387 BREVIS
2039 3313 2543 3385 APPENDIX

365 3473 460 3531 AD
512 3471 1109 3531 DISSERTATIONEM
1161 3473 1610 3530 EMMANUELIS
1664 3474 1709 3530 A
2341 3475 2432 3528 DE
2488 3472 2808 3542 ANTIQUIS
2863 3467 3308 3526 ROMANORUM
3361 3464 3785 3523 PONTIFICUM

781 3790 1147 3848 SECTIONES
1164 3793 1587 3849 APPENDICIS.

366 3935 410 3986 Ι.
443 3935 717 3996 Appendix
748 3932 860 3996 haec
884 3935 1078 3996 duplici
1096 3935 1310 3983 inservit
1327 3937 1695 3994 dissertationi,
1714 3938 1824 3983 tum
1854 3933 2020 3981 Sche-

425 3995 734 4046 lestratianaa
760 3995 863 4056 iam
879 3995 1062 4054 allatae,
1095 3999 1204 4045 tum
1224 4001 1412 4046 nostra}
1430 4011 1552 4046 mox
1583 3997 1852 4044 afferendae
1871 3999 1922 4043 et
1941 3996 2020 4041 in-

429 4059 632 4130 scriptae
653 4057 1419 4130 deﬂorn‘anor’umyontiticum
1442 4060 1721 4130 catalogis.
1737 4084 1795 4090 —
1820 4057 1894 4130 il.‘
1913 4057 2020 4102 Au-

429 4117 639 4186 ctoritas
673 4119 811 4186 Libri
847 4119 1160 4186 Pontiﬁcalis
1193 4123 1384 4183 petitur
1415 4121 1835 4186 potissimumex
1865 4117 2021 4162 docu-

427 4182 616 4243 mentis
645 4181 998 4243 autographis,
1033 4182 1120 4231 illa
1149 4177 1296 4232 nitate
1326 4177 1557 4230 nondum
1585 4177 1886 4243 deperditis,
1919 4187 2020 4243 qua

431 4242 588 4292 Liber
617 4244 728 4298 iste.
761 4235 1016 4292 seu-Vitae
1047 4245 1100 4292 in
1135 4247 1319 4293 eodem
1349 4243 1580 4290 collectae
1619 4235 2022 4298 contexebantur

428 4304 494 4353 ab
518 4295 735 4354 oculatis
748 4306 953 4354 illorum
974 4311 1266 4367 temporum
1284 4300 1687 4367 inspectoribus.
1713 4323 1775 4367 _--
1799 4295 1888 4344 ΙΙΙ.
1917 4296 2022 4367 {kn-

427 4367 574 4430 tiqua
601 4368 836 4430 exempla
863 4367 1006 4430 Libri
1045 4361 1386 4430 P‘ontiﬁcalis;
1417 4364 1590 4430 utpote
1604 4361 2021 4430 aetate‘proxima

429 4420 626 4478 eisdem
655 4420 982 4490 documentis
1001 4425 1356 4486 autographis,
1378 4420 1617 4490 supplent
1639 4420 2021 4490 quodammodo

429 4492 576 4540 vices
587 4490 888 4537 earumdem
902 4481 1426 4534 documentorum.——
1440 4481 1513 4530 IV
1524 4521 1536 4532 .
1565 4482 1838 4530 Var-iantes
1850 4481 2023 4528 lectio-

431 4565 525 4600 nes
558 4551 800 4599 codicum
827 4549 1165 4595 vetustiorum
1199 4546 1355 4593 editio
1379 4549 1554 4592 nostra
1569 4544 1942 4604 complectitur.
1959 4569 2024 4580 —-

429 4611 504 4661 ν.
531 4611 824 4672 Antiquitas
845 4609 1180 4672 codicum_ex
1196 4606 1418 4672 filiorum
1447 4607 1712 4667 scriptura:
1727 4607 2023 4672 specimini-

429 4674 532 4723 bus
551 4667 933 4732 comprobatur.
950 4695 1017 4732 -ν
1035 4667 1134 4718 VI.
1154 4669 1354 4732 Idcirco
1375 4667 1574 4732 fuerant
1589 4671 1704 4716 ante
1726 4672 1872 4715 notas
1915 4667 2022 4732 tunc

431 4729 718 4798 specimiija
748 4731 1081 4798 proferenda.
1107 4755 1168 4766 —-
1211 4729 1329 4798 ΥΠ.
1372 4730 1450 4798 Pe
1484 4735 1702 4798 utroque
1737 4731 2022 4798 spccimine

432 4791 628 4846 codicis
661 4791 974 4856 Farnesianii,
1006 4794 1176 4856 priore
1203 4793 1308 4856 jam
1339 4791 1492 4840 allato
1546 4797 1597 4840 et
1621 4791 1782 4856 altero
1805 4791 2023 4856 moraf-

430 4859 738 4908 ferendo.—
761 4855 908 4916 VIII,
930 4853 1021 4913 IX,
1043 4855 1106 4903 Χ.
1133 4853 1406 4916 Specimen
1429 4855 1718 4916 donationis
1739 4853 2025 4903 Caroli-Ma-

436 4923 526 4982 gni
559 4935 620 4970 ex
655 4915 968 4982 Farnersia’no
985 4915 1348 4982 codice’ferme
1369 4916 1549 4982 aequali
1572 4915 1761 4982 stimulo
1791 4917 2025 4982 donatio-

434 4977 516 5032 nis
547 4983 770 5031 indicata
798 4981 863 5030 de
890 4994 1044 5029 causa.
1073 4979 1296 5028 maximo
1324 4979 1376 5026 in
1410 4980 1574 5038 pretio
1605 4977 1917 5034 habendum,
1942 4978 2024 5024 hic

436 5045 708 5093 exhibetur
730 5071 788 5078 —
807 5043 903 5094 XI.
939 5043 1237 5104 Specimina
1257 5041 1524 5104 scripturae
1537 5040 1768 5104 duorum
1787 5041 2026 5104 codicum

2049 3792 2098 3853 C

2193 3806 2254 3840 ex
2291 3791 2625 3842 Florentinis.
2661 3818 2721 3828 —
2757 3790 2897 3838 XIX.
2938 3790 3230 3852 Antiquitas
3261 3787 3458 3852 codicis
3489 3786 3795 3852 Farnesiani

2193 3854 2561 3913 comprobatur
2593 3855 2748 3902 etiam
2787 3867 2848 3900 ex
2880 3849 3192 3910 imaginibus
3241 3851 3440 3912 aliquot
3476 3849 3786 3913 pontiﬁcum

2192 3909 2385 3962 ibidem
2419 3915 2655 3972 depictis,
2689 3915 2939 3974 praecipue
2971 3909 3035 3960 ex
3059 3913 3288 3974 imagine
3321 3909 3378 3960 ὃ.
3413 3909 3557 3974 Pauli
3579 3922 3724 3971 papa:
3748 3909 3791 3969 Ι,

2193 3977 2456 4021 simillima
2489 3973 2771 4033 picturisin
2800 3974 3012 4021 basilica
3045 3973 3098 4020 S.
3125 3974 3270 4021 Pauli
3311 3975 3496 4021 seriem
3519 3973 3790 4020 Romano-

2192 4049 2308 4081 rum
2342 4037 2639 4093 pontilicum
2677 4035 3054 4080 exhibentibus.
3098 4060 3157 4068 ——
3199 4035 3316 4080 XX.
3355 4037 3483 4092 Quae
3513 4036 3700 4082 desunt
3731 4034 3790 4082 in

2192 4096 2372 4141 codice
2417 4095 2731 4157 Farne-siano
2759 4095 2985 4157 suppleri
3039 4099 3258 4154 possunt
3303 4109 3396 4155 per
3429 4097 3527 4144 alia
3556 4096 3789 4157 genuina

2190 4157 2517 4212 documenta,
2543 4156 2612 4202 uti
2645 4156 2876 4216 proxima
2908 4156 3198 4204 dissertatio
3249 4159 3504 4205 ostendet.

2202 4406 2243 4459 Ι.
2271 4402 2656 4474 Appendicem
2699 4408 2950 4458 attexere
2987 4415 3099 4458 non
3131 4401 3408 4474 gravabor
3435 4405 3591 4460 docti
3635 4421 3802 4476 prae-

2131 4493 2282 4549 sulis
2309 4491 2706 4548 dissertationi
2745 4493 2810 4545 de
2835 4491 3100 4560 Antiquis
3139 4496 3509 4548 Romanorum
3551 4495 3789 4566 Pontiﬁ—

2131 4599 2250 4637 cum
2272 4582 2566 4649 Cutalogis,
2591 4595 2716 4652 qua:
2744 4580 3136 4636 lucubrationi
3159 4581 3331 4636 etiam
3357 4587 3563 4638 nostris
3591 4585 3792 4642 eodem

2129 4673 2202 4727 de
2231 4677 2566 4742 argumento
2597 4670 2956 4739 conscriptae,
2989 4675 3046 4724 et
3077 4670 3337 4739 proximo
3370 4669 3494 4726 loco
3535 4671 3794 4729 aﬁ‘eren—

2131 4761 2237 4829 dae,
2272 4773 2384 4814 non
2428 4759 2540 4814 erit
2571 4759 2979 4828 inopportuna.
3007 4758 3078 4812 Ut
3105 4758 3257 4812 enim
3292 4764 3576 4828 postremo
3606 4762 3791 4830 capiti

2133 4849 2377 4904 laudata:
2404 4847 2836 4902 dissertationis
2865 4852 2995 4915 apte
3026 4847 3368 4914 respondent
3396 4860 3460 4901 ea
3483 4862 3609 4917 quae
3641 4849 3792 4905 hanc

2135 4938 2196 4992 in
2227 4938 2560 4991 mantissam
2591 4935 2914 5004 referimus,
2950 4935 3030 4989 ita
3069 4949 3178 4990 non
3211 4935 3402 4989 minus
3432 4937 3789 4994 commodam

2131 5026 2281 5080 viain
2315 5025 2589 5080 muniunt
2615 5025 2682 5078 ad
2717 5023 2820 5078 illa
2851 5023 3082 5092 planius
3109 5023 3463 5092 pervadenda
3493 5038 3619 5093 qua:
3649 5039 3790 5080 con-

438 5107 854 5185 Ψοῗθηίίηοεὶλέθ
881 5101 1358 5185 salutatam“?
1389 5101 2104 5185 Μδῖθίῗ.ι¹ν9¹’ίο¹”ί¹ζ¹¹⁸ξιά·1)
2137 5115 2421 5185 gessimus
2493 5115 2550 5168 in
2609 5111 2953 5183 opusculum
3005 5113 3263 5181 proxime
3314 5118 3783 5167 consecuturum.

437 5170 644 5216 duntur.
667 5196 726 5204 -—
746 5167 867 5222 X11.
887 5167 1035 5226 XIII,
1073 5166 1211 5214 XIV.
1239 5165 1384 5212 zEtas
1421 5163 1712 5211 vetustioris
1745 5177 1807 5209 ex
1827 5164 2026 5210 duobus

440 5230 748 5279 Florentinis
769 5228 1032 5277 codicibus
1051 5227 1347 5276 memoratis
1365 5227 1729 5285 comprobatur
1745 5239 1949 5286 quoque
1967 5239 2026 5272 ex

442 5292 679 5352 catalogo
717 5292 1016 5340 Antistitum
1047 5289 1500 5352 Neapolitanorum
1549 5287 1603 5334 in
1655 5285 1832 5334 eadem
1867 5285 2027 5352 ferme

439 5349 673 5414 tempora
694 5354 998 5414 desinente,
1035 5353 1099 5400 ad
1133 5349 1572 5414 quareret-untur
1613 5352 1884 5414 postrema:
1911 5349 2030 5414 _vit33

440 5410 598 5467 hujus
627 5413 771 5462 Libri
793 5414 1132 5464 Pontiﬁcalis.
1149 5410 1342 5462 L—XV.
1375 5410 1650 5467 Catalogus
1674 5411 1758 5458 ille
1792 5411 1855 5458 ad
1879 5411 2030 5457 chro-

443 5429 512 5462 nn
539 5429 598 5460 us
627 5429 771 5462 μων]
793 5429 1132 5464 ronnncans.
1153 5429 1309 5460 —-AV
1329 5452 1342 5462 .
1375 5429 1650 5467 batawgus
1674 5429 1758 5458 uie
1792 5429 1855 5458 au
1879 5429 2030 5457 curo-

443 5429 702 5532 noIogiam
714 5476 1010 5536 pontificum
1030 5475 1466 5536 comprobandam
1482 5473 1758 5536 admodum
1782 5472 2032 5536 UIIIIleiO

441 5535 800 5598 proferturf—
819 5537 964 5590 XVI.
993 5535 1308 5596 Desumptus
1333 5535 1519 5598 dicitur
1543 5550 1601 5581 ex
1627 5535 1851 5598 llistoria
1874 5535 2031 5598 Joan-

443 5594 524 5644 his
542 5594 778 5644 Diaconi.
801 5625 860 5632 —
885 5598 1054 5646 XVII.
1072 5594 1347 5658 Speeimen
1372 5597 1649 5644 litterarum
1671 5597 1902 5655 ejusdem
1927 5597 2030 5644 Ca-

440 5658 622 5718 talogi.
656 5658 927 5710 -XVIII.
963 5661 1238 5720 Specimen
1263 5658 1570 5707 characteris
1598 5659 1792 5706 codicis
1814 5658 2028 5704 secundi

2135 5204 2320 5272 Quare
2347 5203 2491 5258 hanc
2520 5203 2889 5271 appendicem
2919 5201 3153 5270 utrique
3169 5199 3564 5256 dissertationi
3599 5200 3792 5256 inter-

2139 5292 2433 5347 serendam
2491 5290 2677 5344 suasit
2727 5288 3054 5344 communis
3107 5288 3387 5343 utilitatis
3439 5289 3606 5356 ratio,
3661 5304 3790 5360 quae

2139 5393 2309 5434 unam
2341 5386 2397 5433 et
2425 5378 2660 5433 alteram
2700 5376 3037 5447 attingebat.

2209 5470 2274 5523 II.
2308 5465 2754 5522 Schelestratius
2797 5467 2984 5534 capite
3016 5479 3165 5520 nono
3209 5479 3326 5520 suae
3356 5463 3790 5519 dissertationis

2138 5569 2171 5610 a
2202 5555 2387 5624 primo
2420 5567 2655 5609 numero
2680 5553 2748 5608 ad
2787 5553 2840 5618 6,
2867 5553 3034 5608 docet
3057 5565 3122 5606 ea
3145 5565 3274 5620 qua:
3305 5551 3364 5606 in
3392 5550 3561 5606 Libro
3581 5550 3794 5605 Ponti—

2138 5644 2289 5700 ﬁcali
2321 5648 2662 5698 enarrantur
2690 5655 2722 5694 a
2759 5641 2820 5694 B.
2851 5641 3014 5695 Petro
3049 5640 3117 5694 ad
3145 5629 3497 5708 Zachariam,
3547 5638 3795 5694 desum—
