3934 6436
323 363 446 430 ’139
1483 352 1872 415 ANASTASI

2213 353 2606 416 THECARII.
3633 353 3766 418 ’740

494 492 799 556 conﬁteri.
872 491 1007 560 Qua
1079 487 1157 546 de
1228 504 1293 546 re
1362 485 1725 565 hujusmodi
1797 488 2173 566 pravitatem
2245 506 2424 548 suam
2497 487 2864 560 defendens,
2912 487 3083 567 quod
3151 504 3482 567 nunquam
3554 505 3670 548 nec
3715 505 3771 548 ε.

379 607 454 665 10
498 598 810 680 prioribus
855 591 1163 654 hareticis
1207 599 1662 672 prasumptum
1711 600 1823 665 est,
1874 593 2006 673 ipse
2051 594 2114 652 in
2160 593 2265 653 lite
2312 594 2394 672 (a)
2439 613 2821 673 prasumere
2865 592 3106 654 studuit
3145 593 3211 654 in
3257 597 3502 653 tantum
3535 591 3647 673 (b),
3687 598 3774 654 ut

496 708 693 768 altare
736 706 969 762 sancta
1014 705 1246 760 nostra
1290 698 1476 772 sedis,
1523 699 1694 778 quod
1739 706 1877 760 erat
1919 701 1982 760 in
2028 700 2218 760 domo
2263 700 2557 761 Placidia
2603 706 2919 762 sacratum
2964 701 3027 761 in
3087 699 3436 761 venerabili
3497 700 3777 761 oraculo

496 813 887 883 subvertens,
933 807 1257 887 diriperet,
1333 806 1678 886 prohibens
1749 826 1826 867 ne
1897 807 2287 868 adorandam
2362 813 2423 868 et
2493 808 2972 869 immuculatam
3045 807 3317 868 hostiam
3392 805 3782 887 apocrisarii

500 918 696 981 nostri
741 914 974 977 ibidem
1018 916 1146 974 Deo
1191 911 1416 973 offerre
1459 911 1731 986 valeant,
1784 931 1898 974 nec
1943 913 2408 974 communionis
2450 919 2848 976 sacramenta
2891 912 3267 994 percipiant.
3303 913 3421 984 Qui
3464 912 3787 974 videlicet

498 1023 868 1108 apocrisarii
910 1041 987 1082 ex
1031 1019 1454 1100 praceptione
1499 1019 2211 1100 apostolaauctoritatis
2269 1029 2750 1082 commoverunt
2810 1040 2976 1096 eum,
3028 1027 3097 1081 ut
3162 1021 3240 1081 de
3307 1020 3416 1080 tali
3460 1019 3782 1081 haretico

379 1141 449 1199 15
498 1135 740 1196 intentu
791 1127 1128 1190 recederet.
1176 1127 1432 1186 Necnon
1477 1131 1539 1186 et
1582 1126 1922 1186 contestari
1968 1126 2082 1186 visi
2127 1132 2274 1187 sunt
2317 1125 2417 1208 (ε),
2467 1127 3011 1206 persecutionibus
3080 1126 3342 1188 diversis
3401 1144 3545 1187 cum
3619 1126 3785 1188 aliis

495 1237 869 1302 orthodoxis
929 1235 1100 1306 viris,
1166 1240 1228 1293 et
1287 1232 1753 1293 venerabilibus
1825 1233 2258 1295 sacerdotibus
2327 1235 2644 1295 insecutus
2689 1239 2783 1295 est
2827 1253 2932 1295 eos
2999 1232 3112 1314 (ἄ),
3159 1233 3469 1314 quosdam
3538 1251 3777 1294 eorum

497 1345 798 1409 custodia
845 1341 1193 1412 retrudens,
1243 1339 1400 1400 alios
1444 1339 1504 1398 in
1552 1339 1842 1399 exsilium
1887 1340 2254 1419 deportans,
2313 1340 2471 1401 alios
2527 1359 2738 1401 auzem
2806 1339 3175 1402 verberibus
3217 1339 3613 1401 committens
3659 1337 3780 1419 (ε).

499 1453 740 1528 Quibus
785 1468 945 1530 pene
988 1465 1238 1508 omnem
1289 1445 1593 1506 mundum
1639 1446 2166 1506 conturbantibus
2209 1465 2286 1507 ex
2330 1447 2592 1508 diversis
2634 1447 2789 1508 locis
2832 1447 3154 1526 querelam
3219 1451 3441 1508 contra
3501 1465 3609 1508 eos
3679 1445 3782 1506 ad

496 1559 908 1642 apostolicam
955 1561 1232 1616 nostram
1305 1553 1516 1613 sedem
1589 1553 1846 1632 plurimi
1915 1553 2256 1615 orthodoxi
2326 1554 2622 1615 detulisse
2693 1560 3152 1617 monstrantur.
3199 1552 3640 1633 Conjurantes,
3692 1559 3785 1614 ut

375 1673 455 1733 20
499 1669 693 1731 totius
737 1663 994 1725 malitia
1043 1668 1359 1739 tantaque
1403 1661 1745 1720 eversionis
1790 1678 1900 1739 per
1943 1661 2354 1740 apostolicam
2400 1661 2840 1722 auctoritatem
2884 1659 3260 1721 abscindant
3304 1659 3384 1740 (ί)
3435 1678 3781 1721 commen-

500 1783 633 1838 tum
685 1791 700 1834 :
747 1777 1058 1852 quatenus
1102 1767 1359 1828 minime
1405 1767 1596 1828 totius
1642 1785 1871 1847 corpus
1892 1766 1976 1848 (g)
2021 1766 2351 1828 catholica
2398 1768 2694 1830 Ecclesia
2738 1766 3027 1852 nocibilis
3070 1785 3290 1829 eorum
3332 1765 3786 1847 ectheseos(h)

500 1884 773 1961 languor
813 1877 1208 1956 disrumpere
1252 1873 1482 1934 valeat.

585 1995 740 2049 ιιι
817 1985 994 2048 Tunc
1060 1981 1369 2042 Martinus
1439 1979 1871 2041 sanctissimus
1941 1998 2014 2040 ac
2083 1980 2481 2040 beatissimus
2551 1979 2882 2060 episcopus
2945 1980 3134 2056 misit,
3211 1986 3272 2042 et
3355 1979 3790 2060 congregavit.

500 2097 829 2177 episcopos
873 2091 935 2150 in
983 2088 1203 2150 urbem
1251 2090 1513 2148 Romam
1581 2105 1844 2148 numero
1907 2095 2158 2147 centum
2223 2094 2286 2147 et
2347 2087 2649 2166 quinque,
2698 2092 2760 2147 et
2821 2087 2969 2148 fecit
3037 2088 3347 2166 synodum
3413 2086 3779 2148 secundum

501 2203 859 2264 institutum
908 2197 978 2278 (ι’)
1019 2197 1278 2256 Patrum
1352 2193 1849 2254 orthodoxorum
1911 2193 1974 2253 in
2047 2194 2310 2254 ecclesia
2379 2193 2727 2255 Salvatoris
2786 2193 2974 2274 juxta
3045 2194 3431 2274 episcopium
3502 2196 3784 2254 Latera-

502 2317 716 2362 nense.
792 2293 1167 2358 Sedentibus
1259 2291 1566 2370 episcopis
1646 2296 1708 2350 et
1779 2291 2181 2370 presbyteris,
2249 2291 2600 2351 astantibus
2670 2291 2951 2353 diaconis
3035 2297 3098 2352 et
3181 2292 3348 2354 clero
3434 2291 3776 2365 universo,
3845 2290 3854 2296 ’

419 2411 456 2468 5
503 2405 1085 2468 condemnaverunt
1157 2398 1385 2476 Cyrum
1475 2396 2000 2470 Alexandrinum,
2077 2398 2388 2476 Sergium,
2458 2398 2772 2476 Pyrrhum
2859 2403 2921 2458 et
3009 2397 3273 2458 Paulum
3366 2397 3786 2478 patriarchas

501 2505 1256 2586 Constantinopolitanos,
1306 2503 1416 2582 qui
1485 2503 1798 2562 novitates
1867 2509 2090 2564 contra
2160 2503 2634 2564 immaculatam
2707 2503 2895 2563 fidem
2969 2510 3512 2582 prasumpserunt
3580 2505 3784 2567 inne-

502 2627 691 2682 ctere.
766 2614 1011 2694 Quippe
1081 2609 1384 2690 quoniam
1455 2609 1655 2689 ipsam
1729 2609 2066 2670 excludere
2136 2616 2551 2689 properantes
2612 2609 3058 2670 haereticorum
3121 2611 3489 2688 dogmatum
3537 2620 3790 2673 contra

502 2723 881 2788 catholicam
908 2719 1021 2781 Dei
1063 2717 1405 2778 Ecclesiam
1451 2717 1883 2777 confusionem
1929 2715 2470 2777 concinnaverunt
2502 2714 2589 2796 (λ’),
2618 2715 3042 2777 anathematis
3088 2716 3328 2779 ultione
3374 2717 3651 2796 perculsi
3675 2717 3786 2798 (Ic)

503 2837 650 2895 sunt
689 2828 785 2911 (l).
831 2828 982 2900 Qua
1055 2823 1333 2905 synodus
1402 2823 1591 2884 hodie
1661 2823 1917 2884 archivo
1987 2823 2282 2885 Ecclesia
2353 2823 2735 2884 continetur.
2783 2825 2863 2884 Et
2921 2823 3160 2884 faciens
3221 2823 3612 2903 exemplaria
3656 2842 3790 2905 per

385 2946 462 3006 10
501 2956 722 3004 omnes
792 2938 1028 2996 tractus
1099 2930 1372 2993 Orientis
1442 2935 1504 2992 et
1575 2929 1927 2991 Occidentis
1996 2929 2248 3004 direxit,
2295 2935 2360 2991 et
2426 2947 2540 3010 per
2611 2947 2838 2992 manus
2907 2929 3414 2992 orthodoxorum
3477 2929 3783 2993 ﬁdelium

505 3040 959 3109 disseminavit.
1033 3037 1191 3119 Ipsis
1260 3036 1481 3098 diebus
1551 3036 1779 3098 direxit
1845 3037 2196 3118 imperator
2283 3037 2348 3097 in
2422 3036 2671 3098 Italiam
2732 3036 3096 3118 Olympium
3167 3036 3626 3098 cubicularium
3705 3043 3787 3100 et

504 3151 848 3218 exarchum
894 3145 976 3209 ad
1017 3143 1360 3224 regendam
1405 3161 1658 3205 omnem
1730 3143 2008 3218 Italiam,
2054 3143 2428 3224 pracipiens
2499 3148 2562 3204 et
2620 3143 2837 3205 dicens
2885 3160 2899 3204 :
2947 3145 3210 3224 Oportet
3279 3143 3547 3222 gloriam
3593 3149 3783 3206 tuam

506 3269 576 3326 ut
617 3261 780 3324 sicut
821 3256 1002 3319 nobis
1057 3252 1364 3334 suggessit
1433 3251 1672 3313 Paulus
1740 3251 2107 3332 patriarcha
2168 3251 2358 3332 hujus
2403 3270 2440 3312 a
2482 3253 2610 3314 Deo
2673 3251 3127 3314 conservanda
3193 3251 3369 3314 urbis
3434 3269 3776 3333 peragere.

507 3373 586 3432 Et
655 3369 705 3429 si
776 3364 1033 3447 quidem
1104 3359 1418 3421 inveneris
1490 3358 1884 3439 provinciam
1954 3359 2158 3438 ipsam
2229 3357 2726 3420 consentientem
2797 3358 2862 3419 in
2933 3363 3085 3439 typo
3147 3377 3187 3420 a
3230 3357 3413 3420 nobis
3478 3359 3781 3439 exposito

387 3481 462 3541 15
506 3483 723 3540 tenere
765 3489 1006 3544 omnes,
1053 3467 1165 3548 qui
1206 3466 1294 3528 ibi
1335 3471 1504 3540 sunt,
1553 3465 1902 3545 episcopos,
1951 3471 2015 3526 et
2057 3465 2390 3526 hareticos
2431 3483 2863 3544 possessorum
2910 3464 3016 3546 (γη)
3059 3469 3250 3546 atque
3309 3465 3779 3541 habitatorum,

509 3591 574 3649 et
615 3580 1001 3664 peregrinos,
1077 3581 1141 3636 et
1209 3575 1276 3635 in
1340 3573 1560 3634 eodem
1635 3571 2037 3634 subseribant
2081 3571 2188 3653 (η).
2237 3572 2305 3633 Si
2347 3577 2558 3632 autem
2605 3570 2924 3651 quomodo
2968 3571 3151 3632 nobis
3192 3571 3502 3652 suggessit
3539 3571 3782 3634 Platon

512 3692 822 3774 gloriosus
867 3683 1191 3768 patricius,
1220 3687 1282 3743 et
1324 3680 1682 3761 Eupraxius
1724 3679 2059 3758 gloriosus,
2095 3679 2425 3760 potueritis
2456 3678 2722 3740 suadere
2765 3679 3068 3740 exercitui
3112 3679 3345 3740 ibidem
3375 3679 3780 3753 consistenti,

501 3802 802 3882 jubemus
847 3792 1046 3855 teneri
1090 3789 1456 3864 Martinum,
1504 3788 1613 3868 qui
1659 3788 1759 3848 hic
1802 3793 1938 3847 erat
1979 3787 2402 3867 apocrisarius
2445 3787 2508 3846 in
2557 3787 2730 3866 regia
2794 3788 2970 3847 urbe.
3018 3790 3096 3848 Et
3163 3787 3567 3866 postmodum
3631 3804 3781 3847 om-

511 3928 622 3970 nes
666 3903 958 3966 ecclesias
1002 3899 1282 3976 relegere
1326 3916 1496 3971 eum,
1541 3896 1691 3975 quia
1735 3895 1938 3955 factus
1983 3901 2076 3954 est
2119 3913 2156 3954 a
2199 3893 2383 3954 nobis
2429 3892 2824 3954 orthodoxus
2869 3899 3078 3972 typus,
3125 3899 3189 3952 et
3230 3910 3450 3953 omnes
3493 3889 3783 3972 episcopi

389 4021 469 4081 20
511 4013 711 4076 Italia
754 4011 818 4070 in
863 4009 1001 4088 ipso
1045 4003 1464 4066 subscribant.
1513 4003 1580 4065 Si
1623 4007 1835 4066 autem
1880 4001 2251 4063 inveneritis
2295 3999 2374 4081 (0)
2419 4001 2809 4061 contrarium
2875 3999 2938 4059 in
2997 3998 3111 4060 tali
3171 4016 3361 4059 causa
3426 3997 3778 4058 exercitum

511 4122 772 4186 tacitum
833 4115 1160 4187 hahetote,
1208 4112 1408 4172 donec
1470 4110 1868 4171 obtinueritis
1914 4108 1999 4191 (p)
2045 4108 2476 4189 provinciam;
2524 4113 2588 4168 et
2657 4106 2987 4187 potueritis
3055 4107 3233 4167 vobis
3294 4105 3638 4167 exercitum
3687 4104 3778 4185 (q)

510 4243 882 4310 aggregare,
931 4229 1143 4284 tamen
1189 4221 1489 4280 Romana
1535 4216 1806 4277 civitatis
1851 4223 2043 4296 atque
2087 4215 2469 4276 Ravennatis
2514 4213 2614 4295 (r),
2665 4221 2735 4274 ut
2777 4231 2853 4275 ea
2895 4231 3038 4293 qua
3102 4231 3140 4274 a
3209 4213 3389 4274 nobis
3454 4217 3777 4293 pracepta

510 4343 676 4409 sunt,
725 4329 1104 4414 quantocius
1145 4326 1400 4406 explere
1442 4324 1703 4385 valeatis
1734 4323 1828 4404 (s).

594 4450 755 4505 an
802 4439 919 4512 Qui
988 4435 1325 4517 pradictus
1395 4431 1722 4512 Olympius
1789 4429 2046 4490 veniens
2115 4427 2178 4489 in
2225 4429 2543 4490 civitatem
2615 4430 2968 4490 Romanam
3040 4427 3280 4488 invenit
3322 4429 3603 4489 sanctam
3651 4425 3773 4486 Ro-

512 4567 767 4614 manam
839 4543 1178 4607 Ecclesiam
1253 4539 1677 4602 coadunatam
1749 4555 1891 4598 cum
1965 4535 2260 4597 omnibus
2330 4534 2642 4615 episcopis
2710 4535 2935 4608 Italia,
2980 4552 3088 4595 seu
3134 4533 3592 4606 sacerdotibus,
3668 4529 3771 4592 vel

513 4661 703 4722 clero.
750 4657 831 4717 Et
894 4652 1114 4713 volens
1180 4648 1444 4729 implere
1509 4664 1584 4707 ea
1643 4663 1786 4724 qua
1850 4644 1909 4705 ei
1963 4643 2144 4722 jussa
2213 4647 2380 4715 sunt,
2429 4661 2653 4703 amans
2715 4660 2928 4702 secum
3000 4639 3348 4702 exercitum
3391 4637 3641 4699 virtutis
3685 4636 3781 4718 (ι).

516 4763 720 4828 voluit
761 4760 1033 4823 schisma
1075 4761 1310 4818 sancta
1355 4753 1637 4815 ecclesia
1685 4751 1775 4833 (α)
1815 4751 2259 4812 intromittere.
2307 4751 2437 4810 Hoc
2495 4768 2610 4829 per
2669 4747 3016 4828 plurimum
3078 4753 3327 4827 tempus
3388 4749 3599 4806 actum
3663 4748 3780 4806 est.

512 4877 592 4937 Et
663 4889 790 4932 non
861 4867 1042 4928 illum
1113 4862 1516 4941 omnipotens
1585 4862 1752 4920 Deus
1829 4857 2115 4939 permisit
2184 4876 2328 4936 qua
2398 4855 2723 4916 nitebatur
2792 4855 3116 4934 perﬁcere.
3192 4851 3426 4914 Videns
3495 4869 3646 4929 ergo
3716 4865 3783 4911 se

517 5001 556 5042 a
613 4983 833 5040 sancta
901 4973 1015 5034 Dei
1084 4968 1399 5031 catholica
1469 4972 1660 5046 atque
1734 4965 2085 5046 apostolica
2155 4963 2432 5024 Ecclesia
2496 4967 2889 5041 superatum,
2937 4977 3189 5022 necesse
3259 4957 3486 5019 habuit
3548 4955 3627 5018 de
3670 4972 3784 5017 sua

519 5085 700 5168 quasi
773 5081 943 5142 mala
1013 5075 1368 5138 intentione
1438 5073 1782 5147 declinare,
1833 5079 1903 5133 ut
1970 5071 2144 5152 quod
2214 5089 2342 5130 non
2414 5069 2622 5149 potuit
2692 5087 2805 5148 per
2874 5086 3133 5129 manum
3198 5070 3509 5128 armatam
3553 5063 3780 5125 facere.

520 5157 635 5247 sub
706 5178 1004 5242 haretico
1077 5174 1265 5236 modo
1325 5172 1403 5254 (υ)
1475 5190 1588 5252 per
1663 5171 1996 5232 missarum
2084 5167 2393 5231 solemnia
2461 5168 2524 5228 in
2596 5165 2862 5228 ecclesia
2945 5166 3058 5228 Dei
3141 5169 3374 5226 sancta
3459 5157 3785 5224 Genitricis

1559 5348 1810 5394 NOTULJE
1854 5347 2248 5394 MARGI‘NALES
2291 5344 2615 5392 FABROTTI.

438 5481 514 5550 (a)
544 5475 775 5550 Illicire.
856 5473 928 5550 (ὁ)
963 5471 1023 5550 In
1054 5474 1288 5550 tantum
1318 5483 1449 5550 vere
1478 5465 1725 5550 vesania
1759 5465 2128 5548 prorupit,.ut
2149 5463 2392 5550 altare.“
2420 5464 2492 5550 (a)
2512 5463 2960 5550 opmmover‘unt
2986 5463 3220 5550 sumant
3246 5457 3319 5550 aLb
3350 5455 3531 5550 thus
3550 5449 3780 5550 haeresis

366 5523 1027 5605 ini‘e'ﬁ{ilih'é'SécefiHréiL
1054 5523 1288 5596 Necnon
1321 5543 1378 5593 et
1407 5537 1720 5592 contestari
1745 5523 1877 5590 eum
1903 5523 2059 5607 jussi
2089 5540 2248 5607 sunt.
2319 5535 2395 5604 (vl)
2427 5523 2487 5588 at
2509 5532 2607 5587 ille
2636 5532 2956 5607 insecutus.
3019 5533 3166 5607 (6)0,
3189 5523 3544 5607 submittens
3579 5523 3782 5607 (0.31.1?

1449 5611 1528 5675 (ἢ)
1549 5592 1931 5685 θχθρυὶίοηίέξ
1982 5592 2389 5685 _({)institut‘a.l
2445 5607 2511 5675 (j)
2544 5592 3082 5685 continuaverunt,
3121 5592 3201 5685 (ᾗ)
3225 5597 3510 5683 percussi.
3572 5592 3635 5685 (ιξ
3667 5592 3781 5650 Vide

373 5672 558 5744 Heron
588 5672 656 5741 ad
687 5705 797 5740 mm
827 5672 1050 5740 lle-mini
1077 5684 1203 5736 649.
1241 5672 1360 5751 ’(τη)
1396 5672 1464 5745 B,
1485 5672 1861 5751 professores.
1918 5672 2200 5751 (72.)Tacias
2223 5684 2417 5751 tenere
2449 5672 2661 5751 omnes
2679 5675 2777 5751 qui
2804 5674 3026 5751 ibidem
3052 5672 3564 5751 sunt,_episcopos_,
3587 5673 3644 5751 et
3665 5681 3782 5751 pos:

373 5736 654 5835 gé's's'd'réé;
687 5736 1992 5835 atqueghabitatoresjn'eodem.subscribere:
2045 5748 2449 5835 (0)1inveneris.
2475 5749 2588 5835 “(pi
2612 5736 2957 5835 obtinueris;
3003 5747 3089 5835 \(q)
3113 5736 3702 5835 majorem.'n(r)‘tarh
3729 5736 3780 5790 et

374 5810 653 5884 Romanae
673 5810 945 5896 civitatis,
979 5840 1156 5896 quam
1182 5829 1237 5880 et
1259 5822 1632 5881 Ravennatis.
1720 5822 1786 5896 (δ)
1819 5810 2062 5878 valeas.‘
2100 5810 2181 5894 ’(ι)
2213 5819 2274 5878 C.
2304 5810 2594 5878 exercitus
2623 5817 2855 5876 virtute.
2939 5810 3103 5894 (ujin
3153 5810 3418 5877 sanctam
3446 5810 3781 5872 Ecclesiam.

374 5901 452 5975 (υ)
482 5895 827 5973 subreptitio
858 5895 1051 5952 modo.
