3950 6420
227 402 326 463 224

1375 401 1664 459 APPEND.
1707 400 1800 456 AD
1837 397 2139 454 DISSEBT.
2181 399 2485 456 PRIECED.

3546 405 3657 464 222

231 534 326 599 pta
365 527 550 587 fuisse
581 545 684 602 per
716 535 1033 597 auctorem,
1067 545 1170 587 seu
1209 535 1475 586 auctores
1498 528 1782 592 Vitarum,
1816 539 1886 579 ex
1911 522 1970 582 A
1998 521 2260 578 codicum
2316 523 2727 591 vetustiorum,
2764 524 2916 581 unde
2968 527 3271 600 colligitur
3310 536 3448 586 atas
3494 529 3654 586 Libri

229 619 476 674 vetustis
503 619 820 692 Catalogis,
853 634 921 676 ex
958 620 1122 676 Actis
1159 625 1471 689 martyrum
1511 620 1567 672 et
1596 614 1887 671 concilio-

227 720 378 776 rum,
409 721 480 764 ex
521 709 890 764 documentis
937 708 1328 772 archivorum,
1368 706 1525 762 sedis
1569 703 1884 774 prasertim

223 795 560 863 apostolica
591 803 650 852 et
676 797 1054 853 basilicarum
1083 796 1274 852 Urbis.
1311 795 1528 851 Deinde
1550 807 1620 850 ex
1647 804 1884 848 numero

221 879 258 936 6
285 883 357 938 ad
403 883 574 940 ﬁnem
621 885 836 955 capitis
862 885 1221 942 demonstrat
1260 897 1324 940 ea
1366 897 1493 954 qua
1533 895 1566 937 a
1612 879 1885 936 Zacharia

222 969 290 1024 ad
324 971 629 1028 Nicolaum
655 975 679 1028 I
709 987 978 1044 expressa
1008 979 1164 1044 sunt,
1200 987 1300 1044 per
1328 973 1587 1028 diversos
1618 974 1884 1025 auctores

221 1059 605 1132 synchronos,
658 1068 724 1118 ut
756 1063 1073 1133 plurimum
1120 1065 1386 1118 Romana
1424 1058 1694 1116 Ecclesia
1729 1058 1882 1112 clero

218 1151 276 1202 et
306 1147 518 1204 oﬁiciis
547 1150 837 1221 ascriptos
865 1148 1049 1208 fuisse
1079 1150 1338 1222 pr0priis
1366 1149 1555 1205 oculis
1589 1151 1881 1217 perspecta

216 1235 359 1291 dum
389 1245 755 1308 generentur,
789 1239 911 1294 sive
939 1239 1180 1296 collecta
1207 1252 1278 1294 ex
1307 1236 1665 1294 authenticis
1693 1234 1883 1290 docu-

217 1325 438 1380 mentis
485 1331 651 1383 atate
679 1341 784 1384 sua
824 1327 1116 1398 depositis
1158 1332 1260 1384 aut
1311 1325 1621 1383 asservatis
1665 1323 1880 1394 passim

215 1411 624 1484 chartulariis,
640 1414 1034 1486 bibliothecis,
1048 1416 1305 1473 archivis
1324 1415 1498 1485 hujus
1509 1413 1766 1484 ejusdem
1782 1412 1884 1466 Ec-

213 1501 434 1569 clesia,
452 1506 513 1558 et
539 1502 600 1558 in
625 1504 914 1574 publicam
942 1504 1127 1563 lucem
1152 1505 1365 1561 emissa
1385 1517 1576 1560 coram
1603 1502 1874 1565 testibus,

215 1589 320 1661 qui
356 1589 526 1646 ﬁdem
571 1593 924 1664 scriptorum
969 1607 1212 1666 arguere
1253 1607 1319 1650 ac
1348 1591 1668 1666 suggillare
1706 1590 1878 1647 facile

211 1681 565 1753 potuissent,
599 1683 650 1738 si
681 1689 946 1741 auctores
997 1684 1086 1741 illi
1131 1699 1300 1742 secus
1341 1697 1409 1740 ac
1457 1688 1616 1754 gesta
1647 1682 1877 1739 fuerant

211 1770 490 1826 mandare
521 1770 734 1827 litteris
763 1773 891 1828 ausi
924 1773 1131 1830 forent.
1165 1772 1353 1842 Quare
1394 1773 1620 1841 intulit,
1657 1777 1875 1828 tantam

207 1870 340 1914 esse
383 1861 791 1917 auctoritatem
821 1867 1157 1934 tantamque
1185 1862 1581 1933 prastantiam
1635 1861 1876 1931 hujusce
1909 1873 1960 1934 Β

207 1945 372 2002 Libri
406 1948 786 2019 Pontiﬁcalis,
815 1955 880 2007 ut
908 1965 1149 2007 numero
1177 1951 1214 2006 8
1240 1952 1458 2007 diserte
1487 1948 1730 2005 afﬁrmet
1757 1971 1784 2002 (ι
1815 1963 1880 2006 se

205 2033 306 2089 vix
340 2035 495 2091 scire
520 2048 593 2091 an
627 2036 688 2092 in
720 2042 840 2092 tota
868 2037 1221 2106 antiquitate
1252 2050 1398 2107 opus
1437 2036 1673 2106 aliquod
1707 2051 1876 2103 repe—

207 2123 424 2193 riatur,
459 2137 531 2180 ex
579 2138 696 2194 quo
737 2129 850 2179 tam
884 2124 1086 2191 multa,
1120 2139 1186 2180 ac
1215 2139 1284 2180 ex
1327 2123 1498 2180 Libro
1529 2125 1874 2194 Pontiﬁcali,

207 2211 444 2266 addisci
480 2213 752 2282 possint;
787 2231 814 2262 ››
846 2218 903 2270 et
934 2226 1177 2269 numero
1214 2212 1250 2268 9
1302 2214 1580 2283 producat
1629 2213 1877 2284 ingenua

207 2299 552 2356 testimonia
574 2300 748 2356 etiam
771 2301 1113 2357 criticorum
1139 2301 1439 2356 catholica
1464 2301 1734 2372 religioni
1763 2315 1886 2356 ca—

207 2388 443 2459 teroqui
471 2401 588 2443 non
610 2389 719 2444 add
731 2390 967 2458 itorum,
996 2390 1094 2460 qui
1119 2390 1509 2458 praestantiam
1535 2389 1694 2445 Libri
1725 2390 1878 2446 ultro

208 2482 576 2549 agnoverunt
605 2490 675 2532 ex
701 2478 1133 2547 comparatione
1155 2478 1426 2534 Historia
1452 2479 1711 2534 Vitarum
1745 2492 1875 2534 cum

211 2566 609 2622 monumentis
639 2565 913 2637 genuinis
942 2566 1129 2622 eidem
1161 2565 1505 2636 aqualibus.
1539 2566 1688 2621 Illud
1725 2581 1878 2636 pra-

205 2655 413 2710 sertim
445 2654 649 2711 retulit
678 2668 747 2710 ex
791 2654 1110 2723 Blondello,
1144 2656 1246 2726 qui
1279 2655 1384 2725 ait,
1416 2675 1442 2707 α
1478 2655 1539 2710 in
1587 2669 1654 2712 eo
1703 2655 1874 2712 Libro

203 2748 432 2800 veteres
450 2743 719 2799 Ecclesia
735 2744 1003 2800 Romana
1020 2742 1248 2800 tabulas
1265 2744 1577 2815 contineri,
1607 2745 1875 2815 nihilque

202 2847 272 2890 eo
293 2835 520 2903 scripto
542 2833 942 2902 incorruptius
972 2832 1192 2888 editum
1229 2833 1499 2903 nihilque
1523 2847 1554 2889 a
1579 2832 1711 2890 falsi
1736 2848 1876 2889 sus-

204 2921 443 2992 picione
475 2920 730 2976 alienius
757 2920 1002 2990 reperiri
1028 2934 1217 2992 posse,
1245 2939 1272 2970 »
1302 2927 1360 2976 et
1400 2921 1539 2977 huic
1577 2921 1875 2991 persimile

196 3009 499 3079 judicium
525 3023 558 3065 a
586 3008 869 3066 Salmasio
897 3007 1216 3080 profectum
1241 3009 1464 3081 docuit,
1499 3008 1715 3066 fatente
1738 3024 1870 3066 cum

202 3097 509 3155 Blondelio
542 3120 569 3151 «
595 3106 890 3156 auctorem
921 3097 1082 3154 Libri
1113 3099 1494 3169 Pontiﬁcalis,
1529 3099 1698 3169 quasi
1729 3099 1874 3155 solis

203 3187 374 3244 radio
405 3187 741 3258 scripsisse.
782 3205 810 3239 ι

276 3350 371 3406 III.
427 3349 800 3406 Perviderant
835 3349 1009 3406 etiam
1054 3331 1382 3415 Fahrottus,
1434 3349 1773 3407 Holstenius
1815 3356 1873 3407 et

200 3437 709 3506 Scheslestratius,
741 3437 978 3494 Librum
1012 3438 1187 3500 hunc,
1218 3439 1443 3511 integra
1475 3437 1680 3495 ﬁde'ac
1710 3440 1872 3495 veri-

204 3529 347 3584 tatis
378 3527 578 3586 studio
609 3527 916 3584 collectum
947 3542 1016 3584 ex
1044 3529 1317 3600 genuinis
1347 3529 1710 3585 documentis
1741 3528 1870 3598 ple—

205 3631 457 3689 rumque
470 3616 748 3687 publicis,
767 3622 926 3674 tanto
944 3619 1079 3674 usui
1093 3617 1640 3688 posterisfuturum,
1655 3623 1872 3688 quanto

205 3720 361 3763 nunc
383 3719 512 3762 esse
532 3707 961 3777 cognoscimus,
986 3712 1053 3763 ut
1071 3707 1250 3763 vicem
1277 3706 1698 3777 quodammodo
1725 3719 1874 3773 sup-

207 3794 361 3866 pleat
385 3794 625 3852 illorum
657 3795 1161 3865 documentorum,
1186 3809 1314 3865 qua
1344 3794 1703 3866 autographa
1734 3797 1873 3846 tunc

207 3882 708 3955 perspiciebantur
750 3884 980 3955 quando
1022 3883 1333 3954 prodibant
1362 3883 1506 3938 Vita
1550 3882 1723 3936 etiam
1766 3895 1876 3952 po-

203 3981 433 4030 strema
454 3978 576 4029 tum
598 3973 892 4030 Anastasii
916 3979 1037 4030 tum
1059 3972 1386 4029 Guillielmi
1411 3972 1870 4043 bibliothecarii,

203 4068 258 4118 et
282 4062 696 4133 superioribus
721 4061 1103 4118 addebantur.
1130 4063 1319 4132 Quare
1349 4067 1701 4117 censuerunt
1726 4075 1873 4117 con-

202 4151 480 4208 sulendos
503 4164 629 4206 esse
654 4150 885 4206 codices
905 4164 1105 4207 eorum
1130 4151 1228 4221 qui
1255 4157 1548 4206 exstarent
1572 4150 1874 4220 antiquis-

202 4242 408 4310 simos,
436 4245 494 4296 et
523 4239 818 4295 variantes
851 4239 1128 4296 lectiones
1155 4240 1291 4296 inde
1320 4240 1704 4308 excerpendas
1731 4245 1788 4295 et
1811 4239 1870 4294 in

204 4330 510 4403 publicum
531 4328 903 4399 proferendas
927 4348 940 4384 :
968 4335 1034 4385 ut
1059 4329 1164 4385 hoc
1187 4329 1246 4383 in
1270 4342 1440 4399 opere
1457 4329 1695 4398 edendo,
1719 4329 1870 4384 nihil

199 4420 273 4476 ab
311 4425 484 4476 atate
513 4424 713 4474 nostra
751 4417 1196 4474 subtraheretur
1235 4418 1484 4474 maximo
1529 4417 1619 4474 illi
1671 4418 1870 4474 studio

2000 610 2387 667 Pontiﬁcalis.

2067 719 2127 772 V.
2162 720 2222 774 Id
2263 734 2442 776 unum
2489 721 2685 777 deerat
2734 722 2982 780 laudata
3024 725 3427 782 dissertationi
3476 727 3654 782 Sche-

1996 807 2284 863 lestratii:
2324 809 2424 880 qui
2480 824 2610 865 cum
2669 817 2891 868 atatem
2938 815 3245 870 Anastasio
3300 817 3653 885 superiorem

1995 902 2096 951 aut
2124 903 2276 952 certe
2321 911 2626 968 supparem
2657 914 2789 955 cum
2832 902 3128 957 Ilolstenio
3167 904 3426 973 assignet
3467 904 3654 959 codici

1994 984 2362 1053 Farnesiano,
2387 992 2444 1042 et
2461 987 2698 1058 utrique
2717 989 2907 1044 codici
2932 991 3267 1046 Florentino
3289 991 3655 1047 bibliotheca

1992 1073 2045 1127 S.
2080 1075 2256 1129 Marci
2301 1075 2519 1144 primas
2559 1081 2689 1146 post
2732 1077 2890 1133 illam
2925 1079 3165 1149 tribuat,
3213 1093 3378 1135 omne
3423 1080 3656 1136 tulisset

1994 1167 2293 1232 punctum,
2326 1164 2376 1218 si
2403 1165 2630 1233 prolato
2660 1167 2975 1236 specimine
3000 1167 3165 1222 illius
3184 1169 3490 1237 scriptura
3516 1183 3653 1224 ocu-

1993 1249 2072 1307 lis
2089 1252 2407 1321 peritorum
2428 1268 2545 1310 rem
2564 1254 2936 1324 subjecisset:
2967 1258 3281 1325 prasertim
3301 1271 3430 1312 cum
3452 1257 3654 1327 paucis

1992 1339 2299 1395 admodum
2332 1340 2504 1397 liceat
2530 1343 2737 1398 asserti
2770 1343 2938 1399 illius
2966 1345 3263 1400 veritatem
3299 1344 3466 1416 longa
3501 1357 3655 1414 pere-

1993 1426 2341 1498 grinatione,
2360 1434 2418 1484 et
2441 1429 2700 1500 impensa
2725 1431 2958 1488 itineris
2983 1446 3097 1488 non
3121 1433 3367 1500 modica,
3391 1439 3495 1488 aut
3516 1446 3651 1487 mu-

1989 1527 2191 1570 nerum
2222 1530 2463 1572 suorum
2493 1517 2702 1574 oﬁiciis
2726 1519 3140 1590 profectionem
3175 1519 3647 1590 impedientibus,

1987 1603 2307 1674 explorare.

2059 1720 2144 1774 VI.
2181 1721 2430 1776 Prastiti
2461 1722 2610 1779 infra
2633 1730 2780 1795 post,
2798 1725 3099 1796 Catalegos
3118 1740 3474 1783 summorum
3501 1740 3650 1796 pon-

1986 1806 2230 1878 tiﬁcum,
2267 1809 2324 1864 id
2359 1812 2509 1880 quod
2545 1819 2795 1880 poteram
2827 1814 3033 1870 absens
3067 1815 3138 1871 ah
3171 1815 3391 1870 illustri
3425 1814 3650 1870 biblio-

1987 1895 2150 1951 theca
2197 1899 2556 1954 serenissimi
2603 1901 2774 1956 ducis
2822 1903 3165 1973 Parmensis,
3218 1917 3381 1974 opem
3431 1902 3650 1959 ferente

1988 1987 2470 2053 prastantissimo
2495 1989 2821 2046 litterarum
2845 1989 3086 2059 fautore,
3113 1992 3326 2062 sapius
3354 1992 3499 2046 mihi
3525 2005 3650 2046 me—

1989 2075 2289 2146 morando,
2324 2077 2656 2133 marchione
2684 2078 2963 2135 Mauritio
2992 2081 3063 2135 de
3091 2080 3363 2149 Sanctiis,
3402 2080 3647 2136 celsitu-

1989 2161 2116 2216 dini
2131 2177 2295 2219 suaa
2313 2165 2707 2222 sanctioribus
2723 2167 2994 2223 conciliis
3009 2175 3066 2223 et
3089 2168 3162 2223 ab
3181 2168 3412 2223 arcanis
3432 2168 3647 2225 Status.

1988 2249 2285 2319 Specimen
2321 2255 2542 2325 pagina
2590 2252 2676 2323 46,
2726 2256 2785 2311 in
2830 2269 2942 2327 qua
2970 2257 3217 2328 Eugenii
3263 2271 3420 2326 papa
3462 2258 3484 2310 Ι
3523 2257 3650 2312 Vita

1991 2338 2218 2411 integra
2235 2343 2644 2400 continebatur
2660 2345 3098 2400 accuratissime
3114 2347 3528 2416 transcriptum
3552 2345 3651 2401 ille

1987 2428 2057 2482 ad
2079 2432 2526 2499 metransmisit,
2546 2433 2696 2501 quod
2717 2447 2826 2488 are
2842 2434 3090 2489 incisum
3108 2434 3327 2503 protuli
3350 2448 3477 2505 pag.
3501 2447 3648 2489 χχιιι

1985 2515 2108 2583 (col.
2140 2513 2262 2583 449,
2293 2515 2419 2587 450)
2443 2519 2512 2574 ad
2540 2520 2786 2589 exempli
2821 2520 3011 2576 ﬁdem.
3043 2521 3351 2590 Supererat
3387 2529 3452 2578 ut
3475 2523 3646 2578 etiam

1984 2603 2055 2657 de
2106 2599 2460 2662 Florentinis
2513 2608 2835 2680 codicibus,
2886 2615 3182 2678 tantopere
3230 2610 3650 2665 commendatis

1984 2690 2056 2745 ab
2102 2693 2418 2766 Holstenio,
2469 2697 2705 2752 lectoris
2759 2697 2977 2754 eruditi
3037 2704 3279 2754 mentem
3329 2705 3387 2754 et
3445 2699 3648 2755 oculos

1987 2777 2228 2837 facerem
2266 2786 2558 2841 certiores.

2057 2898 2172 2952 VII.
2203 2900 2363 2968 Quod
2397 2901 2453 2955 in
2482 2902 2636 2956 notis
2660 2903 2730 2957 ad
2760 2902 3040 2971 opuscula
3069 2903 3343 2973 pradicta
3376 2909 3646 2974 negatum

1986 2987 2130 3042 mihi
2179 2987 2406 3059 tibique
2437 2988 2644 3060 fuerat,
2688 2990 2866 3047 lector
2905 2991 3194 3064 benevole,
3226 2992 3455 3048 abunde
3495 3006 3648 3049 nunc

1984 3075 2381 3134 ministratum
2414 3079 2704 3148 appendix
2740 3079 2850 3135 ista
2880 3079 3031 3136 bono
3061 3095 3190 3136 cum
3231 3080 3469 3136 numine
3501 3080 3648 3138 offe-

1900 3199 1951 3262 C
1984 3168 2087 3262 ret.
2148 3165 2477 3262 Acceptum
2517 3179 2651 3262 vero
2720 3166 2934 3224 referas
2990 3169 3381 3225 beneﬁcentia
3439 3169 3646 3238 optimi

1985 3250 2290 3321 principis,
2324 3252 2549 3309 domini
2583 3260 2639 3309 et
2667 3257 2992 3311 Macenatis
3037 3257 3245 3326 nostri,
3279 3271 3344 3312 ac
3388 3257 3648 3312 sanctis-

1982 3340 2118 3396 simi
2166 3342 2354 3397 Patris
2397 3343 2786 3400 CLEMENTIS
2815 3347 2912 3417 XI,
2966 3346 3067 3416 qui
3112 3360 3243 3402 cum
3287 3359 3360 3401 ex
3408 3346 3648 3418 Egypto

1980 3430 2194 3486 Arabia
2219 3437 2274 3486 et
2294 3432 2460 3500 Syria
2481 3433 2680 3501 c0pias
2706 3433 3048 3505 litterarias,
3078 3435 3395 3504 praesertim
3425 3448 3642 3505 sacras,

1985 3519 2045 3574 in
2085 3519 2291 3574 Urbem
2333 3521 2575 3575 convehi
2629 3520 2882 3577 feliciter
2920 3524 3232 3592 curaverit,
3281 3537 3488 3592 passus
3534 3537 3648 3578 non

1983 3615 2072 3662 est
2092 3608 2380 3662 viciniora
2405 3608 2523 3662 hac
2547 3609 2812 3664 subsidia
2835 3610 3098 3665 historia
3122 3610 3434 3680 pontiﬁcia
3459 3611 3517 3665 in
3545 3609 3650 3666 hac

1985 3696 2259 3751 Vaticana
2289 3696 2548 3751 editione
2575 3697 2920 3753 desiderari.
2969 3700 3055 3752 Me
3099 3713 3228 3753 cum
3265 3699 3517 3768 deligere
3549 3697 3650 3754 ille

1986 3783 2324 3852 placuisset,
2360 3797 2461 3850 pro
2487 3783 2826 3839 conﬁrmata
2857 3785 3071 3854 viginti
3092 3798 3374 3841 annorum
3401 3785 3646 3841 clemen-

1984 3870 2209 3940 tia,qua
2224 3870 2441 3924 studiis
2455 3870 2673 3924 nostris
2687 3871 2784 3926 ind
2795 3872 3574 3944 ulgentissim‘umpatronum
3588 3887 3650 3929 se

1985 3958 2342 4028 comprobat,
2365 3958 2433 4013 ad
2457 3958 2712 4030 insignia
2735 3961 2957 4017 collata
2978 3961 3290 4032 dignitatis
3313 3960 3646 4032 perferenda

1983 4047 2449 4104 eminentissimo
2471 4048 2754 4104 cardinali
2777 4050 2981 4106 Joanni
3005 4050 3310 4106 Francisco
3334 4051 3648 4108 Barbadico

1981 4133 2328 4204 (litterarum
2372 4135 2760 4204 patrocinium
2803 4150 2918 4193 non
2959 4139 3213 4209 segniter
3242 4139 3530 4194 exercenti
3577 4152 3646 4195 ex

1986 4235 2102 4292 quo
2148 4223 2416 4278 Ecclesia
2461 4223 2776 4279 Veronensi
2817 4225 2990 4281 datus
3030 4227 3359 4296 episcopus,
3408 4231 3529 4280 tum
3573 4227 3642 4281 ad

1986 4312 2340 4368 Brixiensem
2376 4313 2717 4383 translatus,
2751 4314 3064 4385 utrobique
3094 4315 3342 4371 clariora
3373 4315 3648 4370 excitavit

1986 4401 2237 4475 ingenia)
2266 4402 2493 4472 copiam
2521 4401 2659 4458 fecit
2686 4417 2798 4459 non
2832 4404 2999 4460 modo
3024 4404 3276 4460 adeundi
3305 4405 3564 4460 Parmam
3591 4410 3650 4459 et

199 4509 494 4579 "rimus,
515 4509 669 4578 quod
692 4507 834 4563 adeo
853 4514 1116 4563 sancth
1140 4507 1387 4578 professi
1411 4507 1640 4563 fueram
1660 4514 1870 4564 aucto.
1905 4478 1960 4540 D
1982 4491 2358 4561 Florentiam,
2391 4491 2492 4548 ubi
2525 4493 2754 4548 codices
2787 4492 2876 4548 illi
2907 4493 3267 4562 pontificales
3295 4493 3648 4564 antiquitate

202 4612 292 4654 res
323 4598 594 4653 V'itarum
619 4596 679 4652 in
711 4596 788 4651 iis
817 4595 1273 4652 conscribendis.

271 4761 364 4815 IV.
396 4758 596 4814 Editio
622 4763 821 4814 nostra
843 4757 951 4814 hoc
974 4757 1124 4813 idem
1153 4758 1412 4814 studium
1447 4759 1698 4816 ulterius
1727 4776 1870 4831 pro—

199 4849 402 4919 movit,
423 4847 669 4903 aﬁ‘erens
685 4861 754 4902 ex
778 4846 1050 4917 pluribus
1068 4846 1208 4903 aliis
1230 4848 1553 4918 codicibus,
1580 4856 1871 4921 quotquot

200 4944 482 5008 prastare
493 4936 850 5007 antiquitate
867 4937 1250 5008 percepimus,
1264 4938 1862 4994 varianteslectiones.

197 5031 398 5098 Neque
424 5026 476 5080 is
507 5026 622 5082 erit
654 5025 943 5081 terminus
967 5031 1212 5081 conatus
1235 5027 1442 5096 nostri,
1479 5041 1579 5096 pro
1600 5027 1866 5083 veritatis

198 5115 501 5173 historica
520 5115 1017 5170 demonstratione
1038 5115 1315 5184 suscepti.
1338 5116 1622 5184 Cupimus
1644 5116 1789 5186 ipsa,
1813 5118 1863 5173 si

193 5207 392 5270 liceat,
412 5204 760 5259 documenta
783 5203 974 5259 oculis
995 5203 1255 5259 omnium
1275 5203 1584 5272 subjicere.
1606 5205 1864 5263 Indicata

197 5295 421 5351 idcirco
448 5299 588 5347 sunt
613 5291 672 5346 in
703 5291 1041 5361 prafatione
1068 5291 1287 5362 prioris
1315 5293 1452 5346 tomi
1481 5293 1724 5364 antiqua
1753 5310 1865 5351 mo-

195 5389 495 5449 numenta,
516 5396 646 5453 qua
666 5382 922 5452 genuina
945 5381 1280 5437 testimonia
1300 5389 1458 5451 sunt,
1479 5384 1633 5437 atati
1656 5393 1864 5441 nostra

195 5477 562 5543 praservata,
619 5470 690 5525 ad
749 5468 937 5526 fontes
978 5471 1156 5541 hujus
1198 5469 1460 5526 historia
1499 5473 1860 5542 aperiendos.

193 5565 359 5618 Nunc
380 5561 553 5616 etiam
576 5559 841 5629 exempla
858 5567 1268 5615 monstramus.
1293 5560 1396 5630 qui
1416 5560 1583 5616 ﬁdem
1598 5567 1865 5618 astruant

190 5667 257 5707 ac
286 5650 652 5720 prasentiam
687 5647 1114 5718 quodammodo
1163 5647 1415 5704 referant
1460 5650 1863 5721 autographa-

195 5754 347 5796 rum.
403 5739 478 5794 Ea
521 5750 659 5794 vero
706 5742 849 5790 sunt
894 5741 1160 5791 accurate
1206 5734 1493 5793 delineata
1543 5737 1864 5806 specimina

1980 4579 2327 4648 spectabiles
2356 4588 2748 4644 asservantur,
2793 4595 2988 4638 verum
3032 4581 3206 4637 etiam
3252 4581 3644 4652 perlustrandi

1979 4671 2338 4742 autographa
2371 4672 2713 4728 documenta
2755 4672 3146 4742 complurium
3189 4673 3558 4730 archivorum
3591 4679 3648 4728 et

1979 4757 2392 4815 ecclesiarum:
2441 4774 2568 4831 qua
2604 4761 2757 4818 lucis
2802 4762 3050 4831 publica
3093 4777 3327 4818 usuram
3368 4775 3500 4818 cum
3537 4774 3646 4816 me-

1981 4853 2218 4904 reantur
2260 4862 2422 4919 aque
2465 4862 2532 4905 ac
2562 4851 2705 4906 Vita
2754 4851 3122 4916 Pontiﬁcum,
3169 4865 3202 4904 a
3249 4850 3644 4905 conterraneis

1979 4937 2124 4992 meis
2151 4939 2479 4994 editoribus
2510 4946 2820 5009 acceptura
2852 4953 2975 4995 esse
3015 4939 3364 5007 quantocius
3394 4936 3638 4994 conﬁdo.

1976 5028 2154 5084 Ratus
2186 5029 2382 5098 itaque
2412 5041 2444 5082 a
2479 5042 2566 5083 me
2590 5026 3005 5083 conferendum
3038 5025 3394 5078 tantumdem
3425 5023 3642 5079 laboris

1973 5130 2039 5170 ac
2066 5117 2409 5188 diligentia,
2438 5120 2718 5186 quantum
2751 5112 3160 5169 sanctissimus
3191 5113 3354 5166 Pater
3386 5110 3640 5180 largitus

1975 5202 2162 5259 fuerat
2222 5204 2480 5272 prasidii
2535 5203 2604 5256 ad
2661 5202 2779 5256 hac
2839 5199 3198 5254 munimenta
3253 5200 3638 5267 comparanda

1973 5293 2244 5347 Historia
2291 5290 2629 5359 pontiﬁcum
2661 5289 2904 5357 ejusque
2933 5285 3204 5356 editioni,
3242 5285 3638 5354 inspiciendos

1974 5379 2118 5434 mihi
2151 5392 2275 5433 esse
2295 5376 2440 5431 duxi
2468 5375 2695 5429 codices
2722 5373 3138 5429 Farnesianum
3161 5389 3225 5428 ac
3249 5374 3634 5448 Florentinos,

1973 5483 2040 5524 ac
2059 5465 2470 5523 describendos
2498 5462 2574 5516 iis
2600 5463 2799 5518 saltem
2825 5461 3091 5534 partibus
3112 5478 3239 5533 qua
3266 5463 3489 5520 lumina
3509 5466 3638 5521 evi-

1972 5557 2237 5614 dentiora
2264 5550 2598 5624 prat‘errent
2619 5552 2904 5608 studiosis
2934 5549 3310 5620 antiquitatis
3334 5567 3399 5607 ac
3432 5554 3635 5610 verita-

1975 5648 2071 5702 tis.
2105 5646 2247 5700 Cum
2293 5639 2666 5696 beneﬁcentia
2699 5639 2995 5710 pontiﬁcis
3027 5641 3263 5697 maximi
3296 5641 3541 5696 certavit
3573 5642 3635 5696 in

1977 5735 2170 5792 labore
2215 5737 2414 5788 nostro
2453 5724 2696 5783 fovendo
2740 5737 2914 5802 atque
2963 5731 3221 5786 ornando
3271 5727 3635 5786 serenissimi
