3934 6400
189 317 304 385 ’189

190 525 416 583 sionem
450 543 586 583 eum
621 525 984 599 perduceret.
1020 525 1301 585 Prmterca
1330 525 1516 585 multo
1546 530 1721 586 etiam
1750 530 1853 585 ho-

184 615 325 655 nore
344 598 1056 671 eumdem’imperatorem
1084 600 1278 655 Romae
1300 603 1542 671 excepit,
1572 602 1620 655 oi
1646 619 1851 656 occur-

181 687 319 748 rens
341 687 479 748 eum
505 670 701 748 clero;
725 670 881 725 dona
900 672 1059 748 abeo
1086 670 1519 748 factabasilicis
1542 689 1675 727 cum
1700 673 1849 748 grati

179 742 362 798 animi
379 741 816 815 signiﬁcatione
838 742 1159 815 accipiens;
1184 743 1447 815 nihilque
1469 761 1670 799 eorum
1684 741 1853 799 omit-

179 819 469 887 tens,quze
484 814 554 867 ad
573 830 950 887 communem
974 814 1394 870 catholicorum
1418 833 1579 886 spem
1610 815 1853 887 implen-

175 886 317 941 dam
353 901 491 940 eum
550 885 931 959 adducerent,
966 902 1175 957 nempe
1234 887 1305 941 ad
1356 885 1619 959 ipserum
1654 885 1849 957 partes

176 961 539 1012 revocarent.
575 956 637 1011 Id
683 957 843 1010 enim
895 973 1028 1011 vero
1085 956 1309 1012 certum
1366 956 1491 1012 erat
1551 956 1847 1019 omnibus,

176 1029 339 1101 quod
386 1027 774 1101 imperatores
811 1044 934 1101 non
968 1029 1037 1101 ad
1069 1045 1321 1101 errorem
1357 1030 1709 1101 proclivitas,
1746 1031 1846 1084 sed

175 1097 655 1172 patriarcharum
687 1097 932 1224 Cﬁoleos
978 1099 1272 1161 impulsus
1304 1097 1480 1171 atque
1525 1100 1843 1171 instigatio,

175 1171 377 1224 palam
411 1176 467 1224 et
499 1173 698 1224 auerte
773 1177 931 1224 ostes
961 1170 1087 1224 ﬁeri
1119 1172 1449 1224 orthodoxa:
1500 1172 1632 1224 fidei
1663 1174 1843 1224 evice-

175 1170 467 1244 palam__et
499 1173 698 1242 aperte
731 1170 931 1244 hostes
961 1170 1087 1244 ﬁeri
1119 1170 1449 1244 orthodoiaa
1500 1172 1632 1244 tidei
1663 1174 1849 1227 evice-

180 1241 336 1323 rant.
370 1241 493 1323 Hac
525 1241 853 1323 praesertim
883 1259 952 1296 ex
980 1242 1469 1323 indulgentiadsu
1508 1243 1664 1299 sedis
1710 1261 1849 1323 erga

176 1314 593 1386 imperatores,
628 1313 1098 1386 cum__temporis
1144 1313 1425 1386 correctio
1457 1313 1845 1370 incommodis

174 1383 617 1459 incrementum
648 1383 963 1459 attulisset,
985 1402 1165 1459 _amor
1194 1385 1290 1441 ille
1322 1386 1529 1459 ingens
1560 1386 1844 1459 originem

173 1457 360 1525 duxit,
378 1472 498 1528 quo
529 1456 953 1528 Constantinus
985 1456 1317 1528 Pogonatus
1339 1456 1670 1512 Constantis
1691 1458 1843 1512 filius

173 1534 232 1601 et
254 1527 579 1601 successor
609 1527 993 1601 apostolicam
1026 1527 1225 1584 sedem
1259 1534 1607 1601 prosecutus
1640 1536 1749 1594 est,
1782 1534 1845 1583 ut

173 1599 537 1657 videbimus.

243 1671 425 1727 Linea
451 1674 510 1725 7.
543 1700 614 1710 -—
643 1670 743 1725 Hic
774 1670 1022 1739 regulam
1050 1670 1662 1743 ecclesiastimmmtqne
1693 1670 1841 1743 vigo-

168 1758 307 1808 rem,
359 1750 424 1799 ut
471 1758 592 1797 mos
636 1750 777 1807 erat,
837 1742 1146 1796 omnimodo
1202 1742 1746 1797 comervavit.Dum
1779 1742 1838 1796 S.

246 1813 438 1870 ntifex
468 1812 906 1885 appellantibus
928 1814 999 1885 ad
1020 1816 1083 1885 S.
1101 1814 1299 1869 sedem
1324 1830 1432 1868 sua
1454 1815 1593 1883 jura
1624 1813 1841 1885 tribue-

209 1892 294 1951 at,
326 1883 583 1941 Joannis
614 1883 937 2011 Lasppensis
967 1884 1026 1938 in
1058 1883 1227 1939 Creta
1271 1885 1527 1957 episcopi
1575 1884 1842 1955 querelas

209 1957 381 2011 adiit.
415 1955 521 2011 aui
566 1956 639 2011 ad
717 1996 731 2011 .
764 1955 965 2011 sedem
1019 1955 1410 2011 appellaverat
1465 1972 1500 2011 a
1556 1954 1842 2011 sententia

165 1957 381 2024 audiit,
415 1955 529 2028 qui
566 1956 639 2028 ad
671 1954 965 2028 S.’sedem
1018 1954 1410 2028 appellaverat
1465 1954 1500 2011 εἰ
1556 1954 1845 2028 sententia

164 2028 351 2110 Pauli.
367 2026 801 2110 archiepiscopi
830 2032 887 2083 et
916 2026 1422 2110 suifraganeorum
1452 2028 1587 2110 ejus
1612 2026 1838 2108 insulae.

164 2099 466 2170 Cognitio,
499 2103 559 2154 et
578 2097 876 2169 judicium
908 2097 1330 2170 archiepiscopi
1358 2099 1429 2153 ab
1462 2097 1729 2170 Ecclesia)
1754 2115 1842 2152 re-

164 2116 244 2155 uo
334 2116 466 2165 tuo,
499 2116 876 2169 etjuaicium
908 2116 1330 2170 arcmepiscopi
1358 2116 1429 2153 ao
1462 2116 1729 2152 ecclesiae
1754 2116 1842 2152 re-

163 2116 329 2242 guﬁg
359 2172 637 2242 aberrare
658 2174 969 2242 comperta
994 2176 1165 2235 sunt;
1200 2186 1477 2241 namque,
1511 2175 1576 2223 ut
1601 2169 1684 2223 ait
1706 2186 1844 2239 pon-

164 2240 311 2299 tifex
331 2244 519 2313 (epist.
545 2240 569 2297 4
599 2240 670 2296 ad
689 2241 855 2299 Paul.
891 2242 1086 2313 Cret),
1122 2263 1155 2313 «_
1174 2242 1293 2296 Sub
1324 2240 1593 2313 custodia
1620 2241 1841 2294 missus

165 2318 258 2371 est
284 2310 451 2369 idem
489 2312 748 2368 Joannes
798 2310 1110 2367 antistes...
1144 2311 1387 2383 insuper
1414 2317 1470 2365 et
1499 2312 1842 2365 hortabatur

165 2391 381 2442 contra
401 2399 701 2441 canonum
715 2385 981 2451 jussa,ut
1000 2384 1163 2437 daret
1186 2383 1841 2451 ﬁdejussorem.Deinde

164 2457 685 2539 oportebat_suam
716 2454 1501 2539 fraternitatem-secundum
1545 2470 1838 2535 canonum

162 2524 437 2601 vigorem
486 2532 753 2601 tempore
784 2542 899 2601 quo
930 2542 991 2580 se
1018 2524 1183 2597 petiit
1214 2526 1288 2581 ad
1320 2526 1838 2601 nos_venire,_eum

166 2595 478 2656 abvsolvere
509 2595 919 2669 tuis—ilitterisiz
956 2595 1130 2669 quem
1192 2614 1307 2651 non
1357 2596 1546 2669 solum
1598 2595 1839 2669 noluisti

170 2670 463 2727 canonice
485 2668 786 2740 absolvere
797 2667 1172 2740 adPrincipis
1186 2667 1584 2740 apostolorum
1612 2667 1836 2740 limina,

165 2744 270 2799 sed
302 2740 504 2813 magis
534 2738 888 2811 respondisti
917 2738 968 2813 ei
1000 2738 1667 2811 indecenter,inquiens:
1694 2739 1841 2805 Quia

167 2831 287 2871 non
318 2809 731 2884 competenter
758 2809 993 2882 quieris.
1030 2832 1053 2860 ι

239 2890 438 2953 Quare
458 2880 968 2954 archiepiscopum
992 2882 1195 2937 acerbe
1216 2880 1837 2954 arguens,episcopum

173 2952 599 3028 appellantem,
622 2952 780 3028 quod
813 2952 981 3028 suam
1013 2952 1412 3028 comprobavit
1440 2952 1837 3028 innocentiam

173 2974 207 3012 a
252 2971 599 3028 peuamem,
664 2971 780 3008 uou
813 2971 981 3008 suam
1013 2971 1139 3009 com
1188 2971 1412 3017 ropavu
1440 2971 1837 3007 innocentiam

173 2971 686 3091 absolvitﬁtl’auii
701 3025 991 3079 sententia
1009 3041 1112 3095 per
1130 2971 1430 3079 (fecretum
1452 3022 1837 3095 apostolicum

176 3100 484 3171 abrogata,
519 3114 690 3171 suam
722 3096 782 3150 in
814 3097 1010 3151 sedem
1043 3096 1339 3163 restituit;
1372 3112 1498 3171 qua:
1530 3095 1841 3171 omnia,_ex

180 3165 422 3226 laudata
454 3168 707 3240 epistola
735 3172 1252 3240 apertesconstant
1284 3182 1297 3240 ς
1333 3189 1359 3215 ‹‹
1394 3165 1528 3240 Quae.
1559 3182 1728 3240 ergo,
1750 3165 1837 3220 in-

179 3243 329 3313 quit,
363 3237 565 3313 sancti
590 3237 913 3313 sanxerunt
949 3238 1171 3313 Patres,
1200 3237 1530 3313 indecentia
1559 3237 1734 3313 sunt?
1754 3239 1840 3292 An

180 3309 479 3385 placentia
505 3310 611 3385 tibi
644 3310 911 3365 decentia
940 3310 1117 3385 sunt?
1135 3310 1316 3385 Igitur
1342 3310 1648 3385 praefatum
1670 3309 1843 3363 Joan-

180 3379 309 3440 nem
354 3381 683 3438 antistitem
730 3397 894 3451 aeque
940 3379 1361 3451 inculpabilem
1417 3379 1837 3450 reperientes...

175 3455 503 3512 statuimus
531 3459 711 3525 atque
740 3454 1048 3525 firmamus
1077 3468 1181 3524 per
1202 3451 1384 3522 hujus
1411 3456 1621 3505 nostras
1653 3468 1842 3525 perce-

172 3527 394 3600 ptionis
416 3523 1225 3600 auctor‘itatem,.omniaqu:e
1247 3541 1280 3577 a
1301 3528 1357 3577 te
1378 3528 1597 3600 tuaque
1619 3523 1840 3600 synodo

172 3593 381 3655 contra
410 3612 708 3652 canonum
729 3594 1021 3659 instituta,
1045 3593 1363 3664 contraque
1385 3593 1580 3665 legum
1608 3593 1843 3665 decreta

154 3675 358 3744 gesta,
377 3684 499 3744 con
509 3668 776 3738 fectaque
802 3670 969 3744 sunt,_
990 3664 1076 3720 vel
1096 3664 1465 3744 sententiam
1500 3664 1841 3744 promulga-

168 3730 292 3797 Utam
316 3730 608 3796 adversus
630 3730 787 3803 eum,
814 3730 1031 3800 inania,
1056 3740 1113 3791 et
1135 3753 1317 3793 vacua
1346 3753 1474 3790 esse
1498 3730 1514 3790 Ξ
1536 3736 1637 3790 sed
1670 3730 1841 3807 quid-

169 3813 311 3886 quid
332 3808 649 3886 claruerit,
681 3825 817 3864 eum
849 3807 1318 3886 damniﬁcatum,
1345 3808 1728 3886 ejusdemque
1746 3808 1843 3862 Ec-

168 3878 451 3941 cclesiam
470 3896 846 3953 aquoquam,
860 3880 911 3935 ei
944 3878 1312 3953 tuasdilectie
1345 3878 1519 3933 faciat
1549 3878 1844 3953 reddi,per

171 3954 378 4033 omnia
403 3949 786 4033 conservans
828 3967 963 4033 eum
985 3951 1236 4033 .absque
1256 3950 1661 4033 ‘d_amno...“ut
1687 3949 1843 4033 sicut

170 4025 365 4083 caeteri
397 4030 515 4079 tuae
545 4022 879 4079 dilectionis
908 4020 1185 4093 episcOpi,
1217 4026 1276 4076 et
1304 4021 1357 4075 is
1407 4038 1526 4075 sua;
1571 4020 1841 4075 Ecclesiae

172 4098 466 4178 utilitates
497 4111 635 4177 cum
665 4094 783 4178 Dei.
800 4092 1075 4178 peragere
1100 4092 1331 4178 timere,
1365 4114 1394 4143 »
1430 4097 1540 4173 etc.

240 4170 434 4240 Cujus
465 4167 545 4223 rei
579 4162 894 4240 participes
926 4162 1147 4240 faciens
1174 4164 1441 4240 Vsanum
1473 4162 1843 4240 imperatoris

172 4233 602 4297 administrum
631 4236 693 4292 in
722 4233 925 4291 eadem
977 4234 1173 4291 insula
1214 4235 1413 4301 Cretae,
1447 4240 1505 4289 et
1529 4233 1840 4305 Georgium

171 4314 620 4385 Syracusanum
650 4308 713 4363 in
743 4307 943 4385 Sicilia
970 4305 1423 4385 metropolitam,
1446 4322 1545 4361 eos
1578 4305 1845 4385 hortatur

172 4375 236 4439 ut
254 4384 328 4438 ad
351 4382 648 4438 Joannem
667 4378 1008 4450 episcopum
1030 4378 1090 4432 in
1113 4375 1281 4433 suam
1309 4378 1505 4433 sedem
1539 4375 1845 4431 restituen-

173 4457 317 4511 dum
351 4470 526 4509 suam
558 4466 797 4522 operam
827 4450 1147 4522 conferant.

246 4517 691 4581 Northumbria:
720 4521 782 4575 in
810 4520 1020 4591 Anglia
1049 4519 1204 4592 regis
1233 4518 1439 4592 stii,
1473 4517 1573 4590 qui
1606 4518 1678 4573 ab
1709 4536 1842 4592 apo-

174 4597 387 4653 stolica
408 4596 548 4649 sede
567 4592 799 4648 definiri
822 4589 1206 4664 pet—ierat,q'uo
1225 4590 1317 4645 die
1339 4589 1607 4645 sanctum
1625 4589 1843 4664 pascha
1871 4589 1917 4654 D

173 4668 326 4724 inid
357 4682 612 4739 regnum
657 4680 779 4739 una
823 4662 970 4739 cum
1009 4663 1120 4717 ﬁde
1177 4666 1509 4739 revocatum
1559 4662 1836 4739 celebrari

173 4733 491 4811 oporteret,
524 4734 855 4811 Vitalianus
885 4734 1079 4811 primo
1105 4733 1704 4811 commendatselurn,
1737 4750 1842 4804 quo

177 4804 426 4873 ardebat,
488 4806 860 4863 conversionis
888 4804 1298 4869 subditorum,-
1330 4804 1539 4858 deinde
1587 4805 1658 4857 ad
1719 4822 1840 4859 rem

174 4881 420 4938 veniens
454 4896 467 4934 :
505 4901 534 4928 ‹‹
570 4875 1367 4949 Οροινιθῐ,νὶῐιᾳυὶῐ,-νεξεῐςθξη
1407 4873 1839 4949 celsitudinem,

178 4959 382 5025 utpote
408 4945 746 5025 membrum
767 4945 1023 5025 existens
1046 4946 1283 5025 Christi,
1306 4945 1366 5025 in
1390 4945 1665 5025 omnibus
1686 4948 1841 5017 piam

178 5016 446 5097 regulam
498 5021 668 5097 sequi
719 5019 1051 5097 perenniter
1094 5017 1379 5097 Principis
1418 5016 1840 5097 apostolorum,

179 5088 300 5152 sive
331 5096 390 5149 in
428 5088 653 5166 pascha
680 5088 1198 5166 celebrandu,_sive
1256 5089 1325 5166 in
1360 5088 1661 5166 emnibus,
1698 5106 1843 5166 quae

178 5158 553 5222 tradiderunt
573 5161 763 5233 sancti
783 5159 1033 5233 apostoli
1060 5162 1260 5216 Petrus
1279 5162 1342 5233 et
1360 5158 1760 5233 Paulus,iquia"
1781 5164 1847 5215 ut

180 5238 294 5294 duo
315 5235 643 5293 luminaria
663 5232 791 5288 cmli
812 5231 1847 5291 illuminantmundum,sicdoctrina

180 5325 378 5365 eorum
413 5308 596 5363 corda
628 5304 936 5360 hominum
986 5302 1248 5375 quotidie
1300 5299 1557 5356 illustrat
1604 5303 1845 5358 creden-

186 5382 354 5436 tium.
390 5404 419 5429 ››
453 5381 576 5451 (Ep.
608 5379 648 5432 5
677 5375 749 5451 ad
776 5375 953 5445 05w.)

251 5443 468 5509 Postea
488 5443 628 5506 v'ero
659 5443 944 5519 gliscente
968 5444 1028 5499 in
1057 5445 1262 5500 eodem
1295 5460 1473 5517 regno
1504 5443 1846 5519 hujusmodi

184 5522 599 5589 controversia,
624 5516 1155 5575 ecclesiasticorum
1177 5520 1529 5571 conventum
1550 5516 1673 5572 fieri
1686 5534 1851 5589 opor-

879 318 1255 386 HISTORIA
1293 319 1397 386 DE
1438 319 1644 388 VITIS
1687 319 1880 387 ΗΘΜ.
1926 319 2161 388 PONT.
2203 356 2282 372 -
2312 323 2377 388 S.
2422 322 2926 390 VITALIANUS.

187 451 399 530 teriam
432 450 721 511 duntaxat
743 451 1080 530 epistolam
1131 454 1386 530 scripsit,
1420 460 1485 530 ut
1513 457 1585 514 ad
1619 474 1855 514 conver-
1882 459 1938 527 Α
1967 463 2087 514 tere
2113 474 2305 515 coram
2339 458 2564 529 rege,in

3501 320 3622 389 790

2646 476 2715 515 uo
2748 474 2865 515 suae
2898 458 3149 532 quisque
3178 458 3618 532 consuetudinis

1966 532 2219 585 rationes
2250 530 2504 591 afferret.
2535 530 2942 587 deliberatum.
2969 532 3169 603 Itaque
3199 531 3273 587 iis
3304 547 3616 603 congrega-

1962 603 2059 676 tis,
2096 603 2230 657 hinc
2262 603 2581 676 auctoritas
2608 603 2671 676 Ι).
2705 604 2851 676 Petri
2875 608 2967 676 est
2994 608 3239 676 asserta,
3264 604 3362 676 qui
3399 603 3620 659 Pascha

1961 674 2374 728 celebrandum
2407 674 2657 729 decrevit
2687 674 2777 728 die
2809 674 3108 729 Dominico
3141 674 3431 744 (Christus
3452 676 3607 731 enim

1961 762 2077 817 uno
2099 764 2167 800 ex
2189 746 2281 800 his
2301 745 2507 800 diebus
2534 746 2867 813 resurrexit)
2884 751 3013 817 post
3035 750 3305 817 quartam
3325 747 3615 802 decimam

1959 815 2159 871 lunam
2178 817 2366 871 Martii
2386 818 2469 889 pri
2482 834 2640 871 mum
2656 815 3014 871 occurrente:
3032 815 3165 871 inde
3178 836 3310 872 vero
3323 817 3618 873 vindicata

1959 894 2045 941 est
2080 889 2315 942 traditio
2363 891 2653 958 quaedam,
2690 889 2901 958 partim
2958 891 3215 958 profecta
3247 890 3316 943 ab
3350 892 3615 960 apostolo

1957 960 2202 1025 Joanne,
2231 960 2330 1031 qui
2363 961 2581 1030 pascha
2612 977 2844 1029 semper
2874 959 3205 1013 celebrabat
3237 959 3619 1031 lunaiquarta

1958 1031 2205 1102 decima,
2242 1032 2453 1102 partim
2487 1048 2519 1085 a
2548 1032 2848 1084 nonnullis
2888 1031 3177 1095 Asiaticis,
3211 1032 3309 1102 qui
3346 1032 3489 1087 illud
3524 1050 3615 1087 ce-

1958 1101 2263 1173 lebrabant
2284 1103 2374 1157 die
2399 1102 2719 1163 Dominico,
2743 1101 2975 1156 tametsi
2999 1119 3131 1156 cum
3156 1101 3366 1173 quarta
3389 1103 3617 1158 decima

1955 1172 2097 1228 luna
2125 1180 2516 1238 concurreret,
2549 1182 2750 1228 contra
2781 1172 3266 1228 consuetudinem
3316 1174 3615 1229 Romano-

1956 1262 2108 1317 rum.
2144 1246 2243 1315 qui
2298 1263 2369 1299 ne
2421 1245 2638 1317 pascha
2694 1244 2984 1317 celebrent
3018 1261 3175 1317 cum
3234 1244 3451 1317 Judmis
3511 1247 3608 1300 ubi

1955 1316 2261 1370 Dominica
2310 1315 2444 1370 cum
2493 1321 2702 1387 quarta
2747 1315 2974 1370 decima
3018 1315 3157 1369 luna
3188 1316 3501 1379 concurrit,
3537 1318 3609 1371 ad

1954 1392 2295 1459 sequentem
2329 1390 2709 1442 transferunt.
2745 1394 2879 1452 Qua:
2926 1388 3366 1459 postBomante
3397 1387 3609 1459 vindex

1952 1457 2415 1523 consuetudinis,
2450 1459 2529 1513 ita
2561 1457 2959 1513 adversarium
3010 1457 3327 1529 alloquitur
3359 1476 3371 1513 :
3409 1483 3433 1507 ‹‹
3473 1458 3609 1514 Illos

1952 1530 2052 1612 Dei
2076 1530 2358 1612 famulos,
2384 1536 2443 1584 et
2474 1535 2586 1612 Deo
2615 1530 2861 1612 dilectos
2891 1546 3208 1612 nonhnego,
3242 1529 3341 1612 qui
3373 1530 3605 1612 simpli-

1952 1602 2127 1656 citate
2158 1604 2397 1665 rustica,
2424 1602 2524 1655 sed
2546 1601 2866 1656 intentione
2892 1601 2987 1672 pia
3009 1600 3194 1655 Deum
3228 1600 3556 1656 dilexerunt
3591 1618 3603 1655 :

1951 1690 2140 1744 neque
2165 1672 2279 1728 illis
2302 1672 2555 1727 multum
2579 1674 2783 1744 obesse
2807 1672 3032 1744 paschae
3055 1672 3231 1726 talem
3263 1689 3377 1727 non
3411 1675 3608 1727 obser-

1947 1744 2225 1825 vantiam,
2252 1744 2515 1825 quandiu
2535 1743 2737 1825 nullus
2758 1743 3087 1807 advenerat,
3112 1744 3220 1825 qui
3243 1744 3604 1825 eisinstituti

1950 1815 2311 1886 perfectioris
2356 1816 2609 1878 decreta,
2645 1831 2771 1885 qua:
2822 1819 3205 1885 sequerentur
3240 1816 3602 1886 ostenderet.

1952 1885 2107 1958 Quos
2121 1886 2322 1958 utique
2335 1886 2584 1951 credo,si
2599 1886 2699 1957 qui
2714 1890 2850 1940 tunc
2864 1888 2934 1940 ad
2950 1903 3047 1958 eos
3061 1885 3385 1941 catholicus
3410 1888 3604 1942 calcu-

1952 1956 2433 2021 latoradveniret,
2449 1958 2533 2012 sic
2552 1956 2682 2027 ejus
2702 1958 2928 2012 monita
2951 1957 3129 2029 fuisse
3152 1962 3474 2021 secuturos,
3492 1975 3606 2029 quo

1953 2029 2124 2084 modo
2157 2045 2245 2093 ea,
2278 2045 2404 2099 quae
2454 2033 2751 2097 noverant,
2802 2045 2869 2083 ac
2918 2028 3242 2083 didicerant
3291 2029 3390 2084 Dei
3441 2028 3605 2084 man-

1952 2100 2088 2154 data
2136 2101 2460 2172 probantur
2481 2100 2663 2154 fuisse
2722 2099 2929 2172 secuti.
2980 2100 3312 2172 Tusautem
3360 2103 3419 2154 et
3466 2100 3607 2154 socii

1948 2173 2056 2231 tui,
2092 2170 2152 2225 si
2172 2172 2374 2225 audita
2403 2172 2634 2242 decreta
2663 2171 2819 2242 sedis
2851 2170 3200 2242 apostolicae,
3232 2171 3352 2225 imo
3382 2172 3608 2225 univer-

1952 2243 2092 2297 salis
2138 2242 2428 2305 Ecclesize,
2478 2248 2536 2297 et
2583 2241 2704 2297 hinc
2756 2241 2963 2297 litteris
3020 2243 3203 2297 sacris
3260 2244 3607 2298 confirmata

1951 2313 2114 2384 sequi
2147 2312 2540 2377 contemnitis,
2573 2314 2795 2383 absque
2844 2313 2963 2367 ulla
3006 2313 3305 2368 dubietate
3333 2314 3601 2384 pereatis.

1950 2384 2072 2439 Etsi
2103 2385 2260 2439 enim
2292 2392 2488 2455 patres
2517 2384 2602 2438 tui
2632 2384 2817 2439 sancti
2851 2385 3106 2448 fuerunt,
3151 2386 3417 2455 nunquid
3469 2385 3606 2439 uni-

1948 2456 2179 2521 versali,
2212 2474 2339 2528 quas
2374 2473 2475 2528 per
2520 2456 2739 2528 orbem,
2771 2455 3003 2528 Christi;
3035 2461 3144 2523 est,
3178 2455 3468 2520 Ecclesize,
3501 2456 3605 2511 ho-

1950 2544 2081 2581 rum
2115 2533 2204 2581 est
2231 2526 2503 2599 paucitas
2548 2544 2665 2581 una
2712 2527 2782 2581 de
2832 2526 3045 2598 angulo
3093 2531 3360 2581 extremes
3402 2527 3605 2581 inculte

1948 2597 2346 2680 prmerenila?
2369 2600 2438 2653 Et
2459 2597 2772 2680 sisanetus
2792 2597 2937 2680 erat,
2964 2615 3028 2680 ac
3061 2604 3272 2680 potens
3296 2598 3609 2680 virtutibus

1948 2668 2046 2724 ille
2078 2670 2363 2725 Columba
2408 2675 2620 2734 vester,
2651 2668 2770 2723 imo
2797 2675 2853 2723 et
2883 2668 3100 2733 noster,
3136 2670 3185 2722 si
3216 2670 3427 2724 Christi
3461 2675 3604 2739 erat,

1949 2758 2093 2813 num
2126 2741 2379 2813 prmfeﬁrri
2411 2741 2603 2813 potuit
2633 2740 2976 2813 beatissimo
3007 2740 3407 2812 apostolorum
3441 2741 3608 2796 Prin-

1948 2812 2084 2884 cipi,
2132 2812 2231 2867 cui
2293 2812 2580 2884 Dominus
2638 2812 2721 2884 ait
2751 2828 2770 2884 :7
2828 2814 2902 2866 Tu
2956 2828 3012 2867 es
3066 2818 3284 2877 Petrus,
3337 2820 3389 2867 et
3447 2829 3611 2883 super

1947 2882 2091 2937 hanc
2142 2885 2362 2938 Petram
2416 2882 2698 2952 aediﬁcabo
2749 2883 3041 2955 Ecclesium
3098 2899 3297 2948 meam,
3330 2891 3383 2938 et
3437 2882 3611 2955 portae

1947 2956 2120 3025 inferi
2166 2971 2275 3007 non
2315 2955 2698 3025 prtmialcbnnt
2748 2952 3006 3025 adversus
3062 2968 3183 3025 eam
3212 2972 3230 3007 :
3260 2961 3311 3008 et
3339 2952 3447 3008 tibi
3470 2954 3610 3010 dabo

1946 3024 2120 3095 claves
2150 3025 2309 3095 regni
2336 3024 2595 3079 caelorum
2618 3025 2645 3078 ?
2680 3045 2707 3072 ››
2752 3024 2979 3095 (Synod.
3011 3024 3302 3091 Phorcus,
3336 3040 3430 3095 ap.
3467 3026 3604 3081 Bed.

1947 3092 2092 3152 Hist.
2127 3092 2263 3164 Any.
2297 3094 2400 3149 lib.
2434 3112 2521 3160 III,
2552 3092 2829 3166 cap._25.)

2026 3168 2153 3222 Ilaec
2212 3163 2457 3221 audiens
2517 3163 2640 3219 rex_
2674 3163 2929 3229 Oswius,
2965 3163 3086 3235 qui,
3120 3169 3184 3218 ut
3210 3164 3347 3235 dixi,
3382 3166 3603 3233 aderat,

1954 3240 2026 3294 ad
2062 3240 2388 3293 Romanum
2448 3235 2844 3292 adversarium
2903 3252 3217 3291 conversus
3252 3254 3265 3291 :
3300 3260 3328 3286 ‹‹
3362 3237 3606 3305 Verene,

1951 3310 2163 3382 inquit,
2197 3309 2536 3382 Colmanus,
2568 3308 2687 3361 haec
2720 3307 2806 3363 illi
2858 3312 3023 3382 Petro
3071 3307 3230 3382 dicta
3258 3313 3400 3382 sunt
3429 3326 3461 3363 a
3493 3310 3604 3365 Do-

1951 3377 2158 3436 mino?
2191 3380 2295 3445 Qui
2328 3382 2406 3452 ait
2441 3396 2453 3434 :
2489 3379 2633 3452 Vere
2664 3395 2781 3435 rex.
2818 3381 2881 3433 At
2914 3377 3009 3432 itle
3032 3394 3054 3452 _:
3091 3379 3345 3452 Habetis,
3382 3380 3599 3452 inquit,

1947 3470 2050 3508 vos
2074 3450 2557 3524 proferrealiquid
2574 3455 2759 3524 tantis
2772 3449 3079 3524 potestatis
3097 3455 3286 3504 vestro
3307 3449 3603 3506 Columbae

1949 3522 2150 3579 datum
2174 3524 2202 3578 ‘2
2234 3527 2299 3578 At
2326 3522 2423 3577 ille
2454 3522 2575 3577 ait:
2611 3522 2785 3575 Nihil.
2824 3523 3047 3576 Rursus
3094 3526 3290 3575 autem
3350 3538 3449 3577 rex
3483 3539 3496 3577 :
3545 3524 3606 3578 Si

1951 3597 2184 3677 utrique
2214 3599 2493 3677 vestrum,
2524 3592 2829 3677 inquit,‘in
2880 3591 2987 3646 hoc
3038 3591 3172 3673 sine.
3214 3592 3335 3677 ulla
3374 3598 3604 3677 coptro-

1947 3663 2138 3721 versia
2167 3666 2563 3730 consentiunt,
2595 3666 2752 3735 quod
2815 3664 2933 3718 hazc
2991 3663 3390 3734 principaliter
3438 3665 3604 3720 Petro

1950 3738 2106 3793 dicta
2135 3743 2191 3791 et
2222 3738 2271 3791 ei
2304 3736 2495 3791 claves
2548 3736 2707 3807 regni
2742 3735 3043 3807 rccelorum
3077 3740 3216 3789 sunt
3246 3736 3392 3807 datae
3421 3752 3455 3790 a
3487 3736 3603 3791 Do-

1951 3809 2152 3864 mino?
2171 3806 2646 3880 Responderunt:
2664 3806 2850 3880 Etiam
2876 3806 3124 3880 utrique.
3148 3809 3217 3860 At
3247 3806 3343 3861 ille
3366 3808 3446 3880 ita
3467 3825 3602 3863 con-

1949 3880 2127 3935 clusit
2160 3896 2172 3933 :
2205 3877 2409 3951 Et'ego
2439 3879 2603 3932 vobis
2648 3879 2800 3951 edico,
2836 3878 2974 3951 quia
3031 3877 3123 3931 hic
3145 3949 3157 3951 ᾼ
3179 3883 3270 3951 est
3329 3878 3603 3934 ostiarius

1950 3952 2081 4023 iste,
2114 3950 2218 4023 cui
2265 3949 2371 4023 ego
2424 3950 2839 4023 contradicere
2876 3949 3030 4023 nolo,
3063 3949 3161 4003 sed
3190 3949 3271 4023 “in
3317 3955 3605 4023 quantum

1951 4021 2105 4089 novi,
2137 4021 2223 4075 vel
2266 4020 2449 4088 valeo,
2484 4021 2662 4091 hujus
2712 4020 2880 4091 cupio
2931 4020 2987 4074 in
3043 4020 3606 4077 omnibus'obedire

1950 4092 2206 4158 statutis,
2232 4109 2304 4147 ne
2335 4094 2480 4147 forte
2510 4110 2603 4147 me
2633 4092 2977 4147 adveniente
3009 4092 3079 4145 ad
3114 4094 3263 4146 fores
3295 4093 3457 4161 regni
3490 4111 3606 4149 caa-

1948 4163 2165 4227 lorum,
2198 4180 2315 4217 non
2365 4164 2442 4218 sit
2489 4163 2591 4234 qui
2643 4168 2881 4231 reseret,
2913 4179 3112 4217 averso
3152 4162 3251 4217 illo
3284 4163 3384 4234 qui
3415 4164 3605 4219 claves

1950 4240 2146 4290 tenere
2169 4235 2466 4305 probatur.
2493 4234 2623 4288 Haec
2654 4235 2883 4289 dicente
2905 4251 3035 4304 rege
3060 4235 3323 4287 faverunt
3344 4234 3607 4290 assiden-

1949 4311 2038 4361 tes
2060 4306 2276 4377 quique
2298 4305 2418 4377 sive
2441 4310 2700 4360 astantes
2733 4308 2986 4377 majores
3016 4322 3147 4359 cum
3178 4306 3605 4362 mediocribus:

1950 4382 2007 4433 et
2038 4376 2305 4449 abdiCata
2338 4376 2537 4430 minus
2567 4378 2821 4447 perfecta
2859 4376 3250 4449 institutione,
3286 4379 3355 4449 ad
3383 4394 3449 4432 ea
3480 4395 3607 4449 quae

1950 4448 2193 4504 meliora
2223 4452 2633 4519 cognoverant,
2665 4464 2792 4502 sese
2819 4448 3137 4503 transferre
3168 4448 3541 4504 festinabant.
3576 4472 3605 4500 »

1975 4520 2110 4576 Ibid.

1948 4520 2409 4655 (Ibgugmobrem
2460 4586 2621 4660 Isaize
2670 4587 3058 4659 prophetiam,
3088 4606 3214 4660 quze
3257 4590 3322 4657 in
3370 4589 3610 4647 laudata

1948 4660 2226 4741 _Vi_taliani
2260 4660 2332 4714 ad
2371 4658 2637 4741 gsxgium
2672 4658 2943 4741 ’epi’stola
2993 4658 3225 4730 legitur,
3258 4660 3373 4741 huc
3405 4664 3610 4741 afferre

1950 4733 2132 4795 lubet,
2166 4748 2343 4801 quam
2375 4731 2438 4786 Β.
2476 4731 2658 4787 Petro.
2692 4731 2937 4801 ejusque
2986 4733 3425 4801 successoribus
3475 4739 3611 4789 tan-

1952 4749 2132 4795 lubet,
2207 4749 2343 4785 nam
2377 4749 2438 4786 υ.
2477 4749 2658 4787 γοινο.
2692 4749 2937 4801 ejusque
2986 4749 3425 4788 SUCCCSSOI‘IDUS
3475 4749 3609 4789 tan-

1952 4821 2129 4876 quam
2163 4749 2394 4858 ghristo
2428 4800 2846 4876 subordinatis,
2870 4802 3039 4870 cujus
3065 4800 3262 4876 vicarii
3300 4808 3609 4876 sunt,puto

1953 4873 2165 4931 ascribi
2200 4891 2390 4945 posse.
2424 4874 2533 4942 Ego
2589 4874 2850 4928 Dominus
2908 4873 3089 4927 vocavi
3125 4879 3176 4945 te
3202 4874 3259 4926 in
3281 4873 3530 4945 justitia,
3563 4886 3614 4933 ct

1953 4943 2286 5018 apprehendi
2335 4962 2565 5000 man-um
2619 4952 2789 5007 tuam,
2823 4950 2876 5018 et
2920 4943 3172 5018 servavi;
3202 4951 3255 4998 et
3284 4943 3430 5000 dedi
3472 4954 3522 5001 te
3551 4949 3612 5002 in

1954 5015 2130 5074 lucem
2182 5019 2447 5085 gentium,
2505 5024 2556 5071 et
2614 5018 2675 5071 in
2736 5016 2911 5086 [huius
2978 5015 3188 5139 populi,
3251 5023 3312 5070 ut
3371 5019 3614 5087 aperires

1954 5090 2135 5139 oculos
2166 5096 2519 5139 errorumet
2546 5087 2794 5139 educeres
2822 5084 2886 5139 de
2911 5102 3040 5139 conc
3067 5086 3256 5139 usione
3284 5088 3529 5139 vinctum
3551 5089 3614 5139 de

1952 5090 2135 5145 oculos
2166 5084 2519 5153 cireorum,et
2546 5084 2794 5143 educeres
2822 5084 2886 5141 de
2911 5084 3256 5141 conclusione
3284 5084 3529 5143 vinctum
3551 5089 3616 5144 de

1954 5160 2109 5215 domo
2193 5161 2427 5214 carceris
2510 5158 2778 5214 sedentem
2852 5160 2913 5212 in
2968 5158 3204 5212 tenebris
3262 5160 3390 5225 (Isn.
3450 5164 3608 5224 xui).

1956 5255 1982 5282 ‹ι
2020 5232 2179 5291 Ecce.
2214 5229 2589 5301 prosequitur
2646 5228 2919 5301 pontifex,
2961 5228 3446 5301 excellentissime
3506 5231 3609 5299 tili,

1999 5321 2135 5357 nam
2160 5301 2289 5357 luce
2311 5299 2527 5356 clarius
2549 5299 2771 5355 est—non
2800 5299 2988 5355 solum
3014 5300 3089 5354 de.
3107 5299 3288 5366 vobis,
3311 5302 3409 5354 sed
3435 5302 3613 5356 etiam

1999 5390 2027 5427 e
2060 5374 2336 5428 omnibus
2368 5372 2784 5443 prophetarum
2827 5370 3120 5443 gentibus,
3155 5372 3309 5441 quod
3343 5372 3461 5427 sint
3492 5390 3615 5428 cre-

1956 5445 2164 5501 diturae
2222 5445 2283 5500 in
2341 5441 2568 5501 Christo
2628 5442 2893 5498 omnium
2952 5441 3337 5498 conditore.»
3380 5444 3615 5515 (311.5.)

1380 5718 2427 5754 W—
