3934 6410
58 320 211 386 ’197

76 529 542 610 sedisse-annos
595 536 851 610 quatuor,
882 543 1089 610 menses
1131 525 1289 610 duos,
1334 525 1449 581 dies
1498 528 1758 610 quinque,

77 600 248 672 quod
284 599 469 672 etiam
499 598 720 672 legitur
741 599 798 672 in
814 599 1048 672 duobus
1060 598 1361 672 codicibus
1375 600 1765 672 m_ss.An_asta-

78 666 164 727 έίί
196 666 645 737 Colbertinis,in
680 669 1352 741 Luitprando,0rderico
1385 668 1485 741 lib.
1507 686 1567 735 ιι,
1592 666 1761 741 Regi-

78 742 641 807 mone,Hermanno
673 739 1274 811 Contracto,catalogo
1305 739 1767 811 Vaticano—pala-

78 814 239 881 tino,
256 786 632 885 dliisquemc
666 811 965 885 sepultum
991 785 1127 885 ’esse
1152 784 1236 867 acl
1256 784 1762 885 beatugmAPct‘rum

84 882 439 958 apostolum
463 884 556 940 die
576 886 648 939 26
663 882 1160 958 niensisJunii,ex
1178 882 1395 958 quibus
1412 882 1765 958 deduximus

84 953 231 1013 eum
266 956 612 1012 ordinatum
644 955 741 1011 die
770 959 842 1010 22
884 954 1095 1026 Aprilis
1127 953 1264 1009 anni
1294 954 1402 1008 672
1442 960 1500 1007 et
1540 954 1767 1026 Aobiisse

88 1028 186 1085 die
213 1030 296 1083 25
323 1026 552 1084 mensis
581 1026 747 1084 Junii
779 1024 1090 1095 anni—676,
1123 1031 1188 1081 ut
1218 1024 1551 1081 numeranti
1584 1028 1763 1097 patet.

164 1220 356 1283 Num.
381 1221 508 1289 138,
541 1219 701 1277 linea
727 1220 783 1276 5.
813 1130 1227 1291 Elicit.ij
1278 1220 1574 1275 transitum
1601 1225 1770 1275 tanta?

964 319 1339 383 HISTORIA
1380 319 1484 383 DE
1526 319 1734 409 VlTiS
1780 318 1970 382 ROM.
2018 320 2249 381 PONT.
2286 354 2360 364 —
2389 318 2678 384 DONUS.

157 453 519 515 Anastasius
549 452 613 513 in
651 452 951 513 Adeodato
997 453 1180 529 tradit
1220 452 1393 529 hunc
1425 453 1761 529 pontificem
1794 461 1845 529 Α
1872 453 2197 529 plum‘.‘e._In

3408 322 3528 384 798

2206 452 2468 579 gruentis
2500 451 2680 524 hujus
2708 450 2839 535 cmli
2871 453 3241 527 tempestatis
3260 454 3532 540 meminit

2207 544 2219 579 1
2256 543 2323 579 us
2382 526 2674 579 Diaconus
2723 524 2825 579 lib.
2857 543 2913 579 v.
2967 544 3094 579 can.
3149 529 3236 579 15-
3268 528 3333 579 de
3364 536 3530 579 uestis

1875 524 2053 599 etiam
2104 524 2323 599 Paulus
2382 526 2674 580 Diaconus
2723 524 2825 599 lib.
2857 543 2913 599 v,
2967 524 3094 599 cap.
3149 529 3236 599 15.
3268 528 3333 584 de
3363 530 3530 597 gestis

1875 598 2110 664 Langob.
2146 615 2165 651 :
2201 620 2226 647 ‹‹
2265 598 2378 651 lloo
2412 601 2692 668 tempore,
2728 595 2941 667 inquit,
2967 595 3140 653 tanta:
3172 595 3380 668 pluvias
3402 606 3531 655 tan-

1872 668 2334 740 taqueitonilrua
2379 668 2893 740 fuerunt,_quanta
2922 674 3057 725 ante
3089 668 3287 726 nullus
3320 672 3529 726 memi-

1874 738 2023 795 nerit
2056 739 2362 794 hominum
2391 758 2404 806 ;
2439 739 2521 793 ita
2552 744 2610 793 nt
2646 738 2957 793 innumera
2991 740 3294 797 hominum
3327 747 3385 797 et
3413 742 3534 798 ani-

1875 810 2165 885 mantium
2213 810 2396 885 millia
2447 810 2798 865 fulminibus
2852 817 3051 885 essent
3097 818 3417 885 perempta.
3454 816 3533 885 Eo

1874 899 2028 937 anno
2061 881 2379 956 legumina,
2414 899 2541 953 quze
2574 881 3067 956 propter‘pluvias
3096 881 3534 956 colligi'nequi-

1873 959 2095 1019 verant,
2122 951 2343 1008 iterum
2394 951 2615 1022 renata,
2662 951 2720 1009 et
2766 951 2853 1008 adi
2893 951 3295 1011 maturitatem
3344 951 3534 1029 usque

1876 1030 2157 1097 perducta
2187 1029 2344 1081 sunt.
2380 1047 2407 1075 ››

1493 1523 1766 1594 LXXX.
1827 1524 1996 1595 DON
2009 1522 2139 1595 US.

1130 1688 1289 1736 mo
1330 1688 1570 1736 cmusu
1612 1673 1754 1751 676,
1803 1689 2141 1736 consum.
2187 1688 2401 1736 roses.
2445 1676 2507 1736 9.

356 1939 524 1994 189
564 1932 808 2005 Donus,
856 1929 1108 1992 natione
1154 1932 1495 2005 Romanus,
1544 1949 1621 1991 ex
1667 1936 1847 2010 patre
1893 1930 2218 2003 Mauricio,
2266 1932 2427 1992 sedit
2488 1950 2724 1993 annum
2789 1952 3012 2007 unum,
3061 1953 3307 1996 menses
3350 1936 3536 2017 quin-

269 2059 427 2122 que,
474 2039 609 2100 dies
650 2038 894 2100 decem.
941 2039 1055 2099 llic
1096 2038 1325 2099 atrium
1373 2038 1540 2099 beati
1581 2038 1749 2098 Petri
1812 2038 2082 2118 apostoli
2140 2038 2449 2118 superius,
2496 2039 2667 2118 quod
2726 2048 2821 2101 est
2864 2039 2943 2122 (a)
2991 2048 3138 2105 ante
3206 2043 3533 2106 ecclesiam

267 2147 338 2209 in
386 2144 937 2227 quadriperticum
981 2144 1228 2224 magnis
1274 2145 1695 2206 marmoribus
1740 2145 1987 2217 stravit,
2032 2144 2139 2205 sed
2184 2151 2245 2206 et
2289 2145 2615 2206 ecclesiam
2681 2149 3139 2226 apostolorum,
3187 2149 3375 2211 sitam
3436 2152 3541 2213 via

266 2252 573 2327 Ostiensi,
618 2258 690 2313 ut
730 2252 963 2325 decuit,
1013 2252 1391 2313 restauravit
1431 2259 1622 2331 atque
1689 2251 2025 2312 dedicavit.
2090 2252 2374 2331 Itemque
2444 2252 2771 2314 ecclesiam
2835 2261 3070 2316 sanctae
3141 2257 3537 2336 Euphemiaa,

183 2364 223 2424 5
270 2360 551 2443 positam
595 2358 701 2420 via
743 2357 974 2438 Appia,
1021 2358 1310 2420 similiter
1351 2357 1687 2419 dedicavit.
1735 2358 1985 2419 Clerum
2030 2377 2283 2438 quoque
2335 2358 2604 2420 diversis
2665 2360 2995 2422 ordinibus
3059 2366 3125 2423 et
3192 2362 3542 2425 honoribus

269 2466 632 2547 ampliavit.
679 2465 795 2527 Hic
837 2465 1071 2545 reperit
1111 2465 1177 2525 in
1225 2465 1379 2526 urbe
1424 2468 1647 2539 Roma,
1693 2465 1757 2526 in
1830 2465 2213 2527 monasterio
2275 2466 2447 2546 quod
2514 2467 2876 2547 appellatur
2944 2470 3344 2545 Boetianum,
3389 2473 3543 2532 Nes-

272 2572 638 2647 torianitas,
686 2572 1034 2633 monachos
1076 2571 1289 2653 Syros,
1337 2591 1495 2653 quos
1539 2592 1654 2653 per
1708 2572 1957 2633 diversa
2025 2574 2417 2635 monasteria
2477 2574 2691 2635 divisit
2750 2575 2855 2655 (ὁ).

2918 2577 2987 2637 In
3051 2596 3179 2657 quo
3240 2578 3544 2663 praedicto

282 2680 678 2742 monasterio
721 2678 1069 2740 monachos
1113 2680 1426 2740 Romanos
1468 2678 1759 2740 instituit.
1808 2678 2008 2757 Hujus
2079 2680 2472 2760 temporibus
2542 2681 2821 2742 Ecclesia
2886 2686 3349 2758 Ravennatum,
3397 2705 3543 2765 quas

283 2808 351 2850 se
397 2789 480 2849 ab
522 2786 803 2849 Ecclesia
848 2788 1134 2847 Romana
1174 2793 1619 2865 segregaverat
1661 2805 1853 2848 causa
1893 2788 2379 2867 autocephalim,
2426 2788 2636 2850 denuo
2695 2808 2760 2850 se
2820 2790 3103 2869 pristinas
3165 2792 3296 2854 sedi
3363 2812 3548 2874 apos-

152 2898 232 2959 10
278 2895 494 2956 tolicas
537 2892 927 2972 subiugavit.
972 2892 1166 2972 Cujus
1207 2892 1502 2953 Ecclesia:
1547 2893 1777 2973 praesul
1822 2894 2079 2955 nomine
2129 2897 2478 2973 Reparatus
2520 2913 2554 2955 e
2617 2896 2902 2975 vestigio,
2952 2903 3025 2957 ut
3084 2900 3214 2959 Deo
3275 2898 3540 2979 placuit,

277 3002 474 3063 vitam
523 3000 730 3061 ﬁnivit
770 2999 871 3081 (c).
919 2999 1034 3061 Hic
1077 3000 1227 3060 dum
1274 3005 1437 3060 esset
1496 3000 1733 3060 electus
1795 3019 1908 3080 per
1963 3000 2229 3076 Augusti
2292 3019 2595 3071 mensem,
2643 3002 2941 3080 apparuit
3000 3002 3185 3063 stella
3253 3022 3292 3064 a
3356 3012 3540 3084 parte

273 3107 553 3172 Orientis
595 3126 632 3168 a
677 3106 830 3186 galli
872 3112 1062 3167 cantu
1105 3125 1303 3185 usque
1350 3124 1532 3167 mane
1577 3126 1689 3186 per
1733 3126 1977 3168 menses
2022 3112 2167 3166 tres.
2215 3105 2406 3183 Cujus
2451 3106 2611 3166 radii
2672 3108 2902 3168 cmlum
2966 3110 3417 3188 penetrabant.
3467 3113 3537 3173 ln

275 3215 463 3295 cujus
505 3214 747 3275 visione
790 3212 1107 3292 surgentis
1150 3232 1371 3274 omnes
1417 3212 1760 3293 provincia:
1806 3220 1868 3274 ct
1911 3219 2131 3292 gentes
2176 3212 2574 3272 mirabantur
2619 3212 2725 3294 (τί),
2774 3233 2917 3294 qua;
2980 3221 3121 3295 post
3183 3217 3246 3278 in
3310 3224 3543 3282 semet-

277 3324 489 3403 ipsum
535 3339 789 3382 reversa
830 3320 1159 3399 disparuit.
1210 3322 1331 3381 Pro
1374 3339 1502 3399 quo
1543 3321 1822 3400 capitulo
1869 3328 1931 3381 et
1977 3321 2254 3381 maxima
2298 3338 2466 3380 mors
2511 3339 2550 3380 a
2611 3327 2791 3400 parte
2858 3321 3133 3382 Orientis
3203 3321 3547 3386 subsecuta

164 3432 233 3491 15
275 3436 373 3491 est
420 3427 521 3510 (ρ).
568 3426 744 3489 Fecit
786 3431 996 3487 autem
1042 3426 1506 3488 ordinationem
1569 3445 1763 3487 unam
1815 3444 1829 3485 :

1896 3428 2295 3507 presbyteros
2356 3427 2595 3499 decem,
2653 3427 2952 3488 diaconos
3012 3428 3317 3509 quinque,
3387 3430 3548 3509 epis-

273 3553 478 3616 copos
536 3552 649 3614 per
708 3532 957 3594 diversa
1016 3533 1158 3595 loca
1219 3552 1486 3594 numero
1547 3551 1678 3594 sex.
1727 3533 1845 3604 Qui
1908 3533 2097 3595 etiam
2158 3533 2442 3613 sepultus
2485 3538 2580 3594 est
2623 3533 2704 3595 ad
2747 3534 3004 3595 beatum
3049 3536 3305 3596 Petrum
3352 3554 3541 3616 apos-

272 3644 478 3705 tolum
554 3640 671 3701 sub
738 3639 840 3701 die
909 3633 978 3701 nt
1048 3640 1195 3701 Idus
1263 3639 1515 3720 Aprilis,
1586 3646 1649 3700 et
1716 3641 1983 3701 cessavit
2048 3641 2448 3721 episcopatus
2522 3659 2765 3703 menses
2834 3641 3017 3714 duos,
3064 3641 3199 3703 dies
3270 3642 3537 3722 quinde-

273 3752 428 3812 cim.

1325 3869 1569 3915 NOTULE
1611 3869 1996 3916 MARGINALES
2039 3871 2329 3916 FABllOTTI
2339 3900 2353 3914 .

187 3983 263 4047 (a)
293 3978 456 4053 quod
489 3975 802 4053 paradisus
831 3973 1047 4053 dicitur
1073 3980 1179 4030 est.
1257 3976 1333 4047 (ὁ)
1365 3981 1454 4039 Β..
1487 3977 1560 4053 ad
1588 3979 1961 4053 ρίεηίιεηιίαηι
1986 3979 2212 4034 scilicet.
2288 3981 2360 4045 (ο)
2395 3978 2527 4053 Vide
2556 3979 2831 4053 Boramad
2861 3981 3235 4053 ann.Dmnini
3260 3982 3387 4037 678.
3466 3982 3545 4053 (ἀ)

121 4047 411 4119 Quidnam
444 4047 575 4105 esse
603 4047 809 4122 possit.

886 4049 959 4119 (θ)
990 4047 1125 4102 Post
1153 4064 1282 4102 eam
1314 4047 1742 4121 apparitionein
1777 4049 2032 4105 maxima
2063 4067 2221 4105 mors
2248 4067 2282 4106 a
2304 4055 2467 4122 parte
2498 4050 2752 4106 Orientis
2781 4052 3100 4107 subsecuta
3128 4059 3237 4108 est.

1489 4173 1731 4230 VARI/E
1771 4173 2081 4231 LECTION
2088 4175 2192 4230 ES.

611 4272 697 4327 Ea:
723 4271 905 4328 codice
930 4270 1301 4327 Valliceltano.

187 4370 339 4424 Num
378 4362 499 4428 '39,
531 4360 613 4417 (in
641 4364 699 4425 2,
720 4359 873 4415 beati
908 4359 1057 4415 Petri
1091 4357 1338 4432 apostoli
1373 4358 1644 4432 superius
1665 4364 1775 4416 etc.

123 4442 362 4512 14309;:
395 4437 548 4512 11102-
580 4440 632 4512 6!
666 4433 1059 4512 Τέιαέῖῖιονλεαηὲ
1082 4431 1781 4512 (ἐπέδαδ.είέησί’νάαέ.εέίίι⁷η

125 4502 371 4574 ιίηείδ’3,
404 4507 462 4572 5,
489 4506 528 4559 7
569 4507 628 4559 et
660 4505 745 4559 17.
778 4504 859 4558 lin
909 4504 962 4571 8,
998 4502 1214 4574 divisit,
1248 4506 1305 4557 et
1358 4502 1505 4557 iram
1555 4502 1777 4557 dictum

126 4581 275 4651 (lege,
309 4572 367 4651 et
391 4578 523 4651 jam
554 4573 802 4647 dictum)
842 4572 1267 4651 monasterium
1317 4577 1425 4651 etc.
1458 4582 1518 4629 ut
1567 4574 1784 4651 laudati

125 4643 276 4706 codd.
310 4643 416 4704 (in:
453 4649 542 4713 10,
574 4643 799 4719 segreg}
833 4661 1098 4719 auexocze
1143 4643 1287 4719 valie
1308 4715 1319 4719 _
1344 4645 1483 4716 (lege
1532 4650 1772 4719 autoce-

126 4720 352 4800 pbaliae)
386 4719 583 4800 denuo
615 4715 677 4773 se
708 4715 1588 4800 pristinoglcg'e’pristinaa)"sedi
1618 4734 1783 4800 apos-

128 4786 377 4850 tolorum
427 4786 788 4862 subjugavit.
821 4789 903 4844 lin
954 4790 1038 4855 12,
1082 4786 1386 4862 Hicﬂpapa
1434 4787 1574 4862 dum
1628 4786 1785 4844 esset

126 4864 343 4922 electus
377 4878 482 4935 per
502 4858 841 4935 Augustum
869 4875 1161 4935 mensem.
1195 4858 1418 4935 ιίηξη,
1452 4858 1629 4915 οωιοε
1679 4876 1782 4932 pe-

130 4930 464 5013 netrabapt.
501 4932 564 4989 In
604 4930 788 5004 cujus
834 4930 1054 5013 vis-iege
1097 4934 1405 5013 surgentes
1454 4947 1508 4985 ο.
1544 4947 1603 5013 ρἶ
1635 4930 1697 4986 et
1723 4947 1782 5004 g.

128 5008 257 5064 mir.
289 5006 579 5079 quidnam
613 5002 742 5060 esse
772 5002 1123 5076 possit.Post
1149 5002 1327 5074 quam
1358 5002 1784 5076 apparitionein

128 5085 233 5137 etc.
266 5087 329 5134 ut
354 5077 495 5133 dicti
520 5074 674 5133 codd.

182 5096 233 5136 Ο.
266 5092 329 5134 ut
354 5092 491 5133 αισα
520 5092 674 5133 εοαα.

310 5181 473 5255 Apud
503 5182 561 5238 ν.
594 5182 654 5237 L.
688 5181 1001 5237 Fabrottum
1026 5195 1098 5237 ea:
1125 5177 1307 5235 codice
1333 5179 1575 5235 Freheri.

196 5282 298 5339 ιλιι
328 5282 419 5349 18,
457 5279 569 5337 sub
599 5278 695 5335 die
726 5293 813 5335 ιιι.
845 5278 1004 5334 Idus.
1038 5276 1102 5344 B,
1137 5292 1201 5331 ιιι
1236 5274 1454 5332 Kalend
1488 5280 1628 5349 Apr.

354 5387 444 5443 Ea:
467 5384 651 5451 codice
677 5387 866 5457 Regio,
901 5383 1193 5440 Mazarino
1220 5389 1272 5437 et
1306 5382 1548 5439 Thuano.

203 5488 303 5543 Lin
352 5488 404 5554 1,
457 5483 614 5541 sedit
672 5499 790 5539 ann
846 5482 902 5538 2.
952 5482 1045 5554 lin
1100 5484 1155 5548 2,
1198 5480 1348 5536 beati
1410 5480 1559 5554 Petri
1608 5499 1783 5554 supe-

138 5557 272 5626 rius,
326 5552 487 5631 quod
539 5555 856 5630 paradisus
906 5552 1144 5621 dicitur,
1190 5556 1249 5607 et
1295 5555 1404 5608 est.
1465 5552 1545 5607 lin
1603 5557 1659 5622 2,
1686 5552 1779 5626 _q.

1812 4276 1861 4341 B
1891 4272 2180 4345 candidis,
2210 4272 2532 4345 etgmagnis
2582 4272 2979 4328 marmoribus
3028 4272 3275 4329 miriﬁce
3324 4278 3427 4330 str.
3464 4275 3549 4331 lin

1889 4345 1943 4410 5,
1981 4344 2122 4399 Item
2173 4343 2291 4399 eccl
2346 4343 2560 4399 sanctae
2610 4344 2909 4399 Eufemia.
2944 4345 3025 4400 lin
3054 4348 3109 4401 7.
3142 4345 3202 4399 in
3235 4361 3372 4401 mon
3404 4346 3547 4402 Boe-

1889 4414 2050 4470 tiano
2084 4416 2153 4469 II.
2178 4416 2261 4469 (in
2288 4417 2341 4479 8,
2374 4414 2591 4481 divisit,
2626 4421 2685 4470 et
2732 4415 2792 4470 in
2843 4414 3067 4471 dictum
3119 4416 3546 4474 monasterium

1890 4486 2213 4561 monachos
2244 4487 2537 4561 Romanos
2566 4486 2823 4561 instituit
2862 4487 2942 4542 (in
2996 4490 3081 4554 10,
3116 4504 3322 4561 segreg
3370 4489 3548 4546 alice-

1890 4557 2046 4638 phali
2078 4558 2136 4611 d.
2172 4559 2253 4611 lin
2284 4559 2370 4638 12,
2411 4557 2508 4611 Hic
2543 4575 2693 4638 papa
2721 4558 2863 4638 dum
2896 4565 3052 4614 esset
3095 4559 3166 4614 el.
3188 4557 3387 4616 ἰἰη’14
3414 4578 3547 4638 sur-7

1891 4634 2093 4700 gentes
2123 4645 2175 4682 ο.
2212 4635 2359 4703 p_._et
2388 4645 2443 4701 g.
2478 4629 2594 4683 mir
2641 4629 2927 4703 quidnam
2981 4646 3111 4686 esse
3161 4638 3385 4703 posset.
3413 4632 3551 4688 Post

1891 4717 2019 4755 eam
2054 4700 2479 4771 apparitionem
2513 4700 2769 4755 maxima
2799 4717 2958 4755 mors
3000 4718 3035 4756 a
3081 4700 3247 4772 parte
3296 4702 3549 4759 Orientis

1891 4772 2211 4897 subsecuta
2239 4777 2347 4828 est.
2382 4772 2484 4827 Hic
2516 4772 2651 4826 fecit
2681 4771 3112 4828 ordinationem
3155 4789 3196 4827 ι.
3233 4772 3320 4829 (in
3352 4776 3437 4841 17,
3469 4774 3549 4830 lo-

1894 4859 1961 4898 ca
2032 4884 2045 4897 .

2328 4949 2414 5005 Ex
2441 4950 2621 5006 codice
2655 4950 2880 5007 Tliuano
2910 4951 3102 5008 altero.

1964 5055 2065 5130 bin
2094 5057 2149 5127 5,
2178 5056 2335 5130 quod
2388 5074 2492 5130 per
2520 5056 2615 5112 div
2662 5057 2792 5113 loca
2837 5058 3071 5127 divisit;
3109 5057 3199 5114 lin
3248 5059 3335 5125 14,
3369 5057 3549 5130 caelos

1892 5125 2076 5253 prioltin
2121 5125 2273 5196 ead,
2308 5125 2639 5201 surgentes.
2674 5130 2756 5185 (in
2805 5132 2892 5197 15,
2926 5147 3030 5203 pro
3061 5125 3139 5203 'q.
3190 5146 3242 5185 ο.
3293 5129 3551 5187 maxima

2028 5216 2079 5253 s.

2208 5305 2365 5379 Apud
2393 5307 2625 5364 Peniam
2661 5324 2732 5364 ex
2759 5308 2941 5366 codice
2972 5309 3226 5365 Cavensi.

1964 5412 2070 5467 Lin
2099 5413 2150 5477 1,
2184 5415 2395 5467 Conus.
2434 5411 2520 5467 lin
2549 5414 2603 5479 3,
2638 5414 2739 5469 sed
2770 5414 2977 5470 eccles.
3016 5413 3099 5469 lin
3125 5415 3180 5469 6.
3204 5411 3426 5468 clerum
3462 5412 3551 5468 ui-

1894 5482 2104 5557 delicet
2153 5483 2314 5557 diver
2359 5485 2464 5539 lin.
2494 5484 2595 5539 cad
2644 5485 2901 5557 repperit
2949 5486 3057 5543 lin.
3089 5486 3144 5554 9,
3192 5485 3549 5541 Ravennate.

1896 5553 1987 5610 lin
2022 5557 2106 5626 12,
2130 5571 2234 5627 per
2265 5554 2326 5610 in
2355 5557 2621 5629 Augusto
2654 5553 2874 5614 mense.

1514 5676 1730 5733 NOTAE
1773 5678 2151 5736 VARIORUM
2162 5720 2174 5733 .

741 5775 1189 5833 ALTASERRA.

204 5852 376 5909 Linea
403 5852 537 5909 6.-
553 5852 667 5910 Hic
694 5849 898 5921 reperit
925 5849 988 5905 in
1006 5849 1142 5904 urbe
1168 5850 1342 5905 Roma
1372 5847 1432 5902 in
1460 5850 1791 5906 monasterio

1899 5777 2038 5850 quod
2067 5777 2378 5850 appellatur
2423 5779 2791 5850 Braetianum,
2823 5780 3220 5838 Nestorianitas
3263 5781 3555 5836 monachos

1896 5849 2106 5921 Syrios,
2140 5864 2273 5922 quos
2302 5864 2401 5921 per
2429 5849 2647 5907 diversa
2673 5854 3008 5910 monasteria
3039 5854 3250 5911 divisit.
3288 5851 3554 5910 Monachi
