3934 6416
363 340 480 403 807
1519 339 1930 399 ANASTASII
1977 338 2632 400 BIBLIOTHECARII.
3668 339 3788 404 ΗΒ

527 473 699 553 quod
759 478 820 534 et
879 473 1174 534 ordinare
1235 490 1362 534 non
1425 472 1670 532 distulit
1711 471 1817 552 (a).
1865 474 1945 531 Et
2002 472 2232 534 direxit
2273 471 2355 550 (ὁ)
2411 472 2894 535 Abundantium
2954 474 3432 548 Paternensem,
3473 473 3786 536 Joannem

410 581 484 644 lO
525 581 955 661 Rhegitanum
1001 580 1100 660 (ο),
1148 585 1209 640 et
1251 581 1558 640 Joannem
1606 579 2018 640 Portuensem
2065 581 2429 660 episcopum
2479 581 2588 660 ((1),
2635 579 3038 641 Theodorum
3095 585 3158 641 et
3200 578 3538 661 Georgium
3610 596 3785 660 pres-

525 689 802 769 byteros,
865 689 1176 750 Joannem
1247 687 1584 748 diaconum
1648 691 1712 748 et
1771 687 2282 762 Constantinum,
2350 687 2755 750 Theodorum
2828 687 3266 769 presbyterum
3329 686 3407 768 (ε)
3451 689 3786 750 Ravenna-

526 803 677 873 tem,
751 801 941 876 atque
1008 795 1334 874 religiosos
1405 813 1617 856 servos
1688 795 1801 856 Dei
1873 794 2242 857 monachos.
2310 795 2560 856 Clerum
2629 795 2923 858 videlicet
2990 794 3252 856 diversis
3321 794 3675 869 ordinibus,
3720 800 3788 857 et

523 923 714 985 super
783 902 953 983 quod
1021 901 1438 982 competebat,
1490 920 1597 962 eos
1671 900 2018 963 honoribus
2088 901 2439 982 ampliavit.
2488 903 2600 964 Hic
2670 902 2838 964 ultra
2907 901 3428 964 consuetudinem
3501 902 3789 965 arcarius

520 1011 813 1074 Ecclesiae
871 1013 1170 1071 Romanae
1233 1009 1506 1070 efﬁcitur
1548 1007 1652 1088 (Γ),
1703 1015 1764 1068 et
1825 1027 1937 1088 per
1995 1009 2402 1090 semetipsum
2467 1027 2721 1070 causam
2786 1009 3044 1071 arcarize
3108 1009 3436 1091 disposuit,
3486 1009 3788 1073 emittens

401 1123 474 1181 15
525 1120 811 1180 videlicet
853 1117 931 1178 de
975 1121 1267 1196 suscepta
1309 1135 1422 1194 per
1465 1115 2006 1176 nomenclatorem
2054 1135 2243 1178 manu
2289 1135 2404 1178 sua
2446 1115 2880 1200 obumbratae,
2927 1116 3038 1197 qui
3080 1115 3444 1179 inﬁrmitate
3487 1115 3786 1179 detentus

515 1226 855 1288 Arcadium
895 1225 1080 1303 juxta
1123 1222 1641 1284 consuetudinem
1687 1222 1980 1284 instituit.

607 1341 758 1393 141
811 1331 1010 1409 Hujus
1066 1331 1454 1410 temporibus
1515 1329 1732 1390 indict.
1767 1347 1877 1392 VllI
1948 1330 2102 1390 luna
2174 1331 2454 1410 eclipsim
2525 1331 2789 1410 pertulit
2856 1350 3056 1392 mens.
3100 1331 3249 1393 Jun.
3295 1329 3397 1390 die
3438 1330 3540 1391 28.
3587 1330 3780 1392 Simi-

514 1441 661 1502 liter
706 1445 769 1500 et
829 1438 1179 1500 mortalitas
1251 1436 1456 1516 major
1527 1442 1717 1516 atque
1788 1437 2160 1514 gravissima
2233 1439 2563 1500 sebsecuta
2634 1444 2728 1518 est
2799 1455 3012 1500 mense
3081 1437 3533 1519 suprascripto,
3579 1438 3779 1510 Julio,

513 1553 801 1628 Augusto
872 1552 935 1607 et
1003 1545 1357 1626 Septembr.
1433 1545 1496 1605 in
1568 1544 1723 1606 urbe
1795 1546 2016 1619 Roma,
2078 1545 2282 1626 qualis
2367 1565 2482 1608 nec
2567 1545 2958 1627 temporibus
3039 1545 3313 1607 aliorum
3398 1545 3780 1627 pontiﬁcum

514 1673 650 1718 esse
691 1654 776 1734 (g)
826 1659 1232 1714 memoratur.
1277 1654 1361 1715 Ut
1432 1651 1620 1713 etiam
1694 1658 1986 1732 parentes
2058 1671 2200 1714 cum
2271 1653 2438 1728 filiis,
2483 1659 2674 1735 atque
2745 1654 2972 1716 fratres
3043 1659 3235 1734 atque
3307 1671 3554 1716 sorores
3595 1652 3784 1715 bina-

427 1767 466 1823 5
513 1763 627 1825 tim
673 1762 758 1844 (Ιι)
828 1779 940 1842 per
1007 1760 1201 1821 lectos
1273 1759 1352 1820 ad
1421 1759 1711 1839 sepulcra
1780 1759 2266 1822 deducerentur.
2329 1761 2742 1823 Postmodum
2816 1781 2965 1824 vero
3035 1762 3208 1824 foras
3276 1761 3781 1842 circumquaque

509 1869 881 1932 suburbana
923 1873 986 1929 et
1040 1872 1246 1929 castra
1313 1867 1641 1928 devastare
1713 1886 1840 1928 non
1913 1868 2178 1929 cessavit
2224 1867 2318 1949 (ι).
2365 1869 2484 1942 Qui
2553 1867 2966 1949 suprascripti
3037 1867 3211 1930 missi
3279 1867 3442 1930 sedis
3510 1872 3778 1948 aposto-

509 1979 670 2053 licae,
719 1976 830 2057 qui
873 1974 1095 2037 directi
1139 1976 1415 2046 fuerant,
1461 1974 1527 2034 in
1599 1974 1838 2052 regiam
1913 1975 2134 2038 urbem
2207 1975 2633 2055 ingredientes
2700 1975 2804 2037 die
2873 1975 3120 2037 decima
3192 1975 3425 2037 mensis
3494 1977 3777 2037 Novem-

507 2085 668 2148 bris.
706 2103 877 2146 nona
945 2083 1310 2155 indictione,
1359 2081 1629 2142 Domino
1701 2081 1944 2142 solante
1989 2081 2089 2162 (j),
2139 2087 2328 2163 atque
2391 2083 2673 2164 principe
2735 2081 3168 2165 apostolorum
3231 2083 3570 2145 comitante
3631 2101 3781 2145 sus-

507 2196 678 2276 cepti
745 2200 898 2256 sunt
939 2213 978 2255 a
1021 2193 1308 2274 principe
1377 2192 1442 2252 in
1513 2191 1774 2252 oraculo
1858 2191 2029 2253 beati
2111 2193 2280 2254 Petri
2363 2194 2636 2273 apostoli
2719 2193 2889 2255 intra
2970 2193 3304 2274 palatium,
3375 2192 3786 2273 porrigentes

385 2307 462 2366 10
509 2304 569 2365 ei
639 2303 874 2383 scripta
944 2300 1284 2381 pontiﬁcis.
1334 2298 1483 2370 Quae
1555 2298 1705 2358 dum
1765 2298 2155 2378 suscepisset
2223 2300 2615 2361 commonuit
2684 2319 2790 2362 eos
2859 2306 3051 2381 atque
3121 2300 3498 2364 adhortatus
3566 2304 3662 2363 est
3713 2304 3790 2362 ut

506 2429 636 2471 non
710 2427 822 2489 per
891 2406 1167 2468 schisma
1236 2411 1348 2466 aut
1417 2406 1722 2478 furorem,
1801 2404 1911 2466 sed
1982 2406 2248 2485 pacifica
2329 2406 2742 2486 dispositione
2825 2407 3219 2469 remittentes
3301 2405 3792 2488 philosophicas

501 2515 880 2578 assertiones
952 2531 1178 2595 puram
1251 2517 1617 2574 sanctarum
1690 2512 2162 2592 Scripturarum
2229 2515 2618 2594 Patrumque
2689 2518 2752 2577 et
2794 2513 3134 2595 probatam
3187 2513 3378 2576 fidem
3423 2533 3537 2595 per
3577 2531 3786 2595 syno-

503 2621 675 2685 dalia
744 2621 996 2682 decreta
1066 2619 1526 2681 satislacerent.
1577 2617 1655 2699 (k)
1701 2620 1786 2680 Et
1837 2618 1997 2680 dans
2063 2619 2351 2681 inducias
2422 2621 2504 2682 ad
2572 2619 2976 2682 retractanda
3055 2619 3315 2701 scripta,
3387 2619 3611 2680 tribuit
3684 2621 3790 2682 eis

503 2729 722 2791 omnia
765 2746 906 2808 quae
950 2726 1025 2788 ad
1073 2725 1594 2788 sustentationem
1650 2725 2049 2786 sufficiebant
2108 2726 2174 2786 in
2236 2745 2454 2788 eorum
2518 2745 2828 2808 expensas
2890 2726 2954 2788 in
3017 2727 3208 2788 domo
3272 2744 3415 2807 quae
3478 2725 3785 2806 appella-

382 2843 455 2902 l5
503 2843 609 2898 tur
648 2835 952 2897 Placidia.
1001 2835 1101 2895 die
1147 2835 1223 2894 18
1268 2833 1500 2894 mensis
1551 2832 1988 2912 suprascripti,
2034 2833 2136 2895 die
2197 2833 2527 2896 Dominico
2589 2833 2882 2895 advocati
2942 2839 3092 2895 sunt
3131 2833 3198 2895 in
3242 2832 3640 2914 processione
3691 2833 3780 2895 ad

502 2948 786 3006 sanetam
860 2942 972 3003 Dei
1039 2941 1415 3002 Gcnitricem
1487 2940 1551 3000 in
1623 2938 2007 3001 Blachernas
2076 2939 2142 3000 in
2229 2944 2408 3002 tanta
2461 2940 2974 3017 honoriﬁcentia,
3020 2947 3093 3002 ut
3148 2940 3340 3003 etiam
3408 2939 3488 3002 de
3530 2939 3781 3021 palatio

502 3050 784 3113 caballos
839 3055 1072 3112 stratos
1140 3047 1444 3127 dirigeret
1512 3066 1654 3108 eum
1729 3047 2033 3126 obsequio
2107 3047 2308 3128 pietas
2376 3048 2745 3129 imperialis,
2793 3055 2858 3110 et
2926 3049 3014 3109 sic
3085 3066 3192 3110 eos
3263 3048 3626 3129 susciperet.
3677 3050 3779 3110 Ea

501 3160 642 3240 ipsa
711 3175 1147 3234 commonens,
1215 3161 1282 3215 ut
1352 3153 1617 3235 pacitica
1682 3154 2028 3216 assertione
2114 3155 2472 3216 testimonia
2555 3155 3013 3217 venerabilium
3098 3156 3362 3218 Patrum
3403 3236 3405 3239 ι
3447 3172 3775 3237 pr0pone-

500 3272 664 3328 rent.
2298 3257 2302 3261 ’

586 3381 745 3434 142
794 3372 861 3454 (ί)
906 3372 1016 3433 Die
1089 3369 1386 3432 vicesima
1455 3369 1732 3430 secunda
1804 3369 2035 3429 mensis
2106 3369 2498 3444 Novembris,
2545 3369 2608 3430 in
2680 3369 2941 3431 basilica
2985 3388 3128 3450 quae
3171 3368 3426 3431 Trullus
3479 3367 3774 3450 appella-

502 3488 624 3555 tur,
712 3481 882 3542 intra
965 3479 1276 3559 palatium
1365 3477 1480 3538 sub
1565 3476 1763 3556 regali
1845 3477 2042 3551 cultu,
2131 3477 2442 3538 residente
2528 3496 2672 3537 cum
2757 3477 3175 3539 Constantino
3255 3479 3421 3556 Aug.
3494 3476 3773 3555 Georgio

499 3587 868 3670 patriarcha
949 3584 1680 3665 ConstantinOpolitano,
1752 3601 1825 3644 ac
1908 3583 2182 3644 Macario
2263 3583 2682 3658 Antiocheno,
2756 3584 3031 3664 suscepti
3113 3588 3263 3645 sunt
3346 3582 3516 3644 missi
3599 3579 3774 3646 sedis

500 3695 887 3776 apostolicae,
937 3693 1167 3754 deinde
1252 3692 1669 3770 metropolita:
1758 3691 1852 3751 vel
1937 3690 2215 3770 episcopi
2300 3691 2714 3752 Orientalium
2800 3692 3076 3772 partium
3161 3709 3427 3752 numero
3510 3696 3773 3752 centum

420 3809 457 3866 5
503 3801 990 3883 quinquaginta.
1065 3799 1182 3870 Qui
1254 3799 1436 3878 proni
1508 3799 1862 3874 adorantes,
1940 3797 2211 3858 residere
2296 3817 2402 3858 eos
2487 3799 2789 3879 praecepit
2873 3817 3000 3859 una
3081 3817 3225 3879 cum
3312 3797 3562 3860 nostris.
3617 3797 3772 3858 Post

503 3910 642 3970 haec
713 3907 985 3988 patricii,
1031 3905 1206 3985 ypati
1277 3923 1622 3984 omnesque
1693 3905 1910 3985 inclyti
1957 3904 2057 3986 (ιη)
2103 3905 2508 3979 introierunt,
2573 3913 2638 3966 et
2707 3905 2927 3967 habita
2996 3892 3404 3987 inquisitione
3473 3905 3556 3967 ab
3626 3904 3771 3986 ejus

506 4017 741 4097 pietate
786 4014 896 4096 (η),
943 4013 1122 4093 cujus
1165 4013 1362 4093 partis
1404 4012 1662 4074 deberet
1722 4012 1996 4074 ostensio
2058 4011 2422 4092 approbari.
2471 4013 2690 4091 Legati
2751 4013 2914 4074 sedis
2976 4013 3340 4094 apostolicae
3401 4012 3702 4074 dixerunt
3751 4031 3766 4075 :

503 4129 881 4204 Opportuna
920 4121 1150 4181 veritas
1193 4125 1254 4180 et
1298 4119 1457 4180 ratio
1515 4119 1730 4198 exigit,
1779 4125 1849 4180 ut
1891 4137 1929 4179 a
1972 4124 2150 4199 parte
2195 4118 2273 4200 (0)
2323 4137 2544 4180 eorum
2606 4120 2716 4200 qui
2777 4139 2970 4181 unam
3032 4121 3421 4181 voluntatem
3485 4127 3548 4182 et
3607 4139 3767 4201 ope-

505 4232 812 4293 rationem
859 4229 924 4288 in
972 4227 1237 4288 Domino
1281 4228 1429 4288 Jesu
1475 4225 1722 4287 Christo
1785 4232 2097 4298 asserunt,
2145 4225 2510 4306 apostolicae
2572 4227 2736 4287 sedis
2799 4245 3116 4307 exponere
3158 4225 3272 4309 (p).
3319 4227 3436 4300 Qui
3497 4226 3768 4288 audien-

387 4343 462 4402 10
506 4345 598 4400 tes
640 4338 770 4399 laeti
812 4335 1018 4398 eli'ecti
1063 4339 1318 4415 paratos
1361 4352 1426 4394 se
1470 4351 1603 4394 esse
1646 4333 1964 4395 dixerunt.
2010 4334 2089 4395 Et
2131 4339 2392 4413 accepta
2446 4333 2699 4395 licentia
2730 4353 2816 4395 .ea
2858 4332 3020 4396 hora
3079 4353 3226 4396 suos
3286 4332 3771 4396 intromiserunt

503 4446 722 4520 libros,
772 4449 835 4505 et
903 4449 1108 4504 tomos
1179 4442 1480 4514 diversos,
1527 4447 1590 4502 et
1659 4440 1936 4520 synodos
2005 4459 2162 4520 quas
2231 4441 2636 4502 falsaverant.
2696 4443 2854 4502 Nam
2930 4461 3056 4503 non
3128 4460 3244 4522 per
3323 4441 3657 4503 veritatem
3703 4459 3771 4502 se

503 4571 802 4634 superare
846 4549 1214 4611 nitebantur
1257 4547 1341 4629 (q)
1385 4547 1493 4607 sed
1535 4546 1612 4626 (r)
1664 4565 1774 4626 per
1843 4547 2171 4608 mendacia
2239 4553 2302 4609 et
2373 4547 2621 4608 diversa
2691 4555 3052 4610 commenta
3124 4567 3268 4628 quae
3311 4548 3374 4609 in
3418 4548 3596 4609 libris
3639 4549 3771 4610 suis

502 4661 622 4742 ipsi
668 4659 738 4741 (ε)
786 4657 1182 4731 addiderant,
1251 4661 1314 4716 et
1374 4655 1724 4733 relegentes
1787 4673 1900 4734 per
1959 4654 2232 4733 singula,
2279 4655 2512 4734 reperti
2573 4661 2721 4716 sunt
2782 4655 3141 4729 mendaces,
3189 4674 3382 4717 unam
3445 4656 3769 4736 operatio-

504 4788 647 4848 nem
695 4774 758 4828 et
800 4765 1190 4827 voluntatem
1238 4761 1302 4843 (t)
1351 4761 1664 4835 dicentes;
1713 4766 1776 4822 et
1817 4761 1882 4821 in
1946 4762 2171 4841 quinta
2231 4761 2473 4840 synodo
2536 4761 2872 4841 epistolam
2939 4763 3151 4842 Vigilii
3212 4781 3396 4844 papa:
3459 4763 3537 4825 ad
3601 4763 3770 4824 Men-

384 4878 462 4938 15
506 4896 651 4939 nam
700 4871 1152 4956 patriarcham,
1202 4875 1394 4949 atque
1456 4867 1739 4929 libellum
1804 4867 2085 4947 ejusdem
2159 4869 2404 4930 Mennae
2467 4868 2531 4928 in
2596 4869 3123 4949 quaternionibus
3189 4870 3442 4932 noviter
3511 4869 3762 4942 additis,

503 4985 914 5055 falsaverunt,
1003 4996 1196 5039 unam
1285 4975 1672 5036 voluntatem
1759 4979 1822 5035 et
1903 4975 2336 5055 operationem
2424 4974 2724 5052 dicentes,
2813 4977 2982 5056 quod
3067 4994 3281 5038 coram
3367 4976 3658 5057 principe
3707 4980 3767 5036 et

505 5091 748 5171 synodo
794 5087 1045 5150 claruit.
1092 5084 1232 5145 Alia
1297 5083 1396 5143 die
1427 5081 1794 5150 .catholicaa
1865 5082 2012 5142 ﬁdei
2081 5081 2376 5142 defensor
2446 5081 2585 5161 pius
2657 5083 2950 5163 princeps
2994 5083 3058 5144 in
3103 5083 3445 5145 secretario
3487 5082 3764 5144 residens

508 5199 618 5280 (ιι),
664 5195 1075 5277 inquisitione
1118 5192 1196 5254 de
1241 5190 1390 5272 ipsis
1435 5189 1758 5251 codicibus
1800 5189 1992 5264 facta,
2037 5188 2128 5250 ita
2170 5188 2405 5268 reperit
2449 5189 2607 5249 falsa
2651 5190 2899 5252 noviter
2941 5190 3160 5253 addita
3201 5191 3416 5254 fuisse.

1533 5383 1784 5429 ΝΟΤυΙιλΕ
1828 5383 2214 5430 MARGINALES
2258 5381 2573 5429 FABROTTI.

415 5549 496 5616 (a)
532 5545 657 5602 Vide
688 5549 866 5599 Baron
899 5539 969 5616 ad
985 5555 1098 5616 ann
1114 5537 1486 5616 Dom-ini
1517 5607 1526 5616 _
1553 5536 1628 5616 (φ)
1654 5535 1871 5616 Direxit
1892 5535 2108 5616 itaque.
2188 5539 2258 5604 (ε)
2281 5535 2631 5616 [ξιξενξειιιιιωἶ
2705 5537 2784 5606 (ιι)
2807 5535 3164 5616 episcopos._
3207 5540 3291 5616 (ε)
3311 5536 3756 5616 subdiaconum.

351 5607 437 5687 (ff
477 5607 733 5672 'eii‘eetus
765 5619 871 5694 est.
953 5612 1026 5733 ag)
1059 5611 1260 5664 fuisse.
1338 5609 1440 5688 (ἠγ
1475 5607 1619 5663 bini.
1695 5608 1786 5690 μγ
1824 5607 1949 5662 Pari
1983 5607 2158 5692 etiam
2192 5607 2552 5663 modo’foras
2584 5607 2740 5663 circa
2780 5607 3027 5692 quisque
3077 5607 3440 5693 suburbana,
3475 5613 3534 5666 et
3579 5615 3762 5666 castra

351 5688 549 5733 mutem
586 5684 913 5733 mortalitas
946 5699 964 5733 (
989 5681 1159 5733 iliusa
1189 5685 1296 5733 est.
1375 5679 1440 5733 (1)
1472 5679 1510 5731 C
1541 5679 1869 5733 solatiante.
1947 5679 2023 5733 (k)
2060 5679 2184 5733 hde
2221 5680 2409 5733 Baron
2459 5679 2528 5733 ad
2575 5697 2689 5733 ann
2735 5681 2954 5733 Domzm
2985 5682 3112 5733 680.
3190 5680 3256 5733 (li
3290 5681 3416 5733 Vide
3462 5681 3641 5733 Faron
3689 5681 3762 5733 loc

350 5679 550 5741 eadem
586 5684 913 5754 mortalitas
946 5679 1159 5754 ditiusa
1189 5685 1296 5754 est.
1375 5679 1440 5748 (j)
1472 5679 1510 5731 C
1541 5679 1904 5754 solatiante.__
1943 5679 2023 5754 (Ic)
2060 5679 2184 5734 Vide
2221 5680 2409 5754 Baron
2575 5697 2689 5754 ann
2735 5679 2958 5754 06νηίῃὶ
2985 5682 3112 5738 680.
3190 5680 3260 5754 (ι)
3290 5681 3416 5754 Vide
3462 5681 3641 5738 Paron
3689 5681 3762 5754 loc

347 5772 512 5828 supra
545 5757 634 5828 ςίι.
713 5753 833 5820 (1n)‘
868 5748 1096 5828 patricii
1128 5751 1740 5828 quinque,oxnnesque
1770 5749 1967 5828 incliti
2003 5766 2140 5828 cum
2173 5750 2704 5828 _om_ni_si_nditico._
2739 5755 2856 5828 7(a)
2889 5752 2946 5828 C_,
2982 5757 3165 5828 parte.
3192 5748 3342 5828 '_'(o)'
3361 5756 3590 5828 aperte.
3665 5753 3756 5825 (μγ

350 5819 668 5945 Εὐίοὶξπὶιίιε
704 5819 1044 5945 ﬁgantur.
1123 5820 1225 5892 (q)'
1259 5819 1704 5878 extimaverunt.
1783 5822 1878 5894 (νγ
1912 5820 2045 5879 nisi.
2123 5820 2218 5894 (s)'
2250 5820 2416 5878 libris
2444 5821 2611 5896 ipsis.
2691 5819 2789 5897 (t)"
2814 5819 2875 5881 in
2906 5819 3154 5884 Domino
3183 5819 3327 5884 ὅθὲύ
3352 5819 3584 5884 Christo
3615 5819 3755 5883 esse.

441 5915 472 5945 α
499 5900 518 5922 ”
550 5906 701 5945 ῺΓεΒΒ
877 5925 892 5943 ο

419 5899 518 5978 (ar
548 5899 892 5972 praesumus.
