3934 6404
122 314 252 378 809
926 315 1289 378 HISTORIA
1337 318 1438 378 DE
1482 318 1684 380 VlTlS
1733 319 1921 381 ROM.
1968 321 2198 381 PONT.
2232 355 2308 364 —
2339 323 2405 384 S.
2453 323 2795 385 AGATHO.
3445 327 3569 388 810

372 454 550 532 εει
612 446 723 536 Die
772 448 848 508 12
906 450 1139 524 mensis
1194 450 1554 522 Decembris
1602 452 1682 534 (α)
1728 452 2037 516 residente
2101 453 2342 532 synodo
2397 471 2538 515 cum
2601 456 2740 534 ejus
2800 454 3034 536 pietate
3094 457 3369 540 suscepti
3424 465 3570 520 sunt

293 554 472 638 missi
517 554 684 628 sedis
727 556 1113 638 apostolicae,
1163 563 1225 618 et
1272 558 1569 638 praecepit
1613 577 1718 620 eos
1762 558 1825 619 in
1871 559 2112 639 synodo
2165 560 2246 640 (ὑ)
2291 560 2563 622 residere
2607 563 3074 625 Praesentanles
3117 563 3327 632 locum
3384 582 3567 625 sanc-

295 660 523 742 tissimi
567 680 641 736 ac
683 662 1030 742 beatissimi
1073 665 1422 746 Agathonis
1469 684 1671 744 papas.
1703 666 1942 738 Quibus
1985 667 2222 727 dictum
2269 673 2359 728 est
2406 673 2472 728 ut
2517 687 2736 729 omnes
2780 669 2973 730 libros
3016 690 3174 750 quos
3217 670 3450 734 scirent
3487 671 3568 732 ad

296 787 557 846 causam
595 769 753 862 lidei
800 771 1137 851 pertinere,
1183 791 1395 833 coram
1442 773 1684 852 synodo
1729 773 2138 847 adducerent,
2188 774 2358 854 quod
2402 781 2464 836 et
2507 775 2741 838 factum
2799 781 2913 837 est.
2959 779 3038 838 Et
3095 783 3318 840 vocato
3373 780 3566 840 Geor-

209 878 247 935 5
293 877 401 956 gio
445 877 718 960 diacono
763 885 826 940 et
873 879 1367 962 chartophylaco
1413 881 1704 942 Ecclesia:
1751 881 2498 961 Constantinopolitanze,
2548 888 2934 963 praeceptum
2992 889 3086 944 est
3140 885 3198 945 ei
3260 890 3329 946 ut
3379 883 3568 963 juxta

294 1003 521 1058 eorum
567 985 862 1058 notitiam
906 987 1151 1054 codices
1195 1007 1271 1048 ex
1315 987 1703 1050 bibliotheca
1745 988 2038 1050 Ecclesim
2084 988 2163 1050 ad
2219 990 2494 1050 medium
2551 990 2910 1064 deduceret,
2974 996 3038 1051 et
3097 991 3248 1052 dum
3308 991 3575 1059 adducti

295 1098 510 1156 essent
552 1099 615 1154 et
657 1093 1115 1174 relegerentur,
1164 1095 1414 1176 utrique
1459 1096 1694 1157 similes
1738 1097 1971 1178 reperti
2019 1096 2089 1176 (ε)
2137 1102 2300 1172 sunt,
2350 1097 2508 1159 duas
2550 1103 2808 1159 naturas
2864 1097 3148 1178 duasque
3209 1098 3568 1160 voluntates

293 1205 358 1262 et
404 1199 808 1280 operationes
851 1201 916 1262 in
962 1202 1230 1264 Domino
1271 1203 1419 1266 Jesu
1464 1203 1711 1266 Christo
1757 1202 2087 1265 habentes.
2123 1206 2200 1265 Et
2243 1205 2539 1266 confusus
2581 1205 2891 1267 Macarius
2934 1223 3145 1267 coram
3190 1204 3432 1286 synodo
3475 1205 3567 1266 in-

295 1313 525 1370 ventus
599 1313 696 1369 est
765 1308 1063 1370 mendax.
1127 1311 1305 1371 Tunc
1370 1309 1700 1371 interdixit
1744 1310 1944 1394 pietas
1987 1310 2348 1390 Augustalis
2395 1312 2660 1392 Georgio
2706 1311 3046 1392 patriarhm
3090 1317 3159 1372 ut
3202 1311 3567 1381 minimein

171 1415 247 1476 10
293 1415 581 1498 Ecclesia
623 1433 740 1486 sua
781 1415 1128 1498 susciperet
1169 1417 1512 1486 Macarium
1561 1417 1658 1479 vel
1701 1415 1838 1496 ejus
1882 1417 2193 1493 homines,
2240 1418 2622 1480 inlerdicens
2679 1418 2737 1481 ei
2799 1437 3183 1500 processum.
3231 1420 3378 1480 Haec
3436 1418 3566 1498 pri-

293 1541 404 1588 ma
447 1522 586 1602 ejus
631 1522 816 1596 ruina
860 1522 1000 1597 fuit,
1047 1523 1146 1584 die
1196 1525 1268 1583 13
1313 1523 1398 1604 ((1)
1447 1525 1676 1585 mensis
1720 1525 2067 1598 Februarii,
2120 1525 2465 1588 auxiliante
2510 1526 2695 1588 beato
2743 1528 2926 1587 Petro
2971 1525 3283 1608 apostolo,
3331 1530 3401 1586 ut
3458 1543 3564 1611 ve-

291 1630 504 1715 ritatis
547 1631 764 1692 lumen
809 1635 1167 1711 appareret,
1214 1630 1576 1693 intromissa
1617 1637 1767 1692 sunt.
1810 1651 2024 1694 coram
2071 1633 2310 1712 synodo
2357 1633 2812 1697 venerabilium
2856 1635 3113 1696 Patrum
3158 1632 3326 1694 dicta
3366 1632 3564 1696 Joan-

288 1738 395 1810 nis
449 1736 1165 1822 Constantinopolitani,
1227 1737 1466 1820 Cyrilli,
1528 1737 1881 1811 Athanasii,
1928 1739 2165 1812 Basilii,
2215 1739 2523 1819 Gregorii,
2570 1739 2871 1820 Dionysii,
2920 1739 3160 1814 Hilarii,
3221 1739 3561 1814 Ambrosii,

291 1850 360 1906 et
403 1845 652 1918 Leonis,
701 1827 1230 1932 duasinuturates
1274 1845 1630 1908 voluntates
1675 1844 1745 1926 (ε)
1794 1850 1856 1910 et
1898 1846 2300 1928 operationes
2343 1845 2407 1908 in
2451 1845 2721 1922 Christo,
2770 1846 3112 1910 dicentium
3157 1845 3238 1909 ad
3281 1846 3564 1934 satisfac-

169 1954 244 2013 15
291 1971 443 2024 nem
489 1951 799 2034 principis
843 1950 941 2014 vel
984 1951 1232 2033 synodi.

381 2067 546 2142 14,4
592 2057 899 2140 Sequenti
943 2058 1043 2122 die
1086 2059 1149 2119 in
1195 2058 1415 2120 eodem
1460 2059 1797 2124 secretario
1842 2059 2154 2144 residente
2214 2060 2456 2141 synodo
2518 2078 2646 2122 una
2706 2077 2848 2136 cum
2908 2059 3215 2142 principe,
3260 2058 3564 2146 synodica

288 2165 677 2228 sanctissimi
717 2164 1069 2246 Agathonis
1112 2185 1295 2246 papae
1342 2167 1574 2228 relecta
1616 2172 1732 2240 est,
1782 2172 1845 2228 et
1887 2167 1968 2228 ad
2011 2167 2259 2246 singula
2311 2167 2722 2247 comprobata
2783 2170 3040 2228 Patrum
3102 2167 3271 2228 dicta
3326 2166 3564 2252 inserta

288 2273 407 2355 (ί),
455 2273 520 2335 in
567 2293 694 2354 qua
736 2273 1038 2356 synodica
1082 2273 1358 2355 episcopi
1401 2273 1822 2336 Occidentalis
1882 2274 2076 2355 partis
2138 2274 2645 2355 subscripserunt
2705 2293 2970 2336 numero
3030 2279 3285 2358 centum
3339 2273 3562 2354 viginti

288 2381 577 2462 quinque
618 2380 730 2462 (g).
778 2382 1056 2462 Cumque
1102 2386 1244 2461 post
1286 2380 1422 2441 haec
1469 2381 1842 2442 adhortatus
1884 2387 1998 2454 est,
2049 2400 2162 2442 nec
2207 2381 2511 2443 dicendus
2556 2382 2867 2444 Macarius
2926 2401 2964 2442 a
3020 2387 3239 2443 sancta
3294 2381 3559 2464 synodo,

207 2491 243 2547 5
291 2489 391 2568 vel
438 2507 475 2548 a
519 2489 624 2567 pio
673 2487 979 2568 principe,
1026 2489 1326 2569 omnique
1370 2494 1616 2562 senatu,
1667 2494 1732 2548 ut
1777 2489 2180 2568 profiteretur
2226 2508 2416 2552 unam
2480 2495 2592 2551 aut
2651 2489 2808 2551 duas
2869 2488 3158 2551 confiteri
3203 2488 3563 2550 voluntates

292 2595 389 2671 vel
437 2594 861 2676 Operationes,
909 2594 1016 2673 qui
1061 2595 1418 2656 nullatenus
1463 2594 1723 2667 audivit,
1774 2595 1882 2656 sed
1930 2595 2137 2674 potius
2186 2615 2388 2676 neque
2436 2615 2625 2657 unam
2674 2615 2877 2676 neque
2922 2596 3080 2657 duas
3123 2595 3188 2656 in
3235 2595 3565 2658 Salvatore

289 2703 504 2780 dicere
550 2701 771 2764 voluit.
817 2699 898 2782 (li)
948 2702 1186 2770 Deinde
1232 2702 1495 2782 protulit
1555 2700 1868 2781 piissimus
1912 2708 1975 2761 et
2017 2703 2453 2765 screnissimus
2518 2704 2810 2784 princeps
2869 2708 3108 2764 tomum
3155 2703 3234 2764 ad
3280 2703 3564 2781 relegen-

289 2809 471 2884 dum,
519 2808 584 2869 in
629 2827 818 2890 quem
865 2827 1098 2882 vanum
1143 2809 1512 2870 hmrcticum
1563 2808 1803 2894 dogma
1847 2808 2108 2869 Macarii
2149 2816 2286 2873 erat
2337 2811 2788 2891 conscriptum,
2837 2815 2900 2872 et
2953 2809 3090 2889 ejus
3147 2827 3340 2872 manu
3383 2808 3568 2870 subs-

287 2917 564 3005 criptum
588 2915 981 3002 apertissime
1005 2935 1198 2980 unam
1224 2915 1613 2998 voluntatem
1637 2914 1700 2998 in
1739 2913 2006 2978 Domino
2029 2915 2428 2996 affirmantis.
2457 2917 2587 2980 Sub
2611 2917 2808 2998 ipsius
2826 2915 3234 2999 inscriptione
3255 2921 3320 2978 et
3359 2915 3568 2978 Theo-

184 3027 255 3086 lO
299 3023 788 3106 expatriarch‘az,
839 3022 1060 3104 utique
1097 3021 1286 3102 juxta
1328 3040 1472 3092 eum
1531 3028 1814 3082 tenorem
1857 3021 1945 3083 ibi
2005 3021 2379 3106 subscriptio
2438 3029 2575 3084 erat
2620 3023 2711 3105 (ι).
2757 3025 2835 3085 Et
2881 3023 3316 3102 interrogatus
3373 3022 3567 3082 Geor-

287 3132 431 3213 gius
477 3128 862 3216 patriarcha,
909 3129 960 3200 si
1005 3148 1144 3191 eam
1188 3129 1376 3190 ﬁdem
1421 3147 1614 3208 quam
1659 3128 1844 3191 docet
1899 3129 2075 3190 sedes
2136 3129 2504 3213 apostolica,
2563 3129 2967 3211 amplectitur
3008 3128 3096 3210 (λ)
3141 3127 3318 3208 juxta
3360 3126 3564 3208 scrip-

291 3245 502 3300 turam
547 3236 890 3300 venerandi
931 3235 1282 3316 Agathonis
1325 3254 1531 3315 papze,
1581 3253 1688 3298 seu
1733 3241 2094 3302 sanctorum
2140 3253 2211 3297 ac
2256 3234 2713 3298 venerabilium
2757 3238 3040 3311 Patrum,
3075 3234 3186 3320 qui
3228 3233 3558 3319 respondit

291 3346 489 3428 quod,
539 3323 800 3426 accepta
843 3343 1119 3418 licentia,
1180 3343 1245 3403 in
1302 3341 1644 3422 scriptione
1705 3341 1810 3423 (lc),
1872 3362 2013 3422 quas
2073 3347 2434 3423 opportuna
2490 3347 2690 3418 erant,
2740 3342 3174 3422 responderet.
3219 3343 3298 3402 Et
3338 3341 3403 3401 in
3465 3340 3564 3402 his

288 3453 657 3516 recedentes
699 3451 800 3513 die
848 3452 919 3512 l7
967 3449 1200 3512 mensis
1244 3449 1592 3532 Februarii,
1643 3449 1745 3510 die
1791 3449 2139 3532 Dhominico,
2188 3449 2356 3510 intra
2398 3448 2726 3510 oraculum
2771 3449 2974 3511 sancti
3017 3447 3187 3510 Petri
3242 3447 3413 3509 intra
3454 3465 3565 3527 pa-

171 3565 246 3625 15
292 3561 518 3622 latium
564 3564 812 3620 astante
857 3558 926 3640 (Ι)
972 3557 1233 3620 sincleto
1280 3556 1408 3638 (γη),
1454 3556 1768 3636 simulque
1812 3561 1874 3618 et
1919 3556 2299 3637 patriarcha,
2346 3557 2590 3635 legatos
2652 3556 2818 3618 sedis
2871 3555 3234 3636 apostolicae
3291 3553 3567 3634 suscepit

288 3669 404 3752 (η),
457 3667 744 3752 relegens
787 3664 868 3746 (0)
911 3664 1380 3748 suggestionem
1441 3663 1629 3725 aliam
1689 3681 1822 3743 pro
1863 3681 2083 3752 eorum
2129 3663 2682 3736 commendatione
2728 3662 2815 3744 (ρ)
2849 3673 2903 3722 ‘a
2945 3662 3337 3756 sanctissimo
3396 3678 3566 3742 papa

289 3776 624 3842 directam.
673 3773 791 3846 Qui
835 3772 1138 3856 Georgius
1181 3770 1609 3850 sanctissimus
1651 3769 2016 3849 patriarcha
2059 3772 2374 3850 professus
2417 3775 2510 3832 est
2551 3789 2625 3831 eo
2669 3770 2770 3831 die
2813 3769 2879 3830 in
2923 3769 3172 3850 scriptis
3228 3768 3386 3830 duas
3441 3784 3560 3828 na-

293 3889 471 3945 turas
513 3881 799 3960 duasque
843 3879 1199 3940 voluntates
1243 3883 1305 3939 et
1347 3877 1744 3958 operationes
1785 3877 1848 3937 in
1894 3878 2161 3938 Domino
2203 3878 2350 3940 Jesu
2395 3877 2642 3940 Christo
2700 3896 2767 3938 se
2821 3876 3076 3939 credere
3134 3881 3198 3938 et
3254 3874 3562 3957 praedica-

287 4009 380 4063 re,
430 3988 595 4049 sicut
636 3988 815 4049 sedes
859 3985 1209 4067 apostolica
1251 3985 1470 4058 credit,
1519 3984 2066 4046 anathematizans
2108 4004 2214 4046 eos
2258 3984 2367 4065 qui
2411 4003 2604 4046 unam
2665 3989 2982 4058 naturam,
3047 3983 3440 4046 voluntatem
3501 3986 3566 4043 et

168 4102 248 4162 20
288 4095 735 4178 operationem
777 4094 842 4156 in
887 4093 1154 4157 Domino
1198 4093 1348 4155 Jesu
1392 4091 1640 4154 Christo
1684 4091 1923 4166 dicunt.

372 4211 539 4286 145
584 4202 696 4276 Die
738 4200 1049 4278 vicesima
1093 4199 1316 4280 quinta
1362 4199 1592 4260 mensis
1637 4198 1986 4273 Februarii,
2047 4198 2356 4280 residente
2419 4199 2660 4280 synodo
2717 4217 2844 4262 una
2908 4215 3051 4284 cum
3113 4195 3218 4278 pio
3280 4193 3569 4290 principe

284 4311 606 4391 simulque
648 4315 713 4373 et
751 4308 979 4388 legatis
1023 4306 1186 4369 sedis
1231 4306 1618 4387 apostolicae,
1667 4305 2012 4368 Macarium
2057 4306 2274 4368 adesse
2317 4304 2667 4385 jusserunt.
2716 4307 2796 4366 Et
2853 4304 3002 4366 data
3065 4321 3104 4364 a
3162 4299 3448 4382 principe
3490 4300 3562 4362 Ιίν-

291 4419 508 4482 centia
550 4423 622 4480 ut
661 4435 726 4492 se
771 4421 1008 4497 partes,
1055 4413 1196 4496 quis
1237 4413 1302 4474 in
1347 4432 1506 4494 quas
1550 4413 1738 4494 vellet
1783 4412 1890 4494 (q),
1923 4413 2256 4487 divideret,
2303 4412 2610 4493 Georgius
2653 4409 3022 4493 patriarcha
3065 4409 3258 4490 regiae
3302 4407 3572 4470 civitatis

289 4545 438 4589 cum
483 4523 617 4594 suis
657 4524 723 4586 in
771 4528 985 4604 partes
1026 4520 1530 4586 orthodoxorum
1576 4520 1787 4594 stetit;
1832 4520 2144 4582 Macarius
2187 4538 2334 4582 vero
2378 4537 2520 4581 cum
2566 4519 2698 4581 suis
2748 4518 2815 4580 in
2859 4523 3040 4600 parte
3083 4517 3210 4579 alia
3251 4515 3572 4578 haeretico-

203 4640 240 4698 5
289 4652 456 4714 rum.
507 4633 587 4706 Et
626 4631 1011 4707 deducentes
1053 4628 1132 4689 ad
1179 4627 1456 4706 medium
1503 4627 1956 4708 professionem
2004 4627 2252 4708 Georgii
2297 4626 2705 4709 patriarchae,
2751 4645 2944 4710 quam
2988 4627 3246 4701 iecerat,
3281 4628 3572 4706 porrecta

286 4747 385 4804 est
429 4738 510 4822 (r)
556 4737 830 4820 principi
873 4741 937 4799 et
982 4735 1216 4818 reiecta
1275 4740 1392 4797 est.
1452 4737 1531 4796 Et
1585 4736 2008 4796 commonitus
2051 4735 2522 4816 suprascriptus
2577 4733 2893 4796 Macarius
2949 4732 3104 4812 quid
3163 4730 3429 4793 sentiret
3469 4729 3569 4792 vel

282 4847 594 4920 crederet,
656 4843 987 4925 respondit
1017 4868 1023 4874 ι
1055 4861 1120 4905 se
1192 4841 1257 4902 in
1333 4859 1408 4902 ea
1479 4840 1548 4922 (δ)
1625 4841 1891 4922 perﬁdia
1934 4860 2125 4923 quam
2171 4847 2318 4903 ante
2363 4845 2802 4923 proposuerat,
2849 4839 3213 4920 perdurare,
3263 4841 3325 4900 et
3365 4835 3568 4902 nulla-

289 4962 478 5019 tenus
520 4952 894 5016 orthodoxee
938 4950 1083 5012 ﬁdei
1139 4948 1699 5029 acquiescere..Ea
1742 4947 1901 5010 hora
1942 4955 2165 5010 sancta
2208 4949 2486 5028 synodus
2530 4967 2660 5010 una
2715 4966 2858 5009 cum
2916 4945 3198 5027 principe
3241 4941 3379 5023 ejus
3419 4959 3569 5004 ora-

285 5064 457 5125 rium
520 5058 761 5124 auferri
814 5057 1145 5142 jusserunt
1200 5074 1238 5116 a
1296 5055 1459 5117 collo
1517 5053 1678 5134 ejus,
1737 5060 1800 5117 et
1855 5055 2151 5140 exsiliens
2196 5057 2463 5118 Basilius
2506 5055 2841 5138 episcopus
2894 5051 3206 5117 Cretensis
3247 5049 3567 5128 Ecclesiae,

1323 5274 1573 5344 NOTULE
1616 5273 2003 5322 MARGINALES
2047 5274 2366 5322 FABROTTI.

195 5450 272 5516 (a)
305 5442 687 5501 C.Novemor.
765 5439 843 5511 (ὁ)
870 5438 901 5472 ⁸
928 5437 1210 5512 synodus.
1278 5435 1358 5562 '(f)
1390 5438 1411 5460 '
1444 5433 1735 5491 verissimi
1767 5435 2028 5519 repertis
2081 5435 2210 5562 (12f
2248 5435 2333 5492 14.
2364 5509 2374 5517 ἱ
2411 5435 2525 5516 (8)..
2549 5433 2697 5490 duas
2723 5435 2965 5490 naturas
2996 5435 3054 5490 et
3080 5431 3411 5488 voluntates
3482 5427 3564 5509 _(f)

195 5515 356 5562 {inita
387 5512 650 5562 insertis-
731 5514 809 5562 (a)
842 5513 900 5562 C.
938 5512 1060 5562 120.
1138 5509 1218 5562 (In
1255 5508 1312 5562 Η
1351 5525 1379 5562 e
1407 5511 1589 5562 Baron
1620 5507 1692 5562 ad
1725 5525 1838 5562 ann
1869 5510 2089 5562 Domzm
2157 5510 2246 5562 81.
2327 5509 2394 5562 (ι)
2421 5510 2441 5530 ’⁸
2476 5523 2534 5560 1n
2566 5521 2682 5562 uno
2715 5520 2832 5560 una
2859 5504 3149 5562 voluntas.
3194 5507 3253 5559 et
3298 5500 3564 5558 haeretica

136 5521 154 5540 '
182 5500 366 5574 dictis,
387 5512 650 5572 insertis.
731 5500 900 5583 (ῥ)’(ἷ.
938 5500 1060 5566 1ἶ20.
1119 5509 1218 5583 _(l¢)
1255 5500 1379 5563 Vide
1407 5511 1589 5583 Paron
1620 5507 1692 5563 ad
1725 5500 1848 5583 cmi
1869 5500 2099 5583 Domini
2121 5500 2246 5562 681.
2327 5500 2441 5583 (i)_"
2465 5500 2534 5583 in
2566 5521 2682 5577 quo
2715 5520 2832 5560 una
2859 5504 3149 5583 voluntas,
3194 5507 3253 5583 et
3298 5500 3571 5583 haeretica

136 5573 407 5664 dogmata
439 5583 679 5644 Macarii
712 5573 880 5664 erant
907 5573 1258 5664 conscripta,
1291 5583 1347 5634 et
1379 5578 1508 5650 ejus
1527 5596 1721 5664 mna-nu
1753 5580 2108 5664 subscripta,
2145 5584 2202 5635 et
2228 5573 2805 5664 apertissime-unam
2836 5575 3196 5664 voluntatem
3228 5574 3294 5664 in.
3318 5573 3568 5652 Domino

138 5647 512 5720 aﬂi’rmantia.
548 5660 686 5715 Post
717 5653 906 5728 ipsius
938 5647 1545 5728 subscriPthUeEir‘it
1575 5649 1886 5728 Theodori:
1966 5647 2037 5724 (3)
2068 5655 2090 5728 _'
2125 5647 3034 5728 amplectereturjuﬁtascrip“!-
3111 5647 3197 5728 (βε)
3228 5647 3571 5728 ’,ίῐι-δοτί.ι³·

139 5713 411 5803 i1}?sz-
448 5713 710 5803 astantes
735 5713 1040 5803 Augustus
1073 5713 1250 5803 simul
1283 5726 1346 5803 et,
1369 5713 1709 5803 Patrioarcha
1739 5713 2027 5803 legatos."
2059 5725 2155 5795 (in)
2191 5713 2520 5803 'fsyncello.
2577 5713 2730 5803 ,ἴτυς
2762 5713 3185 5803 susceperunt!
3212 5793 3221 5803 Δ
3244 5717 3392 5803 (0),:
3427 5713 3570 5803 relea-

137 5788 352 5877 gentes:
433 5801 510 5877 (μ)
555 5805 574 5826 ¹
616 5800 694 5858 Β.
739 5788 1248 5862 εοιῖάθωῐιειίὶοηεο
1329 5793 1404 5869 ((1)
1451 5797 1472 5819 '
1518 5791 1580 5852 in
1623 5788 1852 5871 partem
1898 5788 2078 5872 quam
2123 5788 2491 5870 quis'vellet.
2569 5792 2640 5870 (r)
2686 5795 2705 5817 '
2750 5796 2806 5851 et
2848 5788 3251 5870 porrexerunt.
3301 5788 3396 5864 '(s)
3446 5790 3465 5813 ·
3510 5788 3572 5846 in

136 5877 356 5936 eadem.
468 5898 470 5900 ν

450 6001 722 6067 ΡΑτιιυι.
769 5995 1092 6063 CXXVIII.

3164 5987 3242 6051 26
