  <div class='ocr_page' id='page_1' title='image "/cluster/home/n/w/nwhite01/storage/ocr_20150623/127-128/uc1.31175010226572/122.png"; bbox 0 0 3950 6466; ppageno 0'>
   <div class='ocr_carea' id='block_1_1' title="bbox 183 419 295 477">
    <p class='ocr_par' dir='ltr' id='par_1_1' title="bbox 183 419 295 477">
     <span class='ocr_line' id='line_1_1' title="bbox 183 419 295 477; baseline 0 0"><span class='ocrx_word' id='word_1_1' title='bbox 183 419 295 477; x_wconf 70' lang='lat'><strong>929</strong></span> 
     </span>
    </p>
   </div>
   <div class='ocr_carea' id='block_1_2' title="bbox 1362 422 2454 481">
    <p class='ocr_par' dir='ltr' id='par_1_2' title="bbox 1362 422 2454 481">
     <span class='ocr_line' id='line_1_2' title="bbox 1362 422 2454 481; baseline 0.004 -4"><span class='ocrx_word' id='word_1_2' title='bbox 1362 422 1635 478; x_wconf 82' lang='lat' dir='ltr'><strong>APPEND</strong></span> <span class='ocrx_word' id='word_1_3' title='bbox 1672 422 1766 477; x_wconf 80' lang='lat' dir='ltr'><strong>AD</strong></span> <span class='ocrx_word' id='word_1_4' title='bbox 1802 422 2105 480; x_wconf 84' lang='lat' dir='ltr'><strong>DISSERT.</strong></span> <span class='ocrx_word' id='word_1_5' title='bbox 2148 425 2454 481; x_wconf 71' lang='lat' dir='ltr'><strong>PRECED.</strong></span> 
     </span>
    </p>
   </div>
   <div class='ocr_carea' id='block_1_3' title="bbox 3519 426 3625 491">
    <p class='ocr_par' dir='ltr' id='par_1_3' title="bbox 3519 426 3625 491">
     <span class='ocr_line' id='line_1_3' title="bbox 3519 426 3625 491; baseline 0 0"><span class='ocrx_word' id='word_1_6' title='bbox 3519 426 3625 491; x_wconf 76' lang='grc'><strong>230</strong></span> 
     </span>
    </p>
   </div>
   <div class='ocr_carea' id='block_1_4' title="bbox 258 547 3709 631">
    <p class='ocr_par' dir='ltr' id='par_1_4' title="bbox 258 547 3709 631">
     <span class='ocr_line' id='line_1_4' title="bbox 258 547 3709 631; baseline 0.004 -31"><span class='ocrx_word' id='word_1_7' title='bbox 258 547 388 601; x_wconf 64' lang='lat' dir='ltr'><strong>Haec</strong></span> <span class='ocrx_word' id='word_1_8' title='bbox 418 547 618 616; x_wconf 80' lang='lat' dir='ltr'><strong>itaque</strong></span> <span class='ocrx_word' id='word_1_9' title='bbox 656 560 725 602; x_wconf 88' lang='lat' dir='ltr'><strong>ex</strong></span> <span class='ocrx_word' id='word_1_10' title='bbox 755 547 951 603; x_wconf 87' lang='lat' dir='ltr'><strong>codice</strong></span> <span class='ocrx_word' id='word_1_11' title='bbox 980 548 1348 619; x_wconf 89' lang='lat' dir='ltr'><strong>Farnesiano,</strong></span> <span class='ocrx_word' id='word_1_12' title='bbox 1390 550 1650 606; x_wconf 91' lang='lat' dir='ltr'><strong>omnium</strong></span> <span class='ocrx_word' id='word_1_13' title='bbox 1689 548 1852 605; x_wconf 88' lang='lat' dir='ltr'><strong>anti—</strong></span> <span class='ocrx_word' id='word_1_14' title='bbox 1876 547 1935 605; x_wconf 86' lang='lat' dir='ltr'><strong>A</strong></span> <span class='ocrx_word' id='word_1_15' title='bbox 1968 552 2132 623; x_wconf 87' lang='lat' dir='ltr'><strong>gines</strong></span> <span class='ocrx_word' id='word_1_16' title='bbox 2178 555 2579 625; x_wconf 89' lang='lat' dir='ltr'><strong>episcoporum</strong></span> <span class='ocrx_word' id='word_1_17' title='bbox 2616 571 2648 612; x_wconf 90' lang='lat' dir='ltr'><strong>a</strong></span> <span class='ocrx_word' id='word_1_18' title='bbox 2762 556 3097 628; x_wconf 78' lang='lat' dir='ltr'><strong>Asprenate,</strong></span> <span class='ocrx_word' id='word_1_19' title='bbox 3128 558 3317 627; x_wconf 91' lang='lat' dir='ltr'><strong>primo</strong></span> <span class='ocrx_word' id='word_1_20' title='bbox 3347 560 3626 631; x_wconf 87' lang='lat' dir='ltr'><strong>Neapoli—</strong></span> <span class='ocrx_word' id='word_1_21' title='bbox 3702 606 3709 613; x_wconf 93' lang='lat'><strong>.</strong></span> 
     </span>
    </p>
   </div>
   <div class='ocr_carea' id='block_1_5' title="bbox 187 635 1852 708">
    <p class='ocr_par' dir='ltr' id='par_1_5' title="bbox 187 635 1852 708">
     <span class='ocr_line' id='line_1_5' title="bbox 187 635 1852 708; baseline 0.002 -18"><span class='ocrx_word' id='word_1_22' title='bbox 187 636 496 706; x_wconf 89' lang='lat' dir='ltr'><strong>quissimo,</strong></span> <span class='ocrx_word' id='word_1_23' title='bbox 519 635 662 691; x_wconf 91' lang='lat' dir='ltr'><strong>duxi</strong></span> <span class='ocrx_word' id='word_1_24' title='bbox 683 636 1057 692; x_wconf 80' lang='lat' dir='ltr'><strong>exscribenda</strong></span> <span class='ocrx_word' id='word_1_25' title='bbox 1079 642 1135 692; x_wconf 89' lang='lat' dir='ltr'><strong>et</strong></span> <span class='ocrx_word' id='word_1_26' title='bbox 1150 637 1493 708; x_wconf 85' lang='lat' dir='ltr'><strong>exhibenda,</strong></span> <span class='ocrx_word' id='word_1_27' title='bbox 1525 638 1594 693; x_wconf 89' lang='lat' dir='ltr'><strong>ad</strong></span> <span class='ocrx_word' id='word_1_28' title='bbox 1618 639 1734 693; x_wconf 93' lang='lat' dir='ltr'><strong>vim</strong></span> <span class='ocrx_word' id='word_1_29' title='bbox 1760 639 1852 694; x_wconf 89' lang='lat' dir='ltr'><strong>de-</strong></span> 
     </span>
    </p>
   </div>
   <div class='ocr_carea' id='block_1_6' title="bbox 189 724 1849 797">
    <p class='ocr_par' dir='ltr' id='par_1_6' title="bbox 189 724 1849 797">
     <span class='ocr_line' id='line_1_6' title="bbox 189 724 1849 797; baseline 0.002 -18"><span class='ocrx_word' id='word_1_30' title='bbox 189 724 636 779; x_wconf 84' lang='lat' dir='ltr'><strong>monstrationis</strong></span> <span class='ocrx_word' id='word_1_31' title='bbox 664 725 1060 793; x_wconf 76' lang='lat' dir='ltr'><strong>complendum</strong></span> <span class='ocrx_word' id='word_1_32' title='bbox 1091 727 1147 779; x_wconf 91' lang='lat' dir='ltr'><strong>in</strong></span> <span class='ocrx_word' id='word_1_33' title='bbox 1178 728 1537 797; x_wconf 79' lang='lat' dir='ltr'><strong>argumentis</strong></span> <span class='ocrx_word' id='word_1_34' title='bbox 1565 728 1849 782; x_wconf 88' lang='lat' dir='ltr'><strong>Holstenii</strong></span> 
     </span>
    </p>
   </div>
   <div class='ocr_carea' id='block_1_7' title="bbox 186 812 1854 885">
    <p class='ocr_par' dir='ltr' id='par_1_7' title="bbox 186 812 1854 885">
     <span class='ocr_line' id='line_1_7' title="bbox 186 812 1854 885; baseline 0.002 -18"><span class='ocrx_word' id='word_1_35' title='bbox 186 819 245 867; x_wconf 90' lang='lat' dir='ltr'><strong>et</strong></span> <span class='ocrx_word' id='word_1_36' title='bbox 274 812 673 867; x_wconf 89' lang='lat' dir='ltr'><strong>Schelestratii</strong></span> <span class='ocrx_word' id='word_1_37' title='bbox 705 828 831 882; x_wconf 67' lang='lat' dir='ltr'><strong>qum</strong></span> <span class='ocrx_word' id='word_1_38' title='bbox 859 814 1121 868; x_wconf 90' lang='lat' dir='ltr'><strong>indicant</strong></span> <span class='ocrx_word' id='word_1_39' title='bbox 1151 813 1335 870; x_wconf 88' lang='lat' dir='ltr'><strong>fontes</strong></span> <span class='ocrx_word' id='word_1_40' title='bbox 1365 816 1649 885; x_wconf 84' lang='lat' dir='ltr'><strong>genuinos</strong></span> <span class='ocrx_word' id='word_1_41' title='bbox 1678 816 1854 871; x_wconf 87' lang='lat' dir='ltr'><strong>histo-</strong></span> 
     </span>
    </p>
   </div>
   <div class='ocr_carea' id='block_1_8' title="bbox 192 900 701 971">
    <p class='ocr_par' dir='ltr' id='par_1_8' title="bbox 192 900 701 971">
     <span class='ocr_line' id='line_1_8' title="bbox 192 900 701 971; baseline -0.004 -15"><span class='ocrx_word' id='word_1_42' title='bbox 192 902 294 956; x_wconf 70' lang='lat' dir='ltr'><strong>ria:</strong></span> <span class='ocrx_word' id='word_1_43' title='bbox 323 900 701 971; x_wconf 87' lang='lat' dir='ltr'><strong>pontiﬁcalis.</strong></span> 
     </span>
    </p>
   </div>
   <div class='ocr_carea' id='block_1_9' title="bbox 259 998 1856 1069">
    <p class='ocr_par' dir='ltr' id='par_1_9' title="bbox 259 998 1856 1069">
     <span class='ocr_line' id='line_1_9' title="bbox 259 998 1856 1069; baseline 0.001 -16"><span class='ocrx_word' id='word_1_44' title='bbox 259 1000 362 1053; x_wconf 76' lang='lat' dir='ltr'><strong>XI.</strong></span> <span class='ocrx_word' id='word_1_45' title='bbox 406 1001 530 1053; x_wconf 90' lang='lat' dir='ltr'><strong>Non</strong></span> <span class='ocrx_word' id='word_1_46' title='bbox 568 998 711 1054; x_wconf 89' lang='lat' dir='ltr'><strong>levia</strong></span> <span class='ocrx_word' id='word_1_47' title='bbox 747 1013 977 1069; x_wconf 88' lang='lat' dir='ltr'><strong>quoque</strong></span> <span class='ocrx_word' id='word_1_48' title='bbox 1008 1005 1290 1056; x_wconf 89' lang='lat' dir='ltr'><strong>momenta</strong></span> <span class='ocrx_word' id='word_1_49' title='bbox 1345 1002 1544 1057; x_wconf 67' lang='lat' dir='ltr'><strong>solidae</strong></span> <span class='ocrx_word' id='word_1_50' title='bbox 1590 1003 1856 1057; x_wconf 80' lang='lat' dir='ltr'><strong>veritatis</strong></span> 
     </span>
    </p>
   </div>
   <div class='ocr_carea' id='block_1_10' title="bbox 188 1086 1858 1145">
    <p class='ocr_par' dir='ltr' id='par_1_10' title="bbox 188 1086 1858 1145">
     <span class='ocr_line' id='line_1_10' title="bbox 188 1086 1858 1145; baseline 0.002 -4"><span class='ocrx_word' id='word_1_51' title='bbox 188 1086 456 1142; x_wconf 84' lang='lat' dir='ltr'><strong>addenda</strong></span> <span class='ocrx_word' id='word_1_52' title='bbox 498 1092 637 1142; x_wconf 91' lang='lat' dir='ltr'><strong>sunt</strong></span> <span class='ocrx_word' id='word_1_53' title='bbox 676 1102 747 1142; x_wconf 86' lang='lat' dir='ltr'><strong>ex</strong></span> <span class='ocrx_word' id='word_1_54' title='bbox 778 1088 1007 1143; x_wconf 91' lang='lat' dir='ltr'><strong>duobus</strong></span> <span class='ocrx_word' id='word_1_55' title='bbox 1038 1089 1341 1144; x_wconf 88' lang='lat' dir='ltr'><strong>codicibus</strong></span> <span class='ocrx_word' id='word_1_56' title='bbox 1374 1090 1727 1145; x_wconf 84' lang='lat' dir='ltr'><strong>Florentinis</strong></span> <span class='ocrx_word' id='word_1_57' title='bbox 1758 1091 1858 1145; x_wconf 81' lang='lat' dir='ltr'><strong>bi-</strong></span> 
     </span>
    </p>
   </div>
   <div class='ocr_carea' id='block_1_11' title="bbox 188 1173 1853 1249">
    <p class='ocr_par' dir='ltr' id='par_1_11' title="bbox 188 1173 1853 1249">
     <span class='ocr_line' id='line_1_11' title="bbox 188 1173 1853 1249; baseline 0.004 -21"><span class='ocrx_word' id='word_1_58' title='bbox 188 1173 499 1229; x_wconf 69' lang='lat' dir='ltr'><strong>bliotheca:</strong></span> <span class='ocrx_word' id='word_1_59' title='bbox 528 1176 583 1229; x_wconf 90' lang='lat' dir='ltr'><strong>S.</strong></span> <span class='ocrx_word' id='word_1_60' title='bbox 629 1176 837 1245; x_wconf 83' lang='lat' dir='ltr'><strong>Marci;</strong></span> <span class='ocrx_word' id='word_1_61' title='bbox 884 1191 1029 1247; x_wconf 88' lang='lat' dir='ltr'><strong>quos</strong></span> <span class='ocrx_word' id='word_1_62' title='bbox 1061 1182 1125 1233; x_wconf 92' lang='lat' dir='ltr'><strong>ut</strong></span> <span class='ocrx_word' id='word_1_63' title='bbox 1149 1178 1482 1247; x_wconf 78' lang='lat' dir='ltr'><strong>evolverem,</strong></span> <span class='ocrx_word' id='word_1_64' title='bbox 1516 1178 1853 1249; x_wconf 81' lang='lat' dir='ltr'><strong>conferrem,</strong></span> 
     </span>
    </p>
   </div>
   <div class='ocr_carea' id='block_1_12' title="bbox 190 1263 1858 1337">
    <p class='ocr_par' dir='ltr' id='par_1_12' title="bbox 190 1263 1858 1337">
     <span class='ocr_line' id='line_1_12' title="bbox 190 1263 1858 1337; baseline 0.004 -20"><span class='ocrx_word' id='word_1_65' title='bbox 190 1263 663 1329; x_wconf 84' lang='lat' dir='ltr'><strong>transcriberem,</strong></span> <span class='ocrx_word' id='word_1_66' title='bbox 700 1264 759 1319; x_wconf 90' lang='lat' dir='ltr'><strong>in</strong></span> <span class='ocrx_word' id='word_1_67' title='bbox 791 1278 854 1319; x_wconf 87' lang='lat' dir='ltr'><strong>ea</strong></span> <span class='ocrx_word' id='word_1_68' title='bbox 887 1266 1164 1335; x_wconf 88' lang='lat' dir='ltr'><strong>temporis</strong></span> <span class='ocrx_word' id='word_1_69' title='bbox 1187 1267 1455 1337; x_wconf 84' lang='lat' dir='ltr'><strong>angustia</strong></span> <span class='ocrx_word' id='word_1_70' title='bbox 1482 1280 1596 1337; x_wconf 89' lang='lat' dir='ltr'><strong>qua</strong></span> <span class='ocrx_word' id='word_1_71' title='bbox 1630 1281 1858 1337; x_wconf 91' lang='lat' dir='ltr'><strong>preme—</strong></span> 
     </span>
    </p>
   </div>
   <div class='ocr_carea' id='block_1_13' title="bbox 188 1349 1856 1427">
    <p class='ocr_par' dir='ltr' id='par_1_13' title="bbox 188 1349 1856 1427">
     <span class='ocr_line' id='line_1_13' title="bbox 188 1349 1856 1427; baseline 0.004 -22"><span class='ocrx_word' id='word_1_72' title='bbox 188 1349 298 1405; x_wconf 87' lang='lat' dir='ltr'><strong>bar</strong></span> <span class='ocrx_word' id='word_1_73' title='bbox 354 1358 651 1408; x_wconf 92' lang='lat' dir='ltr'><strong>maturans</strong></span> <span class='ocrx_word' id='word_1_74' title='bbox 700 1353 950 1409; x_wconf 85' lang='lat' dir='ltr'><strong>reditum</strong></span> <span class='ocrx_word' id='word_1_75' title='bbox 1009 1368 1197 1409; x_wconf 90' lang='lat' dir='ltr'><strong>meum</strong></span> <span class='ocrx_word' id='word_1_76' title='bbox 1249 1355 1307 1410; x_wconf 91' lang='lat' dir='ltr'><strong>in</strong></span> <span class='ocrx_word' id='word_1_77' title='bbox 1355 1355 1583 1427; x_wconf 84' lang='lat' dir='ltr'><strong>Urbem,</strong></span> <span class='ocrx_word' id='word_1_78' title='bbox 1627 1370 1856 1427; x_wconf 89' lang='lat' dir='ltr'><strong>operam</strong></span> 
     </span>
    </p>
   </div>
   <div class='ocr_carea' id='block_1_14' title="bbox 190 1442 1851 1509">
    <p class='ocr_par' dir='ltr' id='par_1_14' title="bbox 190 1442 1851 1509">
     <span class='ocr_line' id='line_1_14' title="bbox 190 1442 1851 1509; baseline 0.002 -15"><span class='ocrx_word' id='word_1_79' title='bbox 190 1453 429 1509; x_wconf 88' lang='lat' dir='ltr'><strong>quoque</strong></span> <span class='ocrx_word' id='word_1_80' title='bbox 460 1454 623 1496; x_wconf 91' lang='lat' dir='ltr'><strong>suam</strong></span> <span class='ocrx_word' id='word_1_81' title='bbox 641 1442 994 1497; x_wconf 88' lang='lat' dir='ltr'><strong>amicissime</strong></span> <span class='ocrx_word' id='word_1_82' title='bbox 1014 1442 1390 1499; x_wconf 90' lang='lat' dir='ltr'><strong>contulerunt</strong></span> <span class='ocrx_word' id='word_1_83' title='bbox 1405 1444 1712 1500; x_wconf 90' lang='lat' dir='ltr'><strong>admodum</strong></span> <span class='ocrx_word' id='word_1_84' title='bbox 1741 1459 1851 1500; x_wconf 85' lang='lat' dir='ltr'><strong>rev.</strong></span> 
     </span>
    </p>
   </div>
   <div class='ocr_carea' id='block_1_15' title="bbox 190 1528 1855 1601">
    <p class='ocr_par' dir='ltr' id='par_1_15' title="bbox 190 1528 1855 1601">
     <span class='ocr_line' id='line_1_15' title="bbox 190 1528 1855 1601; baseline 0.004 -19"><span class='ocrx_word' id='word_1_85' title='bbox 190 1528 392 1583; x_wconf 89' lang='lat' dir='ltr'><strong>Patres</strong></span> <span class='ocrx_word' id='word_1_86' title='bbox 424 1529 653 1585; x_wconf 87' lang='lat' dir='ltr'><strong>ordinis</strong></span> <span class='ocrx_word' id='word_1_87' title='bbox 684 1531 1150 1601; x_wconf 65' lang='lat' dir='ltr'><strong>Praedicatorum,</strong></span> <span class='ocrx_word' id='word_1_88' title='bbox 1200 1537 1357 1587; x_wconf 88' lang='lat' dir='ltr'><strong>tanto</strong></span> <span class='ocrx_word' id='word_1_89' title='bbox 1389 1533 1585 1588; x_wconf 91' lang='lat' dir='ltr'><strong>studio</strong></span> <span class='ocrx_word' id='word_1_90' title='bbox 1627 1533 1855 1588; x_wconf 87' lang='lat' dir='ltr'><strong>incitati</strong></span> 
     </span>
    </p>
   </div>
   <div class='ocr_carea' id='block_1_16' title="bbox 188 1616 1856 1692">
    <p class='ocr_par' dir='ltr' id='par_1_16' title="bbox 188 1616 1856 1692">
     <span class='ocr_line' id='line_1_16' title="bbox 188 1616 1856 1692; baseline 0.004 -21"><span class='ocrx_word' id='word_1_91' title='bbox 188 1617 260 1672; x_wconf 90' lang='lat' dir='ltr'><strong>ad</strong></span> <span class='ocrx_word' id='word_1_92' title='bbox 320 1616 465 1673; x_wconf 85' lang='lat' dir='ltr'><strong>bene</strong></span> <span class='ocrx_word' id='word_1_93' title='bbox 515 1619 847 1675; x_wconf 91' lang='lat' dir='ltr'><strong>merendum</strong></span> <span class='ocrx_word' id='word_1_94' title='bbox 913 1621 982 1675; x_wconf 94' lang='lat' dir='ltr'><strong>de</strong></span> <span class='ocrx_word' id='word_1_95' title='bbox 1038 1620 1275 1689; x_wconf 88' lang='lat' dir='ltr'><strong>litteris,</strong></span> <span class='ocrx_word' id='word_1_96' title='bbox 1345 1626 1625 1692; x_wconf 89' lang='lat' dir='ltr'><strong>quantum</strong></span> <span class='ocrx_word' id='word_1_97' title='bbox 1683 1622 1856 1677; x_wconf 90' lang='lat' dir='ltr'><strong>etiam</strong></span> 
     </span>
    </p>
   </div>
   <div class='ocr_carea' id='block_1_17' title="bbox 192 1706 1859 1777">
    <p class='ocr_par' dir='ltr' id='par_1_17' title="bbox 192 1706 1859 1777">
     <span class='ocr_line' id='line_1_17' title="bbox 192 1706 1859 1777; baseline 0.004 -17"><span class='ocrx_word' id='word_1_98' title='bbox 192 1706 253 1761; x_wconf 90' lang='lat' dir='ltr'><strong>in</strong></span> <span class='ocrx_word' id='word_1_99' title='bbox 330 1706 480 1761; x_wconf 89' lang='lat' dir='ltr'><strong>Urbe</strong></span> <span class='ocrx_word' id='word_1_100' title='bbox 552 1708 903 1777; x_wconf 81' lang='lat' dir='ltr'><strong>experimur,</strong></span> <span class='ocrx_word' id='word_1_101' title='bbox 974 1710 1110 1764; x_wconf 91' lang='lat' dir='ltr'><strong>dum</strong></span> <span class='ocrx_word' id='word_1_102' title='bbox 1178 1709 1593 1766; x_wconf 83' lang='lat' dir='ltr'><strong>bibliothecam</strong></span> <span class='ocrx_word' id='word_1_103' title='bbox 1677 1712 1859 1767; x_wconf 88' lang='lat' dir='ltr'><strong>Casa—</strong></span> 
     </span>
    </p>
   </div>
   <div class='ocr_carea' id='block_1_18' title="bbox 189 1797 1857 1871">
    <p class='ocr_par' dir='ltr' id='par_1_18' title="bbox 189 1797 1857 1871">
     <span class='ocr_line' id='line_1_18' title="bbox 189 1797 1857 1871; baseline 0.002 -20"><span class='ocrx_word' id='word_1_104' title='bbox 189 1801 490 1851; x_wconf 89' lang='lat' dir='ltr'><strong>uatensem</strong></span> <span class='ocrx_word' id='word_1_105' title='bbox 566 1797 918 1853; x_wconf 86' lang='lat' dir='ltr'><strong>adeuntibus</strong></span> <span class='ocrx_word' id='word_1_106' title='bbox 1001 1802 1284 1868; x_wconf 90' lang='lat' dir='ltr'><strong>patentem</strong></span> <span class='ocrx_word' id='word_1_107' title='bbox 1369 1800 1666 1871; x_wconf 81' lang='lat' dir='ltr'><strong>exhibent,</strong></span> <span class='ocrx_word' id='word_1_108' title='bbox 1756 1815 1857 1870; x_wconf 87' lang='lat' dir='ltr'><strong>pro</strong></span> 
     </span>
    </p>
   </div>
   <div class='ocr_carea' id='block_1_19' title="bbox 188 1884 1859 1957">
    <p class='ocr_par' dir='ltr' id='par_1_19' title="bbox 188 1884 1859 1957">
     <span class='ocr_line' id='line_1_19' title="bbox 188 1884 1859 1957; baseline 0.003 -18"><span class='ocrx_word' id='word_1_109' title='bbox 188 1884 488 1939; x_wconf 86' lang='lat' dir='ltr'><strong>constanti</strong></span> <span class='ocrx_word' id='word_1_110' title='bbox 545 1885 780 1955; x_wconf 88' lang='lat' dir='ltr'><strong>ingenio</strong></span> <span class='ocrx_word' id='word_1_111' title='bbox 825 1900 997 1941; x_wconf 65' lang='lat' dir='ltr'><strong>sacrae</strong></span> <span class='ocrx_word' id='word_1_112' title='bbox 1057 1886 1224 1942; x_wconf 84' lang='lat' dir='ltr'><strong>illius</strong></span> <span class='ocrx_word' id='word_1_113' title='bbox 1280 1886 1539 1957; x_wconf 81' lang='lat' dir='ltr'><strong>familiae,</strong></span> <span class='ocrx_word' id='word_1_114' title='bbox 1589 1889 1657 1944; x_wconf 90' lang='lat' dir='ltr'><strong>ad</strong></span> <span class='ocrx_word' id='word_1_115' title='bbox 1692 1903 1859 1944; x_wconf 47' lang='lat' dir='ltr'><strong>men-</strong></span> 
     </span>
    </p>
   </div>
   <div class='ocr_carea' id='block_1_20' title="bbox 192 1971 1860 2044">
    <p class='ocr_par' dir='ltr' id='par_1_20' title="bbox 192 1971 1860 2044">
     <span class='ocr_line' id='line_1_20' title="bbox 192 1971 1860 2044; baseline 0.002 -17"><span class='ocrx_word' id='word_1_116' title='bbox 192 1977 278 2027; x_wconf 88' lang='lat' dir='ltr'><strong>tes</strong></span> <span class='ocrx_word' id='word_1_117' title='bbox 369 1971 674 2028; x_wconf 84' lang='lat' dir='ltr'><strong>hominum</strong></span> <span class='ocrx_word' id='word_1_118' title='bbox 747 1975 959 2044; x_wconf 88' lang='lat' dir='ltr'><strong>pietate</strong></span> <span class='ocrx_word' id='word_1_119' title='bbox 1039 1988 1107 2033; x_wconf 87' lang='lat' dir='ltr'><strong>ac</strong></span> <span class='ocrx_word' id='word_1_120' title='bbox 1180 1975 1449 2031; x_wconf 91' lang='lat' dir='ltr'><strong>doctrina</strong></span> <span class='ocrx_word' id='word_1_121' title='bbox 1522 1978 1860 2032; x_wconf 85' lang='lat' dir='ltr'><strong>excolendas</strong></span> 
     </span>
    </p>
   </div>
   <div class='ocr_carea' id='block_1_21' title="bbox 193 2066 363 2117">
    <p class='ocr_par' dir='ltr' id='par_1_21' title="bbox 193 2066 363 2117">
     <span class='ocr_line' id='line_1_21' title="bbox 193 2066 363 2117; baseline -0.024 0"><span class='ocrx_word' id='word_1_122' title='bbox 193 2066 363 2117; x_wconf 77' lang='lat' dir='ltr'><strong>natae.</strong></span> 
     </span>
    </p>
   </div>
   <div class='ocr_carea' id='block_1_22' title="bbox 259 2159 1866 2229">
    <p class='ocr_par' dir='ltr' id='par_1_22' title="bbox 259 2159 1866 2229">
     <span class='ocr_line' id='line_1_22' title="bbox 259 2159 1866 2229; baseline 0.002 -16"><span class='ocrx_word' id='word_1_123' title='bbox 259 2159 386 2213; x_wconf 78' lang='lat' dir='ltr'><strong>XII.</strong></span> <span class='ocrx_word' id='word_1_124' title='bbox 441 2159 700 2215; x_wconf 92' lang='lat' dir='ltr'><strong>Duorum</strong></span> <span class='ocrx_word' id='word_1_125' title='bbox 732 2159 1019 2225; x_wconf 90' lang='lat' dir='ltr'><strong>codicum,</strong></span> <span class='ocrx_word' id='word_1_126' title='bbox 1067 2173 1219 2229; x_wconf 87' lang='lat' dir='ltr'><strong>quos</strong></span> <span class='ocrx_word' id='word_1_127' title='bbox 1246 2160 1582 2216; x_wconf 84' lang='lat' dir='ltr'><strong>IIolstenius</strong></span> <span class='ocrx_word' id='word_1_128' title='bbox 1608 2162 1756 2217; x_wconf 89' lang='lat' dir='ltr'><strong>vidit</strong></span> <span class='ocrx_word' id='word_1_129' title='bbox 1800 2176 1866 2217; x_wconf 89' lang='lat' dir='ltr'><strong>ac</strong></span> 
     </span>
    </p>
   </div>
   <div class='ocr_carea' id='block_1_23' title="bbox 192 2246 1865 2305">
    <p class='ocr_par' dir='ltr' id='par_1_23' title="bbox 192 2246 1865 2305">
     <span class='ocr_line' id='line_1_23' title="bbox 192 2246 1865 2305; baseline 0.002 -3"><span class='ocrx_word' id='word_1_130' title='bbox 192 2248 423 2303; x_wconf 63' lang='lat' dir='ltr'><strong>caeteris</strong></span> <span class='ocrx_word' id='word_1_131' title='bbox 458 2246 748 2302; x_wconf 87' lang='lat' dir='ltr'><strong>indicavit</strong></span> <span class='ocrx_word' id='word_1_132' title='bbox 778 2248 839 2302; x_wconf 92' lang='lat' dir='ltr'><strong>in</strong></span> <span class='ocrx_word' id='word_1_133' title='bbox 870 2247 1221 2303; x_wconf 87' lang='lat' dir='ltr'><strong>bibliotheca</strong></span> <span class='ocrx_word' id='word_1_134' title='bbox 1247 2248 1576 2304; x_wconf 83' lang='lat' dir='ltr'><strong>Florentina</strong></span> <span class='ocrx_word' id='word_1_135' title='bbox 1602 2250 1658 2305; x_wconf 89' lang='lat' dir='ltr'><strong>S.</strong></span> <span class='ocrx_word' id='word_1_136' title='bbox 1692 2251 1865 2305; x_wconf 84' lang='lat' dir='ltr'><strong>Marci</strong></span> 
     </span>
    </p>
   </div>
   <div class='ocr_carea' id='block_1_24' title="bbox 191 2336 1865 2408">
    <p class='ocr_par' dir='ltr' id='par_1_24' title="bbox 191 2336 1865 2408">
     <span class='ocr_line' id='line_1_24' title="bbox 191 2336 1865 2408; baseline 0.001 -17"><span class='ocrx_word' id='word_1_137' title='bbox 191 2342 475 2406; x_wconf 86' lang='lat' dir='ltr'><strong>tanquam</strong></span> <span class='ocrx_word' id='word_1_138' title='bbox 526 2336 860 2403; x_wconf 64' lang='lat' dir='ltr'><strong>praestantia</strong></span> <span class='ocrx_word' id='word_1_139' title='bbox 892 2337 1185 2404; x_wconf 90' lang='lat' dir='ltr'><strong>proximos</strong></span> <span class='ocrx_word' id='word_1_140' title='bbox 1222 2350 1255 2392; x_wconf 93' lang='lat' dir='ltr'><strong>a</strong></span> <span class='ocrx_word' id='word_1_141' title='bbox 1286 2338 1651 2408; x_wconf 89' lang='lat' dir='ltr'><strong>Farnesiano,</strong></span> <span class='ocrx_word' id='word_1_142' title='bbox 1689 2353 1865 2395; x_wconf 91' lang='lat' dir='ltr'><strong>unum</strong></span> 
     </span>
    </p>
   </div>
   <div class='ocr_carea' id='block_1_25' title="bbox 192 2425 1862 2497">
    <p class='ocr_par' dir='ltr' id='par_1_25' title="bbox 192 2425 1862 2497">
     <span class='ocr_line' id='line_1_25' title="bbox 192 2425 1862 2497; baseline 0.002 -18"><span class='ocrx_word' id='word_1_143' title='bbox 192 2425 349 2481; x_wconf 84' lang='lat' dir='ltr'><strong>dixit</strong></span> <span class='ocrx_word' id='word_1_144' title='bbox 369 2425 770 2494; x_wconf 88' lang='lat' dir='ltr'><strong>antiquiorem</strong></span> <span class='ocrx_word' id='word_1_145' title='bbox 784 2431 841 2480; x_wconf 91' lang='lat' dir='ltr'><strong>et</strong></span> <span class='ocrx_word' id='word_1_146' title='bbox 858 2426 1137 2494; x_wconf 91' lang='lat' dir='ltr'><strong>scriptum</strong></span> <span class='ocrx_word' id='word_1_147' title='bbox 1163 2426 1379 2481; x_wconf 87' lang='lat' dir='ltr'><strong>litteris</strong></span> <span class='ocrx_word' id='word_1_148' title='bbox 1396 2428 1862 2497; x_wconf 88' lang='lat' dir='ltr'><strong>Longobardicis.</strong></span> 
     </span>
    </p>
   </div>
   <div class='ocr_carea' id='block_1_26' title="bbox 192 2511 1867 2584">
    <p class='ocr_par' dir='ltr' id='par_1_26' title="bbox 192 2511 1867 2584">
     <span class='ocr_line' id='line_1_26' title="bbox 192 2511 1867 2584; baseline 0.001 -14"><span class='ocrx_word' id='word_1_149' title='bbox 192 2514 384 2570; x_wconf 83' lang='lat' dir='ltr'><strong>Codex</strong></span> <span class='ocrx_word' id='word_1_150' title='bbox 441 2518 530 2568; x_wconf 91' lang='lat' dir='ltr'><strong>est</strong></span> <span class='ocrx_word' id='word_1_151' title='bbox 588 2511 1059 2568; x_wconf 90' lang='lat' dir='ltr'><strong>membranaceus</strong></span> <span class='ocrx_word' id='word_1_152' title='bbox 1108 2512 1379 2570; x_wconf 87' lang='lat' dir='ltr'><strong>informa</strong></span> <span class='ocrx_word' id='word_1_153' title='bbox 1427 2521 1636 2571; x_wconf 74' lang='lat' dir='ltr'><strong>octavae</strong></span> <span class='ocrx_word' id='word_1_154' title='bbox 1686 2517 1867 2584; x_wconf 91' lang='lat' dir='ltr'><strong>partis</strong></span> 
     </span>
    </p>
   </div>
   <div class='ocr_carea' id='block_1_27' title="bbox 198 2602 1870 2672">
    <p class='ocr_par' dir='ltr' id='par_1_27' title="bbox 198 2602 1870 2672">
     <span class='ocr_line' id='line_1_27' title="bbox 198 2602 1870 2672; baseline 0.001 -15"><span class='ocrx_word' id='word_1_155' title='bbox 198 2602 329 2657; x_wconf 79' lang='lat' dir='ltr'><strong>folii</strong></span> <span class='ocrx_word' id='word_1_156' title='bbox 366 2607 430 2657; x_wconf 92' lang='lat' dir='ltr'><strong>ut</strong></span> <span class='ocrx_word' id='word_1_157' title='bbox 453 2607 677 2670; x_wconf 82' lang='lat' dir='ltr'><strong>vocant,</strong></span> <span class='ocrx_word' id='word_1_158' title='bbox 706 2606 763 2656; x_wconf 90' lang='lat' dir='ltr'><strong>et</strong></span> <span class='ocrx_word' id='word_1_159' title='bbox 783 2602 1090 2657; x_wconf 88' lang='lat' dir='ltr'><strong>vetustatis</strong></span> <span class='ocrx_word' id='word_1_160' title='bbox 1120 2616 1240 2657; x_wconf 65' lang='lat' dir='ltr'><strong>sua;</strong></span> <span class='ocrx_word' id='word_1_161' title='bbox 1269 2603 1610 2658; x_wconf 90' lang='lat' dir='ltr'><strong>documenta</strong></span> <span class='ocrx_word' id='word_1_162' title='bbox 1640 2603 1870 2672; x_wconf 59' lang='lat' dir='ltr'><strong>prtefert</strong></span> 
     </span>
    </p>
   </div>
   <div class='ocr_carea' id='block_1_28' title="bbox 194 2690 1867 2762">
    <p class='ocr_par' dir='ltr' id='par_1_28' title="bbox 194 2690 1867 2762">
     <span class='ocr_line' id='line_1_28' title="bbox 194 2690 1867 2762; baseline 0.002 -16"><span class='ocrx_word' id='word_1_163' title='bbox 194 2704 310 2746; x_wconf 93' lang='lat' dir='ltr'><strong>non</strong></span> <span class='ocrx_word' id='word_1_164' title='bbox 327 2690 498 2746; x_wconf 92' lang='lat' dir='ltr'><strong>modo</strong></span> <span class='ocrx_word' id='word_1_165' title='bbox 519 2690 574 2745; x_wconf 89' lang='lat' dir='ltr'><strong>in</strong></span> <span class='ocrx_word' id='word_1_166' title='bbox 591 2690 814 2759; x_wconf 87' lang='lat' dir='ltr'><strong>scriptu</strong></span> <span class='ocrx_word' id='word_1_167' title='bbox 824 2704 881 2745; x_wconf 87' lang='lat' dir='ltr'><strong>ra</strong></span> <span class='ocrx_word' id='word_1_168' title='bbox 896 2695 1087 2745; x_wconf 83' lang='lat' dir='ltr'><strong>textus</strong></span> <span class='ocrx_word' id='word_1_169' title='bbox 1100 2690 1254 2745; x_wconf 90' lang='lat' dir='ltr'><strong>Libri</strong></span> <span class='ocrx_word' id='word_1_170' title='bbox 1274 2692 1656 2762; x_wconf 86' lang='lat' dir='ltr'><strong>Pontiﬁcalis,</strong></span> <span class='ocrx_word' id='word_1_171' title='bbox 1671 2706 1867 2748; x_wconf 81' lang='lat' dir='ltr'><strong>verum</strong></span> 
     </span>
    </p>
   </div>
   <div class='ocr_carea' id='block_1_29' title="bbox 194 2778 1870 2850">
    <p class='ocr_par' dir='ltr' id='par_1_29' title="bbox 194 2778 1870 2850">
     <span class='ocr_line' id='line_1_29' title="bbox 194 2778 1870 2850; baseline 0.001 -15"><span class='ocrx_word' id='word_1_172' title='bbox 194 2781 371 2835; x_wconf 89' lang='lat' dir='ltr'><strong>etiam</strong></span> <span class='ocrx_word' id='word_1_173' title='bbox 397 2779 461 2834; x_wconf 92' lang='lat' dir='ltr'><strong>in</strong></span> <span class='ocrx_word' id='word_1_174' title='bbox 489 2778 762 2849; x_wconf 87' lang='lat' dir='ltr'><strong>Catalogo</strong></span> <span class='ocrx_word' id='word_1_175' title='bbox 806 2779 1208 2849; x_wconf 88' lang='lat' dir='ltr'><strong>episcoporum</strong></span> <span class='ocrx_word' id='word_1_176' title='bbox 1248 2781 1638 2850; x_wconf 88' lang='lat' dir='ltr'><strong>Neapolitanae</strong></span> <span class='ocrx_word' id='word_1_177' title='bbox 1667 2782 1870 2837; x_wconf 82' lang='lat' dir='ltr'><strong>Eccle—</strong></span> 
     </span>
    </p>
   </div>
   <div class='ocr_carea' id='block_1_30' title="bbox 195 2868 1863 2940">
    <p class='ocr_par' dir='ltr' id='par_1_30' title="bbox 195 2868 1863 2940">
     <span class='ocr_line' id='line_1_30' title="bbox 195 2868 1863 2940; baseline 0 -15"><span class='ocrx_word' id='word_1_178' title='bbox 195 2870 324 2933; x_wconf 74' lang='lat' dir='ltr'><strong>size,</strong></span> <span class='ocrx_word' id='word_1_179' title='bbox 351 2868 458 2938; x_wconf 85' lang='lat' dir='ltr'><strong>qui</strong></span> <span class='ocrx_word' id='word_1_180' title='bbox 489 2868 868 2937; x_wconf 62' lang='lat' dir='ltr'><strong>praemittitur</strong></span> <span class='ocrx_word' id='word_1_181' title='bbox 894 2868 1045 2923; x_wconf 76' lang='lat' dir='ltr'><strong>Vitis</strong></span> <span class='ocrx_word' id='word_1_182' title='bbox 1082 2868 1415 2937; x_wconf 90' lang='lat' dir='ltr'><strong>pontiﬁcum</strong></span> <span class='ocrx_word' id='word_1_183' title='bbox 1457 2870 1863 2940; x_wconf 82' lang='lat' dir='ltr'><strong>Romanorum,</strong></span> 
     </span>
    </p>
   </div>
   <div class='ocr_carea' id='block_1_31' title="bbox 193 2955 1869 3027">
    <p class='ocr_par' dir='ltr' id='par_1_31' title="bbox 193 2955 1869 3027">
     <span class='ocr_line' id='line_1_31' title="bbox 193 2955 1869 3027; baseline -0.001 -13"><span class='ocrx_word' id='word_1_184' title='bbox 193 2964 251 3014; x_wconf 89' lang='lat' dir='ltr'><strong>et</strong></span> <span class='ocrx_word' id='word_1_185' title='bbox 268 2956 517 3025; x_wconf 89' lang='lat' dir='ltr'><strong>indicat,</strong></span> <span class='ocrx_word' id='word_1_186' title='bbox 543 2956 603 3010; x_wconf 91' lang='lat' dir='ltr'><strong>ni</strong></span> <span class='ocrx_word' id='word_1_187' title='bbox 628 2955 816 3025; x_wconf 81' lang='lat' dir='ltr'><strong>fallor,</strong></span> <span class='ocrx_word' id='word_1_188' title='bbox 841 2956 912 3011; x_wconf 90' lang='lat' dir='ltr'><strong>ad</strong></span> <span class='ocrx_word' id='word_1_189' title='bbox 932 2956 1689 3027; x_wconf 83' lang='lat' dir='ltr'><strong>EcclesiamNeapolitanam</strong></span> <span class='ocrx_word' id='word_1_190' title='bbox 1714 2959 1869 3015; x_wconf 91' lang='lat' dir='ltr'><strong>hunc</strong></span> 
     </span>
    </p>
   </div>
   <div class='ocr_carea' id='block_1_32' title="bbox 195 3045 1871 3117">
    <p class='ocr_par' dir='ltr' id='par_1_32' title="bbox 195 3045 1871 3117">
     <span class='ocr_line' id='line_1_32' title="bbox 195 3045 1871 3117; baseline 0 -15"><span class='ocrx_word' id='word_1_191' title='bbox 195 3046 422 3102; x_wconf 89' lang='lat' dir='ltr'><strong>librum</strong></span> <span class='ocrx_word' id='word_1_192' title='bbox 440 3045 759 3115; x_wconf 88' lang='lat' dir='ltr'><strong>aliquando</strong></span> <span class='ocrx_word' id='word_1_193' title='bbox 789 3045 1161 3115; x_wconf 89' lang='lat' dir='ltr'><strong>pertinuisse,</strong></span> <span class='ocrx_word' id='word_1_194' title='bbox 1184 3051 1287 3102; x_wconf 91' lang='lat' dir='ltr'><strong>aut</strong></span> <span class='ocrx_word' id='word_1_195' title='bbox 1309 3048 1665 3117; x_wconf 88' lang='lat' dir='ltr'><strong>descriptum</strong></span> <span class='ocrx_word' id='word_1_196' title='bbox 1688 3046 1871 3103; x_wconf 82' lang='lat' dir='ltr'><strong>fuisse</strong></span> 
     </span>
    </p>
   </div>
   <div class='ocr_carea' id='block_1_33' title="bbox 195 3134 1872 3206">
    <p class='ocr_par' dir='ltr' id='par_1_33' title="bbox 195 3134 1872 3206">
     <span class='ocr_line' id='line_1_33' title="bbox 195 3134 1872 3206; baseline 0 -15"><span class='ocrx_word' id='word_1_197' title='bbox 195 3150 223 3191; x_wconf 88' lang='lat' dir='ltr'><strong>a</strong></span> <span class='ocrx_word' id='word_1_198' title='bbox 255 3134 452 3191; x_wconf 78' lang='lat' dir='ltr'><strong>simili</strong></span> <span class='ocrx_word' id='word_1_199' title='bbox 499 3134 717 3203; x_wconf 86' lang='lat' dir='ltr'><strong>codice,</strong></span> <span class='ocrx_word' id='word_1_200' title='bbox 750 3134 853 3204; x_wconf 89' lang='lat' dir='ltr'><strong>qui</strong></span> <span class='ocrx_word' id='word_1_201' title='bbox 884 3135 953 3190; x_wconf 89' lang='lat' dir='ltr'><strong>ad</strong></span> <span class='ocrx_word' id='word_1_202' title='bbox 995 3135 1248 3191; x_wconf 89' lang='lat' dir='ltr'><strong>eamdem</strong></span> <span class='ocrx_word' id='word_1_203' title='bbox 1291 3135 1603 3192; x_wconf 88' lang='lat' dir='ltr'><strong>Ecclesiam</strong></span> <span class='ocrx_word' id='word_1_204' title='bbox 1643 3142 1872 3206; x_wconf 88' lang='lat' dir='ltr'><strong>specta-</strong></span> 
     </span>
    </p>
   </div>
   <div class='ocr_carea' id='block_1_34' title="bbox 198 3230 311 3280">
    <p class='ocr_par' dir='ltr' id='par_1_34' title="bbox 198 3230 311 3280">
     <span class='ocr_line' id='line_1_34' title="bbox 198 3230 311 3280; baseline -0.027 -1"><span class='ocrx_word' id='word_1_205' title='bbox 198 3230 311 3280; x_wconf 90' lang='lat' dir='ltr'><strong>ret.</strong></span> 
     </span>
    </p>
   </div>
   <div class='ocr_carea' id='block_1_35' title="bbox 267 3322 1873 3395">
    <p class='ocr_par' dir='ltr' id='par_1_35' title="bbox 267 3322 1873 3395">
     <span class='ocr_line' id='line_1_35' title="bbox 267 3322 1873 3395; baseline 0.001 -16"><span class='ocrx_word' id='word_1_206' title='bbox 267 3324 423 3379; x_wconf 75' lang='lat' dir='ltr'><strong>XIII.</strong></span> <span class='ocrx_word' id='word_1_207' title='bbox 474 3323 655 3379; x_wconf 92' lang='lat' dir='ltr'><strong>Porro</strong></span> <span class='ocrx_word' id='word_1_208' title='bbox 683 3322 993 3395; x_wconf 85' lang='lat' dir='ltr'><strong>Catalogus</strong></span> <span class='ocrx_word' id='word_1_209' title='bbox 1040 3323 1139 3380; x_wconf 92' lang='lat' dir='ltr'><strong>ille</strong></span> <span class='ocrx_word' id='word_1_210' title='bbox 1174 3325 1683 3394; x_wconf 88' lang='lat' dir='ltr'><strong>Neapolitanorum</strong></span> <span class='ocrx_word' id='word_1_211' title='bbox 1708 3327 1873 3382; x_wconf 90' lang='lat' dir='ltr'><strong>anti-</strong></span> 
     </span>
    </p>
   </div>
   <div class='ocr_carea' id='block_1_36' title="bbox 198 3410 1875 3480">
    <p class='ocr_par' dir='ltr' id='par_1_36' title="bbox 198 3410 1875 3480">
     <span class='ocr_line' id='line_1_36' title="bbox 198 3410 1875 3480; baseline 0.001 -13"><span class='ocrx_word' id='word_1_212' title='bbox 198 3412 411 3467; x_wconf 88' lang='lat' dir='ltr'><strong>stitum</strong></span> <span class='ocrx_word' id='word_1_213' title='bbox 458 3410 680 3467; x_wconf 80' lang='lat' dir='ltr'><strong>confert</strong></span> <span class='ocrx_word' id='word_1_214' title='bbox 713 3411 1028 3480; x_wconf 86' lang='lat' dir='ltr'><strong>plurimum</strong></span> <span class='ocrx_word' id='word_1_215' title='bbox 1063 3414 1132 3468; x_wconf 91' lang='lat' dir='ltr'><strong>ad</strong></span> <span class='ocrx_word' id='word_1_216' title='bbox 1174 3414 1660 3470; x_wconf 88' lang='lat' dir='ltr'><strong>corroborandam</strong></span> <span class='ocrx_word' id='word_1_217' title='bbox 1709 3416 1875 3469; x_wconf 77' lang='lat' dir='ltr'><strong>chro—</strong></span> 
     </span>
    </p>
   </div>
   <div class='ocr_carea' id='block_1_37' title="bbox 196 3501 1875 3573">
    <p class='ocr_par' dir='ltr' id='par_1_37' title="bbox 196 3501 1875 3573">
     <span class='ocr_line' id='line_1_37' title="bbox 196 3501 1875 3573; baseline 0.004 -19"><span class='ocrx_word' id='word_1_218' title='bbox 196 3502 502 3567; x_wconf 79' lang='lat' dir='ltr'><strong>nologiam,</strong></span> <span class='ocrx_word' id='word_1_219' title='bbox 548 3501 836 3554; x_wconf 80' lang='lat' dir='ltr'><strong>historiam</strong></span> <span class='ocrx_word' id='word_1_220' title='bbox 888 3506 937 3554; x_wconf 86' lang='lat' dir='ltr'><strong>et</strong></span> <span class='ocrx_word' id='word_1_221' title='bbox 967 3504 1354 3571; x_wconf 75' lang='lat' dir='ltr'><strong>antiquitatem</strong></span> <span class='ocrx_word' id='word_1_222' title='bbox 1384 3504 1576 3573; x_wconf 90' lang='lat' dir='ltr'><strong>operis</strong></span> <span class='ocrx_word' id='word_1_223' title='bbox 1623 3504 1875 3560; x_wconf 84' lang='lat' dir='ltr'><strong>Anasta—</strong></span> 
     </span>
    </p>
   </div>
   <div class='ocr_carea' id='block_1_38' title="bbox 200 3588 1877 3663">
    <p class='ocr_par' dir='ltr' id='par_1_38' title="bbox 200 3588 1877 3663">
     <span class='ocr_line' id='line_1_38' title="bbox 200 3588 1877 3663; baseline 0.002 -19"><span class='ocrx_word' id='word_1_224' title='bbox 200 3589 379 3644; x_wconf 89' lang='lat' dir='ltr'><strong>siani.</strong></span> <span class='ocrx_word' id='word_1_225' title='bbox 414 3588 677 3659; x_wconf 76' lang='lat' dir='ltr'><strong>Singulis</strong></span> <span class='ocrx_word' id='word_1_226' title='bbox 702 3588 857 3644; x_wconf 92' lang='lat' dir='ltr'><strong>enim</strong></span> <span class='ocrx_word' id='word_1_227' title='bbox 880 3590 1167 3660; x_wconf 85' lang='lat' dir='ltr'><strong>episcOpis</strong></span> <span class='ocrx_word' id='word_1_228' title='bbox 1193 3590 1591 3660; x_wconf 83' lang='lat' dir='ltr'><strong>Neapolitanis</strong></span> <span class='ocrx_word' id='word_1_229' title='bbox 1616 3592 1877 3663; x_wconf 79' lang='lat' dir='ltr'><strong>assignat</strong></span> 
     </span>
    </p>
   </div>
   <div class='ocr_carea' id='block_1_39' title="bbox 201 3676 1876 3749">
    <p class='ocr_par' dir='ltr' id='par_1_39' title="bbox 201 3676 1876 3749">
     <span class='ocr_line' id='line_1_39' title="bbox 201 3676 1876 3749; baseline 0.002 -17"><span class='ocrx_word' id='word_1_230' title='bbox 201 3690 389 3733; x_wconf 88' lang='lat' dir='ltr'><strong>annos</strong></span> <span class='ocrx_word' id='word_1_231' title='bbox 441 3676 832 3747; x_wconf 79' lang='lat' dir='ltr'><strong>episcopatus,</strong></span> <span class='ocrx_word' id='word_1_232' title='bbox 901 3678 1239 3749; x_wconf 88' lang='lat' dir='ltr'><strong>plerumque</strong></span> <span class='ocrx_word' id='word_1_233' title='bbox 1305 3679 1479 3735; x_wconf 91' lang='lat' dir='ltr'><strong>etiam</strong></span> <span class='ocrx_word' id='word_1_234' title='bbox 1534 3693 1756 3735; x_wconf 88' lang='lat' dir='ltr'><strong>menses</strong></span> <span class='ocrx_word' id='word_1_235' title='bbox 1810 3694 1876 3735; x_wconf 90' lang='lat' dir='ltr'><strong>ac</strong></span> 
     </span>
    </p>
   </div>
   <div class='ocr_carea' id='block_1_40' title="bbox 201 3765 1879 3836">
    <p class='ocr_par' dir='ltr' id='par_1_40' title="bbox 201 3765 1879 3836">
     <span class='ocr_line' id='line_1_40' title="bbox 201 3765 1879 3836; baseline 0.002 -17"><span class='ocrx_word' id='word_1_236' title='bbox 201 3765 332 3820; x_wconf 86' lang='lat' dir='ltr'><strong>dies</strong></span> <span class='ocrx_word' id='word_1_237' title='bbox 361 3784 375 3819; x_wconf 90' lang='lat'><strong>:</strong></span> <span class='ocrx_word' id='word_1_238' title='bbox 413 3770 541 3821; x_wconf 91' lang='lat' dir='ltr'><strong>tum</strong></span> <span class='ocrx_word' id='word_1_239' title='bbox 565 3765 730 3820; x_wconf 90' lang='lat' dir='ltr'><strong>addit</strong></span> <span class='ocrx_word' id='word_1_240' title='bbox 757 3767 991 3821; x_wconf 91' lang='lat' dir='ltr'><strong>nomina</strong></span> <span class='ocrx_word' id='word_1_241' title='bbox 1041 3766 1379 3836; x_wconf 87' lang='lat' dir='ltr'><strong>pontiﬁcum</strong></span> <span class='ocrx_word' id='word_1_242' title='bbox 1411 3768 1795 3823; x_wconf 86' lang='lat' dir='ltr'><strong>Romanorum</strong></span> <span class='ocrx_word' id='word_1_243' title='bbox 1822 3773 1879 3823; x_wconf 88' lang='lat' dir='ltr'><strong>et</strong></span> 
     </span>
    </p>
   </div>
   <div class='ocr_carea' id='block_1_41' title="bbox 204 3855 1879 3926">
    <p class='ocr_par' dir='ltr' id='par_1_41' title="bbox 204 3855 1879 3926">
     <span class='ocr_line' id='line_1_41' title="bbox 204 3855 1879 3926; baseline 0.001 -17"><span class='ocrx_word' id='word_1_244' title='bbox 204 3855 629 3924; x_wconf 88' lang='lat' dir='ltr'><strong>imperatorum</strong></span> <span class='ocrx_word' id='word_1_245' title='bbox 653 3856 762 3926; x_wconf 91' lang='lat' dir='ltr'><strong>qui</strong></span> <span class='ocrx_word' id='word_1_246' title='bbox 787 3868 887 3924; x_wconf 91' lang='lat' dir='ltr'><strong>per</strong></span> <span class='ocrx_word' id='word_1_247' title='bbox 903 3855 1132 3910; x_wconf 89' lang='lat' dir='ltr'><strong>eosdem</strong></span> <span class='ocrx_word' id='word_1_248' title='bbox 1155 3868 1340 3912; x_wconf 89' lang='lat' dir='ltr'><strong>annos</strong></span> <span class='ocrx_word' id='word_1_249' title='bbox 1366 3855 1636 3911; x_wconf 88' lang='lat' dir='ltr'><strong>vixerunt</strong></span> <span class='ocrx_word' id='word_1_250' title='bbox 1659 3874 1675 3922; x_wconf 92' lang='lat'><strong>;</strong></span> <span class='ocrx_word' id='word_1_251' title='bbox 1697 3869 1879 3926; x_wconf 90' lang='lat' dir='ltr'><strong>eoque</strong></span> 
     </span>
    </p>
   </div>
   <div class='ocr_carea' id='block_1_42' title="bbox 206 3943 1877 4015">
    <p class='ocr_par' dir='ltr' id='par_1_42' title="bbox 206 3943 1877 4015">
     <span class='ocr_line' id='line_1_42' title="bbox 206 3943 1877 4015; baseline 0 -17"><span class='ocrx_word' id='word_1_252' title='bbox 206 3943 445 3998; x_wconf 87' lang='lat' dir='ltr'><strong>nomine</strong></span> <span class='ocrx_word' id='word_1_253' title='bbox 474 3943 757 3998; x_wconf 91' lang='lat' dir='ltr'><strong>contestis</strong></span> <span class='ocrx_word' id='word_1_254' title='bbox 774 3948 861 3997; x_wconf 91' lang='lat' dir='ltr'><strong>est</strong></span> <span class='ocrx_word' id='word_1_255' title='bbox 884 3943 1275 4015; x_wconf 70' lang='lat' dir='ltr'><strong>chronologia:</strong></span> <span class='ocrx_word' id='word_1_256' title='bbox 1302 3943 1613 4014; x_wconf 75' lang='lat' dir='ltr'><strong>pontiﬁcize</strong></span> <span class='ocrx_word' id='word_1_257' title='bbox 1635 3943 1877 4013; x_wconf 89' lang='lat' dir='ltr'><strong>plurimi</strong></span> 
     </span>
    </p>
   </div>
   <div class='ocr_carea' id='block_1_43' title="bbox 207 4030 1879 4103">
    <p class='ocr_par' dir='ltr' id='par_1_43' title="bbox 207 4030 1879 4103">
     <span class='ocr_line' id='line_1_43' title="bbox 207 4030 1879 4103; baseline 0.001 -17"><span class='ocrx_word' id='word_1_258' title='bbox 207 4030 533 4101; x_wconf 79' lang='lat' dir='ltr'><strong>faciendus,</strong></span> <span class='ocrx_word' id='word_1_259' title='bbox 557 4032 873 4101; x_wconf 62' lang='lat' dir='ltr'><strong>praesertim</strong></span> <span class='ocrx_word' id='word_1_260' title='bbox 897 4046 1027 4087; x_wconf 91' lang='lat' dir='ltr'><strong>cum</strong></span> <span class='ocrx_word' id='word_1_261' title='bbox 1048 4032 1441 4088; x_wconf 87' lang='lat' dir='ltr'><strong>adnotaverim</strong></span> <span class='ocrx_word' id='word_1_262' title='bbox 1463 4032 1523 4087; x_wconf 92' lang='lat' dir='ltr'><strong>in</strong></span> <span class='ocrx_word' id='word_1_263' title='bbox 1545 4031 1879 4103; x_wconf 82' lang='lat' dir='ltr'><strong>praefatione</strong></span> 
     </span>
    </p>
   </div>
   <div class='ocr_carea' id='block_1_44' title="bbox 210 4120 1880 4190">
    <p class='ocr_par' dir='ltr' id='par_1_44' title="bbox 210 4120 1880 4190">
     <span class='ocr_line' id='line_1_44' title="bbox 210 4120 1880 4190; baseline 0.001 -14"><span class='ocrx_word' id='word_1_264' title='bbox 210 4122 428 4190; x_wconf 87' lang='lat' dir='ltr'><strong>prioris</strong></span> <span class='ocrx_word' id='word_1_265' title='bbox 471 4121 614 4177; x_wconf 86' lang='lat' dir='ltr'><strong>tomi</strong></span> <span class='ocrx_word' id='word_1_266' title='bbox 651 4122 831 4190; x_wconf 89' lang='lat' dir='ltr'><strong>hujus</strong></span> <span class='ocrx_word' id='word_1_267' title='bbox 858 4121 1137 4176; x_wconf 89' lang='lat' dir='ltr'><strong>editionis</strong></span> <span class='ocrx_word' id='word_1_268' title='bbox 1168 4136 1403 4178; x_wconf 88' lang='lat' dir='ltr'><strong>numero</strong></span> <span class='ocrx_word' id='word_1_269' title='bbox 1430 4120 1521 4188; x_wconf 72' lang='lat'><strong>26,</strong></span> <span class='ocrx_word' id='word_1_270' title='bbox 1546 4122 1606 4177; x_wconf 94' lang='lat' dir='ltr'><strong>in</strong></span> <span class='ocrx_word' id='word_1_271' title='bbox 1637 4122 1880 4178; x_wconf 89' lang='lat' dir='ltr'><strong>ecclesia</strong></span> 
     </span>
    </p>
   </div>
   <div class='ocr_carea' id='block_1_45' title="bbox 206 4197 1880 4280">
    <p class='ocr_par' dir='ltr' id='par_1_45' title="bbox 206 4197 1880 4280">
     <span class='ocr_line' id='line_1_45' title="bbox 206 4197 1880 4280; baseline 0.002 -17"><span class='ocrx_word' id='word_1_272' title='bbox 206 4210 428 4266; x_wconf 83' lang='lat' dir='ltr'><strong>Nolana</strong></span> <span class='ocrx_word' id='word_1_273' title='bbox 469 4210 714 4280; x_wconf 91' lang='lat' dir='ltr'><strong>ejusque</strong></span> <span class='ocrx_word' id='word_1_274' title='bbox 745 4197 1141 4265; x_wconf 84' lang='lat' dir='ltr'><strong>vetustissima</strong></span> <span class='ocrx_word' id='word_1_275' title='bbox 1185 4209 1427 4266; x_wconf 89' lang='lat' dir='ltr'><strong>basilica</strong></span> <span class='ocrx_word' id='word_1_276' title='bbox 1457 4218 1512 4266; x_wconf 88' lang='lat' dir='ltr'><strong>et</strong></span> <span class='ocrx_word' id='word_1_277' title='bbox 1554 4210 1880 4267; x_wconf 73' lang='lat' dir='ltr'><strong>cmmeterio</strong></span> 
     </span>
    </p>
   </div>
   <div class='ocr_carea' id='block_1_46' title="bbox 205 4298 1883 4369">
    <p class='ocr_par' dir='ltr' id='par_1_46' title="bbox 205 4298 1883 4369">
     <span class='ocr_line' id='line_1_46' title="bbox 205 4298 1883 4369; baseline 0 -16"><span class='ocrx_word' id='word_1_278' title='bbox 205 4298 261 4353; x_wconf 90' lang='lat' dir='ltr'><strong>S.</strong></span> <span class='ocrx_word' id='word_1_279' title='bbox 296 4299 512 4353; x_wconf 84' lang='lat' dir='ltr'><strong>Felicis</strong></span> <span class='ocrx_word' id='word_1_280' title='bbox 552 4298 611 4353; x_wconf 91' lang='lat' dir='ltr'><strong>in</strong></span> <span class='ocrx_word' id='word_1_281' title='bbox 632 4298 828 4353; x_wconf 89' lang='lat' dir='ltr'><strong>Pincis</strong></span> <span class='ocrx_word' id='word_1_282' title='bbox 859 4299 1038 4369; x_wconf 89' lang='lat' dir='ltr'><strong>dicto,</strong></span> <span class='ocrx_word' id='word_1_283' title='bbox 1068 4298 1384 4368; x_wconf 91' lang='lat' dir='ltr'><strong>plurimum</strong></span> <span class='ocrx_word' id='word_1_284' title='bbox 1405 4306 1677 4355; x_wconf 82' lang='lat' dir='ltr'><strong>exornata</strong></span> <span class='ocrx_word' id='word_1_285' title='bbox 1704 4299 1883 4356; x_wconf 91' lang='lat' dir='ltr'><strong>musi-</strong></span> 
     </span>
    </p>
   </div>
   <div class='ocr_carea' id='block_1_47' title="bbox 207 4386 1882 4457">
    <p class='ocr_par' dir='ltr' id='par_1_47' title="bbox 207 4386 1882 4457">
     <span class='ocr_line' id='line_1_47' title="bbox 207 4386 1882 4457; baseline 0.003 -18"><span class='ocrx_word' id='word_1_286' title='bbox 207 4387 296 4441; x_wconf 86' lang='lat' dir='ltr'><strong>vis</strong></span> <span class='ocrx_word' id='word_1_287' title='bbox 336 4386 618 4456; x_wconf 86' lang='lat' dir='ltr'><strong>operibus</strong></span> <span class='ocrx_word' id='word_1_288' title='bbox 642 4401 709 4443; x_wconf 90' lang='lat' dir='ltr'><strong>ac</strong></span> <span class='ocrx_word' id='word_1_289' title='bbox 732 4386 999 4444; x_wconf 89' lang='lat' dir='ltr'><strong>versibus</strong></span> <span class='ocrx_word' id='word_1_290' title='bbox 1026 4401 1059 4444; x_wconf 91' lang='lat' dir='ltr'><strong>a</strong></span> <span class='ocrx_word' id='word_1_291' title='bbox 1089 4388 1147 4442; x_wconf 91' lang='lat' dir='ltr'><strong>B.</strong></span> <span class='ocrx_word' id='word_1_292' title='bbox 1181 4387 1446 4457; x_wconf 89' lang='lat' dir='ltr'><strong>Paulino,</strong></span> <span class='ocrx_word' id='word_1_293' title='bbox 1479 4388 1668 4444; x_wconf 89' lang='lat' dir='ltr'><strong>adhuc</strong></span> <span class='ocrx_word' id='word_1_294' title='bbox 1702 4402 1882 4457; x_wconf 90' lang='lat' dir='ltr'><strong>supe—</strong></span> 
     </span>
    </p>
   </div>
   <div class='ocr_carea' id='block_1_48' title="bbox 212 4475 1878 4546">
    <p class='ocr_par' dir='ltr' id='par_1_48' title="bbox 212 4475 1878 4546">
     <span class='ocr_line' id='line_1_48' title="bbox 212 4475 1878 4546; baseline 0.001 -17"><span class='ocrx_word' id='word_1_295' title='bbox 212 4488 366 4531; x_wconf 87' lang='lat' dir='ltr'><strong>resse</strong></span> <span class='ocrx_word' id='word_1_296' title='bbox 398 4480 485 4531; x_wconf 91' lang='lat' dir='ltr'><strong>tot</strong></span> <span class='ocrx_word' id='word_1_297' title='bbox 508 4480 767 4531; x_wconf 88' lang='lat' dir='ltr'><strong>vetustas</strong></span> <span class='ocrx_word' id='word_1_298' title='bbox 808 4476 1242 4546; x_wconf 86' lang='lat' dir='ltr'><strong>inscriptiones,</strong></span> <span class='ocrx_word' id='word_1_299' title='bbox 1281 4482 1422 4546; x_wconf 89' lang='lat' dir='ltr'><strong>quot</strong></span> <span class='ocrx_word' id='word_1_300' title='bbox 1448 4476 1662 4532; x_wconf 91' lang='lat' dir='ltr'><strong>ibidem</strong></span> <span class='ocrx_word' id='word_1_301' title='bbox 1682 4475 1878 4545; x_wconf 89' lang='lat' dir='ltr'><strong>retuli,</strong></span> 
     </span>
    </p>
   </div>
   <div class='ocr_carea' id='block_1_49' title="bbox 1968 644 3628 720">
    <p class='ocr_par' dir='ltr' id='par_1_49' title="bbox 1968 644 3628 720">
     <span class='ocr_line' id='line_1_49' title="bbox 1968 644 3628 720; baseline 0.007 -25"><span class='ocrx_word' id='word_1_302' title='bbox 1968 646 2233 698; x_wconf 92' lang='lat' dir='ltr'><strong>tanorum</strong></span> <span class='ocrx_word' id='word_1_303' title='bbox 2266 644 2555 714; x_wconf 82' lang='lat' dir='ltr'><strong>episcopo,</strong></span> <span class='ocrx_word' id='word_1_304' title='bbox 2585 646 2793 702; x_wconf 89' lang='lat' dir='ltr'><strong>seriem</strong></span> <span class='ocrx_word' id='word_1_305' title='bbox 2816 660 3210 703; x_wconf 88' lang='lat' dir='ltr'><strong>successorum</strong></span> <span class='ocrx_word' id='word_1_306' title='bbox 3237 648 3554 720; x_wconf 89' lang='lat' dir='ltr'><strong>ordientes,</strong></span> <span class='ocrx_word' id='word_1_307' title='bbox 3573 654 3628 706; x_wconf 90' lang='lat' dir='ltr'><strong>et</strong></span> 
     </span>
    </p>
   </div>
   <div class='ocr_carea' id='block_1_50' title="bbox 1967 729 3626 807">
    <p class='ocr_par' dir='ltr' id='par_1_50' title="bbox 1967 729 3626 807">
     <span class='ocr_line' id='line_1_50' title="bbox 1967 729 3626 807; baseline 0.005 -23"><span class='ocrx_word' id='word_1_308' title='bbox 1967 729 2336 799; x_wconf 84' lang='lat' dir='ltr'><strong>singulorum</strong></span> <span class='ocrx_word' id='word_1_309' title='bbox 2378 734 2717 790; x_wconf 90' lang='lat' dir='ltr'><strong>nominibus</strong></span> <span class='ocrx_word' id='word_1_310' title='bbox 2746 735 3074 806; x_wconf 66' lang='lat' dir='ltr'><strong>insignita):</strong></span> <span class='ocrx_word' id='word_1_311' title='bbox 3128 751 3253 807; x_wconf 71' lang='lat' dir='ltr'><strong>quae</strong></span> <span class='ocrx_word' id='word_1_312' title='bbox 3299 737 3626 806; x_wconf 68' lang='lat' dir='ltr'><strong>picturzein</strong></span> 
     </span>
    </p>
   </div>
   <div class='ocr_carea' id='block_1_51' title="bbox 1970 819 3629 893">
    <p class='ocr_par' dir='ltr' id='par_1_51' title="bbox 1970 819 3629 893">
     <span class='ocr_line' id='line_1_51' title="bbox 1970 819 3629 893; baseline 0.005 -19"><span class='ocrx_word' id='word_1_313' title='bbox 1970 819 2236 890; x_wconf 88' lang='lat' dir='ltr'><strong>ingressu</strong></span> <span class='ocrx_word' id='word_1_314' title='bbox 2254 823 2567 878; x_wconf 87' lang='lat' dir='ltr'><strong>coemeterii</strong></span> <span class='ocrx_word' id='word_1_315' title='bbox 2589 842 2603 891; x_wconf 90' lang='lat'><strong>;</strong></span> <span class='ocrx_word' id='word_1_316' title='bbox 2636 824 2874 893; x_wconf 90' lang='lat' dir='ltr'><strong>perinde</strong></span> <span class='ocrx_word' id='word_1_317' title='bbox 2889 837 2955 879; x_wconf 93' lang='lat' dir='ltr'><strong>ac</strong></span> <span class='ocrx_word' id='word_1_318' title='bbox 2981 823 3042 879; x_wconf 92' lang='lat' dir='ltr'><strong>in</strong></span> <span class='ocrx_word' id='word_1_319' title='bbox 3064 823 3421 881; x_wconf 88' lang='lat' dir='ltr'><strong>suburbanis</strong></span> <span class='ocrx_word' id='word_1_320' title='bbox 3440 825 3629 882; x_wconf 64' lang='lat' dir='ltr'><strong>Roma:</strong></span> 
     </span>
    </p>
   </div>
   <div class='ocr_carea' id='block_1_52' title="bbox 1966 911 3625 984">
    <p class='ocr_par' dir='ltr' id='par_1_52' title="bbox 1966 911 3625 984">
     <span class='ocr_line' id='line_1_52' title="bbox 1966 911 3625 984; baseline 0.005 -22"><span class='ocrx_word' id='word_1_321' title='bbox 1966 914 2023 963; x_wconf 87' lang='lat' dir='ltr'><strong>et</strong></span> <span class='ocrx_word' id='word_1_322' title='bbox 2051 911 2270 979; x_wconf 85' lang='lat' dir='ltr'><strong>cryptis</strong></span> <span class='ocrx_word' id='word_1_323' title='bbox 2300 916 2472 980; x_wconf 90' lang='lat' dir='ltr'><strong>atque</strong></span> <span class='ocrx_word' id='word_1_324' title='bbox 2498 911 2788 968; x_wconf 90' lang='lat' dir='ltr'><strong>cubiculis</strong></span> <span class='ocrx_word' id='word_1_325' title='bbox 2814 917 3153 983; x_wconf 82' lang='lat' dir='ltr'><strong>martyrum,</strong></span> <span class='ocrx_word' id='word_1_326' title='bbox 3175 914 3316 970; x_wconf 90' lang='lat' dir='ltr'><strong>olim</strong></span> <span class='ocrx_word' id='word_1_327' title='bbox 3339 913 3625 984; x_wconf 61' lang='lat' dir='ltr'><strong>coloratas,</strong></span> 
     </span>
    </p>
   </div>
   <div class='ocr_carea' id='block_1_53' title="bbox 1969 999 3626 1072">
    <p class='ocr_par' dir='ltr' id='par_1_53' title="bbox 1969 999 3626 1072">
     <span class='ocr_line' id='line_1_53' title="bbox 1969 999 3626 1072; baseline 0.005 -21"><span class='ocrx_word' id='word_1_328' title='bbox 1969 999 2385 1072; x_wconf 86' lang='lat' dir='ltr'><strong>superinducto</strong></span> <span class='ocrx_word' id='word_1_329' title='bbox 2410 1010 2536 1068; x_wconf 89' lang='lat' dir='ltr'><strong>post</strong></span> <span class='ocrx_word' id='word_1_330' title='bbox 2565 1001 2791 1071; x_wconf 90' lang='lat' dir='ltr'><strong>aliquot</strong></span> <span class='ocrx_word' id='word_1_331' title='bbox 2812 1002 3022 1058; x_wconf 69' lang='lat' dir='ltr'><strong>szecula</strong></span> <span class='ocrx_word' id='word_1_332' title='bbox 3054 1003 3242 1072; x_wconf 91' lang='lat' dir='ltr'><strong>primo</strong></span> <span class='ocrx_word' id='word_1_333' title='bbox 3267 1016 3334 1058; x_wconf 93' lang='lat' dir='ltr'><strong>ac</strong></span> <span class='ocrx_word' id='word_1_334' title='bbox 3374 1003 3626 1059; x_wconf 91' lang='lat' dir='ltr'><strong>secundo</strong></span> 
     </span>
    </p>
   </div>
   <div class='ocr_carea' id='block_1_54' title="bbox 1967 1086 3631 1163">
    <p class='ocr_par' dir='ltr' id='par_1_54' title="bbox 1967 1086 3631 1163">
     <span class='ocr_line' id='line_1_54' title="bbox 1967 1086 3631 1163; baseline 0.003 -21"><span class='ocrx_word' id='word_1_335' title='bbox 1967 1086 2145 1142; x_wconf 90' lang='lat' dir='ltr'><strong>calcis</strong></span> <span class='ocrx_word' id='word_1_336' title='bbox 2191 1089 2608 1159; x_wconf 82' lang='lat' dir='ltr'><strong>integumento,</strong></span> <span class='ocrx_word' id='word_1_337' title='bbox 2648 1091 2976 1160; x_wconf 76' lang='lat' dir='ltr'><strong>conspicua:</strong></span> <span class='ocrx_word' id='word_1_338' title='bbox 3015 1096 3153 1148; x_wconf 91' lang='lat' dir='ltr'><strong>sunt</strong></span> <span class='ocrx_word' id='word_1_339' title='bbox 3181 1091 3283 1148; x_wconf 90' lang='lat' dir='ltr'><strong>ubi</strong></span> <span class='ocrx_word' id='word_1_340' title='bbox 3312 1091 3631 1163; x_wconf 84' lang='lat' dir='ltr'><strong>fragmenta</strong></span> 
     </span>
    </p>
   </div>
   <div class='ocr_carea' id='block_1_55' title="bbox 1968 1177 3629 1248">
    <p class='ocr_par' dir='ltr' id='par_1_55' title="bbox 1968 1177 3629 1248">
     <span class='ocr_line' id='line_1_55' title="bbox 1968 1177 3629 1248; baseline 0.004 -17"><span class='ocrx_word' id='word_1_341' title='bbox 1968 1177 2309 1245; x_wconf 87' lang='lat' dir='ltr'><strong>posterioris</strong></span> <span class='ocrx_word' id='word_1_342' title='bbox 2352 1178 2735 1248; x_wconf 83' lang='lat' dir='ltr'><strong>integumenti</strong></span> <span class='ocrx_word' id='word_1_343' title='bbox 2776 1180 3138 1236; x_wconf 87' lang='lat' dir='ltr'><strong>exciderunt.</strong></span> <span class='ocrx_word' id='word_1_344' title='bbox 3193 1179 3456 1236; x_wconf 91' lang='lat' dir='ltr'><strong>Orbiculi</strong></span> <span class='ocrx_word' id='word_1_345' title='bbox 3496 1193 3629 1237; x_wconf 88' lang='lat' dir='ltr'><strong>vero</strong></span> 
     </span>
    </p>
   </div>
   <div class='ocr_carea' id='block_1_56' title="bbox 1970 1264 3632 1337">
    <p class='ocr_par' dir='ltr' id='par_1_56' title="bbox 1970 1264 3632 1337">
     <span class='ocr_line' id='line_1_56' title="bbox 1970 1264 3632 1337; baseline 0.002 -17"><span class='ocrx_word' id='word_1_346' title='bbox 1970 1264 2074 1320; x_wconf 88' lang='lat' dir='ltr'><strong>has</strong></span> <span class='ocrx_word' id='word_1_347' title='bbox 2122 1266 2404 1337; x_wconf 80' lang='lat' dir='ltr'><strong>imagines</strong></span> <span class='ocrx_word' id='word_1_348' title='bbox 2457 1268 2860 1337; x_wconf 89' lang='lat' dir='ltr'><strong>episcoporum</strong></span> <span class='ocrx_word' id='word_1_349' title='bbox 2913 1268 3274 1325; x_wconf 91' lang='lat' dir='ltr'><strong>includentes</strong></span> <span class='ocrx_word' id='word_1_350' title='bbox 3323 1269 3632 1324; x_wconf 90' lang='lat' dir='ltr'><strong>imitantur</strong></span> 
     </span>
    </p>
   </div>
   <div class='ocr_carea' id='block_1_57' title="bbox 1970 1354 3631 1427">
    <p class='ocr_par' dir='ltr' id='par_1_57' title="bbox 1970 1354 3631 1427">
     <span class='ocr_line' id='line_1_57' title="bbox 1970 1354 3631 1427; baseline 0.002 -18"><span class='ocrx_word' id='word_1_351' title='bbox 1970 1355 2214 1423; x_wconf 88' lang='lat' dir='ltr'><strong>speciem</strong></span> <span class='ocrx_word' id='word_1_352' title='bbox 2267 1354 2501 1411; x_wconf 86' lang='lat' dir='ltr'><strong>illorum</strong></span> <span class='ocrx_word' id='word_1_353' title='bbox 2541 1356 2643 1427; x_wconf 88' lang='lat' dir='ltr'><strong>qui</strong></span> <span class='ocrx_word' id='word_1_354' title='bbox 2673 1357 2877 1412; x_wconf 89' lang='lat' dir='ltr'><strong>seriem</strong></span> <span class='ocrx_word' id='word_1_355' title='bbox 2914 1355 3251 1426; x_wconf 87' lang='lat' dir='ltr'><strong>pontiﬁcum</strong></span> <span class='ocrx_word' id='word_1_356' title='bbox 3280 1356 3531 1413; x_wconf 89' lang='lat' dir='ltr'><strong>retinent</strong></span> <span class='ocrx_word' id='word_1_357' title='bbox 3569 1356 3631 1412; x_wconf 93' lang='lat' dir='ltr'><strong>in</strong></span> 
     </span>
    </p>
   </div>
   <div class='ocr_carea' id='block_1_58' title="bbox 1970 1442 3633 1516">
    <p class='ocr_par' dir='ltr' id='par_1_58' title="bbox 1970 1442 3633 1516">
     <span class='ocr_line' id='line_1_58' title="bbox 1970 1442 3633 1516; baseline 0.002 -19"><span class='ocrx_word' id='word_1_358' title='bbox 1970 1442 2214 1498; x_wconf 88' lang='lat' dir='ltr'><strong>basilica</strong></span> <span class='ocrx_word' id='word_1_359' title='bbox 2242 1444 2298 1498; x_wconf 92' lang='lat' dir='ltr'><strong>S.</strong></span> <span class='ocrx_word' id='word_1_360' title='bbox 2330 1444 2494 1500; x_wconf 88' lang='lat' dir='ltr'><strong>Pauli</strong></span> <span class='ocrx_word' id='word_1_361' title='bbox 2525 1444 2620 1500; x_wconf 89' lang='lat' dir='ltr'><strong>via</strong></span> <span class='ocrx_word' id='word_1_362' title='bbox 2649 1443 2927 1515; x_wconf 90' lang='lat' dir='ltr'><strong>Ostiensi,</strong></span> <span class='ocrx_word' id='word_1_363' title='bbox 2962 1450 3020 1502; x_wconf 91' lang='lat' dir='ltr'><strong>et</strong></span> <span class='ocrx_word' id='word_1_364' title='bbox 3053 1446 3111 1501; x_wconf 92' lang='lat' dir='ltr'><strong>in</strong></span> <span class='ocrx_word' id='word_1_365' title='bbox 3138 1446 3396 1516; x_wconf 91' lang='lat' dir='ltr'><strong>Zophoro</strong></span> <span class='ocrx_word' id='word_1_366' title='bbox 3419 1446 3633 1502; x_wconf 89' lang='lat' dir='ltr'><strong>veteris</strong></span> 
     </span>
    </p>
   </div>
   <div class='ocr_carea' id='block_1_59' title="bbox 1970 1528 3633 1603">
    <p class='ocr_par' dir='ltr' id='par_1_59' title="bbox 1970 1528 3633 1603">
     <span class='ocr_line' id='line_1_59' title="bbox 1970 1528 3633 1603; baseline 0.004 -21"><span class='ocrx_word' id='word_1_367' title='bbox 1970 1528 2215 1583; x_wconf 86' lang='lat' dir='ltr'><strong>basilica</strong></span> <span class='ocrx_word' id='word_1_368' title='bbox 2284 1530 2568 1585; x_wconf 66' lang='lat' dir='ltr'><strong>Vaticana:</strong></span> <span class='ocrx_word' id='word_1_369' title='bbox 2634 1531 3089 1587; x_wconf 81' lang='lat' dir='ltr'><strong>observabuntur</strong></span> <span class='ocrx_word' id='word_1_370' title='bbox 3143 1538 3451 1603; x_wconf 89' lang='lat' dir='ltr'><strong>antequam</strong></span> <span class='ocrx_word' id='word_1_371' title='bbox 3530 1532 3633 1588; x_wconf 92' lang='lat' dir='ltr'><strong>di—</strong></span> 
     </span>
    </p>
   </div>
   <div class='ocr_carea' id='block_1_60' title="bbox 1972 1617 3630 1692">
    <p class='ocr_par' dir='ltr' id='par_1_60' title="bbox 1972 1617 3630 1692">
     <span class='ocr_line' id='line_1_60' title="bbox 1972 1617 3630 1692; baseline 0.004 -21"><span class='ocrx_word' id='word_1_372' title='bbox 1972 1622 2241 1672; x_wconf 91' lang='lat' dir='ltr'><strong>rueretur</strong></span> <span class='ocrx_word' id='word_1_373' title='bbox 2284 1617 2392 1674; x_wconf 90' lang='lat' dir='ltr'><strong>sub</strong></span> <span class='ocrx_word' id='word_1_374' title='bbox 2432 1620 2609 1675; x_wconf 90' lang='lat' dir='ltr'><strong>Paulo</strong></span> <span class='ocrx_word' id='word_1_375' title='bbox 2642 1622 2707 1690; x_wconf 86' lang='lat' dir='ltr'><strong>V,</strong></span> <span class='ocrx_word' id='word_1_376' title='bbox 2737 1634 2984 1692; x_wconf 88' lang='lat' dir='ltr'><strong>quorum</strong></span> <span class='ocrx_word' id='word_1_377' title='bbox 3038 1621 3090 1675; x_wconf 90' lang='lat' dir='ltr'><strong>si</strong></span> <span class='ocrx_word' id='word_1_378' title='bbox 3121 1620 3380 1690; x_wconf 85' lang='lat' dir='ltr'><strong>exempla</strong></span> <span class='ocrx_word' id='word_1_379' title='bbox 3426 1621 3630 1691; x_wconf 81' lang='lat' dir='ltr'><strong>requi—</strong></span> 
     </span>
    </p>
   </div>
   <div class='ocr_carea' id='block_1_61' title="bbox 1974 1704 3628 1780">
    <p class='ocr_par' dir='ltr' id='par_1_61' title="bbox 1974 1704 3628 1780">
     <span class='ocr_line' id='line_1_61' title="bbox 1974 1704 3628 1780; baseline 0.004 -22"><span class='ocrx_word' id='word_1_380' title='bbox 1974 1718 2067 1759; x_wconf 89' lang='lat' dir='ltr'><strong>ras</strong></span> <span class='ocrx_word' id='word_1_381' title='bbox 2114 1704 2303 1760; x_wconf 66' lang='lat' dir='ltr'><strong>Romae</strong></span> <span class='ocrx_word' id='word_1_382' title='bbox 2349 1706 2423 1761; x_wconf 89' lang='lat' dir='ltr'><strong>ab</strong></span> <span class='ocrx_word' id='word_1_383' title='bbox 2470 1713 2666 1763; x_wconf 89' lang='lat' dir='ltr'><strong>octavo</strong></span> <span class='ocrx_word' id='word_1_384' title='bbox 2722 1712 2778 1763; x_wconf 93' lang='lat' dir='ltr'><strong>et</strong></span> <span class='ocrx_word' id='word_1_385' title='bbox 2839 1721 2991 1764; x_wconf 91' lang='lat' dir='ltr'><strong>nono</strong></span> <span class='ocrx_word' id='word_1_386' title='bbox 3029 1708 3262 1780; x_wconf 83' lang='lat' dir='ltr'><strong>saeculo,</strong></span> <span class='ocrx_word' id='word_1_387' title='bbox 3312 1709 3459 1765; x_wconf 90' lang='lat' dir='ltr'><strong>satis</strong></span> <span class='ocrx_word' id='word_1_388' title='bbox 3513 1709 3628 1765; x_wconf 89' lang='lat' dir='ltr'><strong>erit</strong></span> 
     </span>
    </p>
   </div>
   <div class='ocr_carea' id='block_1_62' title="bbox 1976 1792 3636 1855">
    <p class='ocr_par' dir='ltr' id='par_1_62' title="bbox 1976 1792 3636 1855">
     <span class='ocr_line' id='line_1_62' title="bbox 1976 1792 3636 1855; baseline 0.003 -7"><span class='ocrx_word' id='word_1_389' title='bbox 1976 1793 2038 1849; x_wconf 94' lang='lat' dir='ltr'><strong>in</strong></span> <span class='ocrx_word' id='word_1_390' title='bbox 2092 1792 2268 1850; x_wconf 87' lang='lat' dir='ltr'><strong>titulo</strong></span> <span class='ocrx_word' id='word_1_391' title='bbox 2327 1794 2382 1849; x_wconf 92' lang='lat' dir='ltr'><strong>S.</strong></span> <span class='ocrx_word' id='word_1_392' title='bbox 2457 1795 2732 1850; x_wconf 83' lang='lat' dir='ltr'><strong>Praxedis</strong></span> <span class='ocrx_word' id='word_1_393' title='bbox 2787 1796 3089 1853; x_wconf 88' lang='lat' dir='ltr'><strong>observare</strong></span> <span class='ocrx_word' id='word_1_394' title='bbox 3136 1797 3456 1855; x_wconf 88' lang='lat' dir='ltr'><strong>oratorium</strong></span> <span class='ocrx_word' id='word_1_395' title='bbox 3514 1797 3636 1853; x_wconf 86' lang='lat' dir='ltr'><strong>sive</strong></span> 
     </span>
    </p>
   </div>
   <div class='ocr_carea' id='block_1_63' title="bbox 1889 1872 3633 1951">
    <p class='ocr_par' dir='ltr' id='par_1_63' title="bbox 1889 1872 3633 1951">
     <span class='ocr_line' id='line_1_63' title="bbox 1889 1872 3633 1951; baseline 0.005 -20"><span class='ocrx_word' id='word_1_396' title='bbox 1889 1872 1943 1931; x_wconf 91' lang='lat' dir='ltr'>B</span> <span class='ocrx_word' id='word_1_397' title='bbox 1973 1882 2252 1951; x_wconf 90' lang='lat' dir='ltr'><strong>capellam</strong></span> <span class='ocrx_word' id='word_1_398' title='bbox 2306 1882 2359 1936; x_wconf 90' lang='lat' dir='ltr'><strong>S.</strong></span> <span class='ocrx_word' id='word_1_399' title='bbox 2412 1883 2673 1945; x_wconf 88' lang='lat' dir='ltr'><strong>Zenonis,</strong></span> <span class='ocrx_word' id='word_1_400' title='bbox 2708 1896 2740 1937; x_wconf 87' lang='lat' dir='ltr'><strong>a</strong></span> <span class='ocrx_word' id='word_1_401' title='bbox 2786 1884 2847 1938; x_wconf 91' lang='lat' dir='ltr'><strong>S.</strong></span> <span class='ocrx_word' id='word_1_402' title='bbox 2887 1884 3203 1940; x_wconf 90' lang='lat' dir='ltr'><strong>Paschalil</strong></span> <span class='ocrx_word' id='word_1_403' title='bbox 3253 1885 3531 1940; x_wconf 90' lang='lat' dir='ltr'><strong>similiter</strong></span> <span class='ocrx_word' id='word_1_404' title='bbox 3572 1886 3633 1941; x_wconf 93' lang='lat' dir='ltr'><strong>in</strong></span> 
     </span>
    </p>
   </div>
   <div class='ocr_carea' id='block_1_64' title="bbox 1975 1969 3632 2042">
    <p class='ocr_par' dir='ltr' id='par_1_64' title="bbox 1975 1969 3632 2042">
     <span class='ocr_line' id='line_1_64' title="bbox 1975 1969 3632 2042; baseline 0.002 -18"><span class='ocrx_word' id='word_1_405' title='bbox 1975 1969 2165 2026; x_wconf 87' lang='lat' dir='ltr'><strong>fronte</strong></span> <span class='ocrx_word' id='word_1_406' title='bbox 2187 1974 2539 2032; x_wconf 84' lang='lat' dir='ltr'><strong>exornatam,</strong></span> <span class='ocrx_word' id='word_1_407' title='bbox 2558 1975 2615 2024; x_wconf 92' lang='lat' dir='ltr'><strong>et</strong></span> <span class='ocrx_word' id='word_1_408' title='bbox 2640 1970 2700 2024; x_wconf 93' lang='lat' dir='ltr'><strong>in</strong></span> <span class='ocrx_word' id='word_1_409' title='bbox 2720 1970 2993 2041; x_wconf 65' lang='lat' dir='ltr'><strong>hypogaeo</strong></span> <span class='ocrx_word' id='word_1_410' title='bbox 3016 1972 3324 2042; x_wconf 89' lang='lat' dir='ltr'><strong>utriusque</strong></span> <span class='ocrx_word' id='word_1_411' title='bbox 3348 1972 3632 2028; x_wconf 70' lang='lat' dir='ltr'><strong>diaconize</strong></span> 
     </span>
    </p>
   </div>
   <div class='ocr_carea' id='block_1_65' title="bbox 1973 2057 3640 2119">
    <p class='ocr_par' dir='ltr' id='par_1_65' title="bbox 1973 2057 3640 2119">
     <span class='ocr_line' id='line_1_65' title="bbox 1973 2057 3640 2119; baseline 0.001 -7"><span class='ocrx_word' id='word_1_412' title='bbox 1973 2057 2029 2112; x_wconf 90' lang='lat' dir='ltr'><strong>S.</strong></span> <span class='ocrx_word' id='word_1_413' title='bbox 2060 2057 2253 2112; x_wconf 61' lang='lat' dir='ltr'><strong>Mariae</strong></span> <span class='ocrx_word' id='word_1_414' title='bbox 2297 2057 2357 2111; x_wconf 92' lang='lat' dir='ltr'><strong>in</strong></span> <span class='ocrx_word' id='word_1_415' title='bbox 2390 2057 2483 2112; x_wconf 92' lang='lat' dir='ltr'><strong>via</strong></span> <span class='ocrx_word' id='word_1_416' title='bbox 2514 2058 2667 2119; x_wconf 89' lang='lat' dir='ltr'><strong>Lata,</strong></span> <span class='ocrx_word' id='word_1_417' title='bbox 2710 2062 2766 2112; x_wconf 91' lang='lat' dir='ltr'><strong>et</strong></span> <span class='ocrx_word' id='word_1_418' title='bbox 2791 2057 2847 2112; x_wconf 91' lang='lat' dir='ltr'><strong>S.</strong></span> <span class='ocrx_word' id='word_1_419' title='bbox 2879 2057 3103 2113; x_wconf 92' lang='lat' dir='ltr'><strong>Nicolai</strong></span> <span class='ocrx_word' id='word_1_420' title='bbox 3134 2058 3197 2112; x_wconf 90' lang='lat' dir='ltr'><strong>in</strong></span> <span class='ocrx_word' id='word_1_421' title='bbox 3226 2071 3455 2113; x_wconf 89' lang='lat' dir='ltr'><strong>carcere</strong></span> <span class='ocrx_word' id='word_1_422' title='bbox 3492 2058 3640 2114; x_wconf 92' lang='lat' dir='ltr'><strong>Tul-</strong></span> 
     </span>
    </p>
   </div>
   <div class='ocr_carea' id='block_1_66' title="bbox 1978 2143 3639 2215">
    <p class='ocr_par' dir='ltr' id='par_1_66' title="bbox 1978 2143 3639 2215">
     <span class='ocr_line' id='line_1_66' title="bbox 1978 2143 3639 2215; baseline 0.001 -16"><span class='ocrx_word' id='word_1_423' title='bbox 1978 2145 2135 2201; x_wconf 91' lang='lat' dir='ltr'><strong>liano</strong></span> <span class='ocrx_word' id='word_1_424' title='bbox 2163 2145 2569 2214; x_wconf 91' lang='lat' dir='ltr'><strong>prophetarum</strong></span> <span class='ocrx_word' id='word_1_425' title='bbox 2605 2144 2889 2215; x_wconf 83' lang='lat' dir='ltr'><strong>imagines</strong></span> <span class='ocrx_word' id='word_1_426' title='bbox 2912 2143 3502 2214; x_wconf 77' lang='lat' dir='ltr'><strong>orbiculis’ejusmodi</strong></span> <span class='ocrx_word' id='word_1_427' title='bbox 3534 2146 3639 2200; x_wconf 88' lang='lat' dir='ltr'><strong>in-</strong></span> 
     </span>
    </p>
   </div>
   <div class='ocr_carea' id='block_1_67' title="bbox 1977 2232 3641 2303">
    <p class='ocr_par' dir='ltr' id='par_1_67' title="bbox 1977 2232 3641 2303">
     <span class='ocr_line' id='line_1_67' title="bbox 1977 2232 3641 2303; baseline -0.001 -15"><span class='ocrx_word' id='word_1_428' title='bbox 1977 2233 2172 2289; x_wconf 91' lang='lat' dir='ltr'><strong>clusas</strong></span> <span class='ocrx_word' id='word_1_429' title='bbox 2214 2239 2271 2288; x_wconf 91' lang='lat' dir='ltr'><strong>et</strong></span> <span class='ocrx_word' id='word_1_430' title='bbox 2310 2232 2607 2289; x_wconf 89' lang='lat' dir='ltr'><strong>coloribus</strong></span> <span class='ocrx_word' id='word_1_431' title='bbox 2641 2232 2987 2303; x_wconf 75' lang='lat' dir='ltr'><strong>eﬁ‘ormatas,</strong></span> <span class='ocrx_word' id='word_1_432' title='bbox 3034 2233 3256 2288; x_wconf 90' lang='lat' dir='ltr'><strong>additis</strong></span> <span class='ocrx_word' id='word_1_433' title='bbox 3302 2232 3641 2289; x_wconf 90' lang='lat' dir='ltr'><strong>nominibus</strong></span> 
     </span>
    </p>
   </div>
   <div class='ocr_carea' id='block_1_68' title="bbox 1978 2318 3639 2395">
    <p class='ocr_par' dir='ltr' id='par_1_68' title="bbox 1978 2318 3639 2395">
     <span class='ocr_line' id='line_1_68' title="bbox 1978 2318 3639 2395; baseline -0.001 -17"><span class='ocrx_word' id='word_1_434' title='bbox 1978 2323 2365 2395; x_wconf 87' lang='lat' dir='ltr'><strong>singulorum.</strong></span> <span class='ocrx_word' id='word_1_435' title='bbox 2418 2322 2690 2391; x_wconf 84' lang='lat' dir='ltr'><strong>Reperies</strong></span> <span class='ocrx_word' id='word_1_436' title='bbox 2736 2322 2888 2391; x_wconf 92' lang='lat' dir='ltr'><strong>apud</strong></span> <span class='ocrx_word' id='word_1_437' title='bbox 2923 2321 3225 2391; x_wconf 64' lang='lat' dir='ltr'><strong>praesulem</strong></span> <span class='ocrx_word' id='word_1_438' title='bbox 3273 2318 3639 2391; x_wconf 87' lang='lat' dir='ltr'><strong>Ciampinum</strong></span> 
     </span>
    </p>
   </div>
   <div class='ocr_carea' id='block_1_69' title="bbox 1979 2408 3640 2481">
    <p class='ocr_par' dir='ltr' id='par_1_69' title="bbox 1979 2408 3640 2481">
     <span class='ocr_line' id='line_1_69' title="bbox 1979 2408 3640 2481; baseline -0.002 -14"><span class='ocrx_word' id='word_1_439' title='bbox 1979 2418 2133 2468; x_wconf 90' lang='lat' dir='ltr'><strong>tomo</strong></span> <span class='ocrx_word' id='word_1_440' title='bbox 2180 2412 2227 2466; x_wconf 94' lang='lat' dir='ltr'><strong>II</strong></span> <span class='ocrx_word' id='word_1_441' title='bbox 2272 2413 2536 2466; x_wconf 73' lang='lat' dir='ltr'><strong>Veterum</strong></span> <span class='ocrx_word' id='word_1_442' title='bbox 2566 2411 3073 2479; x_wconf 87' lang='lat' dir='ltr'><strong>Monimentorum,</strong></span> <span class='ocrx_word' id='word_1_443' title='bbox 3108 2409 3410 2481; x_wconf 89' lang='lat' dir='ltr'><strong>plerasque</strong></span> <span class='ocrx_word' id='word_1_444' title='bbox 3446 2423 3517 2465; x_wconf 89' lang='lat' dir='ltr'><strong>ex</strong></span> <span class='ocrx_word' id='word_1_445' title='bbox 3547 2408 3640 2465; x_wconf 91' lang='lat' dir='ltr'><strong>his</strong></span> 
     </span>
    </p>
   </div>
   <div class='ocr_carea' id='block_1_70' title="bbox 1979 2498 3636 2567">
    <p class='ocr_par' dir='ltr' id='par_1_70' title="bbox 1979 2498 3636 2567">
     <span class='ocr_line' id='line_1_70' title="bbox 1979 2498 3636 2567; baseline -0.002 -13"><span class='ocrx_word' id='word_1_446' title='bbox 1979 2500 2154 2555; x_wconf 67' lang='lat' dir='ltr'><strong>mneis</strong></span> <span class='ocrx_word' id='word_1_447' title='bbox 2176 2499 2394 2555; x_wconf 87' lang='lat' dir='ltr'><strong>tabulis</strong></span> <span class='ocrx_word' id='word_1_448' title='bbox 2415 2499 2667 2567; x_wconf 90' lang='lat' dir='ltr'><strong>incisas;</strong></span> <span class='ocrx_word' id='word_1_449' title='bbox 2690 2503 2750 2553; x_wconf 88' lang='lat' dir='ltr'><strong>et</strong></span> <span class='ocrx_word' id='word_1_450' title='bbox 2774 2498 2926 2567; x_wconf 90' lang='lat' dir='ltr'><strong>apud</strong></span> <span class='ocrx_word' id='word_1_451' title='bbox 2952 2499 3234 2566; x_wconf 91' lang='lat' dir='ltr'><strong>eumdem,</strong></span> <span class='ocrx_word' id='word_1_452' title='bbox 3255 2504 3411 2554; x_wconf 91' lang='lat' dir='ltr'><strong>tomo</strong></span> <span class='ocrx_word' id='word_1_453' title='bbox 3434 2500 3478 2554; x_wconf 91' lang='grc' dir='ltr'><strong>Ι.</strong></span> <span class='ocrx_word' id='word_1_454' title='bbox 3513 2512 3636 2567; x_wconf 91' lang='lat' dir='ltr'><strong>cap.</strong></span> 
     </span>
    </p>
   </div>
   <div class='ocr_carea' id='block_1_71' title="bbox 1978 2586 3643 2658">
    <p class='ocr_par' dir='ltr' id='par_1_71' title="bbox 1978 2586 3643 2658">
     <span class='ocr_line' id='line_1_71' title="bbox 1978 2586 3643 2658; baseline -0.001 -14"><span class='ocrx_word' id='word_1_455' title='bbox 1978 2586 2068 2658; x_wconf 74' lang='lat'><strong>21,</strong></span> <span class='ocrx_word' id='word_1_456' title='bbox 2118 2589 2177 2643; x_wconf 90' lang='lat' dir='ltr'><strong>in</strong></span> <span class='ocrx_word' id='word_1_457' title='bbox 2210 2588 2436 2643; x_wconf 86' lang='lat' dir='ltr'><strong>musivo</strong></span> <span class='ocrx_word' id='word_1_458' title='bbox 2470 2587 2632 2643; x_wconf 91' lang='lat' dir='ltr'><strong>tituli</strong></span> <span class='ocrx_word' id='word_1_459' title='bbox 2662 2587 2716 2643; x_wconf 90' lang='lat' dir='ltr'><strong>S.</strong></span> <span class='ocrx_word' id='word_1_460' title='bbox 2766 2587 2992 2642; x_wconf 77' lang='lat' dir='ltr'><strong>Sabinae</strong></span> <span class='ocrx_word' id='word_1_461' title='bbox 3019 2586 3126 2643; x_wconf 89' lang='lat' dir='ltr'><strong>sub</strong></span> <span class='ocrx_word' id='word_1_462' title='bbox 3170 2587 3481 2643; x_wconf 59' lang='lat' dir='ltr'><strong>Calestino</strong></span> <span class='ocrx_word' id='word_1_463' title='bbox 3510 2588 3553 2649; x_wconf 89' lang='lat' dir='ltr'><strong>I,</strong></span> <span class='ocrx_word' id='word_1_464' title='bbox 3585 2593 3643 2642; x_wconf 90' lang='lat' dir='ltr'><strong>et</strong></span> 
     </span>
    </p>
   </div>
   <div class='ocr_carea' id='block_1_72' title="bbox 1981 2673 3641 2744">
    <p class='ocr_par' dir='ltr' id='par_1_72' title="bbox 1981 2673 3641 2744">
     <span class='ocr_line' id='line_1_72' title="bbox 1981 2673 3641 2744; baseline -0.002 -12"><span class='ocrx_word' id='word_1_465' title='bbox 1981 2678 2039 2733; x_wconf 92' lang='lat' dir='ltr'><strong>in</strong></span> <span class='ocrx_word' id='word_1_466' title='bbox 2059 2676 2315 2732; x_wconf 63' lang='lat' dir='ltr'><strong>basilicae</strong></span> <span class='ocrx_word' id='word_1_467' title='bbox 2330 2676 2647 2731; x_wconf 65' lang='lat' dir='ltr'><strong>Liberiana:</strong></span> <span class='ocrx_word' id='word_1_468' title='bbox 2674 2688 2814 2731; x_wconf 91' lang='lat' dir='ltr'><strong>arcu</strong></span> <span class='ocrx_word' id='word_1_469' title='bbox 2850 2673 3191 2744; x_wconf 88' lang='lat' dir='ltr'><strong>triumphali</strong></span> <span class='ocrx_word' id='word_1_470' title='bbox 3213 2684 3269 2730; x_wconf 87' lang='lat' dir='ltr'><strong>et</strong></span> <span class='ocrx_word' id='word_1_471' title='bbox 3286 2675 3511 2731; x_wconf 92' lang='lat' dir='ltr'><strong>musivo</strong></span> <span class='ocrx_word' id='word_1_472' title='bbox 3533 2674 3641 2731; x_wconf 91' lang='lat' dir='ltr'><strong>sub</strong></span> 
     </span>
    </p>
   </div>
   <div class='ocr_carea' id='block_1_73' title="bbox 1977 2764 3644 2836">
    <p class='ocr_par' dir='ltr' id='par_1_73' title="bbox 1977 2764 3644 2836">
     <span class='ocr_line' id='line_1_73' title="bbox 1977 2764 3644 2836; baseline -0.002 -13"><span class='ocrx_word' id='word_1_473' title='bbox 1977 2767 2152 2823; x_wconf 84' lang='lat' dir='ltr'><strong>Xisto</strong></span> <span class='ocrx_word' id='word_1_474' title='bbox 2200 2768 2291 2836; x_wconf 84' lang='lat' dir='ltr'><strong>III,</strong></span> <span class='ocrx_word' id='word_1_475' title='bbox 2344 2765 2567 2820; x_wconf 87' lang='lat' dir='ltr'><strong>videbis</strong></span> <span class='ocrx_word' id='word_1_476' title='bbox 2618 2778 2832 2821; x_wconf 92' lang='lat' dir='ltr'><strong>morem</strong></span> <span class='ocrx_word' id='word_1_477' title='bbox 2874 2764 2956 2820; x_wconf 89' lang='lat' dir='ltr'><strong>ita</strong></span> <span class='ocrx_word' id='word_1_478' title='bbox 3000 2768 3287 2820; x_wconf 88' lang='lat' dir='ltr'><strong>servatum</strong></span> <span class='ocrx_word' id='word_1_479' title='bbox 3339 2768 3546 2835; x_wconf 89' lang='lat' dir='ltr'><strong>quarto</strong></span> <span class='ocrx_word' id='word_1_480' title='bbox 3586 2771 3644 2820; x_wconf 90' lang='lat' dir='ltr'><strong>et</strong></span> 
     </span>
    </p>
   </div>
   <div class='ocr_carea' id='block_1_74' title="bbox 1979 2853 3638 2927">
    <p class='ocr_par' dir='ltr' id='par_1_74' title="bbox 1979 2853 3638 2927">
     <span class='ocr_line' id='line_1_74' title="bbox 1979 2853 3638 2927; baseline -0.004 -15"><span class='ocrx_word' id='word_1_481' title='bbox 1979 2856 2186 2927; x_wconf 91' lang='lat' dir='ltr'><strong>quinto</strong></span> <span class='ocrx_word' id='word_1_482' title='bbox 2234 2855 2445 2911; x_wconf 60' lang='lat' dir='ltr'><strong>saeculo</strong></span> <span class='ocrx_word' id='word_1_483' title='bbox 2473 2869 2602 2915; x_wconf 60' lang='lat' dir='ltr'><strong>terte</strong></span> <span class='ocrx_word' id='word_1_484' title='bbox 2639 2853 3006 2910; x_wconf 66' lang='lat' dir='ltr'><strong>Christianae.</strong></span> <span class='ocrx_word' id='word_1_485' title='bbox 3051 2855 3192 2909; x_wconf 91' lang='lat' dir='ltr'><strong>Nam</strong></span> <span class='ocrx_word' id='word_1_486' title='bbox 3233 2854 3516 2925; x_wconf 85' lang='lat' dir='ltr'><strong>imagines</strong></span> <span class='ocrx_word' id='word_1_487' title='bbox 3545 2854 3638 2909; x_wconf 91' lang='lat' dir='ltr'><strong>SS.</strong></span> 
     </span>
    </p>
   </div>
   <div class='ocr_carea' id='block_1_75' title="bbox 1980 2939 3644 3011">
    <p class='ocr_par' dir='ltr' id='par_1_75' title="bbox 1980 2939 3644 3011">
     <span class='ocr_line' id='line_1_75' title="bbox 1980 2939 3644 3011; baseline -0.002 -14"><span class='ocrx_word' id='word_1_488' title='bbox 1980 2943 2371 3011; x_wconf 90' lang='lat' dir='ltr'><strong>apostolorum</strong></span> <span class='ocrx_word' id='word_1_489' title='bbox 2402 2942 2554 2997; x_wconf 90' lang='lat' dir='ltr'><strong>Petri</strong></span> <span class='ocrx_word' id='word_1_490' title='bbox 2585 2946 2642 2997; x_wconf 90' lang='lat' dir='ltr'><strong>et</strong></span> <span class='ocrx_word' id='word_1_491' title='bbox 2669 2939 2834 2996; x_wconf 89' lang='lat' dir='ltr'><strong>Pauli</strong></span> <span class='ocrx_word' id='word_1_492' title='bbox 2867 2941 2925 2995; x_wconf 92' lang='lat' dir='ltr'><strong>in</strong></span> <span class='ocrx_word' id='word_1_493' title='bbox 2960 2939 3246 2996; x_wconf 91' lang='lat' dir='ltr'><strong>orbiculis</strong></span> <span class='ocrx_word' id='word_1_494' title='bbox 3277 2939 3563 2996; x_wconf 90' lang='lat' dir='ltr'><strong>coloratas</strong></span> <span class='ocrx_word' id='word_1_495' title='bbox 3587 2945 3644 2996; x_wconf 91' lang='lat' dir='ltr'><strong>et</strong></span> 
     </span>
    </p>
   </div>
   <div class='ocr_carea' id='block_1_76' title="bbox 1982 3027 3645 3101">
    <p class='ocr_par' dir='ltr' id='par_1_76' title="bbox 1982 3027 3645 3101">
     <span class='ocr_line' id='line_1_76' title="bbox 1982 3027 3645 3101; baseline -0.001 -16"><span class='ocrx_word' id='word_1_496' title='bbox 1982 3031 2151 3087; x_wconf 91' lang='lat' dir='ltr'><strong>altari</strong></span> <span class='ocrx_word' id='word_1_497' title='bbox 2184 3031 2488 3101; x_wconf 88' lang='lat' dir='ltr'><strong>impositas</strong></span> <span class='ocrx_word' id='word_1_498' title='bbox 2513 3043 2616 3100; x_wconf 92' lang='lat' dir='ltr'><strong>pro</strong></span> <span class='ocrx_word' id='word_1_499' title='bbox 2646 3029 2823 3085; x_wconf 88' lang='lat' dir='ltr'><strong>veteri</strong></span> <span class='ocrx_word' id='word_1_500' title='bbox 2850 3028 3270 3085; x_wconf 92' lang='lat' dir='ltr'><strong>consuetudine</strong></span> <span class='ocrx_word' id='word_1_501' title='bbox 3289 3027 3528 3084; x_wconf 80' lang='lat' dir='ltr'><strong>exhibet</strong></span> <span class='ocrx_word' id='word_1_502' title='bbox 3548 3042 3645 3084; x_wconf 89' lang='lat' dir='ltr'><strong>no-</strong></span> 
     </span>
    </p>
   </div>
   <div class='ocr_carea' id='block_1_77' title="bbox 1982 3116 3644 3189">
    <p class='ocr_par' dir='ltr' id='par_1_77' title="bbox 1982 3116 3644 3189">
     <span class='ocr_line' id='line_1_77' title="bbox 1982 3116 3644 3189; baseline -0.002 -13"><span class='ocrx_word' id='word_1_503' title='bbox 1982 3124 2165 3176; x_wconf 91' lang='lat' dir='ltr'><strong>strum</strong></span> <span class='ocrx_word' id='word_1_504' title='bbox 2194 3121 2480 3176; x_wconf 91' lang='lat' dir='ltr'><strong>musivum</strong></span> <span class='ocrx_word' id='word_1_505' title='bbox 2512 3118 2705 3189; x_wconf 91' lang='lat' dir='ltr'><strong>quinti</strong></span> <span class='ocrx_word' id='word_1_506' title='bbox 2733 3117 2955 3189; x_wconf 74' lang='lat' dir='ltr'><strong>saeculi,</strong></span> <span class='ocrx_word' id='word_1_507' title='bbox 2986 3118 3046 3173; x_wconf 91' lang='lat' dir='ltr'><strong>in</strong></span> <span class='ocrx_word' id='word_1_508' title='bbox 3065 3116 3311 3174; x_wconf 89' lang='lat' dir='ltr'><strong>basilica</strong></span> <span class='ocrx_word' id='word_1_509' title='bbox 3339 3117 3644 3174; x_wconf 90' lang='lat' dir='ltr'><strong>Liberiana</strong></span> 
     </span>
    </p>
   </div>
   <div class='ocr_carea' id='block_1_78' title="bbox 1900 3192 3644 3275">
    <p class='ocr_par' dir='ltr' id='par_1_78' title="bbox 1900 3192 3644 3275">
     <span class='ocr_line' id='line_1_78' title="bbox 1900 3192 3644 3275; baseline -0.001 -10"><span class='ocrx_word' id='word_1_510' title='bbox 1900 3192 1950 3256; x_wconf 88' lang='lat' dir='ltr'>C</span> <span class='ocrx_word' id='word_1_511' title='bbox 1980 3222 2015 3265; x_wconf 92' lang='lat' dir='ltr'><strong>a</strong></span> <span class='ocrx_word' id='word_1_512' title='bbox 2042 3210 2213 3265; x_wconf 88' lang='lat' dir='ltr'><strong>Xisto</strong></span> <span class='ocrx_word' id='word_1_513' title='bbox 2240 3211 2313 3265; x_wconf 94' lang='lat' dir='ltr'><strong>III</strong></span> <span class='ocrx_word' id='word_1_514' title='bbox 2340 3214 2761 3265; x_wconf 89' lang='lat' dir='ltr'><strong>constructum.</strong></span> <span class='ocrx_word' id='word_1_515' title='bbox 2788 3206 2972 3275; x_wconf 89' lang='lat' dir='ltr'><strong>Quam</strong></span> <span class='ocrx_word' id='word_1_516' title='bbox 3001 3207 3482 3264; x_wconf 89' lang='lat' dir='ltr'><strong>consuetudinem</strong></span> <span class='ocrx_word' id='word_1_517' title='bbox 3522 3207 3644 3263; x_wconf 84' lang='lat' dir='ltr'><strong>Ro-</strong></span> 
     </span>
    </p>
   </div>
   <div class='ocr_carea' id='block_1_79' title="bbox 1982 3295 3647 3368">
    <p class='ocr_par' dir='ltr' id='par_1_79' title="bbox 1982 3295 3647 3368">
     <span class='ocr_line' id='line_1_79' title="bbox 1982 3295 3647 3368; baseline -0.003 -14"><span class='ocrx_word' id='word_1_518' title='bbox 1982 3312 2086 3354; x_wconf 57' lang='lat' dir='ltr'><strong>mae</strong></span> <span class='ocrx_word' id='word_1_519' title='bbox 2116 3300 2323 3355; x_wconf 91' lang='lat' dir='ltr'><strong>docent</strong></span> <span class='ocrx_word' id='word_1_520' title='bbox 2352 3299 2527 3355; x_wconf 88' lang='lat' dir='ltr'><strong>etiam</strong></span> <span class='ocrx_word' id='word_1_521' title='bbox 2555 3298 2767 3354; x_wconf 78' lang='lat' dir='ltr'><strong>saecula</strong></span> <span class='ocrx_word' id='word_1_522' title='bbox 2797 3298 3135 3368; x_wconf 84' lang='lat' dir='ltr'><strong>superiora;</strong></span> <span class='ocrx_word' id='word_1_523' title='bbox 3169 3308 3299 3351; x_wconf 89' lang='lat' dir='ltr'><strong>nam</strong></span> <span class='ocrx_word' id='word_1_524' title='bbox 3333 3295 3393 3351; x_wconf 91' lang='lat' dir='ltr'><strong>in</strong></span> <span class='ocrx_word' id='word_1_525' title='bbox 3438 3295 3647 3351; x_wconf 88' lang='lat' dir='ltr'><strong>vitreis</strong></span> 
     </span>
    </p>
   </div>
   <div class='ocr_carea' id='block_1_80' title="bbox 1982 3383 3647 3458">
    <p class='ocr_par' dir='ltr' id='par_1_80' title="bbox 1982 3383 3647 3458">
     <span class='ocr_line' id='line_1_80' title="bbox 1982 3383 3647 3458; baseline -0.002 -15"><span class='ocrx_word' id='word_1_526' title='bbox 1982 3387 2267 3444; x_wconf 89' lang='lat' dir='ltr'><strong>orbiculis</strong></span> <span class='ocrx_word' id='word_1_527' title='bbox 2295 3393 2460 3443; x_wconf 69' lang='lat' dir='ltr'><strong>aztate</strong></span> <span class='ocrx_word' id='word_1_528' title='bbox 2486 3392 2802 3458; x_wconf 81' lang='lat' dir='ltr'><strong>martyrum</strong></span> <span class='ocrx_word' id='word_1_529' title='bbox 2822 3399 2966 3443; x_wconf 90' lang='lat' dir='ltr'><strong>auro</strong></span> <span class='ocrx_word' id='word_1_530' title='bbox 2984 3385 3305 3443; x_wconf 86' lang='lat' dir='ltr'><strong>interrasili</strong></span> <span class='ocrx_word' id='word_1_531' title='bbox 3329 3383 3647 3440; x_wconf 89' lang='lat' dir='ltr'><strong>delineatas</strong></span> 
     </span>
    </p>
   </div>
   <div class='ocr_carea' id='block_1_81' title="bbox 1985 3473 3725 3545">
    <p class='ocr_par' dir='ltr' id='par_1_81' title="bbox 1985 3473 3725 3545">
     <span class='ocr_line' id='line_1_81' title="bbox 1985 3473 3725 3545; baseline -0.004 -12"><span class='ocrx_word' id='word_1_532' title='bbox 1985 3483 2182 3533; x_wconf 88' lang='lat' dir='ltr'><strong>nostra</strong></span> <span class='ocrx_word' id='word_1_533' title='bbox 2210 3477 2538 3532; x_wconf 66' lang='lat' dir='ltr'><strong>caemeteria</strong></span> <span class='ocrx_word' id='word_1_534' title='bbox 2567 3475 2903 3532; x_wconf 86' lang='lat' dir='ltr'><strong>suburbana</strong></span> <span class='ocrx_word' id='word_1_535' title='bbox 2924 3489 3173 3545; x_wconf 70' lang='lat' dir='ltr'><strong>persaape</strong></span> <span class='ocrx_word' id='word_1_536' title='bbox 3190 3474 3440 3532; x_wconf 74' lang='lat' dir='ltr'><strong>offerunt</strong></span> <span class='ocrx_word' id='word_1_537' title='bbox 3456 3486 3649 3530; x_wconf 89' lang='lat' dir='ltr'><strong>sacras</strong></span> <span class='ocrx_word' id='word_1_538' title='bbox 3716 3473 3725 3481; x_wconf 91' lang='lat'>‘</span> 
     </span>
    </p>
   </div>
   <div class='ocr_carea' id='block_1_82' title="bbox 1988 3560 3653 3637">
    <p class='ocr_par' dir='ltr' id='par_1_82' title="bbox 1988 3560 3653 3637">
     <span class='ocr_line' id='line_1_82' title="bbox 1988 3560 3653 3637; baseline -0.004 -17"><span class='ocrx_word' id='word_1_539' title='bbox 1988 3566 2270 3637; x_wconf 86' lang='lat' dir='ltr'><strong>imagines</strong></span> <span class='ocrx_word' id='word_1_540' title='bbox 2286 3579 2417 3620; x_wconf 90' lang='lat' dir='ltr'><strong>cum</strong></span> <span class='ocrx_word' id='word_1_541' title='bbox 2437 3564 2778 3621; x_wconf 89' lang='lat' dir='ltr'><strong>nominibus</strong></span> <span class='ocrx_word' id='word_1_542' title='bbox 2791 3564 3011 3619; x_wconf 89' lang='lat' dir='ltr'><strong>Christi</strong></span> <span class='ocrx_word' id='word_1_543' title='bbox 3027 3562 3259 3619; x_wconf 91' lang='lat' dir='ltr'><strong>Domini</strong></span> <span class='ocrx_word' id='word_1_544' title='bbox 3278 3563 3327 3631; x_wconf 91' lang='lat' dir='ltr'><strong>ej</strong></span> <span class='ocrx_word' id='word_1_545' title='bbox 3337 3574 3521 3631; x_wconf 90' lang='lat' dir='ltr'><strong>usque</strong></span> <span class='ocrx_word' id='word_1_546' title='bbox 3539 3560 3653 3615; x_wconf 85' lang='lat' dir='ltr'><strong>vir-</strong></span> 
     </span>
    </p>
   </div>
   <div class='ocr_carea' id='block_1_83' title="bbox 1988 3649 3651 3726">
    <p class='ocr_par' dir='ltr' id='par_1_83' title="bbox 1988 3649 3651 3726">
     <span class='ocr_line' id='line_1_83' title="bbox 1988 3649 3651 3726; baseline -0.004 -18"><span class='ocrx_word' id='word_1_547' title='bbox 1988 3654 2146 3726; x_wconf 82' lang='lat' dir='ltr'><strong>ginis</strong></span> <span class='ocrx_word' id='word_1_548' title='bbox 2200 3653 2425 3718; x_wconf 88' lang='lat' dir='ltr'><strong>matris,</strong></span> <span class='ocrx_word' id='word_1_549' title='bbox 2459 3652 2877 3722; x_wconf 89' lang='lat' dir='ltr'><strong>apostolorum,</strong></span> <span class='ocrx_word' id='word_1_550' title='bbox 2929 3657 3245 3720; x_wconf 85' lang='lat' dir='ltr'><strong>martyrum</strong></span> <span class='ocrx_word' id='word_1_551' title='bbox 3278 3649 3651 3716; x_wconf 89' lang='lat' dir='ltr'><strong>aliorumque</strong></span> 
     </span>
    </p>
   </div>
   <div class='ocr_carea' id='block_1_84' title="bbox 1989 3735 3649 3811">
    <p class='ocr_par' dir='ltr' id='par_1_84' title="bbox 1989 3735 3649 3811">
     <span class='ocr_line' id='line_1_84' title="bbox 1989 3735 3649 3811; baseline -0.005 -13"><span class='ocrx_word' id='word_1_552' title='bbox 1989 3746 2342 3811; x_wconf 89' lang='lat' dir='ltr'><strong>sanctorum,</strong></span> <span class='ocrx_word' id='word_1_553' title='bbox 2387 3751 2532 3810; x_wconf 89' lang='lat' dir='ltr'><strong>quas</strong></span> <span class='ocrx_word' id='word_1_554' title='bbox 2570 3738 2895 3809; x_wconf 86' lang='lat' dir='ltr'><strong>Aringhius</strong></span> <span class='ocrx_word' id='word_1_555' title='bbox 2929 3739 2989 3793; x_wconf 90' lang='lat' dir='ltr'><strong>in</strong></span> <span class='ocrx_word' id='word_1_556' title='bbox 3032 3739 3209 3793; x_wconf 83' lang='lat' dir='ltr'><strong>Roma</strong></span> <span class='ocrx_word' id='word_1_557' title='bbox 3247 3735 3649 3803; x_wconf 88' lang='lat' dir='ltr'><strong>Subterranea,</strong></span> 
     </span>
    </p>
   </div>
   <div class='ocr_carea' id='block_1_85' title="bbox 1988 3822 3654 3895">
    <p class='ocr_par' dir='ltr' id='par_1_85' title="bbox 1988 3822 3654 3895">
     <span class='ocr_line' id='line_1_85' title="bbox 1988 3822 3654 3895; baseline -0.005 -8"><span class='ocrx_word' id='word_1_558' title='bbox 1988 3831 2289 3887; x_wconf 89' lang='lat' dir='ltr'><strong>Fabrettus</strong></span> <span class='ocrx_word' id='word_1_559' title='bbox 2309 3830 2368 3884; x_wconf 90' lang='lat' dir='ltr'><strong>in</strong></span> <span class='ocrx_word' id='word_1_560' title='bbox 2397 3833 2551 3883; x_wconf 94' lang='lat' dir='ltr'><strong>tomo</strong></span> <span class='ocrx_word' id='word_1_561' title='bbox 2570 3825 3045 3895; x_wconf 88' lang='lat' dir='ltr'><strong>Inscriptionum,</strong></span> <span class='ocrx_word' id='word_1_562' title='bbox 3069 3829 3127 3881; x_wconf 93' lang='lat' dir='ltr'><strong>et</strong></span> <span class='ocrx_word' id='word_1_563' title='bbox 3150 3824 3411 3882; x_wconf 92' lang='lat' dir='ltr'><strong>omnium</strong></span> <span class='ocrx_word' id='word_1_564' title='bbox 3432 3822 3654 3895; x_wconf 87' lang='lat' dir='ltr'><strong>elegan-</strong></span> 
     </span>
    </p>
   </div>
   <div class='ocr_carea' id='block_1_86' title="bbox 1989 3911 3652 3984">
    <p class='ocr_par' dir='ltr' id='par_1_86' title="bbox 1989 3911 3652 3984">
     <span class='ocr_line' id='line_1_86' title="bbox 1989 3911 3652 3984; baseline -0.005 -9"><span class='ocrx_word' id='word_1_565' title='bbox 1989 3920 2217 3976; x_wconf 87' lang='lat' dir='ltr'><strong>tissime</strong></span> <span class='ocrx_word' id='word_1_566' title='bbox 2250 3915 2570 3972; x_wconf 90' lang='lat' dir='ltr'><strong>illustravit</strong></span> <span class='ocrx_word' id='word_1_567' title='bbox 2593 3914 2903 3984; x_wconf 91' lang='lat' dir='ltr'><strong>Philippus</strong></span> <span class='ocrx_word' id='word_1_568' title='bbox 2941 3914 3243 3970; x_wconf 88' lang='lat' dir='ltr'><strong>Bonarroti</strong></span> <span class='ocrx_word' id='word_1_569' title='bbox 3267 3918 3496 3969; x_wconf 90' lang='lat' dir='ltr'><strong>senator</strong></span> <span class='ocrx_word' id='word_1_570' title='bbox 3512 3911 3652 3967; x_wconf 91' lang='lat' dir='ltr'><strong>Flo-</strong></span> 
     </span>
    </p>
   </div>
   <div class='ocr_carea' id='block_1_87' title="bbox 1991 4000 3653 4075">
    <p class='ocr_par' dir='ltr' id='par_1_87' title="bbox 1991 4000 3653 4075">
     <span class='ocr_line' id='line_1_87' title="bbox 1991 4000 3653 4075; baseline -0.005 -11"><span class='ocrx_word' id='word_1_571' title='bbox 1991 4007 2278 4074; x_wconf 88' lang='lat' dir='ltr'><strong>rentinus,</strong></span> <span class='ocrx_word' id='word_1_572' title='bbox 2315 4004 2374 4059; x_wconf 89' lang='lat' dir='ltr'><strong>in</strong></span> <span class='ocrx_word' id='word_1_573' title='bbox 2404 4003 2601 4060; x_wconf 91' lang='lat' dir='ltr'><strong>studio</strong></span> <span class='ocrx_word' id='word_1_574' title='bbox 2639 4002 2741 4058; x_wconf 88' lang='lat' dir='ltr'><strong>Rei</strong></span> <span class='ocrx_word' id='word_1_575' title='bbox 2771 4002 3134 4075; x_wconf 76' lang='lat' dir='ltr'><strong>Antiquariae</strong></span> <span class='ocrx_word' id='word_1_576' title='bbox 3163 4014 3411 4073; x_wconf 64' lang='lat' dir='ltr'><strong>persaepe</strong></span> <span class='ocrx_word' id='word_1_577' title='bbox 3435 4000 3653 4057; x_wconf 89' lang='lat' dir='ltr'><strong>emeri-</strong></span> 
     </span>
    </p>
   </div>
   <div class='ocr_carea' id='block_1_88' title="bbox 1991 4089 3653 4165">
    <p class='ocr_par' dir='ltr' id='par_1_88' title="bbox 1991 4089 3653 4165">
     <span class='ocr_line' id='line_1_88' title="bbox 1991 4089 3653 4165; baseline -0.005 -13"><span class='ocrx_word' id='word_1_578' title='bbox 1991 4101 2086 4152; x_wconf 85' lang='lat' dir='ltr'><strong>tus</strong></span> <span class='ocrx_word' id='word_1_579' title='bbox 2105 4092 2547 4165; x_wconf 90' lang='lat' dir='ltr'><strong>Olympiadibus</strong></span> <span class='ocrx_word' id='word_1_580' title='bbox 2577 4103 2781 4148; x_wconf 92' lang='lat' dir='ltr'><strong>nomen</strong></span> <span class='ocrx_word' id='word_1_581' title='bbox 2798 4092 2953 4147; x_wconf 88' lang='lat' dir='ltr'><strong>dare.</strong></span> <span class='ocrx_word' id='word_1_582' title='bbox 2988 4090 3314 4147; x_wconf 86' lang='lat' dir='ltr'><strong>Novissime</strong></span> <span class='ocrx_word' id='word_1_583' title='bbox 3335 4089 3509 4145; x_wconf 90' lang='lat' dir='ltr'><strong>etiam</strong></span> <span class='ocrx_word' id='word_1_584' title='bbox 3533 4101 3653 4159; x_wconf 93' lang='lat' dir='ltr'><strong>per-</strong></span> 
     </span>
    </p>
   </div>
   <div class='ocr_carea' id='block_1_89' title="bbox 1991 4178 3655 4249">
    <p class='ocr_par' dir='ltr' id='par_1_89' title="bbox 1991 4178 3655 4249">
     <span class='ocr_line' id='line_1_89' title="bbox 1991 4178 3655 4249; baseline -0.005 -9"><span class='ocrx_word' id='word_1_585' title='bbox 1991 4183 2233 4241; x_wconf 81' lang='lat' dir='ltr'><strong>strinxit</strong></span> <span class='ocrx_word' id='word_1_586' title='bbox 2256 4182 2401 4237; x_wconf 90' lang='lat' dir='ltr'><strong>hanc</strong></span> <span class='ocrx_word' id='word_1_587' title='bbox 2421 4193 2642 4237; x_wconf 88' lang='lat' dir='ltr'><strong>sacram</strong></span> <span class='ocrx_word' id='word_1_588' title='bbox 2667 4185 2872 4235; x_wconf 91' lang='lat' dir='ltr'><strong>metam</strong></span> <span class='ocrx_word' id='word_1_589' title='bbox 2900 4178 3207 4249; x_wconf 91' lang='lat' dir='ltr'><strong>piissimus</strong></span> <span class='ocrx_word' id='word_1_590' title='bbox 3224 4182 3535 4248; x_wconf 89' lang='lat' dir='ltr'><strong>martyrum</strong></span> <span class='ocrx_word' id='word_1_591' title='bbox 3561 4191 3655 4233; x_wconf 93' lang='lat' dir='ltr'><strong>cu-</strong></span> 
     </span>
    </p>
   </div>
   <div class='ocr_carea' id='block_1_90' title="bbox 1991 4265 3655 4341">
    <p class='ocr_par' dir='ltr' id='par_1_90' title="bbox 1991 4265 3655 4341">
     <span class='ocr_line' id='line_1_90' title="bbox 1991 4265 3655 4341; baseline -0.005 -12"><span class='ocrx_word' id='word_1_592' title='bbox 1991 4278 2132 4341; x_wconf 92' lang='lat' dir='ltr'><strong>stos,</strong></span> <span class='ocrx_word' id='word_1_593' title='bbox 2166 4272 2355 4328; x_wconf 91' lang='lat' dir='ltr'><strong>cultor</strong></span> <span class='ocrx_word' id='word_1_594' title='bbox 2402 4278 2458 4326; x_wconf 92' lang='lat' dir='ltr'><strong>et</strong></span> <span class='ocrx_word' id='word_1_595' title='bbox 2503 4270 2831 4325; x_wconf 90' lang='lat' dir='ltr'><strong>illustrator</strong></span> <span class='ocrx_word' id='word_1_596' title='bbox 2868 4269 2941 4322; x_wconf 87' lang='lat' dir='ltr'><strong>M.</strong></span> <span class='ocrx_word' id='word_1_597' title='bbox 2992 4266 3282 4323; x_wconf 84' lang='lat' dir='ltr'><strong>Antonius</strong></span> <span class='ocrx_word' id='word_1_598' title='bbox 3337 4265 3655 4322; x_wconf 90' lang='lat' dir='ltr'><strong>canonicus</strong></span> 
     </span>
    </p>
   </div>
   <div class='ocr_carea' id='block_1_91' title="bbox 1992 4354 3657 4430">
    <p class='ocr_par' dir='ltr' id='par_1_91' title="bbox 1992 4354 3657 4430">
     <span class='ocr_line' id='line_1_91' title="bbox 1992 4354 3657 4430; baseline -0.006 -12"><span class='ocrx_word' id='word_1_599' title='bbox 1992 4362 2309 4424; x_wconf 87' lang='lat' dir='ltr'><strong>Boldettus,</strong></span> <span class='ocrx_word' id='word_1_600' title='bbox 2337 4360 2440 4417; x_wconf 91' lang='lat' dir='ltr'><strong>lib.</strong></span> <span class='ocrx_word' id='word_1_601' title='bbox 2477 4374 2519 4430; x_wconf 83' lang='grc' dir='ltr'><strong>ι,</strong></span> <span class='ocrx_word' id='word_1_602' title='bbox 2547 4373 2669 4430; x_wconf 89' lang='lat' dir='ltr'><strong>cap.</strong></span> <span class='ocrx_word' id='word_1_603' title='bbox 2705 4356 2792 4415; x_wconf 88' lang='lat'><strong>39.</strong></span> <span class='ocrx_word' id='word_1_604' title='bbox 2820 4355 3301 4414; x_wconf 84' lang='lat' dir='ltr'><strong>Observationum</strong></span> <span class='ocrx_word' id='word_1_605' title='bbox 3341 4354 3410 4410; x_wconf 90' lang='lat' dir='ltr'><strong>ad</strong></span> <span class='ocrx_word' id='word_1_606' title='bbox 3441 4366 3657 4410; x_wconf 66' lang='lat' dir='ltr'><strong>caeme—</strong></span> 
     </span>
    </p>
   </div>
   <div class='ocr_carea' id='block_1_92' title="bbox 1992 4442 3657 4521">
    <p class='ocr_par' dir='ltr' id='par_1_92' title="bbox 1992 4442 3657 4521">
     <span class='ocr_line' id='line_1_92' title="bbox 1992 4442 3657 4521; baseline -0.005 -15"><span class='ocrx_word' id='word_1_607' title='bbox 1992 4452 2161 4518; x_wconf 87' lang='lat' dir='ltr'><strong>teria,</strong></span> <span class='ocrx_word' id='word_1_608' title='bbox 2184 4449 2398 4521; x_wconf 86' lang='lat' dir='ltr'><strong>quibus</strong></span> <span class='ocrx_word' id='word_1_609' title='bbox 2416 4454 2538 4507; x_wconf 91' lang='lat' dir='ltr'><strong>tum</strong></span> <span class='ocrx_word' id='word_1_610' title='bbox 2558 4449 2810 4506; x_wconf 86' lang='lat' dir='ltr'><strong>Romana</strong></span> <span class='ocrx_word' id='word_1_611' title='bbox 2837 4451 2958 4504; x_wconf 90' lang='lat' dir='ltr'><strong>tum</strong></span> <span class='ocrx_word' id='word_1_612' title='bbox 2981 4445 3148 4518; x_wconf 87' lang='lat' dir='ltr'><strong>longe</strong></span> <span class='ocrx_word' id='word_1_613' title='bbox 3167 4443 3379 4499; x_wconf 90' lang='lat' dir='ltr'><strong>dissita</strong></span> <span class='ocrx_word' id='word_1_614' title='bbox 3398 4442 3657 4499; x_wconf 74' lang='lat' dir='ltr'><strong>luculen~</strong></span> 
     </span>
    </p>
   </div>
   <div class='ocr_carea' id='block_1_93' title="bbox 209 4540 2357 4635">
    <p class='ocr_par' dir='ltr' id='par_1_93' title="bbox 209 4540 2357 4635">
     <span class='ocr_line' id='line_1_93' title="bbox 209 4540 2357 4635; baseline 0.002 -18"><span class='ocrx_word' id='word_1_615' title='bbox 209 4564 587 4635; x_wconf 82' lang='lat' dir='ltr'><strong>consignatas</strong></span> <span class='ocrx_word' id='word_1_616' title='bbox 625 4563 965 4619; x_wconf 90' lang='lat' dir='ltr'><strong>nominibus</strong></span> <span class='ocrx_word' id='word_1_617' title='bbox 995 4540 1332 4633; x_wconf 81' lang='lat' dir='ltr'><strong>pontiﬁcum</strong></span> <span class='ocrx_word' id='word_1_618' title='bbox 1368 4565 1740 4633; x_wconf 89' lang='lat' dir='ltr'><strong>Nolanorum,</strong></span> <span class='ocrx_word' id='word_1_619' title='bbox 1777 4540 1881 4621; x_wconf 39' lang='lat' dir='ltr'><strong>eo;</strong></span> <span class='ocrx_word' id='word_1_620' title='bbox 1910 4540 1966 4600; x_wconf 85' lang='lat' dir='ltr'>D</span> <span class='ocrx_word' id='word_1_621' title='bbox 1994 4540 2081 4597; x_wconf 47' lang='lat' dir='ltr'><strong>te&quot;</strong></span> <span class='ocrx_word' id='word_1_622' title='bbox 2098 4544 2357 4596; x_wconf 62' lang='lat' dir='ltr'><strong>exorna&quot;</strong></span> 
     </span>
    </p>
   </div>
   <div class='ocr_carea' id='block_1_94' title="bbox 211 4652 1885 4725">
    <p class='ocr_par' dir='ltr' id='par_1_94' title="bbox 211 4652 1885 4725">
     <span class='ocr_line' id='line_1_94' title="bbox 211 4652 1885 4725; baseline 0.001 -17"><span class='ocrx_word' id='word_1_623' title='bbox 211 4666 461 4724; x_wconf 88' lang='lat' dir='ltr'><strong>rumque</strong></span> <span class='ocrx_word' id='word_1_624' title='bbox 486 4652 662 4707; x_wconf 92' lang='lat' dir='ltr'><strong>annis</strong></span> <span class='ocrx_word' id='word_1_625' title='bbox 682 4654 1072 4723; x_wconf 89' lang='lat' dir='ltr'><strong>episcopatus,</strong></span> <span class='ocrx_word' id='word_1_626' title='bbox 1103 4667 1206 4709; x_wconf 91' lang='lat' dir='ltr'><strong>nec</strong></span> <span class='ocrx_word' id='word_1_627' title='bbox 1226 4667 1339 4709; x_wconf 89' lang='lat' dir='ltr'><strong>non</strong></span> <span class='ocrx_word' id='word_1_628' title='bbox 1366 4654 1727 4723; x_wconf 90' lang='lat' dir='ltr'><strong>consulibus,</strong></span> <span class='ocrx_word' id='word_1_629' title='bbox 1758 4654 1885 4725; x_wconf 88' lang='lat' dir='ltr'><strong>qui-</strong></span> 
     </span>
    </p>
   </div>
   <div class='ocr_carea' id='block_1_95' title="bbox 210 4741 1887 4814">
    <p class='ocr_par' dir='ltr' id='par_1_95' title="bbox 210 4741 1887 4814">
     <span class='ocr_line' id='line_1_95' title="bbox 210 4741 1887 4814; baseline 0.002 -18"><span class='ocrx_word' id='word_1_630' title='bbox 210 4742 322 4797; x_wconf 88' lang='lat' dir='ltr'><strong>bus</strong></span> <span class='ocrx_word' id='word_1_631' title='bbox 333 4741 795 4811; x_wconf 90' lang='lat' dir='ltr'><strong>deponebantur.</strong></span> <span class='ocrx_word' id='word_1_632' title='bbox 808 4741 1041 4798; x_wconf 85' lang='lat' dir='ltr'><strong>Vicinia</strong></span> <span class='ocrx_word' id='word_1_633' title='bbox 1058 4742 1364 4814; x_wconf 90' lang='lat' dir='ltr'><strong>utriusque</strong></span> <span class='ocrx_word' id='word_1_634' title='bbox 1380 4744 1655 4813; x_wconf 62' lang='lat' dir='ltr'><strong>ccclesiis,</strong></span> <span class='ocrx_word' id='word_1_635' title='bbox 1671 4746 1782 4799; x_wconf 78' lang='lat' dir='ltr'><strong>Neu</strong></span> <span class='ocrx_word' id='word_1_636' title='bbox 1792 4756 1887 4813; x_wconf 90' lang='lat' dir='ltr'><strong>po-</strong></span> 
     </span>
    </p>
   </div>
   <div class='ocr_carea' id='block_1_96' title="bbox 214 4830 1881 4900">
    <p class='ocr_par' dir='ltr' id='par_1_96' title="bbox 214 4830 1881 4900">
     <span class='ocr_line' id='line_1_96' title="bbox 214 4830 1881 4900; baseline 0.005 -15"><span class='ocrx_word' id='word_1_637' title='bbox 214 4830 411 4887; x_wconf 65' lang='lat' dir='ltr'><strong>litanae</strong></span> <span class='ocrx_word' id='word_1_638' title='bbox 463 4844 533 4885; x_wconf 87' lang='lat' dir='ltr'><strong>ac</strong></span> <span class='ocrx_word' id='word_1_639' title='bbox 574 4830 829 4900; x_wconf 71' lang='lat' dir='ltr'><strong>Nolanaa,</strong></span> <span class='ocrx_word' id='word_1_640' title='bbox 870 4837 928 4887; x_wconf 91' lang='lat' dir='ltr'><strong>et</strong></span> <span class='ocrx_word' id='word_1_641' title='bbox 950 4832 1276 4888; x_wconf 69' lang='lat' dir='ltr'><strong>cmmeteria</strong></span> <span class='ocrx_word' id='word_1_642' title='bbox 1318 4833 1591 4889; x_wconf 87' lang='lat' dir='ltr'><strong>Romanis</strong></span> <span class='ocrx_word' id='word_1_643' title='bbox 1638 4832 1881 4893; x_wconf 77' lang='lat' dir='ltr'><strong>similia.</strong></span> 
     </span>
    </p>
   </div>
   <div class='ocr_carea' id='block_1_97' title="bbox 215 4920 1886 4991">
    <p class='ocr_par' dir='ltr' id='par_1_97' title="bbox 215 4920 1886 4991">
     <span class='ocr_line' id='line_1_97' title="bbox 215 4920 1886 4991; baseline 0.001 -17"><span class='ocrx_word' id='word_1_644' title='bbox 215 4934 344 4991; x_wconf 73' lang='lat' dir='ltr'><strong>qua:</strong></span> <span class='ocrx_word' id='word_1_645' title='bbox 391 4920 634 4989; x_wconf 87' lang='lat' dir='ltr'><strong>Neapoli</strong></span> <span class='ocrx_word' id='word_1_646' title='bbox 684 4920 1150 4989; x_wconf 85' lang='lat' dir='ltr'><strong>conspiciuntur,</strong></span> <span class='ocrx_word' id='word_1_647' title='bbox 1192 4927 1250 4977; x_wconf 91' lang='lat' dir='ltr'><strong>et</strong></span> <span class='ocrx_word' id='word_1_648' title='bbox 1294 4921 1593 4978; x_wconf 89' lang='lat' dir='ltr'><strong>abundant</strong></span> <span class='ocrx_word' id='word_1_649' title='bbox 1638 4921 1886 4977; x_wconf 89' lang='lat' dir='ltr'><strong>vetustis</strong></span> 
     </span>
    </p>
   </div>
   <div class='ocr_carea' id='block_1_98' title="bbox 215 5007 1887 5081">
    <p class='ocr_par' dir='ltr' id='par_1_98' title="bbox 215 5007 1887 5081">
     <span class='ocr_line' id='line_1_98' title="bbox 215 5007 1887 5081; baseline 0.002 -18"><span class='ocrx_word' id='word_1_650' title='bbox 215 5007 715 5078; x_wconf 88' lang='lat' dir='ltr'><strong>inscriptionibus</strong></span> <span class='ocrx_word' id='word_1_651' title='bbox 765 5010 1041 5080; x_wconf 82' lang='lat' dir='ltr'><strong>genuinis</strong></span> <span class='ocrx_word' id='word_1_652' title='bbox 1082 5007 1248 5081; x_wconf 90' lang='lat' dir='ltr'><strong>(mihi</strong></span> <span class='ocrx_word' id='word_1_653' title='bbox 1293 5010 1567 5080; x_wconf 89' lang='lat' dir='ltr'><strong>spectatis</strong></span> <span class='ocrx_word' id='word_1_654' title='bbox 1610 5009 1887 5066; x_wconf 84' lang='lat' dir='ltr'><strong>beneﬁcio</strong></span> 
     </span>
    </p>
   </div>
   <div class='ocr_carea' id='block_1_99' title="bbox 212 5097 1889 5169">
    <p class='ocr_par' dir='ltr' id='par_1_99' title="bbox 212 5097 1889 5169">
     <span class='ocr_line' id='line_1_99' title="bbox 212 5097 1889 5169; baseline 0.001 -16"><span class='ocrx_word' id='word_1_655' title='bbox 212 5097 672 5153; x_wconf 82' lang='lat' dir='ltr'><strong>eminentissimi</strong></span> <span class='ocrx_word' id='word_1_656' title='bbox 720 5098 1041 5155; x_wconf 86' lang='lat' dir='ltr'><strong>cardinalis</strong></span> <span class='ocrx_word' id='word_1_657' title='bbox 1085 5099 1379 5155; x_wconf 81' lang='lat' dir='ltr'><strong>Canteloni</strong></span> <span class='ocrx_word' id='word_1_658' title='bbox 1428 5104 1549 5154; x_wconf 88' lang='lat' dir='ltr'><strong>tum</strong></span> <span class='ocrx_word' id='word_1_659' title='bbox 1590 5098 1889 5169; x_wconf 85' lang='lat' dir='ltr'><strong>archiepi—</strong></span> 
     </span>
    </p>
   </div>
   <div class='ocr_carea' id='block_1_100' title="bbox 214 5186 1887 5256">
    <p class='ocr_par' dir='ltr' id='par_1_100' title="bbox 214 5186 1887 5256">
     <span class='ocr_line' id='line_1_100' title="bbox 214 5186 1887 5256; baseline 0.002 -16"><span class='ocrx_word' id='word_1_660' title='bbox 214 5186 402 5256; x_wconf 86' lang='lat' dir='ltr'><strong>sc0pi,</strong></span> <span class='ocrx_word' id='word_1_661' title='bbox 437 5199 604 5256; x_wconf 63' lang='lat' dir='ltr'><strong>teque</strong></span> <span class='ocrx_word' id='word_1_662' title='bbox 630 5188 1023 5244; x_wconf 88' lang='lat' dir='ltr'><strong>sanctissimis</strong></span> <span class='ocrx_word' id='word_1_663' title='bbox 1053 5188 1313 5245; x_wconf 90' lang='lat' dir='ltr'><strong>moribus</strong></span> <span class='ocrx_word' id='word_1_664' title='bbox 1337 5202 1403 5243; x_wconf 88' lang='lat' dir='ltr'><strong>ac</strong></span> <span class='ocrx_word' id='word_1_665' title='bbox 1432 5201 1595 5243; x_wconf 91' lang='lat' dir='ltr'><strong>sacra</strong></span> <span class='ocrx_word' id='word_1_666' title='bbox 1623 5187 1887 5244; x_wconf 87' lang='lat' dir='ltr'><strong>doctrina</strong></span> 
     </span>
    </p>
   </div>
   <div class='ocr_carea' id='block_1_101' title="bbox 215 5275 1887 5349">
    <p class='ocr_par' dir='ltr' id='par_1_101' title="bbox 215 5275 1887 5349">
     <span class='ocr_line' id='line_1_101' title="bbox 215 5275 1887 5349; baseline 0.002 -18"><span class='ocrx_word' id='word_1_667' title='bbox 215 5275 500 5343; x_wconf 88' lang='lat' dir='ltr'><strong>illustris,</strong></span> <span class='ocrx_word' id='word_1_668' title='bbox 532 5276 863 5348; x_wconf 88' lang='lat' dir='ltr'><strong>vigilantia,</strong></span> <span class='ocrx_word' id='word_1_669' title='bbox 891 5279 1238 5346; x_wconf 88' lang='lat' dir='ltr'><strong>constantia,</strong></span> <span class='ocrx_word' id='word_1_670' title='bbox 1273 5277 1580 5347; x_wconf 87' lang='lat' dir='ltr'><strong>prudentia</strong></span> <span class='ocrx_word' id='word_1_671' title='bbox 1615 5279 1887 5349; x_wconf 90' lang='lat' dir='ltr'><strong>omnique</strong></span> 
     </span>
    </p>
   </div>
   <div class='ocr_carea' id='block_1_102' title="bbox 216 5364 1883 5440">
    <p class='ocr_par' dir='ltr' id='par_1_102' title="bbox 216 5364 1883 5440">
     <span class='ocr_line' id='line_1_102' title="bbox 216 5364 1883 5440; baseline 0.001 -21"><span class='ocrx_word' id='word_1_672' title='bbox 216 5364 500 5434; x_wconf 85' lang='lat' dir='ltr'><strong>pastorali</strong></span> <span class='ocrx_word' id='word_1_673' title='bbox 550 5366 768 5421; x_wconf 85' lang='lat' dir='ltr'><strong>virtute</strong></span> <span class='ocrx_word' id='word_1_674' title='bbox 819 5367 1107 5422; x_wconf 75' lang='lat' dir='ltr'><strong>memoria:</strong></span> <span class='ocrx_word' id='word_1_675' title='bbox 1175 5372 1399 5421; x_wconf 65' lang='lat' dir='ltr'><strong>mternae</strong></span> <span class='ocrx_word' id='word_1_676' title='bbox 1464 5367 1883 5440; x_wconf 90' lang='lat' dir='ltr'><strong>commendati),</strong></span> 
     </span>
    </p>
   </div>
   <div class='ocr_carea' id='block_1_103' title="bbox 213 5452 1887 5523">
    <p class='ocr_par' dir='ltr' id='par_1_103' title="bbox 213 5452 1887 5523">
     <span class='ocr_line' id='line_1_103' title="bbox 213 5452 1887 5523; baseline 0.001 -16"><span class='ocrx_word' id='word_1_677' title='bbox 213 5452 645 5519; x_wconf 87' lang='lat' dir='ltr'><strong>demonstrant,</strong></span> <span class='ocrx_word' id='word_1_678' title='bbox 690 5452 939 5522; x_wconf 90' lang='lat' dir='ltr'><strong>epochas</strong></span> <span class='ocrx_word' id='word_1_679' title='bbox 987 5453 1151 5511; x_wconf 88' lang='lat' dir='ltr'><strong>illius</strong></span> <span class='ocrx_word' id='word_1_680' title='bbox 1198 5452 1508 5523; x_wconf 73' lang='lat' dir='ltr'><strong>provincia:</strong></span> <span class='ocrx_word' id='word_1_681' title='bbox 1559 5454 1887 5511; x_wconf 89' lang='lat' dir='ltr'><strong>antistitum</strong></span> 
     </span>
    </p>
   </div>
   <div class='ocr_carea' id='block_1_104' title="bbox 217 5539 1892 5613">
    <p class='ocr_par' dir='ltr' id='par_1_104' title="bbox 217 5539 1892 5613">
     <span class='ocr_line' id='line_1_104' title="bbox 217 5539 1892 5613; baseline 0.003 -19"><span class='ocrx_word' id='word_1_682' title='bbox 217 5539 406 5595; x_wconf 81' lang='lat' dir='ltr'><strong>fuisse</strong></span> <span class='ocrx_word' id='word_1_683' title='bbox 442 5554 555 5596; x_wconf 91' lang='lat' dir='ltr'><strong>non</strong></span> <span class='ocrx_word' id='word_1_684' title='bbox 593 5541 788 5597; x_wconf 90' lang='lat' dir='ltr'><strong>minus</strong></span> <span class='ocrx_word' id='word_1_685' title='bbox 816 5540 1132 5612; x_wconf 83' lang='lat' dir='ltr'><strong>diligenter</strong></span> <span class='ocrx_word' id='word_1_686' title='bbox 1164 5541 1382 5597; x_wconf 89' lang='lat' dir='ltr'><strong>litteris</strong></span> <span class='ocrx_word' id='word_1_687' title='bbox 1413 5541 1729 5598; x_wconf 89' lang='lat' dir='ltr'><strong>mandatas.</strong></span> <span class='ocrx_word' id='word_1_688' title='bbox 1754 5544 1892 5613; x_wconf 87' lang='lat' dir='ltr'><strong>Ejus</strong></span> 
     </span>
    </p>
   </div>
   <div class='ocr_carea' id='block_1_105' title="bbox 218 5630 1883 5700">
    <p class='ocr_par' dir='ltr' id='par_1_105' title="bbox 218 5630 1883 5700">
     <span class='ocr_line' id='line_1_105' title="bbox 218 5630 1883 5700; baseline 0 -17"><span class='ocrx_word' id='word_1_689' title='bbox 218 5631 303 5685; x_wconf 89' lang='lat' dir='ltr'><strong>rei</strong></span> <span class='ocrx_word' id='word_1_690' title='bbox 364 5630 779 5686; x_wconf 88' lang='lat' dir='ltr'><strong>documentum</strong></span> <span class='ocrx_word' id='word_1_691' title='bbox 824 5630 987 5686; x_wconf 91' lang='lat' dir='ltr'><strong>aliud</strong></span> <span class='ocrx_word' id='word_1_692' title='bbox 1042 5635 1304 5700; x_wconf 87' lang='lat' dir='ltr'><strong>superest</strong></span> <span class='ocrx_word' id='word_1_693' title='bbox 1349 5630 1408 5684; x_wconf 93' lang='lat' dir='ltr'><strong>in</strong></span> <span class='ocrx_word' id='word_1_694' title='bbox 1448 5632 1774 5687; x_wconf 76' lang='lat' dir='ltr'><strong>cmmeterio</strong></span> <span class='ocrx_word' id='word_1_695' title='bbox 1821 5633 1883 5686; x_wconf 91' lang='lat' dir='ltr'><strong>S.</strong></span> 
     </span>
    </p>
   </div>
   <div class='ocr_carea' id='block_1_106' title="bbox 216 5717 1893 5799">
    <p class='ocr_par' dir='ltr' id='par_1_106' title="bbox 216 5717 1893 5799">
     <span class='ocr_line' id='line_1_106' title="bbox 216 5717 1893 5799; baseline 0.002 -26"><span class='ocrx_word' id='word_1_696' title='bbox 216 5718 531 5787; x_wconf 83' lang='lat' dir='ltr'><strong>Gaudiosi,</strong></span> <span class='ocrx_word' id='word_1_697' title='bbox 572 5717 657 5774; x_wconf 88' lang='lat' dir='ltr'><strong>uti</strong></span> <span class='ocrx_word' id='word_1_698' title='bbox 683 5719 1008 5774; x_wconf 87' lang='lat' dir='ltr'><strong>cardinalis</strong></span> <span class='ocrx_word' id='word_1_699' title='bbox 1033 5720 1411 5776; x_wconf 86' lang='lat' dir='ltr'><strong>doctissimus</strong></span> <span class='ocrx_word' id='word_1_700' title='bbox 1430 5719 1893 5799; x_wconf 78' lang='lat' dir='ltr'><strong>demonstrabat;</strong></span> 
     </span>
    </p>
   </div>
   <div class='ocr_carea' id='block_1_107' title="bbox 224 5807 1897 5878">
    <p class='ocr_par' dir='ltr' id='par_1_107' title="bbox 224 5807 1897 5878">
     <span class='ocr_line' id='line_1_107' title="bbox 224 5807 1897 5878; baseline 0.002 -13"><span class='ocrx_word' id='word_1_701' title='bbox 224 5810 325 5865; x_wconf 90' lang='lat' dir='ltr'><strong>ubi</strong></span> <span class='ocrx_word' id='word_1_702' title='bbox 349 5813 673 5878; x_wconf 84' lang='lat' dir='ltr'><strong>supersunt</strong></span> <span class='ocrx_word' id='word_1_703' title='bbox 691 5809 887 5866; x_wconf 89' lang='lat' dir='ltr'><strong>adhuc</strong></span> <span class='ocrx_word' id='word_1_704' title='bbox 927 5809 1335 5869; x_wconf 74' lang='lat' dir='ltr'><strong>vetustissima:</strong></span> <span class='ocrx_word' id='word_1_705' title='bbox 1361 5807 1720 5867; x_wconf 87' lang='lat' dir='ltr'><strong>orbiculares</strong></span> <span class='ocrx_word' id='word_1_706' title='bbox 1743 5809 1897 5868; x_wconf 87' lang='lat' dir='ltr'><strong>ima-</strong></span> 
     </span>
    </p>
   </div>
   <div class='ocr_carea' id='block_1_108' title="bbox 2064 4650 3658 4727">
    <p class='ocr_par' dir='ltr' id='par_1_108' title="bbox 2064 4650 3658 4727">
     <span class='ocr_line' id='line_1_108' title="bbox 2064 4650 3658 4727; baseline -0.001 -17"><span class='ocrx_word' id='word_1_707' title='bbox 2064 4656 2209 4713; x_wconf 84' lang='lat' dir='ltr'><strong>XIV.</strong></span> <span class='ocrx_word' id='word_1_708' title='bbox 2232 4655 2540 4727; x_wconf 87' lang='lat' dir='ltr'><strong>Catalogus</strong></span> <span class='ocrx_word' id='word_1_709' title='bbox 2568 4654 2752 4726; x_wconf 78' lang='lat' dir='ltr'><strong>igitur</strong></span> <span class='ocrx_word' id='word_1_710' title='bbox 2775 4654 2875 4711; x_wconf 91' lang='lat' dir='ltr'><strong>ille</strong></span> <span class='ocrx_word' id='word_1_711' title='bbox 2897 4652 3208 4723; x_wconf 69' lang='lat' dir='ltr'><strong>praesulum</strong></span> <span class='ocrx_word' id='word_1_712' title='bbox 3230 4650 3503 4709; x_wconf 73' lang='lat' dir='ltr'><strong>Ecclesia:</strong></span> <span class='ocrx_word' id='word_1_713' title='bbox 3521 4652 3658 4708; x_wconf 88' lang='lat' dir='ltr'><strong>Nea-</strong></span> 
     </span>
    </p>
   </div>
   <div class='ocr_carea' id='block_1_109' title="bbox 1996 4740 3658 4816">
    <p class='ocr_par' dir='ltr' id='par_1_109' title="bbox 1996 4740 3658 4816">
     <span class='ocr_line' id='line_1_109' title="bbox 1996 4740 3658 4816; baseline -0.004 -15"><span class='ocrx_word' id='word_1_714' title='bbox 1996 4745 2286 4815; x_wconf 59' lang='lat' dir='ltr'><strong>politanis,</strong></span> <span class='ocrx_word' id='word_1_715' title='bbox 2321 4758 2568 4814; x_wconf 90' lang='lat' dir='ltr'><strong>quorum</strong></span> <span class='ocrx_word' id='word_1_716' title='bbox 2603 4743 2885 4816; x_wconf 90' lang='lat' dir='ltr'><strong>imagines</strong></span> <span class='ocrx_word' id='word_1_717' title='bbox 2914 4756 2982 4799; x_wconf 91' lang='lat' dir='ltr'><strong>ac</strong></span> <span class='ocrx_word' id='word_1_718' title='bbox 3006 4741 3188 4798; x_wconf 86' lang='lat' dir='ltr'><strong>series</strong></span> <span class='ocrx_word' id='word_1_719' title='bbox 3215 4740 3395 4796; x_wconf 87' lang='lat' dir='ltr'><strong>veteri</strong></span> <span class='ocrx_word' id='word_1_720' title='bbox 3419 4754 3489 4796; x_wconf 87' lang='lat' dir='ltr'><strong>ex</strong></span> <span class='ocrx_word' id='word_1_721' title='bbox 3511 4753 3658 4796; x_wconf 88' lang='lat' dir='ltr'><strong>con—</strong></span> 
     </span>
    </p>
   </div>
   <div class='ocr_carea' id='block_1_110' title="bbox 1997 4828 3659 4890">
    <p class='ocr_par' dir='ltr' id='par_1_110' title="bbox 1997 4828 3659 4890">
     <span class='ocr_line' id='line_1_110' title="bbox 1997 4828 3659 4890; baseline -0.005 -1"><span class='ocrx_word' id='word_1_722' title='bbox 1997 4835 2303 4890; x_wconf 90' lang='lat' dir='ltr'><strong>suetudine</strong></span> <span class='ocrx_word' id='word_1_723' title='bbox 2323 4832 2609 4890; x_wconf 88' lang='lat' dir='ltr'><strong>orbiculis</strong></span> <span class='ocrx_word' id='word_1_724' title='bbox 2635 4831 3062 4889; x_wconf 71' lang='lat' dir='ltr'><strong>commendatus</strong></span> <span class='ocrx_word' id='word_1_725' title='bbox 3089 4830 3150 4884; x_wconf 92' lang='lat' dir='ltr'><strong>in</strong></span> <span class='ocrx_word' id='word_1_726' title='bbox 3181 4828 3369 4883; x_wconf 87' lang='lat' dir='ltr'><strong>sacris</strong></span> <span class='ocrx_word' id='word_1_727' title='bbox 3396 4831 3659 4882; x_wconf 70' lang='lat' dir='ltr'><strong>cremeto-</strong></span> 
     </span>
    </p>
   </div>
   <div class='ocr_carea' id='block_1_111' title="bbox 1998 4911 3658 4993">
    <p class='ocr_par' dir='ltr' id='par_1_111' title="bbox 1998 4911 3658 4993">
     <span class='ocr_line' id='line_1_111' title="bbox 1998 4911 3658 4993; baseline -0.007 -15"><span class='ocrx_word' id='word_1_728' title='bbox 1998 4921 2107 4978; x_wconf 91' lang='lat' dir='ltr'><strong>riis</strong></span> <span class='ocrx_word' id='word_1_729' title='bbox 2135 4922 2562 4993; x_wconf 89' lang='lat' dir='ltr'><strong>spectabantur,</strong></span> <span class='ocrx_word' id='word_1_730' title='bbox 2586 4921 2646 4976; x_wconf 92' lang='lat' dir='ltr'><strong>in</strong></span> <span class='ocrx_word' id='word_1_731' title='bbox 2661 4920 2863 4978; x_wconf 89' lang='lat' dir='ltr'><strong>codice</strong></span> <span class='ocrx_word' id='word_1_732' title='bbox 2880 4914 3185 4975; x_wconf 89' lang='lat' dir='ltr'><strong>vetustiori</strong></span> <span class='ocrx_word' id='word_1_733' title='bbox 3207 4926 3278 4968; x_wconf 85' lang='lat' dir='ltr'><strong>ex</strong></span> <span class='ocrx_word' id='word_1_734' title='bbox 3302 4911 3658 4967; x_wconf 86' lang='lat' dir='ltr'><strong>Florentinis</strong></span> 
     </span>
    </p>
   </div>
   <div class='ocr_carea' id='block_1_112' title="bbox 1997 4998 3655 5091">
    <p class='ocr_par' dir='ltr' id='par_1_112' title="bbox 1997 4998 3655 5091">
     <span class='ocr_line' id='line_1_112' title="bbox 1997 4998 3655 5091; baseline -0.009 -25"><span class='ocrx_word' id='word_1_735' title='bbox 1997 5011 2219 5083; x_wconf 85' lang='lat' dir='ltr'><strong>integer</strong></span> <span class='ocrx_word' id='word_1_736' title='bbox 2245 5010 2575 5077; x_wconf 88' lang='lat' dir='ltr'><strong>exhibetur,</strong></span> <span class='ocrx_word' id='word_1_737' title='bbox 2609 5014 2885 5078; x_wconf 89' lang='lat' dir='ltr'><strong>tantoque</strong></span> <span class='ocrx_word' id='word_1_738' title='bbox 2914 5005 2984 5091; x_wconf 47' lang='lat' dir='ltr'><strong>in‘</strong></span> <span class='ocrx_word' id='word_1_739' title='bbox 3005 5001 3192 5073; x_wconf 91' lang='lat' dir='ltr'><strong>pretio</strong></span> <span class='ocrx_word' id='word_1_740' title='bbox 3223 4998 3520 5091; x_wconf 66' lang='lat' dir='ltr'><strong>habendus</strong></span> <span class='ocrx_word' id='word_1_741' title='bbox 3547 5002 3655 5091; x_wconf 77' lang='lat' dir='ltr'><strong>est,</strong></span> 
     </span>
    </p>
   </div>
   <div class='ocr_carea' id='block_1_113' title="bbox 1996 5085 3657 5173">
    <p class='ocr_par' dir='ltr' id='par_1_113' title="bbox 1996 5085 3657 5173">
     <span class='ocr_line' id='line_1_113' title="bbox 1996 5085 3657 5173; baseline -0.011 -15"><span class='ocrx_word' id='word_1_742' title='bbox 1996 5107 2062 5157; x_wconf 91' lang='lat' dir='ltr'><strong>ut</strong></span> <span class='ocrx_word' id='word_1_743' title='bbox 2091 5102 2379 5173; x_wconf 84' lang='lat' dir='ltr'><strong>integrum</strong></span> <span class='ocrx_word' id='word_1_744' title='bbox 2409 5099 2547 5154; x_wconf 89' lang='lat' dir='ltr'><strong>dare</strong></span> <span class='ocrx_word' id='word_1_745' title='bbox 2579 5085 3226 5151; x_wconf 70' lang='lat' dir='ltr'><strong>necessarium&#39;ducam.</strong></span> <span class='ocrx_word' id='word_1_746' title='bbox 3264 5085 3473 5173; x_wconf 85' lang='lat' dir='ltr'><strong>Operis</strong></span> <span class='ocrx_word' id='word_1_747' title='bbox 3500 5085 3657 5140; x_wconf 91' lang='lat' dir='ltr'><strong>enim</strong></span> 
     </span>
    </p>
   </div>
   <div class='ocr_carea' id='block_1_114' title="bbox 1995 5172 3657 5248">
    <p class='ocr_par' dir='ltr' id='par_1_114' title="bbox 1995 5172 3657 5248">
     <span class='ocr_line' id='line_1_114' title="bbox 1995 5172 3657 5248; baseline -0.011 -2"><span class='ocrx_word' id='word_1_748' title='bbox 1995 5172 2364 5245; x_wconf 82' lang='lat' dir='ltr'><strong>Anastasiani</strong></span> <span class='ocrx_word' id='word_1_749' title='bbox 2388 5185 2555 5241; x_wconf 88' lang='lat' dir='ltr'><strong>testis</strong></span> <span class='ocrx_word' id='word_1_750' title='bbox 2565 5182 2805 5239; x_wconf 91' lang='lat' dir='ltr'><strong>omnino</strong></span> <span class='ocrx_word' id='word_1_751' title='bbox 2818 5176 3240 5248; x_wconf 66' lang='lat' dir='ltr'><strong>aequalisaatate</strong></span> <span class='ocrx_word' id='word_1_752' title='bbox 3255 5172 3506 5243; x_wconf 80' lang='lat' dir='ltr'><strong>accedit;</strong></span> <span class='ocrx_word' id='word_1_753' title='bbox 3527 5185 3657 5229; x_wconf 90' lang='lat' dir='ltr'><strong>cum</strong></span> 
     </span>
    </p>
   </div>
   <div class='ocr_carea' id='block_1_115' title="bbox 1996 5260 3650 5343">
    <p class='ocr_par' dir='ltr' id='par_1_115' title="bbox 1996 5260 3650 5343">
     <span class='ocr_line' id='line_1_115' title="bbox 1996 5260 3650 5343; baseline -0.01 -11"><span class='ocrx_word' id='word_1_754' title='bbox 1996 5277 2227 5332; x_wconf 86' lang='lat' dir='ltr'><strong>desinat</strong></span> <span class='ocrx_word' id='word_1_755' title='bbox 2250 5276 2309 5329; x_wconf 87' lang='lat' dir='ltr'><strong>In</strong></span> <span class='ocrx_word' id='word_1_756' title='bbox 2327 5270 2768 5343; x_wconf 82' lang='lat' dir='ltr'><strong>quadragesimo</strong></span> <span class='ocrx_word' id='word_1_757' title='bbox 2788 5265 3035 5335; x_wconf 88' lang='lat' dir='ltr'><strong>septimo</strong></span> <span class='ocrx_word' id='word_1_758' title='bbox 3051 5263 3321 5333; x_wconf 89' lang='lat' dir='ltr'><strong>episcopo</strong></span> <span class='ocrx_word' id='word_1_759' title='bbox 3336 5260 3650 5330; x_wconf 87' lang='lat' dir='ltr'><strong>Stephano:</strong></span> 
     </span>
    </p>
   </div>
   <div class='ocr_carea' id='block_1_116' title="bbox 2000 5349 3663 5433">
    <p class='ocr_par' dir='ltr' id='par_1_116' title="bbox 2000 5349 3663 5433">
     <span class='ocr_line' id='line_1_116' title="bbox 2000 5349 3663 5433; baseline -0.01 -12"><span class='ocrx_word' id='word_1_760' title='bbox 2000 5364 2097 5420; x_wconf 93' lang='lat' dir='ltr'><strong>cui</strong></span> <span class='ocrx_word' id='word_1_761' title='bbox 2128 5361 2503 5433; x_wconf 61' lang='lat' dir='ltr'><strong>praemittitur</strong></span> <span class='ocrx_word' id='word_1_762' title='bbox 2525 5354 3005 5426; x_wconf 80' lang='lat' dir='ltr'><strong>quadragesimus</strong></span> <span class='ocrx_word' id='word_1_763' title='bbox 3026 5349 3663 5420; x_wconf 83' lang='lat' dir='ltr'><strong>sextusinterNeapoli-</strong></span> 
     </span>
    </p>
   </div>
   <div class='ocr_carea' id='block_1_117' title="bbox 2003 5439 3660 5511">
    <p class='ocr_par' dir='ltr' id='par_1_117' title="bbox 2003 5439 3660 5511">
     <span class='ocr_line' id='line_1_117' title="bbox 2003 5439 3660 5511; baseline -0.01 -3"><span class='ocrx_word' id='word_1_764' title='bbox 2003 5466 2108 5508; x_wconf 89' lang='lat' dir='ltr'><strong>nos</strong></span> <span class='ocrx_word' id='word_1_765' title='bbox 2127 5449 2424 5505; x_wconf 90' lang='lat' dir='ltr'><strong>antistites</strong></span> <span class='ocrx_word' id='word_1_766' title='bbox 2442 5443 2816 5511; x_wconf 83' lang='lat' dir='ltr'><strong>Athanasius,</strong></span> <span class='ocrx_word' id='word_1_767' title='bbox 2845 5441 2948 5498; x_wconf 89' lang='lat' dir='ltr'><strong>hac</strong></span> <span class='ocrx_word' id='word_1_768' title='bbox 2964 5439 3179 5511; x_wconf 87' lang='lat' dir='ltr'><strong>epocha</strong></span> <span class='ocrx_word' id='word_1_769' title='bbox 3196 5441 3455 5495; x_wconf 89' lang='lat' dir='ltr'><strong>ornatus.</strong></span> <span class='ocrx_word' id='word_1_770' title='bbox 3481 5439 3660 5493; x_wconf 86' lang='lat' dir='ltr'><strong>Atha-</strong></span> 
     </span>
    </p>
   </div>
   <div class='ocr_carea' id='block_1_118' title="bbox 2002 5526 3662 5607">
    <p class='ocr_par' dir='ltr' id='par_1_118' title="bbox 2002 5526 3662 5607">
     <span class='ocr_line' id='line_1_118' title="bbox 2002 5526 3662 5607; baseline -0.008 -12"><span class='ocrx_word' id='word_1_771' title='bbox 2002 5544 2193 5595; x_wconf 80' lang='lat' dir='ltr'><strong>nasius</strong></span> <span class='ocrx_word' id='word_1_772' title='bbox 2206 5541 2482 5607; x_wconf 72' lang='lat' dir='ltr'><strong>episcopus</strong></span> <span class='ocrx_word' id='word_1_773' title='bbox 2494 5533 2634 5588; x_wconf 83' lang='lat' dir='ltr'><strong>sedit</strong></span> <span class='ocrx_word' id='word_1_774' title='bbox 2644 5547 2816 5587; x_wconf 84' lang='lat' dir='ltr'><strong>annos</strong></span> <span class='ocrx_word' id='word_1_775' title='bbox 2826 5543 3052 5592; x_wconf 79' lang='lat' dir='ltr'><strong>xxxvn,</strong></span> <span class='ocrx_word' id='word_1_776' title='bbox 3064 5542 3233 5583; x_wconf 83' lang='lat' dir='ltr'><strong>mens.</strong></span> <span class='ocrx_word' id='word_1_777' title='bbox 3253 5540 3333 5589; x_wconf 75' lang='lat' dir='ltr'><strong>v1,</strong></span> <span class='ocrx_word' id='word_1_778' title='bbox 3346 5526 3464 5582; x_wconf 86' lang='lat' dir='ltr'><strong>dies</strong></span> <span class='ocrx_word' id='word_1_779' title='bbox 3481 5542 3545 5583; x_wconf 87' lang='grc' dir='ltr'><strong>ιι.</strong></span> <span class='ocrx_word' id='word_1_780' title='bbox 3558 5530 3662 5582; x_wconf 81' lang='lat' dir='ltr'><strong>Hic</strong></span> 
     </span>
    </p>
   </div>
   <div class='ocr_carea' id='block_1_119' title="bbox 2004 5616 3656 5698">
    <p class='ocr_par' dir='ltr' id='par_1_119' title="bbox 2004 5616 3656 5698">
     <span class='ocr_line' id='line_1_119' title="bbox 2004 5616 3656 5698; baseline -0.012 -14"><span class='ocrx_word' id='word_1_781' title='bbox 2004 5632 2134 5698; x_wconf 74' lang='lat' dir='ltr'><strong>fecit</strong></span> <span class='ocrx_word' id='word_1_782' title='bbox 2165 5628 2393 5682; x_wconf 80' lang='lat' dir='ltr'><strong>basilica</strong></span> <span class='ocrx_word' id='word_1_783' title='bbox 2422 5624 2601 5678; x_wconf 81' lang='lat' dir='ltr'><strong>sancti</strong></span> <span class='ocrx_word' id='word_1_784' title='bbox 2629 5623 2839 5677; x_wconf 73' lang='lat' dir='ltr'><strong>Iuliani</strong></span> <span class='ocrx_word' id='word_1_785' title='bbox 2862 5620 3123 5688; x_wconf 80' lang='lat' dir='ltr'><strong>martyris</strong></span> <span class='ocrx_word' id='word_1_786' title='bbox 3165 5620 3303 5687; x_wconf 81' lang='lat' dir='ltr'><strong>foris</strong></span> <span class='ocrx_word' id='word_1_787' title='bbox 3350 5616 3490 5671; x_wconf 81' lang='lat' dir='ltr'><strong>Urbe</strong></span> <span class='ocrx_word' id='word_1_788' title='bbox 3527 5618 3656 5670; x_wconf 86' lang='lat' dir='ltr'><strong>sita.</strong></span> 
     </span>
    </p>
   </div>
   <div class='ocr_carea' id='block_1_120' title="bbox 2004 5704 3769 5787">
    <p class='ocr_par' dir='ltr' id='par_1_120' title="bbox 2004 5704 3769 5787">
     <span class='ocr_line' id='line_1_120' title="bbox 2004 5704 3769 5787; baseline -0.012 -13"><span class='ocrx_word' id='word_1_789' title='bbox 2004 5722 2133 5774; x_wconf 83' lang='lat' dir='ltr'><strong>Fuit</strong></span> <span class='ocrx_word' id='word_1_790' title='bbox 2157 5715 2488 5787; x_wconf 79' lang='lat' dir='ltr'><strong>temporibus</strong></span> <span class='ocrx_word' id='word_1_791' title='bbox 2520 5714 2742 5767; x_wconf 84' lang='lat' dir='ltr'><strong>Joanni.</strong></span> <span class='ocrx_word' id='word_1_792' title='bbox 2779 5712 3007 5767; x_wconf 72' lang='lat' dir='ltr'><strong>Marini.</strong></span> <span class='ocrx_word' id='word_1_793' title='bbox 3055 5709 3321 5764; x_wconf 81' lang='lat' dir='ltr'><strong>Adriani.</strong></span> <span class='ocrx_word' id='word_1_794' title='bbox 3363 5704 3651 5775; x_wconf 78' lang='lat' dir='ltr'><strong>Stephani.</strong></span> <span class='ocrx_word' id='word_1_795' title='bbox 3756 5706 3769 5719; x_wconf 85' lang='lat'><strong><em>&#39;</em></strong></span> 
     </span>
    </p>
   </div>
   <div class='ocr_carea' id='block_1_121' title="bbox 2009 5788 3661 5877">
    <p class='ocr_par' dir='ltr' id='par_1_121' title="bbox 2009 5788 3661 5877">
     <span class='ocr_line' id='line_1_121' title="bbox 2009 5788 3661 5877; baseline -0.015 -13"><span class='ocrx_word' id='word_1_796' title='bbox 2009 5809 2251 5864; x_wconf 81' lang='lat' dir='ltr'><strong>Formosi</strong></span> <span class='ocrx_word' id='word_1_797' title='bbox 2274 5821 2459 5877; x_wconf 69' lang='lat' dir='ltr'><strong>papae,</strong></span> <span class='ocrx_word' id='word_1_798' title='bbox 2482 5807 2533 5858; x_wconf 83' lang='lat' dir='ltr'><strong>et</strong></span> <span class='ocrx_word' id='word_1_799' title='bbox 2558 5802 2777 5866; x_wconf 62' lang='lat' dir='ltr'><strong>Bruttii,</strong></span> <span class='ocrx_word' id='word_1_800' title='bbox 2816 5805 2868 5858; x_wconf 81' lang='lat' dir='ltr'><strong>et</strong></span> <span class='ocrx_word' id='word_1_801' title='bbox 2893 5801 3081 5863; x_wconf 81' lang='lat' dir='ltr'><strong>Leoni,</strong></span> <span class='ocrx_word' id='word_1_802' title='bbox 3113 5803 3162 5855; x_wconf 84' lang='lat' dir='ltr'><strong>et</strong></span> <span class='ocrx_word' id='word_1_803' title='bbox 3189 5791 3507 5856; x_wconf 72' lang='lat' dir='ltr'><strong>Alcmandri</strong></span> <span class='ocrx_word' id='word_1_804' title='bbox 3540 5788 3661 5856; x_wconf 77' lang='lat' dir='ltr'><strong>ejus</strong></span> 
     </span>
    </p>
   </div>
  </div>
