3950 6410
386 372 486 440 234

1179 375 1274 437 AD
1308 379 1746 435 ANASTASIUM
1785 370 2302 433 PROLOGOMENA
2339 377 2513 434 EDIT.
2560 379 2994 436 ROM.-VATIC.

3697 380 3810 438 232

383 508 518 576 ﬁliis
563 505 1002 576 imperatoribus.
1047 504 1212 560 Liber
1261 503 1608 575 pontiﬁcalis
1652 517 1685 558 a
1722 501 2032 558 Guillelmo
2065 501 2123 558 A
2153 503 2418 576 imp.__xx.
2451 505 2770 574 Stephanus
2791 505 2908 576 sed.
2939 517 3074 572 ann,
3103 519 3194 573 xv,
3221 517 3399 576 mens.
3432 504 3498 573 ij.
3530 505 3635 560 Hic
3669 503 3813 562 fecit

388 593 830 650 bibliothecario
863 591 1242 649 continuatus
1276 599 1402 660 post
1425 591 1792 646 Anastasium
1831 591 2040 658 pertin-

387 682 473 754 git
497 681 564 736 ad
589 682 814 737 eosdem
853 679 1150 749 pontiﬁces
1180 680 1497 734 Adrianum
1538 681 1584 733 Il
1609 687 1664 733 et
1689 679 2036 747 Stephanum

387 771 477 836 VI.
534 769 794 825 Formosi
851 767 1146 838 proximos
1196 767 1542 823 decessores.
1591 768 1808 821 Testem
1860 766 2040 836 igitur

385 858 774 928 synchronum
795 856 942 912 dabo
969 855 1140 911 Libro
1178 856 1499 911 Pontiﬁcali
1531 855 1859 926 Catalogum
1887 856 2040 908 Nea—

385 946 731 1016 politanum,
777 950 834 999 et
881 945 1113 1014 quidem
1147 945 1454 1016 integrum,
1489 957 1604 999 una
1653 957 1783 998 cum
1817 941 2038 997 mendis

386 1033 604 1104 quibus
633 1045 956 1101 respersum
987 1038 1092 1086 est.
1123 1033 1319 1087 Menda
1341 1033 1493 1086 enim
1524 1032 1647 1100 ipsa
1667 1036 1725 1086 et
1745 1029 2039 1084 barbaries

388 1120 555 1176 ﬁdem
585 1120 775 1174 aetatis
804 1117 1045 1188 faciunt,
1077 1133 1237 1188 atque
1260 1133 1326 1174 ac
1347 1119 1634 1188 specimen
1665 1117 2032 1184 characteris,

387 1208 474 1264 uti
524 1207 886 1262 ostendimus
919 1207 978 1261 in
1033 1205 1366 1276 praefatione
1391 1208 1461 1262 ad
1504 1213 1722 1262 tomum
1761 1205 2034 1274 primum,

389 1309 626 1352 numero
656 1293 728 1351 39
753 1301 809 1350 et
849 1294 1242 1365 sequentibus.
1279 1297 1360 1350 En
1400 1295 1587 1364 ipsum
1627 1293 1957 1364 Catalogum
1983 1298 2040 1348 et

385 1383 674 1452 specimen
729 1382 1031 1452 scriptura
1106 1381 1544 1453 Longobardica:
1621 1382 1694 1437 ab
1743 1381 2037 1437 Holstenio

382 1469 571 1526 dictae.
604 1469 756 1540 (νεά.
787 1485 978 1540 supra,
1009 1471 1106 1524 col.
1135 1467 1262 1538 227,
1293 1468 1444 1543 228.)

383 1629 506 1687 XV.
535 1649 562 1682 α
611 1631 738 1684 Haec
759 1635 888 1684 sunt
924 1631 1159 1686 Nomina
1196 1633 1543 1691 Antistitum.
1573 1632 1672 1698 qui
1693 1630 1943 1700 Neapoli,
1986 1633 2036 1684 et

667 1717 899 1770 quorum
940 1707 1180 1772 tempora
1227 1705 1456 1769 fuerunt
1485 1701 1546 1755 id
1573 1707 1684 1755 est:
1717 1718 1744 1749 υ

2153 572 2453 628 basilicam
2475 572 2772 630 ad‘nomen
2793 575 3106 630 Salvatoris
3125 575 3391 644 copulata
3415 572 3547 631 cum
3573 575 3811 644 episco—

2154 646 2248 712 pio
2293 658 2402 712 que
2452 646 2664 701 usitata
2710 645 2964 700 nominis
3005 646 3313 713 Stephania
3362 652 3616 700 vocatur.
3672 648 3812 702 Fuit

2152 715 2508 782 temporibus
2549 716 2862 771 Anastasii.
2900 715 3210 770 Simmachi
3245 729 3373 784 pap.
3408 724 3465 770 et
3507 717 3808 772 Anastasii

2152 784 2288 852 imp.
2332 787 2450 853 xxj.
2482 787 2826 854 Pomponius
2857 787 3032 854 episc.
3077 786 3194 840 sed.
3222 798 3404 840 annos
3441 787 3646 855 xxviij.
3677 787 3812 843 dies

2150 869 2206 926 x7.
2241 855 2342 909 Hic
2366 855 2502 910 fecit
2533 856 2829 910 basilicam
2861 857 2930 910 ad
2967 869 3166 910 nomen
3197 863 3390 910 sancte
3413 857 3514 912 Dei
3548 858 3810 926 genitri—

2149 925 2236 980 cis
2258 939 2478 997 semper
2503 927 2760 997 Virginis
2788 927 2962 981 Marie
3000 939 3111 996 que
3139 926 3360 997 dicitur
3387 925 3640 997 majoris.
3669 928 3812 983 Fuit

2149 995 2506 1064 temporibus
2543 995 2821 1052 0rmisde.
2855 995 3119 1068 Johanni.
3159 996 3332 1068 Felici
3370 996 3651 1052 Bonifacii
3695 1012 3811 1068 pa—

2148 1067 2336 1138 ‘paxet
2363 1067 2671 1138 Anastasii.
2701 1074 2756 1122 et
2782 1067 2997 1122 Justini
3033 1067 3150 1138 imp
3192 1067 3335 1138 xxij.
3355 1067 3598 1138 Joannes
3618 1067 3803 1138 episc.

2152 1137 2456 1191 mediocris
2488 1138 2581 1191 sed
2613 1151 2744 1191 ann.
2799 1152 2892 1192 xx.
2925 1137 3050 1198 dies
3075 1137 3153 1206 xj.
3187 1137 3290 1190 Hic
3329 1137 3530 1193 absida
3559 1139 3810 1194 ecclesia

2147 1206 2453 1275 Stephanie
2499 1208 2653 1276 lapsa
2685 1221 2752 1262 ex
2794 1207 3060 1262 incendio
3091 1206 3438 1262 reformavit.
3491 1209 3647 1263 Fecit
3692 1209 3808 1264 ba—

2147 1277 2349 1348 silicas
2380 1279 2578 1348 sancti
2616 1279 2905 1333 Laurentii
2948 1277 3236 1348 martyris.
3269 1278 3402 1332 Fuit
3443 1279 3808 1348 temporibus

2145 1347 2412 1402 Johanni.
2456 1348 2704 1418 Agapiti.
2753 1348 3005 1414 Silverii,
3053 1347 3279 1417 Vigilii.
3315 1361 3444 1417 pap.
3485 1356 3542 1403 et
3564 1347 3804 1404 ’Justini

2150 1418 2287 1488 imp.
2338 1419 2501 1488 xviij.
2561 1419 2893 1473 Vincentius
2944 1419 3122 1487 episc.
3171 1419 3666 1488 sed.ann.):xiij.
3697 1421 3808 1474 Hic

2148 1487 2284 1542 fecit
2325 1487 2646 1559 prefulgida
2688 1489 2928 1544 ecclesia
2957 1489 3027 1544 ad
3079 1502 3280 1543 nomen
3311 1487 3635 1544 beatissimi
3667 1504 3809 1558 pre—-

2146 1561 2398 1628 corsoris
2439 1559 2717 1614 Johannis
2753 1560 3022 1628 Baptiste.
3075 1559 3232 1614 Fecit
3275 1564 3333 1614 et
3391 1559 3804 1628 baptisterium

2148 1627 2325 1700 fontis
2385 1629 2628 1700 minoris
2676 1627 2847 1684 intus
2881 1630 3190 1698 episcopio.
3247 1628 3382 1684 Fuit
3441 1627 3808 1700 temporibus

2146 1699 2362 1770 Pelagii
2401 1699 2645 1754 Johanni
2683 1713 2806 1769 pap.
2841 1705 2898 1754 et
2944 1699 3262 1755 Justiniani
3309 1706 3365 1754 et
3390 1699 3607 1756 Justini
3655 1701 3808 1770 imp.

2147 1767 2339 1838 xxiiij.
2387 1770 2585 1825 Redux
2615 1767 2791 1838 episc.
2821 1770 2939 1825 sed.
2985 1785 3118 1826 ann.
3166 1770 3254 1839 iij.
3285 1771 3412 1825 dies
3440 1772 3632 1840 xxiiij.
3664 1767 3809 1826 Fuit

460 1864 487 1895 α
527 1843 745 1912 Aspren
774 1843 1078 1912 episcopus
1120 1843 1271 1899 sedit
1299 1856 1480 1900 annos
1502 1843 1669 1913 xxiij.
1717 1843 1853 1898 Fuit
1883 1848 2034 1898 tem-
2067 1827 2122 1887 Β
2148 1827 2502 1913 temporibus
2556 1827 2846 1913 Be'iodicti
2898 1855 3023 1913 pap.
3079 1847 3136 1896 et
3177 1827 3402 1913 Tiberii
3432 1827 3806 1896 Constantini

387 1914 626 1984 poribus
687 1913 1014 1969 Clementis.
1053 1914 1325 1969 Anacliti.
1394 1916 1657 1970 Evaristi.
1722 1914 2031 1969 Alexandri

385 1999 561 2053 papae.
591 1987 650 2038 et
691 1985 919 2053 Trajani
951 1991 1006 2039 et
1032 1985 1269 2040 Adriani
1301 1985 1764 2053 imperatoribus.
1794 1985 1854 2052 ij.
1893 1985 2033 2053 Epi-

382 2055 612 2110 timitus
641 2055 944 2124 episcopus
967 2055 1116 2110 sedit
1144 2055 1316 2110 annis
1344 2057 1480 2124 xvij.
1515 2057 1649 2111 Fuit
1676 2055 2031 2123 temporibus

379 2126 571 2195 Xysti.
611 2125 943 2194 Telesphori
973 2139 1148 2194 papae.
1177 2131 1232 2180 et
1254 2125 1493 2180 Adriani
1517 2125 1899 2194 imperatoris.
1939 2126 2025 2193 iij.

379 2196 573 2250 Maron
608 2197 914 2264 episcopus
952 2196 1228 2251 sed.ann.
1264 2196 1454 2264 xxiiij.
1503 2197 1631 2250 Fuit
1675 2195 2032 2262 temporibus

379 2265 528 2334 lgini
559 2272 614 2319 et
653 2266 739 2320 Pii
791 2279 974 2334 papae.
1033 2271 1089 2319 et
1117 2266 1395 2319 Antonini
1431 2265 1513 2319 Pii
1551 2265 1932 2332 imperatoris.
1976 2271 2033 2318 et

379 2334 634 2391 ﬁliorum
660 2336 784 2402 ejus
807 2336 919 2402 iiij.
945 2335 1165 2390 Probus
1181 2335 1356 2402 episc.
1383 2335 1502 2388 sed.
1531 2349 1664 2388 ann.
1684 2335 1878 2402 xxiiij.
1901 2335 2033 2388 Fuit

381 2403 742 2474 temporibus
788 2404 1338 2474 Anecyti.7Soteris.
1383 2403 1691 2474 ,Eleutheri
1742 2418 1913 2470 papze.
1962 2408 2032 2474 et

377 2473 657 2529 Antenini
684 2473 836 2526 Veri.
863 2478 920 2526 et
945 2473 1108 2526 Lucii
1131 2473 1443 2526 Commodi.
1468 2480 1525 2526 et
1549 2473 1660 2526 Elii
1689 2473 2026 2526 Pertinacis.

379 2558 483 2598 seu
511 2542 699 2597 Severi
743 2541 1124 2608 imperatoris.
1158 2555 1209 2594 v.
1260 2541 1472 2596 Paulus
1495 2543 1670 2609 episc.
1721 2541 1838 2595 sed.
1871 2543 2027 2610 xxxj.

381 2613 514 2668 Fuit
547 2611 904 2678 temporibus
943 2611 1212 2665 Victoris.
1246 2612 1572 2678 Zepherini.
1602 2610 1804 2665 Calisti
1839 2626 2020 2679 papae.

379 2689 436 2736 et
455 2679 732 2751 Antonini
753 2679 1124 2751 Caracallaget
1144 2680 1384 2735 Macrini
1417 2682 1550 2750 imp.
1571 2681 1658 2751 vj._
1676 2681 2030 2751 Agrippinus

379 2752 558 2821 episc.
592 2750 712 2805 sed.
748 2763 878 2821 ann.
914 2749 1182 2821 xij.gFuit
1224 2751 1581 2818 temporibus
1612 2749 1848 2805 Urbani.
1877 2753 2032 2806 Pon—

380 2765 558 2821 episc.
592 2765 712 2805 sea.
748 2765 878 2804 ann.
914 2765 1019 2874 xii].
1048 2765 1182 2805 ruit
1224 2765 1581 2818 temporibus
1617 2765 1848 2805 urnam.
1877 2765 2029 2806 ron—

380 2821 526 2877 tiani
560 2834 716 2890 papa:
745 2828 800 2874 et
817 2819 970 2875 Aure
997 2819 1063 2888 ii,
1091 2826 1146 2875 et
1173 2821 1480 2876 Alexandri
1512 2821 1648 2889 imp.
1682 2822 1782 2889 vij.
1821 2824 2029 2877 Eusta—

377 2893 550 2948 chius
576 2891 752 2960 episc.
782 2891 900 2945 sed.
919 2903 1052 2945 ann.
1091 2891 1228 2960 xvij.
1267 2891 1400 2946 Fuit
1424 2891 1779 2960 temporibus
1806 2892 2028 2948 Anteri.

377 2961 615 3016 Fabiani
645 2974 820 3030 papae.
847 2969 904 3015 et
927 2961 1248 3016 Maximini.
1276 2966 1334 3016 et
1359 2961 1666 3016 Gordiani.
1689 2967 1746 3017 et
1774 2962 2026 3030 Philippi

379 3033 516 3101 imp.
550 3029 676 3099 viij.
706 3029 970 3100 Ephebus
998 3032 1175 3099 episc.
1219 3031 1336 3086 sed.
1383 3044 1516 3086 ann.
1545 3032 1694 3100 viiij.
1729 3031 1861 3087 Fuit
1891 3029 2030 3087 tem-

374 3101 618 3227 (p’oribus
653 3101 1148 3184 Cornelii._Lucii.
1171 3102 1443 3184 Stephani
1475 3115 1647 3172 papae.
1669 3104 1739 3184 lit
1759 3103 1938 3184 Decii.
1969 3109 2025 3157 et
2053 3131 2103 3194 Ο

425 3171 550 3226 allt.
583 3177 641 3227 et
665 3171 984 3226 Volusranl.
1010 3178 1067 3226 et
1095 3173 1388 3227 Emiliam.
1412 3179 1468 3226 et
1499 3173 1782 3227 Valeriani
1813 3179 1870 3227 et
1896 3173 2024 3227 Gal-

425 3171 550 3226 alli.
583 3177 641 3227 et
665 3171 984 3226 Volusiani.
1010 3178 1067 3226 et
1095 3173 1388 3227 Emiliani.
1412 3171 1782 3227 et'Valeriani
1813 3179 1870 3227 et
1896 3173 2024 3228 Gal-

375 3242 517 3297 lieni
547 3242 684 3310 imp.
707 3242 856 3310 viiij.
881 3243 1226 3297 Fortunatus
1248 3243 1424 3309 episc.
1454 3243 1570 3298 sed.
1591 3256 1725 3297 ann.
1750 3245 1866 3311 xxj.
1892 3244 2024 3298 Fuit

379 3311 734 3380 temporibus
762 3313 950 3383 Xysti.
997 3312 1271 3368 Dionisii.
1304 3313 1483 3368 Felix.
1532 3313 1746 3367 Euticii
1779 3327 1935 3383 papae
1967 3319 2024 3368 et

372 3383 621 3437 Claudii.
665 3387 721 3437 et
751 3382 1069 3437 Aureliani.
1103 3389 1160 3438 et
1197 3384 1401 3438 Taciti.
1435 3389 1492 3437 et
1517 3384 1683 3438 Probi
1732 3382 1931 3452 imper.
1963 3398 2016 3438 x.

374 3453 659 3507 Maximus
707 3452 883 3520 episc.
939 3453 1060 3508 sed.
1104 3466 1237 3508 ann.
1287 3454 1429 3522 xxij.
1488 3455 1620 3508 Fuit
1666 3453 2022 3523 temporibus

372 3523 544 3593 Gagi.
581 3523 922 3577 Marcellini.
950 3523 1202 3578 Marcelli
1237 3538 1360 3592 pap.
1381 3531 1436 3578 et
1461 3523 1613 3578 Cari.
1645 3532 1700 3578 et
1723 3525 1938 3578 Carini.
1967 3531 2024 3578 et

370 3593 691 3658 Aureliani,
725 3599 781 3648 et
812 3593 1175 3648 Diocletiani.
1203 3600 1260 3648 et
1284 3594 1616 3648 Maximiani
1649 3595 1786 3663 imp.
1817 3596 1897 3662 xj.
1930 3597 2023 3649 Zo-

371 3663 556 3719 simus
579 3663 762 3730 episc.
801 3663 918 3718 sed.
953 3677 1086 3718 ann.
1121 3665 1263 3732 xxij.
1298 3663 1405 3719 sub
1449 3678 1564 3733 quo
1605 3672 1800 3719 sancta
1831 3666 2024 3718 [testi-

369 3739 493 3788 tuta
545 3747 577 3787 a
613 3734 989 3788 Constantino
1039 3735 1176 3802 imp.
1233 3734 1416 3789 facta:
1476 3734 1606 3789 Fuit
1665 3736 2020 3802 temporibus

369 3803 624 3859 Eusebii.
649 3804 920 3858 Miltiadi.
952 3804 1213 3860 Silvestri
1238 3819 1364 3874 pap.
1395 3811 1452 3860 et
1477 3806 1852 3860 Constantino
1881 3807 2016 3875 imp.

370 3875 474 3945 xij.
505 3875 744 3945 Severus
768 3875 944 3945 episc.
980 3876 1098 3929 sed.
1118 3889 1252 3929 ann.
1283 3876 1443 3944 xlvij.
1476 3890 1652 3931 mens.
1699 3877 1760 3945 ij.
1787 3877 1916 3931 dies
1937 3878 2018 3945 xj.

368 3941 474 4014 Hic
501 3941 640 3998 fecit
666 3941 938 3998 basilicas
967 3945 1081 4012 iiij.
1115 3959 1227 4000 una
1257 3941 1568 4001 foris‘Urbe
1578 3941 1745 4014 juxta
1765 3941 2018 4001 sanctam

368 4013 645 4084 Susanna.
675 4019 732 4067 et
759 4014 1010 4084 nominis
1037 4014 1152 4069 sui.
1179 4015 1294 4070 alia
1321 4017 1474 4070 intra
1489 4013 1743 4070 civitate.
1775 4030 1885 4084 que
1913 4017 2015 4070 alii

369 4082 690 4154 Severiana.
739 4083 843 4136 alii
885 4091 1144 4138 sanctum
1188 4087 1495 4154 Georgium
1529 4093 1750 4140 vocant.
1787 4082 1854 4138 Et
1882 4085 2020 4138 fecit

369 4152 421 4224 S.
454 4153 709 4207 Martini.
739 4159 795 4207 et
825 4157 1007 4208 sancti
1041 4157 1206 4224 potiti
1254 4152 1618 4210 monasteria.
1664 4155 2020 4221 temporibus

367 4223 649 4291 silvestri.
685 4225 880 4279 Marci.
909 4223 1076 4280 Julii.
1109 4226 1344 4280 Liberii.
1379 4225 1554 4278 Felici
1590 4237 1762 4292 papae.
1797 4230 1854 4276 et
1881 4224 2021 4276 Con-

369 4293 633 4348 stantini.
667 4298 722 4348 et
748 4294 1069 4350 Constanti.
1102 4303 1159 4350 et
1185 4294 1569 4350 Constantini.
1601 4299 1658 4347 et
1687 4293 2018 4346 Constantis

367 4363 503 4418 Filii
531 4364 678 4432 ejus.
710 4371 768 4418 et
797 4365 1038 4420 Juliani.
1066 4369 1123 4418 et
1147 4363 1462 4419 Jobiniani.
1497 4376 1596 4417 seu
1628 4362 2015 4416 Balentiniani

2150 1911 2288 1979 imp.
2321 1924 2451 1964 xxv.
2477 1911 2800 1967 Demetrius
2820 1911 2996 1979 episc.
3027 1913 3121 1968 sed
3177 1924 3310 1966 ann.
3342 1911 3454 1980 iiij.
3486 1913 3618 1967 Fuit
3647 1917 3810 1966 tem—

2149 1981 2386 2050 poribus
2421 1981 2628 2050 Pelagii
2664 1995 2792 2050 pap.
2835 1989 2895 2037 et
2921 1982 3186 2038 Mauricii
3225 1982 3360 2050 imp.
3403 1983 3554 2050 xxvj.
3590 1983 3807 2036 Fortu-

2149 2059 2317 2106 natus
2347 2052 2490 2120 epic.
2545 2052 2663 2107 sed.
2692 2065 2825 2107 ann.
2868 2053 2966 2121 vij.
3002 2055 3127 2109 dies
3153 2053 3231 2120 xj.
3267 2053 3399 2107 Fuit
3437 2051 3808 2121 temporibus

2144 2123 2407 2191 Gregorii
2459 2136 2584 2192 pap.
2619 2130 2673 2177 et
2709 2123 2974 2178 Mauricii
3039 2125 3176 2193 imp.
3215 2123 3393 2191 xxvij.
3453 2122 3807 2193 Paschasius

2143 2193 2284 2260 epis.
2324 2193 2466 2263 sed.
2523 2207 2654 2263 ann.
2716 2194 2879 2263 xiiij.
2947 2195 3074 2248 dies
3127 2192 3198 2262 vj.
3253 2195 3384 2248 Fuit
3440 2192 3809 2261 temporibus

2140 2261 2359 2316 Sabini.
2396 2262 2697 2317 Bonifacii.
2740 2261 2895 2318 alius
2927 2261 3206 2321 Bonifacii
3234 2276 3361 2332 pap.
3395 2269 3450 2318 et
3482 2264 3620 2319 Foce
3649 2263 3798 2330 imp.

2141 2332 2343 2400 xxviij.
2376 2333 2661 2386 Johannes
2688 2334 2868 2400 episc.
2902 2335 3018 2388 sed.
3051 2347 3186 2388 ann.
3223 2348 3314 2388 xx.
3351 2347 3530 2388 mens.
3562 2333 3636 2401 vj.
3663 2332 3808 2387 dies

2140 2401 2294 2468 xiiij.
2325 2402 2425 2456 Hic
2443 2401 2578 2456 fecit
2597 2405 3088 2458 consumatorium
3101 2403 3423 2458 albatorum
3444 2401 3808 2458 interfontes

2144 2471 2466 2542 majoreet
2519 2471 2787 2542 ecclesiae
2832 2472 3172 2539 Stephaniaa.
3234 2471 3368 2527 Fuit
3430 2473 3801 2542 temporibus

2138 2540 2468 2611 Deusdedit.
2516 2539 2817 2611 Bonifacii.
2849 2543 3061 2596 Honori
3118 2555 3244 2610 pap.
3301 2549 3358 2596 et
3400 2539 3611 2596 Eraciii
3647 2544 3798 2611 imp.

2140 2609 2362 2678 xxviii].
2398 2610 2666 2680 Cesarius
2694 2611 2872 2679 episc.
2905 2612 3024 2666 sed.
3055 2609 3334 2679 an’nIiiij.
3364 2612 3492 2666 dies
3514 2613 3630 2680 iiij.
3659 2609 3811 2668 Fuit

2140 2680 2496 2762 temporibus
2528 2679 2788 2762 Seberini
2819 2694 2942 2762 pap.
2967 2688 3030 2762 et
3062 2681 3272 2762 Eraclii
3307 2683 3444 2762 imp.
3473 2679 3606 2762 xxx.
3637 2683 3806 2762 Gre:-

2143 2750 2327 2805 tiosus
2347 2752 2520 2819 episc.
2556 2751 2676 2805 sed.
2703 2763 2836 2806 ann.
2857 2750 2955 2819 vij.
2991 2751 3124 2806 Fuit
3147 2750 3503 2820 temporibus
3518 2753 3798 2808 Johanni.

2137 2820 2418 2892 Theodori
2467 2835 2590 2889 pap.
2638 2827 2694 2875 et
2736 2821 2948 2876 Eraclii
2991 2827 3048 2876 et
3083 2823 3190 2877 ﬁlii
3232 2823 3357 2891 ejus
3410 2823 3546 2890 imp.
3594 2824 3798 2892 xxxvj.

2138 2891 2422 2946 Eusebius
2451 2892 2624 2960 episc.
2661 2892 2777 2946 sed.
2811 2905 2944 2946 ann.
2979 2893 3052 2960 vj.
3080 2894 3212 2948 Fuit
3242 2893 3596 2960 temporibus
3631 2891 3803 2948 Mar-

2137 2962 2247 3015 tini
2285 2975 2412 3031 pap.
2439 2969 2495 3016 et
2517 2962 2880 3017 Constantini
2915 2962 3048 3032 imp.
3085 2963 3266 3032 xxxij.
3303 2963 3572 3018 Leontius
3601 2963 3791 3031 episc.

2137 3033 2254 3086 sed.
2305 3045 2438 3086 ann.
2493 3032 2606 3100 iiij.
2655 3033 2788 3088 Fuit
2844 3033 3198 3102 temporibus
3260 3033 3502 3096 Eugenii
3552 3047 3679 3102 pap.
3735 3040 3803 3090 et

2135 3103 2496 3157 Constantini
2530 3103 2666 3171 imp.
2703 3103 2906 3172 xxxiij.
2938 3103 3264 3158 Adeodatus
3293 3105 3469 3173 episc.
3505 3104 3622 3158 sed.
3645 3115 3795 3158 ann.

2136 3174 2297 3242 xviij.
2335 3173 2466 3227 Fuit
2495 3174 2850 3242 temporibus
2883 3175 3158 3229 Vitaliani
3194 3188 3318 3243 pap.
3339 3179 3396 3228 et
3419 3173 3797 3229 Constantini

2137 3243 2274 3312 imp.
2303 3243 2534 3312 xxxiiij.
2583 3245 2856 3313 Agnellus
2883 3245 3058 3312 episc.
3096 3245 3189 3299 sed
3218 3257 3358 3299 ann.
3393 3245 3510 3310 xxj.
3543 3243 3668 3298 dies
3690 3258 3793 3298 xv.

2134 3314 2238 3368 Hic
2262 3313 2400 3368 fecit
2424 3313 2663 3368 basilica
2695 3315 2762 3369 ad
2798 3328 3000 3370 nomen
3029 3315 3214 3370 sancti
3247 3315 3538 3370 Laurentii
3565 3320 3797 3382 marty-

2134 3385 2236 3452 ris,
2271 3398 2382 3454 que
2405 3383 2922 3440 diciturdiaconia.
2947 3387 3082 3441 Fuit
3105 3385 3460 3454 temporibus
3484 3383 3794 3450 Adeodati,

2130 3455 2298 3510 Doni.
2336 3455 2870 3526 Agathoni.Leoni.
2907 3456 3216 3510 Benedicti.
3247 3455 3513 3526 Johanni.
3539 3455 3790 3509 Cononi.

2130 3525 2314 3595 Sergii
2362 3539 2490 3594 pap.
2542 3531 2598 3580 et
2636 3525 2999 3580 Constantini
3039 3526 3352 3581 Justiniani
3413 3525 3551 3595 imp.
3611 3537 3791 3578 xxxv.

2129 3594 2396 3650 Julianus
2435 3597 2611 3664 episc.
2645 3597 2762 3650 sed.
2797 3609 2930 3650 ann.
2964 3597 3071 3666 vij.
3101 3611 3276 3652 mens.
3328 3595 3413 3664 iij.
3448 3594 3581 3666 Fuit
3609 3601 3788 3664 temp.

2129 3666 2309 3735 Sergii
2333 3679 2461 3734 pap.
2491 3674 2546 3720 et
2567 3667 2782 3722 Leontii
2803 3675 2858 3722 et
2881 3665 3100 3722 Tiberii
3122 3667 3264 3736 imp.
3299 3665 3513 3734 xxxvij.
3536 3666 3795 3736 Faustus

2129 3739 2306 3804 episc.
2341 3737 2458 3790 sed.
2493 3750 2624 3792 ann.
2661 3751 2943 3792 xv.mens.
2974 3739 3098 3807 viij.
3123 3735 3248 3792 dies
3263 3737 3414 3805 xxvj.
3443 3735 3578 3790 Fuit
3606 3741 3794 3807 temp.

2126 3807 2370 3861 Johanni
2402 3807 2644 3862 alterius
2667 3808 2931 3862 Johanni.
2965 3805 3326 3864 Constantini
3364 3821 3490 3876 pap.
3516 3813 3572 3860 et
3595 3805 3796 3860 Justi-

2131 3878 2316 3945 niani,
2349 3882 2406 3932 et
2433 3877 2762 3946 Philippici.
2789 3884 2844 3932 et
2868 3879 3188 3933 Anastasii.
3225 3885 3280 3933 et
3297 3877 3603 3932 Theodosii
3637 3876 3788 3944 imp.

2129 3948 2354 4014 xxxvij.
2401 3947 2636 4017 Sergius
2672 3949 2848 4014 episc.
2879 3948 2998 4017 sed.
3031 3963 3164 4003 ann.
3197 3949 3398 4016 xxviij.
3436 3961 3612 4002 mens.
3661 3946 3786 4015 iiij.

2127 4017 2252 4087 dies
2272 4017 2383 4083 iiij.
2409 4016 2909 4084 Fuittemporibus
2923 4016 3206 4087 Gregorii.
3237 4019 3480 4073 alterius
3493 4017 3787 4086 Gregorii.

2128 4086 2398 4156 Zacharie
2431 4099 2558 4156 pap.
2587 4087 2869 4156 etLeoni.
2897 4093 2954 4138 et
2971 4086 3334 4142 Constantini
3365 4090 3502 4156 imp.
3534 4087 3786 4155 xxxviij.

2127 4154 2360 4226 Cosmas
2373 4155 2547 4221 episc.
2573 4155 2688 4209 sed.
2707 4157 2898 4226 ann.j.
2924 4169 3082 4226 mens
3121 4157 3182 4224 ij.
3203 4159 3328 4212 dies
3349 4158 3434 4225 iij.
3449 4154 3588 4212 Fuit
3603 4154 3780 4226 temp.

2129 4224 2399 4295 Zacharie
2431 4237 2560 4292 pap.
2591 4231 2648 4278 et
2689 4225 3051 4280 Constantini
3085 4225 3222 4294 imp.
3258 4224 3524 4295 xxxvilij.
3567 4224 3790 4283 Caldus

2127 4293 2325 4364 episc.,
2357 4295 2480 4348 sed.
2524 4307 2657 4349 ann.
2712 4295 2816 4363 xij.
2865 4308 3042 4350 mens.
3078 4293 3190 4364 iiij.
3223 4297 3348 4352 dies
3389 4293 3616 4364 iijJHic
3645 4295 3792 4354 fecit

2129 4363 2427 4438 ecclesiam
2446 4365 2630 4420 sancti
2647 4365 2802 4438 Sossi
2823 4379 2934 4420 non
2960 4363 3244 4438 proculab
3269 4363 3584 4438 urbe.Fuit
3605 4375 3785 4438 temp.

368 4431 669 4506 implx’iij.
703 4433 884 4506 Ursus
907 4434 1240 4506 episcused.‘
1261 4431 1541 4506 annLiiij.
1573 4432 1702 4506 Fuii
1734 4433 2016 4506 tempori-
2044 4435 2098 4496 D
2128 4433 2399 4506 Stephani
2442 4449 2576 4506 pap.
2623 4442 2680 4490 et
2706 4431 3031 4491 Constantii
3064 4435 3201 4504 imp.
3231 4435 3311 4492 xl.
3359 4435 3570 4491 Paulus
3596 4431 3778 4506 episc.

366 4503 476 4558 bus
506 4503 732 4557 Damasi
769 4517 897 4571 pap.
941 4509 998 4557 et
1023 4502 1270 4556 Valenti.
1297 4507 1354 4556 et
1380 4502 1642 4557 Gratiani
1686 4503 1823 4570 imp.
1855 4503 2011 4572 xiiij.

361 4574 652 4628 Johannes
679 4573 856 4640 episc.
882 4573 1006 4642 sed.
1032 4584 1168 4626 ann.
1198 4572 1378 4639 xxvij.
1406 4573 1540 4626 Fuit
1566 4577 1737 4642 temp.
1763 4575 2012 4629 Damasi.

363 4641 584 4698 Siricii.
627 4641 919 4706 Anastasii
966 4655 1093 4711 pap.
1121 4647 1179 4696 et
1203 4642 1530 4697 Theodosii.
1557 4649 1614 4698 et
1642 4644 1914 4700 Arcadio.
1958 4651 2014 4700 et

364 4712 603 4769 Honorii
633 4712 778 4781 imp.
812 4712 938 4780 ejus
985 4712 1146 4766 ﬁliis.
1179 4727 1272 4766 xv.
1309 4713 1639 4768 Nostiamus
1680 4715 1855 4782 episc.
1891 4717 2006 4771 sed.

364 4797 502 4838 ann.
533 4783 673 4852 xvij.
723 4782 990 4854 Hict‘ecit
1016 4783 1287 4838 Balneum
1320 4783 1602 4854 Nostiani.
1635 4785 1766 4840 Fuit
1789 4792 2015 4854 tempo-

364 4854 530 4908 ribus
561 4851 876 4908 lnnocentii
907 4853 1139 4910 Zosimi.
1179 4851 1458 4909 Bonifacii
1503 4868 1633 4924 pap.
1671 4851 2013 4912 etTheodo—

365 4923 459 4996 sii.
487 4925 600 4992 xvj.
621 4925 911 4996 Timasius
938 4923 1115 4996 episc.
1149 4925 1266 4996 sed.
1291 4938 1424 4978 ann.
1449 4923 1603 4994 xxxj'.
1635 4926 1767 4980 Fuit
1788 4934 2012 4996 tempo-

362 4995 530 5066 ribus
552 4995 846 5050 Celestini.
885 4995 1068 5050 Xisti.
1098 4995 1269 5050 Leoni
1294 5009 1420 5064 pap.
1449 5002 1505 5050 et
1533 4997 1838 5052 Theodosii
1870 4998 2007 5066 imp.

361 5065 502 5136 xvij.
550 5066 708 5120 Felix
736 5066 913 5136 episc.
945 5067 1063 5122 sed.
1124 5079 1259 5120 ann.
1304 5066 1452 5135 viiij.
1489 5079 1664 5121 mens.
1721 5067 1784 5136 iij
1811 5068 1907 5122 die
1932 5065 2008 5122 vi.

363 5134 498 5206 Fuit
547 5141 716 5204 temp.
772 5134 942 5192 Leoni
992 5151 1118 5206 pap.
1174 5134 1478 5192 Marciani.
1531 5144 1588 5192 et
1623 5134 2009 5193 Balentiniani

365 5204 503 5276 imp.
533 5207 694 5275 xviij.
723 5207 883 5262 Soter
905 5204 1082 5276 episc.
1119 5208 1236 5262 sed.
1267 5220 1398 5262 ann.
1435 5208 1552 5276 xxj.
1580 5209 1683 5262 Hic
1711 5209 2009 5264 ecclesiam

365 5273 666 5347 beatorum
687 5273 1090 5345 Apostolorum
1116 5279 1460 5334 construxit.
1487 5273 1642 5333 Fecit
1660 5285 1717 5334 et
1741 5279 2010 5347 baptiste-

364 5343 515 5418 rium
540 5343 984 5418 ‘tjontis'majoris
1003 5349 1486 5418 intnsepiscopio.
1509 5349 1639 5404 Fuit
1654 5343 2010 5418 temporibus

364 5412 604 5491 Mylarii.
633 5412 942 5491 Simplicii.
976 5419 1150 5473 Felici
1176 5412 1318 5491 pap.
1354 5412 1411 5474 et
1437 5420 1606 5474 Leoni
1647 5412 1786 5491 ima:
1815 5420 2004 5486 xviiij.

365 5480 567 5562 Victor"
595 5480 778 5562 episc.
971 5501 1103 5562 ann-
1131 5480 1208 5556 xj..
1235 5480 1420 5562 Lucus.
1447 5504 1504 5545 x.
1537 5491 1640 5544 Hic
1671 5480 1804 5562 fecit
1845 5480 2008 5562 basi:-

365 5550 509 5632 l_icas
535 5550 679 5632 duas
709 5553 852 5632 foris
879 5550 1192 5632 civitatem:
1233 5558 1410 5632 Unam
1448 5565 1580 5632 ante
1603 5560 1900 5632 ecclesiam
1948 5560 2003 5632 S.

361 5622 636 5698 Januarii
668 5627 953 5698 martyris.
1007 5633 1076 5698 et
1116 5629 1170 5681 S.
1196 5629 1531 5698 Agrippini
1562 5629 1910 5684 confessoris
1937 5630 2006 5683 ad

363 5703 568 5746 nomen
590 5691 659 5768 Δ8.
681 5691 972 5768 S_tephani.
1004 5695 1212 5768 aliaad
1235 5691 1439 5768 nomen
1461 5705 1670 5754 sancta:
1698 5699 2011 5768 Euphemie

369 5761 658 5833 martyris.
699 5763 835 5818 Fuit
871 5763 1228 5832 temporibus
1254 5765 1469 5822 Gelasii
1515 5781 1641 5838 pap.
1697 5775 1755 5824 et
1787 5761 2008 5824 'Zenoni

2127 4505 2250 4559 sed.
2275 4518 2411 4558 ann.
2437 4505 2550 4573 iiij.
2585 4519 2758 4561 mens.
2790 4507 2852 4575 ij.
2885 4507 3010 4560 dies
3039 4507 3117 4561 vi.
3149 4507 3253 4562 Hic
3282 4507 3614 4562 construxit
3632 4505 3792 4564 inar-

2127 4589 2380 4630 moreum
2415 4575 2816 4644 baptisterium
2843 4577 2902 4630 in
2926 4580 3272 4633 monasterio
3303 4577 3486 4632 sancti
3514 4578 3784 4634 Januarii

2125 4645 2270 4718 foris
2308 4645 2469 4718 Urbe.
2517 4647 2650 4718 Fuit
2686 4654 2937 4716 tempore
2968 4647 3129 4703 Pauli
3165 4663 3304 4718 pape
3332 4653 3388 4702 et
3409 4648 3782 4704 Constantini

2125 4717 2262 4786 imp.
2297 4716 2402 4770 xli.
2433 4717 2756 4786 Stephanus
2797 4720 2974 4787 episc.
3014 4719 3132 4774 sed.
3166 4716 3304 4774 ann.
3339 4719 3550 4786 xxxiij.
3587 4731 3772 4773 mens.

2122 4802 2172 4840 v.
2206 4787 2333 4842 dies
2375 4788 2556 4856 xxvij.
2597 4789 2699 4843 Hic
2726 4787 2861 4844 fecit
2889 4789 3186 4844 ecclesiam
3217 4790 3400 4844 sancti
3433 4788 3584 4843 Petri
3613 4789 3783 4844 intus

2120 4859 2432 4928 episcopio.
2467 4857 2604 4914 fecit
2629 4865 2686 4913 et
2708 4859 2857 4914 intra
2885 4860 3230 4915 monasteria
3257 4861 3326 4915 ad
3351 4873 3553 4915 nomen
3588 4861 3780 4914 sancti

2121 4929 2294 4984 Festi.
2322 4933 2380 4982 et
2403 4930 2586 4984 sancti
2615 4930 2980 4986 Pantaleonis
3007 4937 3169 4985 mart.
3201 4934 3257 4985 et
3277 4931 3460 4984 sancti
3491 4929 3777 4985 Gaudiosi

2121 4999 2487 5054 confessoris.
2519 4999 2761 5056 Addidit
2797 5001 2969 5055 etiam
3003 5001 3061 5055 in
3093 5001 3274 5056 sancti
3308 4999 3591 5056 Gaudiosi
3641 5012 3780 5055 mo—

2121 5072 2374 5124 nasterio
2401 5069 2639 5124 basilica
2671 5077 2864 5140 sancte
2888 5071 3146 5126 Susanne
3166 5071 3228 5125 in
3248 5085 3357 5140 qua
3387 5083 3598 5138 corpus
3620 5069 3777 5140 ejus-

2119 5141 2246 5194 dem
2289 5143 2558 5209 martyris
2585 5141 2665 5194 ibi
2703 5139 2827 5209 ipse
2857 5142 3199 5196 recondidit.
3245 5139 3553 5196 Renovavit
3582 5139 3779 5195 eccle-

2121 5211 2208 5264 sia
2237 5210 2546 5281 Stephanie
2593 5211 2724 5281 igne
2763 5217 3027 5266 cremata.
3067 5214 3133 5266 Et
3177 5211 3258 5266 ibi
3307 5224 3544 5280 corpora
3583 5213 3774 5281 sancti

2120 5280 2410 5347 Euticeni,
2435 5287 2492 5335 et
2515 5280 2709 5336 Acutii
2741 5289 2904 5336 mart.
2933 5282 3254 5337 collocavit.
3289 5281 3404 5336 fuit
3432 5288 3601 5349 temp.
3635 5280 3774 5336 Ste—

2121 5350 2320 5419 phani.
2353 5352 2592 5420 Adriani
2616 5365 2740 5420 pap.
2773 5359 2829 5406 et
2856 5353 3240 5408 Constantini.
3265 5359 3320 5407 et
3355 5353 3519 5407 Leoni
3549 5355 3604 5404 et
3625 5351 3776 5406 Con-

2121 5421 2360 5492 stantini
2392 5419 2527 5490 imp.
2560 5419 2666 5490 lei
2690 5419 2934 5478 ’Paulus
2954 5424 3130 5492 episc.
3161 5424 3432 5478 sed.ann.
3455 5435 3555 5476 xx.
3589 5434 3772 5477 mens.

2121 5490 2234 5558 iiij.
2266 5491 2390 5563 dies
2414 5493 2486 5561 vj.
2522 5495 2631 5547 sub
2662 5493 2770 5548 hoc
2795 5490 3045 5562 fecitque
3063 5496 3271 5550 domna
3299 5492 3633 5563 Euphrasia‘
3653 5505 3772 5547 mo-

2123 5561 2434 5632 nasterium
2472 5567 2666 5618 sancte
2705 5564 2884 5618 Marie
2933 5561 3043 5632 que
3078 5563 3295 5618 dicitur
3318 5561 3405 5618 ad
3443 5561 3664 5624 Albini.
3700 5570 3776 5632 et

2119 5631 2378 5686 Anthimi
2411 5633 2610 5696 consul
2631 5633 2764 5688 fecit
2782 5631 3080 5689 basilicam
3099 5635 3283 5689 sancti
3311 5633 3472 5690 Pauli
3490 5631 3766 5702 apostoli.

2117 5707 2174 5758 et
2216 5704 2622 5758 monasterium
2679 5705 2865 5758 sancti
2901 5705 3090 5773 Cyrici
3136 5710 3192 5758 et
3219 5704 3422 5760 Julitte
3454 5701 3622 5758 mart.
3650 5701 3772 5759 fuit

2119 5779 2291 5844 temp.
2341 5773 2537 5830 Leoni.
2571 5773 2846 5844 Stephani
2902 5774 3164 5830 Paschali
3208 5787 3336 5846 pap.
3391 5781 3450 5830 et
3491 5773 3662 5830 Ereni
3710 5781 3770 5830 et
