3934 6410
179 345 300 412 84$

179 551 442 625 prouuna
464 551 1034 625 voluntate,unaque
1065 554 1418 625 operatione,
1440 556 1658 610 Mennae
1692 562 1746 611 et
1778 561 1836 611 S.

178 623 392 696 Cyrillo
421 623 814 696 Alexandrino
854 623 998 680 falso
1046 623 1421 696 adjudicata?
1475 628 1752 682 Prmterea
1780 629 1836 682 in

179 694 302 770 hoc
321 695 570 750 articulo
601 694 772 770 plura
801 694 1202 752 memorantur
1231 698 1584 770 exemplaria
1621 701 1691 754 ad
1726 700 1839 753 Ho-

175 767 413 842 norium
446 766 828 842 transmissa;
858 785 960 842 nee
981 773 1174 823 tamen
1200 766 1456 840 pontifex
1477 769 1534 824 in
1560 787 1838 842 responso

176 839 245 912 de
276 837 392 893 alio
435 836 764 912 exemplari
802 837 1065 912 loquitur
1106 836 1494 912 prieterquam
1545 841 1616 912 de
1655 836 1836 897 'unico

172 909 508 984 litterarum
539 908 805 984 exemplo
835 908 991 982 quod
1031 908 1271 984 Sergius
1317 908 1388 968 ad
1440 911 1836 984 Sophronium

173 979 487 1052 scripsisse
517 979 856 1052 simulabat;

245 1051 702 1126 Sextuspariter
720 1055 810 1107 est
829 1051 1172 1124 suppositus
1197 1051 1449 1126 :Aetenim
1473 1053 1644 1126 longe
1667 1057 1731 1108 ut
1753 1053 1836 1126 si-

172 1121 426 1178 lentium
450 1121 617 1196 fieret
631 1123 704 1196 de
727 1138 787 1178 re
799 1121 1196 1196 controversa,
1211 1124 1449 1196 Sergius
1468 1142 1498 1180 e
1523 1121 1833 1196 co'ntrario,

175 1199 501 1266 antequam
523 1193 889 1266 Sophronius
911 1195 1131 1250 veniret
1153 1195 1209 1249 in
1233 1193 1492 1262 scenam,
1515 1213 1690 1251 suum
1714 1195 1836 1251 ubi-

173 1281 288 1337 que
308 1265 619 1321 venenum
635 1265 930 1321 effundere
952 1273 1199 1321 conatus
1235 1271 1379 1333 erat,
1405 1272 1471 1322 ut
1516 1266 1834 1322 Ecclesiam

171 1336 468 1410 inficeret;
502 1337 1004 1410 quemadmodum
1038 1338 1110 1410 _S.
1146 1337 1437 1392 Maximus
1489 1337 1706 1410 Pyrrho
1737 1356 1835 1410 ex-

173 1409 439 1481 probrat.
465 1431 493 1457 ‹‹
517 1407 688 1481 Quid,
712 1407 1007 1481 inquiens,
1033 1408 1233 1481 igitur,
1255 1407 1564 1480 postquam
1598 1409 1836 1481 Sergius

173 1478 603 1552 inultismodis
623 1478 896 1552 morbum
922 1478 1096 1552 suum
1120 1479 1180 1534 in
1204 1478 1516 1552 commune
1533 1478 1836 1552 proposuit

173 1556 232 1623 et
255 1549 578 1623 maximam
608 1555 833 1623 partem
867 1549 1134 1606 Ecclesiae
1174 1551 1452 1623 corrupit,
1481 1549 1550 1607 ac
1567 1549 1832 1618 vastavit,

173 1622 223 1677 si
255 1623 320 1677 Β.
353 1621 720 1694 Sophronius
764 1623 1072 1677 admonuit
1109 1639 1244 1677 eum
1275 1621 1426 1694 cum
1477 1623 1831 1691 humilitate,

173 1710 301 1765 quae
325 1692 456 1766 ejus
486 1692 755 1766 habitum
778 1694 1019 1766 decebat
1048 1694 1118 1748 ad
1141 1693 1388 1766 vestigia
1415 1695 1543 1765 ejus
1574 1694 1836 1766 provolu-

169 1763 292 1829 tus,
315 1763 533 1836 Christi
574 1764 676 1819 Dei
727 1764 1103 1835 passionibus
1131 1763 1396 1832 vivificis,
1420 1763 1548 1836 q'uze
1574 1763 1833 1821 'omnem

171 1834 666 1922 supplicationem
698 1834 1093 1922 co‘ntinebant,
1119 1834 1591 1922 commemoratis
1602 1855 1635 1922 ᾖ.
1645 1842 1707 1922 et
1732 1838 1833 1922 eb-
1860 1857 1908 1922 Β

172 1907 400 1980 testans
430 1923 503 1962 ne
533 1923 732 1980 vocem
761 1907 1164 1980 haereticorum
1187 1909 1363 1980 probe
1386 1907 1525 1963 olim
1549 1925 1582 1963 a
1602 1909 1702 1963 SS.
1732 1909 1830 1964 Pa-

170 1979 367 2060 tribus
409 1977 813 2060 superioribus
843 1977 1214 2060 exstinctam
1263 1983 1591 2048 renovaret;
1643 1980 1828 2036 fuitne

169 2053 380 2106 auctor
409 2048 591 2120 hujus
623 2049 923 2120 scandali?
946 2071 974 2098 »
1003 2049 1188 2120 (Ibid.)

239 2119 639 2193 Quamobrem
661 2119 936 2193 credibile
966 2125 1072 2193 est,
1087 2119 1283 2193 veram
1314 2120 1625 2193 epistolam
1645 2120 1827 2193 Sergii

168 2197 302 2263 post
330 2191 668 2263 exordium,
684 2191 841 2263 quod
870 2191 929 2246 in
963 2191 1208 2263 articulo
1255 2191 1441 2263 primo
1473 2191 1826 2257 continetur,

167 2261 430 2346 incipere
460 2263 548 2346 an
565 2261 810 2345 articulo
839 2262 1109 2336 septimo.
1135 2261 1281 2346 ipso:
1295 2263 1453 2319 enim
1495 2263 1557 2319 in
1595 2265 1828 2346 exordio

169 2333 486 2408 pollicetur
513 2333 773 2407 Sergius,
806 2351 870 2390 se
906 2333 1043 2390 rem
1091 2333 1466 2390 narraturum
1523 2337 1827 2460 ron{estim,

170 2410 325 2460 quod
351 2404 702 2460 naturaliter
723 2404 973 2460 cohaeret
993 2423 1126 2460 cum
1151 2406 1402 2460 septimo
1425 2406 1610 2460 articu
1638 2423 1670 2460 ο
1691 2405 1827 2460 inci-

170 2404 325 2478 quod
351 2404 702 2478 naturaliter
723 2404 973 2478 cohaeret
993 2423 1126 2461 cum
1151 2406 1402 2477 septimo
1425 2404 1670 2462 articulo
1691 2405 1830 2460 inci-

209 2479 364 2533 iente
385 2477 460 2533 ab
491 2475 566 2533 iis
583 2477 776 2549 verbis
803 2479 973 2549 {quia
1003 2479 1177 2546 igitur
1195 2475 1320 2549 (inte
1337 2494 1571 2549 parvum
1599 2485 1825 2548 tempus.

215 2554 238 2604 t
267 2566 412 2605 sane
443 2548 810 2604 constituens
831 2547 941 2603 hoc
961 2547 1021 2603 in
1044 2548 1289 2604 articulo
1321 2547 1674 2620 principium
1698 2547 1831 2604 con-

169 2619 609 2702 traversize,quo
628 2623 889 2702 tempore
906 2623 1229 2702 Cyruserat
1244 2619 1575 2702 patriarcha
1590 2619 1830 2702 Alexan-

171 2691 402 2747 drinus.
435 2690 734 2747 evidenter
754 2690 1108 2747 contradicit
1136 2690 1444 2747 affirmatis
1475 2691 1532 2744 in
1566 2690 1828 2746 articulis

171 2734 658 2836 praecedentibus,
692 2763 848 2834 quod
888 2778 1098 2836 nempe
1128 2763 1520 2836 controversia
1549 2760 1831 2834 inceperit

173 2833 313 2907 dum
345 2833 534 2907 Cyrus
565 2833 760 2889 adhuc
790 2838 915 2889 erat
944 2833 1586 2907 Lanarumepiscopus.

238 2904 694 2976 Interpolatores
725 2909 920 2961 autem
958 2905 1095 2960 huic
1143 2904 1390 2976 articulo
1436 2904 1826 2976 inseruerunt,

172 2977 327 3049 quod
352 2975 508 3032 inter
526 2981 837 3049 utramque
858 2980 1084 3048 partem
1102 2977 1173 3032 de
1195 2975 1548 3049 quibusdam
1566 2975 1830 3049 articulis

170 3047 528 3104 conventum
558 3050 701 3115 erat,
725 3047 978 3119 quorum
1028 3065 1184 3104 unus
1218 3047 1355 3102 erat
1385 3048 1456 3102 de
1488 3047 1829 3119 unicaJesu

169 3119 388 3176 Christi
421 3118 778 3192 operatione.
812 3119 1075 3192 Namque
1103 3123 1440 3192 apparetex
1474 3118 1708 3192 Honorii
1740 3135 1828 3172 re-

169 3189 584 3262 sponso,q‘uod
607 3189 923 3262 Sergiusin
943 3189 1082 3262 suis
1107 3189 1317 3245 litteris
1344 3189 1430 3262 illi
1465 3189 1828 3262 significave-

169 3260 276 3329 rat,
302 3260 542 3318 nullum
564 3278 594 3317 e
615 3260 1005 3318 SS.Ecclesia3
1032 3261 1302 3316 Patribus
1324 3260 1593 3317 docuisse
1624 3277 1824 3326 unam,

170 3339 271 3389 aut
289 3334 446 3389 duas
468 3332 858 3405 operationes.
878 3335 952 3388 Ac
973 3332 1216 3405 proinde
1239 3349 1353 3405 non
1383 3336 1572 3405 potest
1593 3332 1740 3405 fieri,
1765 3335 1831 3387 ut

170 3407 355 3478 Cyrus
376 3403 626 3478 ejusque
648 3420 850 3478 recens
871 3403 1138 3478 conversi
1151 3403 1427 3478 discipuli
1443 3405 1521 3478 de
1542 3403 1744 3459 eadem
1768 3419 1829 3457 re

169 3474 545 3533 confecerint
571 3474 886 3530 articulum
935 3474 1089 3530 fidei.
1119 3474 1395 3546 Idemque
1426 3475 1496 3529 de
1527 3479 1751 3540 octavo,
1776 3478 1832 3529 et

168 3563 324 3604 nono
372 3545 701 3603 litterarum
732 3545 995 3602 articulis
1017 3546 1242 3601 dictum
1264 3545 1437 3601 velim
1454 3563 1468 3612 ;
1488 3546 1648 3617 quod
1674 3562 1834 3617 nem-

169 3635 238 3691 pe
261 3635 334 3674 ex
358 3617 598 3691 Honorii
620 3634 900 3691 responso
922 3622 1167 3691 constet,
1193 3617 1338 3672 nihil
1368 3615 1600 3691 penitus
1624 3617 1673 3672 ei
1697 3615 1834 3691 scri-

166 3687 336 3762 ptum
359 3689 546 3762 fuisse
569 3706 603 3744 a
625 3687 824 3762 Sergio
850 3690 922 3744 de
949 3689 1206 3762 laudatis
1237 3687 1636 3762 conventionis
1668 3688 1833 3760 capi-

167 3759 352 3826 tibus,
377 3777 412 3816 a
451 3759 827 3832 solummodo
878 3761 1033 3832 quod
1065 3760 1248 3832 Cyrus
1298 3759 1712 3832 praedicaverat
1735 3759 1834 3815 re-

167 3849 308 3889 cens
337 3831 638 3904 conversis
669 3831 729 3887 in
759 3831 970 3904 genere
1000 3831 1180 3904 unam
1212 3831 1632 3904 operationem.

235 3903 540 3976 Articulus
572 3903 640 3958 10
669 3901 1088 3976 est'addititius
1114 3901 1290 3976 :_nam
1315 3902 1614 3976 Honorius;
1626 3901 1687 3976 in
1720 3901 1835 3956 fine

169 3973 433 4048 epistolae
487 3991 549 4030 se
595 3974 835 4048 perinde
864 3991 932 4030 ac
983 3973 1240 4048 Sergius
1285 3974 1501 4048 sentire
1553 3973 1832 4048 affirmat.

171 4043 330 4118 Itane
346 4062 485 4118 vere
507 4043 907 4118 respondisset
927 4043 1207 4118 epistolae,
1225 4043 1284 4100 in
1303 4062 1421 4118 qua
1437 4045 1836 4118 signiﬁcatum

169 4117 220 4173 ei
249 4121 430 4180 esset,
455 4117 577 4173 fore
599 4115 852 4172 arduum
884 4115 1297 4172 ac'onerosum
1321 4115 1587 4172 adimere
1619 4115 1836 4170 articu-

167 4189 294 4244 lum
345 4187 527 4244 unius
576 4188 952 4260 operationis,
979 4188 1050 4243 de
1080 4205 1198 4260 quo
1227 4192 1577 4243 conventum
1623 4190 1748 4242 erat
1777 4185 1837 4240 in

168 4260 629 4331 unionerecens
658 4276 1072 4316 conversorum
1124 4276 1258 4314 cum
1289 4261 1434 4331 Cyro
1470 4277 1482 4314 :
1519 4262 1837 4331 postquam

170 4330 442 4404 docuerit
461 4331 619 4402 quod
641 4349 822 4387 unam
844 4331 1242 4404 operationem
1265 4329 1499 4386 credere
1522 4329 1838 4401 Eutychia-

171 4418 388 4460 norum
421 4402 483 4456 in
515 4419 660 4458 sana
690 4402 984 4459 sententia
1011 4403 1184 4458 erat?

243 4473 608 4530 Undecimus
652 4475 722 4529 ad
769 4490 978 4546 veram
1016 4471 1322 4546 epistolam
1373 4475 1644 4546 spectat;
1693 4470 1839 4546 falso

175 4550 377 4602 autem
409 4545 786 4618 docet,iquod
819 4541 1068 4618 sergius
1088 4545 1357 4618 hortatus
1387 4541 1564 4618 fuerit
1594 4541 1842 4618 Sophro-

958 348 1331 414 HISTORIA
1373 352 1475 414 DE
1518 345 1721 416 VITIS
1769 349 1959 418 ROM.
2004 355 2234 416 PONT.
2268 386 2346 401 —
2378 355 2444 418 S.
2489 356 2838 424 AGATHO.’

179 498 366 554 supra
395 476 810 556 meminimus;
846 483 1182 538 testimonia
1213 483 1496 556 inieadem
1522 485 1843 540 adduxerat
1868 489 1926 556 Α

3479 362 3597 426 846

2027 489 2150 566 Duo
2182 494 2500 566 sequentes
2544 490 2780 566 articuli
2815 492 2878 566 lt
2910 495 2965 546 et
2998 494 3065 547 15
3094 496 3234 548 sunt
3279 511 3422 549 verae
3474 495 3598 566 epi-

1955 559 2366 634 stola:;_iisque
2398 560 2633 634 Sei'gius
2668 561 2915 617 Honorio
2954 566 3302 634 persuadere
3336 559 3598 634 conatur,

1951 631 2644 714 uteredat,quzestionem
2677 650 2803 713 esse
2836 634 2907 687 de
2955 631 3015 689 re
3049 637 3302 714 ‘nomine
3332 643 3521 696 tenus.
3545 631 3601 693 et

1949 701 2008 755 in
2029 701 2257 756 Oriente
2275 701 2399 770 jam
2424 711 2768 758 convenerat
2783 705 2933 758 inter
2951 706 3290 762 catholicos.
3313 709 3601 765 Honorius

1948 773 2019 851 (ie
2050 774 2200 851 tacto
2231 773 2287 828 id
2315 775 2580 851 credens,
2602 776 3003 851 grammaticis
3037 779 3444 836 remittendam
3470 782 3600 851 eius

1947 844 2301 928 decisionem
2333 844 2646 928 respondth
2679 863 2737 928 λε(
2763 846 3178 928 Relinquentes
3202 867 3268 928 ea
3300 844 3597 928 gramma-

1945 914 2098 990 ticis,
2131 914 2453 990 quisolent
2501 915 2759 990 parvulis
2797 914 3087 990 exquisita
3131 914 3444 978 derivando
3494 940 3596 980 no-

1948 985 2108 1061 mina
2136 985 2450 1061 vindicare.
2480 985 2519 1036 vi
2539 988 2657 1059 (Ep.
2689 985 2903 1061 Honor:
2926 990 2995 1045 ad
3023 993 3204 1061 Serg.)

2008 1058 2226 1129 Sextus
2257 1058 2540 1131 decimus
2572 1058 2662 1131 est
2711 1059 3009 1131 legitimus
3047 1078 3058 1116 :
3096 1058 3155 1118 at
3188 1058 3495 1131 Sergium,
3529 1070 3596 1122 ut

1944 1127 2098 1204 idem
2131 1133 2397 1204 testatur,
2432 1129 2749 1204 scripsisse
2771 1127 3107 1204 ‘Sophronio
3139 1127 3594 1204 epistolam,'cu-

1936 1199 2040 1270 jus
2071 1200 2414 1278 e_x_empl_um_
2435 1199 2782 1278 tran§mi_ttit
2803 1199 3076 1278 Honorio,
3098 1199 3371 1260 falsitatis
3401 1207 3596 1278 arguit

1944 1271 2221 1349 synodica
2244 1271 2515 1342 ejusdem
2547 1273 3040 1349 Sephroniidata
3063 1271 3152 1349 'eo
3185 1293 3356 1349 _anno
3385 1278 3456 1332 ad
3470 1271 3592 1349 ipa-

1944 1342 2229 1420 triarciias
2247 1361 2269 1420 ;_
2292 1361 2361 1398 ex
2381 1360 2447 1420 ea
2467 1343 2623 1420 enim
2644 1342 2857 1420 liquet,
2881 1345 3039 1402 hunc
3055 1345 3302 1420 minime
3332 1342 3593 1420 potuisse

1944 1430 2079 1495 cum
2112 1414 2310 1495 Sergio
2341 1413 2631 1495 colludere
2653 1413 2733 1470 de
2755 1415 3094 1495 hujusmodi
3123 1413 3462 1495 quaestione,
3487 1437 3593 1476 nec

1944 1485 2120 1563 talem
2153 1485 2461 1563 epistolam
2507 1486 2579 1563 ab
2612 1503 2676 1542 eo
2720 1485 2933 1559 petere,
2960 1493 3023 1544 ut
3053 1485 3228 1547 suum
3258 1490 3367 1547 hac
3416 1506 3594 1563 super

1945 1573 2006 1610 se
2037 1555 2338 1612 silentium
2371 1562 2650 1612 tueretur.

2015 1627 2314 1702 Septimus
2346 1628 2610 1702 decimus
2629 1633 2718 1702 est
2743 1630 3172 1702 supposititius.
3195 1632 3342 1688 Nam
3365 1636 3596 1689 constat

1943 1710 2010 1772 ex
2032 1697 2243 1772 litteris
2272 1700 2526 1772 Honorii,
2552 1701 2705 1771 quod
2731 1697 2913 1772 Sergii
2935 1702 3181 1772 epistola
3200 1720 3314 1761 non
3337 1705 3595 1760 contine-

1944 1768 2044 1857 bat
2076 1769 2256 1857 uiiam
2281 1768 2668 1857 quaestionem
2689 1773 2760 1857 de
2783 1768 3026 1828 HEracIii
3051 1774 3421 1857 imperatoris
3442 1793 3594 1857 quea-

1943 1839 2204 1917 _sitis,_ita
2235 1839 2656 1917 ut_].nrzetensus
2689 1843 2909 1917 Mennae
2942 1839 3477 1917 sermo'reproduci
3502 1848 3594 1902 de-

1939 1911 2149 2037 buerit,
2175 1917 2276 1967 aut
2305 1911 2456 1969 alius
2491 1914 2548 1968 S.
2576 1913 2782 1970 Leonis
2808 1919 3000 1972 textus
3033 1917 3106 1972 ad
3135 1911 3590 1974 controversiam

1939 1999 2074 2037 snec
2106 2000 2234 2037 ans.

1939 1999 2234 2054 spectans.

2009 2054 2258 2110 Octavus
2287 2053 2550 2130 decimus
2591 2056 2662 2130 ad
2706 2071 2908 2130 veram
2958 2056 3268 2130 epistolam
3314 2058 3584 2130 pertinet.

1937 2126 2114 2181 Secus
2144 2131 2231 2210 est
2279 2127 2354 2208 de
2408 2143 2560 2181 nono
2592 2127 2839 2210 decima.
2873 2126 3096 2210 Quippe
3129 2126 3420 2186 Honorius
3470 2147 3588 2210 non

1939 2201 2224 2270 memorat
2245 2197 2358 2252 nisi
2382 2214 2568 2270 unum
2599 2199 2931 2270 exemplum
2963 2197 3291 2256 litterarum
3317 2219 3330 2257 :
3355 2200 3588 2257 tametsi

1939 2268 2192 2340 Pyrrhus
2228 2273 2297 2340 et
2343 2268 2582 2339 Paulus,
2614 2286 2748 2340 cum
2769 2268 3202 2327 deliberassent
3247 2271 3306 2327 in
3358 2271 3589 2328 archivo

1938 2339 2520 2416 Constantinopoleos
2561 2339 2843 2396 collocare
2881 2342 3433 2416 exemplumSergii
3463 2343 3590 2414 epi-

1939 2410 2097 2484 stolae
2123 2411 2204 2484 ita
2217 2410 2537 2484 fabricatae,
2561 2416 2627 2466 ut
2655 2429 3003 2484 responsum
3029 2410 3264 2469 Honorii
3294 2410 3430 2470 eu'm
3461 2410 3591 2469 esse

1939 2481 2383 2556 Monothelitam
2441 2481 2770 2556 evinceretf
2791 2484 2989 2556 omnia
3036 2485 3145 2541 hoc
3202 2485 3261 2539 in
3320 2488 3592 2556 corrupto

1937 2552 2200 2626 exemplo
2234 2559 2556 2626 memorata
2593 2555 2664 2626 ad
2714 2555 3031 2626 Honorium
3061 2556 3418 2612 transmissa
3464 2552 3594 2611 esse

1938 2624 2342 2699 simularunt;
2359 2625 2516 2699 haud
2563 2624 3114 2699 animadvertentes,
3148 2628 3304 2699 quod
3355 2627 3592 2683 Honorii

1937 2696 2382 2770 responsumide
2402 2696 2575 2752 unico
2597 2697 2860 2770 exemplo
2883 2696 3377 2770 loquensfeorum
3399 2715 3594 2754 versu-

1935 2766 2054 2839 tias
2067 2767 2406 2839 detegebat.

2007 2837 2389 2910 Vicesimum.
2416 2855 2481 2895 ac
2530 2844 2896 2910 postremum
2930 2839 3242 2895 articulum
3288 2840 3594 2895 convenire

1937 2908 2215 3033 epistolae,
2232 2909 2324 2964 cui
2351 2908 2642 2967 Honorius
2669 2911 2998 2982 respondet,
3018 2910 3220 2983 negari
3242 2927 3357 2965 non
3381 2915 3590 2981 potest.

1941 2980 1961 3033 Ι
2032 2996 2166 3033 vero
2196 2996 2384 3033 unum
2442 2981 2565 3033 ﬁeri
2613 2979 2788 3033 velim
2843 2981 2916 3033 ab
2973 2981 3067 3033 iis.
3100 2981 3200 3033 aui
3258 2979 3588 3033 epistolam.

1941 2979 1999 3053 id
2032 2996 2166 3053 vero
2196 2996 2384 3053 unum
2442 2981 2585 3053 fieri
2613 2979 2788 3035 velim
2843 2981 2916 3053 ab
2973 2981 3067 3048 iis,
3098 2979 3200 3053 qui
3258 2979 3588 3053 epistolam,

1938 3050 2127 3124 Sergii
2154 3051 2391 3106 nomine
2429 3051 2806 3124 publicatam,
2831 3050 3035 3124 volunt
3064 3050 3191 3124 esse
3221 3050 3404 3124 totam
3433 3051 3592 3124 ejus-

1939 3121 2072 3177 dem
2106 3122 2319 3188 fetum;
2354 3121 2672 3188 ut_nempe
2715 3121 3084 3177 consentiant
3132 3123 3202 3178 de
3251 3121 3596 3177 orthodoxia

1939 3193 2225 3265 responsi
2254 3193 2491 3248 Honorii
2528 3211 2540 3248 :
2573 3191 2654 3249 ibi
2711 3192 2867 3248 enim
2911 3191 3205 3265 evidenter
3256 3192 3596 3265 agnoscitur

1940 3263 2084 3320 ﬁdes
2141 3263 2532 3336 voluntatum,
2586 3268 2766 3336 atque
2817 3263 3224 3336 operationum
3272 3263 3593 3336 utriusque

1940 3340 2190 3402 naturae;
2227 3340 2283 3390 et
2313 3335 2415 3391 ubi
2444 3334 2706 3402 loquitur
2737 3335 2808 3390 de
2837 3334 2956 3390 una
2983 3335 3123 3391 Jesu
3150 3334 3367 3391 Christi
3394 3334 3593 3390 volun-

1939 3412 2075 3490 tate.
2108 3405 2384 3490 intelligit
2420 3407 2492 3462 de
2519 3405 2802 3490 humana,
2823 3423 2872 3490 va
2897 3409 3237 3490 caeterorum
3270 3405 3592 3490 hominum

1939 3478 2237 3550 voluntate
2267 3476 2516 3550 diversa,
2552 3479 2674 3550 qui,
2708 3481 2781 3550 ut_
2823 3476 3111 3550 Honorius
3160 3476 3408 3550 explicat
3455 3492 3594 3532 cum

1942 3551 2004 3604 B.
2040 3547 2248 3622 Paulo,
2273 3547 2587 3622 legem_in‘
2607 3548 2891 3622 membris
2921 3549 3186 3622 sentiunt
3231 3547 3599 3622 pugnantem

1943 3637 2079 3692 cum
2111 3618 2371 3692 spiritu':
2410 3641 2438 3692 ς(
2471 3620 2586 3692 Lex
2617 3620 2734 3692 alia
2764 3619 2823 3674 in
2856 3618 3295 3692 membris,‘aut
3327 3618 3605 3692 voluntas

1946 3688 2189 3762 diversa
2231 3708 2349 3746 non
2405 3691 2536 3757 fuit,
2596 3691 2686 3747 vel
2742 3690 3036 3762 contraria
3093 3688 3421 3762 Salvatori:
3469 3689 3610 3762 quia

1943 3779 2122 3889 enipler
2177 3761 2366 3835 legem
2427 3766 2602 3818 natus
2659 3765 2749 3819 est
2806 3761 3078 3817 humanae
3151 3761 3522 3818 conditionis.
3580 3781 3610 3811 »

2030 3852 2049 3888 ι
2115 3877 2127 3889 .

1968 3837 2127 3890 Ibidl.

1943 3836 2469 3976 (Ibéczgterumsis.
2503 3903 2600 3976 hic
2643 3901 2904 3972 pontifex
2935 3901 3148 3976 ullaiin
3182 3919 3243 3960 re
3273 3902 3606 3976 culpandus

1943 3976 2235 4041 videatur,
2257 3974 2450 4030 nimiae
2485 3975 2558 4030 ad
2592 3989 2898 4047 summurn
2923 3973 3480 4047 facilitatiseulpari
3512 3991 3610 4046 po-

1945 4053 2080 4113 test,
2103 4047 2244 4102 dum
2269 4062 2577 4102 assensum
2600 4045 2849 4117 praabuit
2865 4045 3049 4117 Sergii
3071 4045 3316 4117 consilio
3333 4045 3612 4117 utrinque

1945 4117 2178 4199 tacendi
2239 4135 2349 4199 pra
2376 4115 2742 4199 bono‘pacis:
2772 4115 2896 4170 Non
2928 4115 3084 4172 enim
3117 4116 3355 4199 Sergius
3386 4115 3610 4199 sincere

1948 4189 2178 4259 agebat,
2208 4185 2274 4243 ut
2318 4189 2484 4243 docet
2535 4185 2800 4259 historia,
2830 4203 3058 4259 necnon
3091 4203 3159 4242 ex
3189 4185 3317 4257 ejus
3363 4185 3612 4259 epistola

1949 4257 2476 4334 pl'enamendaciis
2495 4257 2988 4334 deprehenditur.

2014 4332 2100 4386 Ad
2129 4330 2368 4402 Honorii
2419 4329 2725 4402 epistolam
2759 4329 2913 4402 quad
2957 4332 3200 4402 spectat,
3225 4345 3293 4402 ea
3339 4331 3495 4402 certe
3522 4330 3612 4383 est

1951 4401 2378 4457 sententiarum
2419 4399 2672 4455 maxime
2718 4399 3026 4468 nobilium,
3061 4404 3119 4455 et
3149 4399 3607 4455 christianarum

1953 4476 2277 4529 contextus.
2311 4472 2687 4543 Dignumque
2734 4471 2985 4527 arbitror
3032 4470 3425 4543 excusatione,
3451 4470 3608 4542 quod

1953 4543 2260 4600 silentium
2291 4541 2731 4614 approbaverit;
2768 4559 2904 4597 nam
2940 4543 3320 4614 considerans
3349 4541 3615 4614 disputa-

172 4593 366 4686 nium,
389 4620 456 4672 ut
485 4593 1093 4673 testimbhia~13atrum
1143 4616 1458 4671 adduceret
1487 4614 1558 4669 de
1610 4593 1841 4686 durabus
1872 4593 1919 4659 Ι)
1950 4615 2126 4670 tionis
2143 4593 2441 4686 objectrurm
2467 4593 2750 4684 tanquam
2766 4614 3149 4686 quaestionem
3168 4613 3404 4686 nomine
3419 4593 3612 4686 tgnus,

175 4684 643 4762 operationibus,
674 4687 772 4744 ille
823 4704 958 4762 vero
1008 4687 1072 4762 id_
1125 4690 1402 4762 praestare
1458 4684 1833 4762 nequiverit:

177 4755 702 4832 namquecentum
732 4757 992 4832 prolatos
1023 4755 1347 4832 abjeodiem
1377 4773 1526 4832 esse,
1554 4755 1840 4832 syngdica

173 4827 489 4903 Sophronii
520 4831 594 4886 ad
620 4827 888 4904 Sergium
919 4829 1196 4904 ostendit.
1215 4830 1291 4904 Et
1321 4827 1636 4904 concilium
1663 4827 1836 4904 Late-

177 4900 431 4959 ranense
480 4917 516 4956 a
562 4900 754 4983 ponti
785 4901 1041 4982 Maatina
1086 4901 1108 4957 Ι
1149 4900 1524 4982 celebratum.
1561 4902 1835 4965 testatur,

177 4990 315 5029 eum
363 4971 681 5030 adduxxsse
726 4976 999 5029 sexcenta
1026 4989 1086 5027 1n
1118 4972 1348 5027 duobus
1393 4970 1561 5026 llbl‘ls
1610 4970 1681 5025 de
1728 4968 1838 5024 hac

177 5062 239 5101 re
268 5043 643 5116 conscriptis.
666 5043 891 5116 (Synod.
913 5045 1110 5115 Saphr.
1143 5043 1214 5098 ad
1241 5043 1518 5116 Serg._ap.
1552 5057 1712 5116 conc_
1727 5057 1838 5116 gen

177 5063 239 5101 re
268 5063 643 5116 conscriptis.
666 5063 725 5113 ω
766 5063 891 5101 noa.
913 5063 1110 5115 oopnr.
1143 5063 1214 5098 aa
1241 5063 1393 5112 oerg.
1425 5063 1518 5113 ap.
1552 5063 1694 5095 conc
1767 5063 1838 5096 en

177 5134 258 5189 vI,
290 5120 388 5172 act
417 5116 514 5184 11ς
549 5116 698 5171 Libet
724 5063 889 5189 gieph
905 5117 1080 5172 Daren
1103 5131 1196 5188 ap.
1224 5130 1365 5170 conc
1391 5113 1536 5169 Rom
1560 5112 1669 5168 sub
1694 5063 1841 5167 bigar-

179 5188 304 5245 tino
336 5204 377 5254 1,
415 5189 604 5243 secret
630 5190 714 5256 2.)

252 5253 418 5330 Idem
456 5253 940 5330 ferri__judicium
988 5257 1158 5330 debet
1215 5255 1284 5311 de
1341 5253 1838 5330 duodecimo,_qui

180 5329 416 5413 veread
436 5326 664 5413 "Sergii'
685 5329 994 5413 epistolam
1043 5328 1272 5410 attinet,
1305 5330 1365 5382 at
1411 5330 1502 5413 est
1527 5412 1530 5413 ν
1551 5326 1835 5413 mendax;

183 5401 403 5484 etenim
435 5397 682 5484 Sergius.
705 5397 874 5484 secta
913 5401 1042 5484 ejus
1086 5397 1584 5484 princepstlenge
1614 5401 1678 5484 ut
1701 5413 1838 5484 earn

183 5473 488 5528 destruere
545 5469 868 5542 moliretur,
911 5469 1062 5528 vires
1088 5469 1348 5542 _omnesi
1380 5469 1720 5542 intendebat
1776 5472 1842 5523 ut

185 5545 315 5618 Cyri
346 5542 678 5618 doctrinam
711 5544 782 5600 de
811 5539 932 5600 una
961 5542 1294 5618 operatione
1318 5539 1572 5618 fulciret.

261 5616 498 5673 Tertius
529 5615 796 5672 decimus
837 5609 1145 5671 manifeste
1198 5611 1544 5668 contradicit
1590 5609 1836 5668 decimo.

186 5689 270 5744 Ibi
303 5688 461 5744 enim
496 5685 674 5743 nimis
703 5687 976 5751 arduum,
1000 5689 1173 5756 atque
1204 5699 1518 5756 onerosum
1540 5681 1659 5737 fore
1691 5683 1844 5756 dixe-

187 5766 276 5815 rat
303 5760 523 5837 Cyrum
553 5774 777 5837 cogere,
802 5762 873 5837 ut
897 5754 1461 5837 unius—operationis
1491 5770 1690 5836 vocem
1722 5755 1841 5837 adi:

187 5825 370 5914 meret
403 5849 417 5888 :
451 5831 550 5886 hic
577 5825 711 5887 vero
740 5829 976 5914 legitur,
1008 5825 1277 5914 sergium
1308 5825 1393 5882 illi
1423 5825 1751 5902 scripsisse,
1775 5829 1842 5884 ut

189 5903 456 5987 eamdem
482 5901 946 5984 memorari'non
976 5901 1291 5980 pateretur.

1948 4687 2019 4742 de
2041 4703 2159 4758 qua
2180 4683 2285 4742 nec
2311 4683 2638 4758 Scriptura,
2665 4683 2856 4758 neque
2885 4684 3145 4758 Ecclesia
3162 4685 3514 4758 videbantur
3531 4683 3616 4738 lo-

1947 4753 2092 4813 cutae
2125 4773 2271 4822 esse,
2297 4757 2370 4829 ad
2404 4753 2825 4829 grammaticos
2847 4760 2926 4829 _et
2966 4755 3285 4829 sophistas,
3310 4753 3489 4829 veluti
3519 4771 3615 4810 eo-

1947 4845 2082 4883 rum
2112 4824 2433 4900 propriam',
2458 4825 2739 4900 remittit;
2765 4824 3070 4900 indignam
3083 4824 3385 4897 judicans,
3402 4825 3478 4900 de
3500 4841 3618 4900 qua

1947 4895 2606 4955 Ecclesia—sententiam
2639 4898 2831 4952 ferret.
2866 4895 3044 4951 «'Non
3089 4895 3373 4968 toportet,‘
3398 4895 3617 4966 inquit,

1948 4972 2020 5026 ad
2054 4971 2330 5049 dogmata
2361 4969 2484 5024 haec
2515 4967 2930 5049 ecclesiastica
2969 4967 3326 5049 retorquere,
3350 4982 3479 5037 quae
3510 4982 3617 5020 ne-

1948 5059 2062 5114 que
2084 5038 2402 5114 sy'nodales
2437 5039 2632 5114 apices
2655 5056 2830 5114 super
2850 5038 2959 5094 hoc
2981 5038 3402 5114 examinantes,
3427 5052 3617 5114 neque

1947 5107 2326 5168 auctoritates
2376 5107 2680 5167 can—enica;
2718 5107 2852 5166 visae
2894 5113 3034 5165 sunt
3062 5108 3495 5180 explanasse....
3521 5107 3618 5162 Ἀά

1949 5201 2056 5241 nos
2085 5183 2199 5238 ista
2227 5182 2518 5254 pertinere
2540 5199 2657 5254 non
2679 5181 2894 5237 debent
2917 5180 3317 5254 relinquentes
3337 5196 3406 5235 ea
3427 5194 3620 5254 gram:

1948 5254 2195 5310 maticis.
2225 5247 2245 5308 ἶ
2271 5297 2282 5309 .
2339 5253 2456 5308 Nos
2487 5252 2642 5307 enim
2680 5269 2798 5307 non
2847 5268 3042 5323 unam
3086 5247 3496 5323 'operationetn
3526 5247 3620 5305 vel

1948 5327 2095 5382 duas
2125 5324 2445 5381 Dominum
2485 5324 2691 5394 Jesum
2723 5322 3026 5379 Christum
3068 5322 3317 5394 ejusque
3345 5324 3623 5394 sanctum

1949 5396 2234 5469 Spiritum
2267 5395 2450 5469 sacris
2501 5393 2712 5469 litteris
2754 5391 3151 5469 peacepimu's.
3181 5436 3194 5449 .
3262 5391 3627 5469 Simpliciter

1949 5462 2122 5540 atque
2142 5466 2428 5523 veraciter
2457 5462 2825 5540 conﬁtentes
2846 5462 3162 5540 Dominum
3209 5462 3414 5520 Jesum
3453 5462 3628 5540 Chri-

1951 5535 2112 5596 stum
2132 5555 2318 5594 unum
2335 5542 2697 5609 operatorem
2715 5535 2920 5591 divinae
2945 5541 3121 5609 atque
3143 5535 3415 5591 humana:
3450 5552 3486 5589 n
3504 5538 3607 5609 atu

1949 5629 2025 5667 rae
2051 5629 2062 5666 :
2088 5610 2330 5666 electius
2361 5607 2812 5671 arbitrantes,ut
2839 5607 2973 5662 vani
3006 5607 3354 5663 naturarum
3386 5607 3602 5678 ponde-

1950 5687 2192 5749 ratores,
2211 5679 2808 5752 otiosenegotiantes,
2833 5683 2889 5733 et
2928 5678 3149 5752 turgidi
3171 5679 3460 5752 adversus
3493 5695 3578 5733 no

1949 5753 2226 5834 insonent
2271 5749 2839 5834 vecibus'nranarum
2896 5749 3270 5834 philosophi;
3316 5767 3507 5834 quam
3565 5751 3633 5805 ut

1951 5824 2256 5900 simplices
2289 5827 2346 5879 et
2374 5820 2630 5900 humiles
2662 5821 2872 5900 spiritu
2896 5820 3107 5900 populi
3132 5820 3454 5882 Christiani
3491 5837 3626 5900 pos:

1950 5890 2407 5978 sint’remanere
2427 5890 2924 5978 Jejuni.»‘(lbid.)‘
2981 5890 3004 5900 “
3492 5890 3511 5899 ⁷
3614 5890 3628 5903 ⁴
