3950 6414
149 352 237 409 933
1273 356 1563 412 ΑΡΡΕΝΟ,
1619 356 1711 410 AD
1758 355 2069 411 DISSERT.
2122 355 2455 410 PRJECED.‘

3447 355 3555 414 234

150 475 390 531 Nicifori.
425 481 482 530 et
525 476 810 531 Stauraci.
842 480 898 531 et
941 476 1192 531 Micheli.
1227 482 1282 531 et
1313 477 1504 531 Leoni.
1550 484 1606 531 et
1635 477 1789 531 Con—
1811 477 1862 533 A
1894 475 2226 546 Catalogum
2269 476 2420 531 hunc
2461 476 2828 545 spectabilem
2876 447 2960 531 in’
2984 478 3181 532 codice
3224 477 3554 534 Florentino

149 548 365 603 stantini
414 547 554 615 imp.
602 548 755 616 xliij.
804 547 1073 602 Tiberius
1110 548 1287 615 episc.
1338 549 1453 601 sed.
1506 562 1638 601 ann.
1685 561 1776 601 xx.

152 632 302 672 mens.
340 617 451 685 iiij.
488 618 616 672 dies
636 619 711 686 xj.
746 619 806 672 in
832 618 1039 673 diebus
1068 619 1465 673 Theodenand.
1496 624 1551 671 et
1584 618 1785 672 relicta

153 703 295 758 pre...
315 688 577 742 Anthimi
604 689 779 743 Ducis
802 689 859 741 in
888 689 1160 756 pretoriu.
1187 688 1322 743 fecit
1351 690 1781 743 monasterium.

148 761 205 814 ad
232 772 422 813 nomen
447 759 633 813 sancti
670 759 987 814 Marcellini
1015 766 1071 814 et
1100 760 1248 814 Petri
1275 766 1439 813 mart.
1472 760 1583 814 fuit
1611 767 1780 826 temp.

149 829 386 900 Eugenii.
435 830 742 885 Balentini.
796 831 1059 899 Gregorii
1112 845 1239 899 pap.
1289 837 1345 884 et
1382 830 1687 883 Michaelio
1730 833 1788 883 et

149 899 428 969 Theophili
464 902 600 970 imp.
633 900 756 955 ﬁlio
784 901 911 969 ejus
938 901 1112 968 xliiij.
1143 901 1425 955 Iohannes
1449 901 1625 969 episc.
1664 900 1782 970 sed.

149 984 263 1026 ann.
306 970 403 1039 vij.
454 969 631 1026 mens.
679 971 829 1040 viiij.
877 971 1002 1026 dies
1043 971 1185 1039 xxij.
1233 970 1347 1026 fuit
1388 978 1558 1039 temp.
1600 969 1784 1040 Sergii

151 1055 260 1109 pap.
304 1046 357 1094 et
402 1041 668 1097 Michaeli
713 1042 848 1111 imp.
891 1042 1006 1096 xlv.
1050 1042 1403 1097 Athanasius
1437 1043 1613 1110 episc.
1662 1041 1781 1095 sed.

146 1125 259 1166 ann.
295 1113 435 1181 xxij.
471 1126 647 1168 mens.
683 1114 756 1180 vj.
790 1113 917 1167 dies
947 1113 1141 1181 xxiiij.
1186 1115 1286 1167 Hic
1324 1113 1566 1167 ecclesia
1598 1111 1784 1167 sancti

145 1183 382 1237 Januarii
408 1190 574 1237 mart.
603 1185 763 1238 intus
792 1184 1085 1251 episcopio
1118 1184 1427 1237 renovavit.
1459 1184 1591 1238 Fuit
1612 1191 1780 1249 temp.

150 1254 317 1307 Iconi.
341 1260 397 1308 et
418 1255 727 1309 Benedicti.
755 1254 972 1309 Nicolai
996 1255 1237 1308 Adriani
1265 1268 1389 1323 pap.
1417 1259 1472 1308 et
1493 1254 1781 1307 Michaeli.

146 1328 192 1377 et
215 1324 402 1379 Basilii
430 1326 566 1393 imp.
598 1325 731 1394 xlvj.
757 1324 1111 1379 Athanasius
1131 1326 1307 1393 episc.
1333 1325 1448 1379 sed.
1476 1339 1604 1379 ann.
1639 1325 1779 1391 xxij.

149 1406 301 1449 mens.
337 1397 407 1462 vj.
446 1396 572 1449 dies
606 1397 672 1463 ij.
703 1396 803 1450 Hic
834 1394 970 1450 fecit
1002 1395 1244 1450 basilica
1274 1396 1327 1450 S.
1362 1396 1579 1450 Juliani
1617 1401 1779 1449 mart.

149 1463 273 1519 foris
300 1466 437 1520 urbe
457 1467 589 1521 sita.
617 1467 745 1521 Fuit
768 1473 939 1534 temp.
962 1467 1228 1520 Johanni.
1259 1467 1488 1521 Marini.
1517 1465 1781 1521 Adriani.

144 1534 414 1602 Stephani.
481 1537 735 1592 Formosi
792 1550 915 1606 pap.
978 1544 1035 1591 et
1092 1537 1315 1592 Basilii.
1377 1541 1433 1591 et
1485 1537 1679 1603 Leoni,
1730 1542 1785 1591 et

144 1605 431 1662 Alexandri
454 1608 579 1675 ejus
605 1608 747 1662 ﬁliis
770 1605 907 1676 imp.
931 1606 1093 1661 xlvii.
1119 1609 1440 1677 Stephanus
1459 1608 1636 1677 episc.
1662 1607 1781 1661 sed.

142 1688 255 1730 ann.
289 1678 414 1746 viij.
451 1692 628 1734 mens.
663 1694 717 1732 χ.
751 1678 968 1733 dies....
1004 1696 1031 1726 »

1897 569 2069 618 tanta
2099 564 2492 633 antiquitatis,
2518 571 2789 633 quantam
2816 565 3069 621 declarat
3088 566 3375 635 specimen
3402 567 3555 621 scri-

1898 657 2081 720 ptura
2129 665 2195 706 ac
2238 652 2420 707 series
2464 652 2801 721 pontiﬁcum
2835 671 2851 722 ;
2880 654 3007 722 ejus
3048 653 3286 709 Joannis
3324 654 3555 710 diaconi

1898 739 2229 794 testimonio
2268 732 2481 808 passim
2523 744 2770 794 utuntur
2810 740 3077 795 historici
3112 741 3377 797 Ecclesia
3406 744 3559 797 Nea—

1899 826 2187 896 politana,
2211 831 2267 882 et
2291 842 2420 883 cum
2445 827 2540 882 his
2563 827 2865 898 Ughellius
2889 829 3068 884 Italia
3087 829 3270 884 Sacra
3291 835 3445 886 tomo
3466 831 3554 899 VI,

1898 914 2033 969 licet
2068 915 2401 986 Catalogum
2446 917 2635 985 ipsum
2672 916 2729 971 in
2771 916 3124 972 bibliotheca
3164 919 3349 973 sancti
3382 918 3557 974 Marci

1900 1001 2182 1057 latentem.
2204 1017 2367 1058 nemo
2399 1005 2550 1074 quod
2584 1005 2764 1060 sciam
2797 1005 3075 1060 hactenus
3109 1006 3464 1074 produxerit.

1970 1092 2134 1145 XVII.
2185 1094 2244 1146 In
2300 1092 2495 1147 tabula
2546 1094 2798 1148 secunda
2845 1091 3020 1162 hujus
3065 1094 3417 1163 Appendicis
3457 1094 3558 1149 ari

1901 1179 2104 1247 incisa,
2141 1187 2266 1249 post
2300 1180 2684 1236 imitationem
2728 1181 2948 1236 codicis
2993 1181 3349 1250 Farnesiani,
3382 1182 3556 1237 retuli

1898 1268 2183 1335 specimen
2209 1268 2466 1341 Catalogi
2492 1270 2815 1339 memorati,
2847 1276 2905 1325 et
2933 1270 3149 1339 primos
3173 1284 3373 1326 versus
3401 1270 3559 1327 Libri

1896 1356 2271 1427 Pontiﬁcalis,
2308 1358 2367 1411 in
2401 1359 2714 1413 vetustiore
2742 1372 2810 1414 ex
2840 1360 3069 1415 duobus
3098 1359 3401 1415 codicibus
3424 1359 3561 1414 Flo-

1899 1444 2148 1499 rentinis
2209 1446 2287 1500 ita
2348 1448 2701 1515 perscriptos
2754 1447 2991 1517 litteris,
3049 1462 3176 1517 qua
3228 1447 3562 1503 Holstenius

1899 1532 2210 1587 nominitat
2240 1534 2720 1604 Langobardicas.

1970 1622 2165 1675 XVIII.
2220 1622 2394 1676 Paulo
2444 1624 2787 1680 recentioris
2834 1625 3023 1681 atatis
3076 1631 3162 1681 est
3204 1625 3349 1681 alter
3384 1626 3561 1682 codex

1897 1709 2268 1765 Florentinus
2305 1710 2361 1763 S.
2404 1711 2621 1781 Marci;
2652 1726 2763 1767 non
2802 1718 2990 1770 tamen
3025 1729 3058 1770 a
3088 1714 3379 1785 superiori
3421 1715 3563 1770 adeo

192 1798 333 1853 XVI.
386 1800 583 1855 Liceat
628 1800 895 1871 Catal0go
941 1800 1281 1857 subnectere
1336 1802 1667 1871 periocham
1723 1799 1782 1855 in
1819 1803 1868 1862 Β
1899 1802 2127 1852 remota
2174 1802 2239 1852 ut
2289 1798 2562 1853 saculum
2610 1800 2899 1856 decimum
2947 1811 3353 1873 consequatur.
3399 1802 3560 1871 Quod

144 1887 313 1942 eodem
339 1888 541 1943 codice
574 1888 662 1943 illi
699 1889 984 1958 praeﬁxum
1012 1889 1331 1945 rubricatis
1363 1889 1582 1944 litteris
1612 1901 1784 1943 manu

143 1975 423 2045 Holstenii,
466 1978 525 2032 ni
560 1976 750 2042 fallor,
777 1976 873 2030 bis
903 1976 1092 2031 verbis
1122 1980 1256 2030 :Est
1292 1979 1537 2046 Epitomc
1561 1978 1786 2030 Joannis

144 2063 357 2127 diaconi,
403 2066 566 2132 cujus
615 2065 935 2133 opusculum
979 2065 1045 2117 de
1082 2066 1363 2133 Episcopis
1408 2066 1786 2133 Neapolitanis

144 2149 344 2204 habetur
387 2155 453 2205 in
481 2153 803 2206 bibliotheca
855 2152 1142 2205 Vaticana.
1173 2153 1444 2208 Joannem
1478 2154 1785 2207 diaconum

145 2239 384 2296 Romana
425 2241 698 2295 Ecclesia
736 2240 845 2296 sub
874 2242 1087 2297 Joanne
1128 2255 1270 2310 papa
1313 2242 1449 2307 VIII,
1484 2242 1580 2297 cui
1615 2243 1784 2297 etiam

144 2327 424 2399 inscripsit
460 2328 646 2384 Vitam
677 2330 731 2385 S.
764 2331 1030 2401 Gregorii
1064 2332 1274 2402 Magni,
1309 2337 1365 2385 et
1396 2331 1504 2385 sub
1533 2331 1789 2399 impera-

145 2417 341 2473 toribus
382 2418 678 2473 Ludovico
719 2419 956 2473 Juniore
986 2426 1041 2473 et
1071 2420 1273 2474 Carolo
1316 2420 1480 2475 Calvo
1514 2425 1789 2474 memorat

143 2504 442 2575 Sigibertus
471 2506 530 2560 in
560 2505 850 2561 Chronico
870 2508 939 2561 ad
966 2521 1180 2562 annum
1206 2504 1313 2562 873
1343 2515 1399 2562 et
1431 2508 1490 2562 in
1520 2507 1789 2577 Catalogo

144 2605 246 2662 cap.
277 2591 397 2655 107.
441 2600 566 2649 tum
602 2607 669 2649 ex
709 2608 775 2649 eo
823 2595 1062 2650 Vossius
1097 2595 1168 2650 de
1215 2595 1524 2650 Historicis
1568 2595 1787 2650 Latinis

143 2680 230 2734 lib.
256 2696 318 2750 ιι,
356 2696 484 2752 cap.
518 2681 612 2738 36.
651 2683 928 2738 Eumdem
965 2685 1236 2738 Joannem
1278 2684 1588 2739 diaconum
1630 2685 1787 2739 Ana-

142 2771 283 2826 stasii
323 2772 766 2827 Bibliothecarii
809 2786 920 2827 non
956 2773 1121 2827 modo
1149 2773 1448 2842 aqualem,
1482 2773 1577 2828 sed
1612 2774 1786 2828 etiam

141 2860 362 2916 amicum
412 2866 471 2916 et
527 2859 870 2915 familiarem
929 2858 1113 2916 fuisse
1168 2860 1413 2916 afﬁrmat
1471 2862 1656 2917 Labbe
1716 2863 1787 2918 de

141 2946 323 3017 Script.
365 2950 795 3005 Ecclesiasticis
835 2963 944 3004 non
985 2964 1099 3006 uno
1142 2950 1203 3007 in
1242 2950 1384 3006 loco.
1428 2951 1615 3019 Quare
1661 2958 1785 3006 tum

146 3036 269 3091 nihil
298 3037 534 3093 aﬁinius
569 3039 705 3093 huic
736 3038 895 3107 Operi
928 3038 1220 3110 compingi
1259 3046 1482 3107 poterat
1514 3040 1571 3093 in
1607 3053 1786 3094 unum

1895 1898 1965 1939 ex
2016 1878 2237 1954 adjecto
2284 1886 2342 1941 in
2409 1888 2602 1943 eadem
2673 1889 2868 1945 tabula
2930 1891 3245 1961 specimine
3298 1897 3564 1947 constare

1898 1978 2108 2042 potest.
3211 1990 3221 1997 ·

1967 2061 2198 2117 Codicis
2238 2062 2416 2119 istius
2452 2062 2691 2135 (pariter
2732 2064 3172 2135 membranacei)
3226 2066 3364 2124 folia
3404 2068 3566 2125 Vitas

1900 2144 2267 2206 Pontiﬁcum
2299 2153 2625 2221 perducunt
2678 2155 2750 2209 ad
2809 2156 3115 2211 sectionem
3171 2156 3406 2212 circiter
3460 2155 3566 2213 323

1901 2245 2110 2293 nostra
2151 2241 2431 2295 editionis
2464 2241 2522 2296 in
2555 2242 2683 2297 Vita
2722 2242 2964 2299 Adriani
2996 2246 3036 2299 Ι.
3071 2244 3396 2301 Succedunt
3426 2244 3565 2301 folia

1897 2331 1953 2379 et
1982 2329 2393 2396 quaterniones
2438 2329 2705 2384 nonnulli
2751 2331 3140 2400 expositionis
3181 2333 3239 2387 B.
3274 2334 3564 2390 Ambrosii

1899 2414 2156 2485 episcopi
2194 2416 2253 2471 in
2284 2416 2517 2472 Cantica
2549 2420 2931 2474 canticorum.

1974 2505 2125 2558 XIX.
2159 2506 2238 2559 Ne
2275 2506 2574 2575 quidpiam
2612 2520 2711 2576 per
2744 2521 2848 2562 nos
2878 2509 3185 2566 omittatur
3224 2512 3374 2581 quod
3417 2512 3564 2568 illu—

1899 2596 2082 2647 strare
2139 2594 2325 2647 valeat
2377 2600 2496 2648 tum
2553 2594 2896 2651 documenta
2949 2597 3253 2666 scriptura
3307 2600 3562 2656 Vitarum

1898 2680 2144 2750 aqualia
2169 2681 2500 2737 collectioni
2527 2683 2840 2752 Anastasii,
2872 2690 2991 2740 tum
3014 2685 3311 2742 observata
3329 2692 3566 2758 Appen-

1898 2767 2050 2823 dicis
2092 2774 2299 2822 nostra
2330 2769 2398 2824 ad
2430 2770 2899 2826 dissertationem
2937 2771 3332 2830 Schelestratii
3374 2776 3567 2833 tribus

1901 2856 1958 2911 in
1993 2856 2298 2912 codicibus
2343 2859 2781 2929 commendatis,
2822 2863 3066 2929 apposui
3109 2862 3170 2917 in
3203 2862 3397 2920 tabula
3427 2879 3564 2934 spe-

1899 2944 2140 2999 ciminis
2192 2945 2590 3001 characterum
2645 2946 2870 3002 codicis
2928 2950 3260 3005 Farnesiani
3324 2952 3566 3009 initium

1897 3032 2042 3087 Vita
2090 3033 2142 3086 S.
2192 3034 2356 3089 Pauli
2415 3049 2572 3103 papa
2627 3036 2848 3104 primi:
2886 3037 2946 3092 in
2995 3052 3110 3108 quo
3158 3039 3352 3096 littera
3398 3040 3567 3109 prin-

142 3126 388 3194 codicem,
422 3133 550 3183 tum
585 3127 735 3182 nihil
767 3125 997 3182 aﬁinius
1036 3128 1305 3183 acced.:re
1341 3128 1477 3182 huic
1513 3126 1782 3197 editioni,
1818 3112 1867 3178 Ο
1898 3134 2030 3189 ceps
2067 3120 2300 3176 exhibet
2340 3129 2633 3190 protomen
2677 3125 2932 3193 ejusdem
2971 3126 3265 3196 pontiﬁcis
3295 3129 3569 3199 graphice

140 3220 187 3267 et
212 3229 301 3282 per
329 3230 432 3272 nos
463 3212 684 3285 afferri,
730 3217 850 3271 sive
879 3217 947 3272 ad
988 3222 1207 3271 atatem
1252 3217 1371 3272 sive
1414 3217 1483 3271 ad
1517 3217 1787 3272 testimo-

144 3302 280 3357 nium
297 3304 939 3360 collectionisVitarum
959 3305 1443 3374 comprobandum
1464 3304 1787 3374 aqualibus

139 3387 475 3447 dolzumentis
511 3410 525 3446 :
567 3393 885 3461 prasertim
928 3406 1059 3447 cum
1106 3392 1303 3447 eodem
1353 3392 1564 3447 saculo
1613 3405 1784 3462 nono,

142 3478 269 3544 quod
294 3480 603 3552 Catalogus
631 3480 741 3534 iste
763 3479 1008 3549 claudit,
1042 3480 1425 3549 praecessisset
1453 3480 1561 3535 sub
1584 3480 1787 3535 Carolo

140 3564 317 3637 Magno
338 3568 599 3624 illustris
621 3568 722 3623 ille
745 3568 1031 3625 diaconus
1054 3569 1268 3623 Paulus
1286 3567 1576 3623 Wenifrid
1600 3567 1788 3637 (cujus

141 3664 286 3721 Opera
316 3669 442 3711 cum
473 3656 721 3711 Joannis
764 3655 995 3711 diaconi
1040 3655 1296 3710 Miscella
1329 3655 1512 3709 fuisse
1550 3653 1789 3710 confusa

142 3753 397 3799 nonnemo
438 3744 597 3813 apud
652 3743 934 3799 Labbeum
978 3748 1037 3797 et
1079 3742 1343 3797 Vossium
1394 3741 1693 3811 observat),
1735 3748 1791 3797 et

140 3828 449 3887 Metensium
500 3834 909 3902 episcoporum
953 3830 1160 3886 seriem
1206 3843 1273 3883 ac
1328 3834 1485 3900 gesta
1525 3829 1791 3884 conscri-

144 3917 347 3987 psisset,
405 3921 709 3993 ﬂagitante
773 3920 1079 3991 Angerano
1132 3918 1568 3987 archiepiscopo
1612 3935 1625 3971 :
1676 3931 1789 3972 non

142 4019 282 4061 secus
330 4023 394 4064 ac
440 4012 695 4065 Joannes
749 4010 859 4065 iste
912 4009 1197 4065 diaconus
1255 4007 1460 4062 seriem
1521 4012 1578 4061 et
1632 4012 1788 4077 gesta

142 4094 512 4167 episcoporum
546 4098 1079 4167 Neapolitanorum,
1117 4097 1348 4151 hortatu
1387 4094 1631 4151 forsitan
1671 4095 1791 4151 ali-

142 4184 288 4250 cujus
321 4187 614 4242 antistitis
658 4187 913 4255 ejusdem
958 4185 1244 4253 Ecclesia,
1282 4198 1383 4253 pro
1428 4197 1582 4239 more
1625 4183 1789 4238 illius

142 4272 323 4340 atatis,
364 4288 491 4345 qua
536 4274 761 4329 imitari
795 4274 969 4343 capit
1009 4272 1486 4329 bibliothecarios
1524 4274 1789 4327 Romana

141 4360 277 4414 sedis
301 4362 357 4416 in
388 4362 540 4418 serie
571 4376 642 4417 ac
681 4363 860 4433 gestis
890 4375 1129 4417 suorum
1163 4362 1475 4429 prasulum
1501 4360 1788 4431 colligen-

1895 3208 2240 3264 delineatam
2276 3209 2333 3263 in
2367 3210 2686 3267 orbiculari
2730 3213 2934 3284 ﬁgura,
2970 3216 3256 3284 persimili
3288 3217 3568 3287 clypeatis

1900 3296 2255 3368 imaginibus
2300 3298 2638 3367 pontificum
2681 3301 3086 3371 Romanorum,
3134 3305 3466 3373 spectandis
3506 3306 3569 3360 in

1897 3383 2143 3440 basilica
2189 3391 2245 3440 δ.
2293 3387 2457 3443 Pauli
2504 3389 2603 3443 Via
2648 3388 2927 3460 Ostiensi,
2971 3391 3225 3462 aliisque
3271 3392 3566 3464 Romanis,

1901 3473 2179 3529 indicatis
2244 3475 2348 3530 hac
2415 3476 2476 3531 in
2536 3478 2853 3547 appendice
2917 3492 3077 3535 num.
3138 3478 3206 3535 -13
3266 3484 3325 3536 et
3376 3479 3570 3537 fusius

1899 3562 2254 3630 exponendis
2302 3563 2361 3617 in
2415 3565 2678 3633 proxima
2722 3565 3155 3622 dissertatione.
3210 3569 3466 3623 Poteram
3513 3574 3571 3623 et

1900 3650 2047 3704 alias
2088 3650 2369 3720 imagines
2412 3650 2667 3719 proferre
2697 3665 2765 3706 ex
2804 3653 2998 3707 eodem
3039 3654 3238 3709 codice
3278 3654 3571 3723 pontiﬁcis

1902 3736 2317 3803 benedicentis,
2363 3751 2489 3807 qua
2534 3738 2807 3793 visuntur
2861 3740 2921 3793 in
2971 3740 3081 3794 ﬁne
3123 3741 3178 3794 S.
3228 3742 3435 3798 Leonis
3476 3747 3569 3817 III,

1902 3829 2033 3878 ante
2066 3823 2307 3877 initium
2335 3824 2476 3879 Vita
2501 3825 2557 3879 S.
2591 3826 2856 3895 Adriani,
2886 3833 2943 3882 et
2972 3828 3298 3897 persimiles
3327 3836 3465 3888 sunt
3495 3834 3573 3890 iis

1905 3925 2033 3980 qua
2063 3915 2401 3979 Spectantur
2426 3912 2484 3966 in
2515 3913 2760 3968 musivis
2784 3915 3157 3972 ecclesiarum
3186 3917 3355 3975 Urbis
3374 3921 3566 3978 eadem

1902 4007 2067 4055 atate
2104 4000 2475 4055 constructis.
2526 4002 2731 4057 Verum
2772 4017 2834 4059 ea
2867 4006 3011 4060 satis
3054 4020 3180 4063 esse
3224 4023 3353 4064 sum
3385 4017 3566 4081 ratus,

1902 4103 2029 4159 qua
2088 4088 2309 4143 includi
2369 4090 2663 4145 commode
2713 4098 2972 4161 poterant
3013 4094 3072 4151 in
3126 4111 3280 4154 anea
3328 4098 3564 4172 lamina,

1902 4177 2230 4233 litterarum
2265 4177 2572 4247 specimini
2604 4180 2928 4238 exhibendo
2958 4184 3265 4242 destinata.

1971 4267 2101 4321 XX.
2147 4268 2465 4322 Dolendum
2498 4281 2628 4324 vero
2669 4275 2758 4325 est
2792 4271 2851 4325 in
2892 4285 2955 4326 eo
2986 4274 3184 4329 codice
3224 4276 3569 4334 Farnesiano

1901 4357 2219 4412 desiderari
2262 4357 2419 4413 Vitas
2461 4358 2720 4427 priorum
2766 4362 3099 4430 pontiﬁcum
3133 4378 3165 4419 a
3193 4363 3246 4419 S.
3297 4366 3460 4422 Petro
3497 4367 3567 4422 ad

141 4444 238 4516 dis,
277 4451 358 4505 uti
390 4457 625 4508 constat
650 4465 720 4506 ex
749 4451 973 4522 Agnelli
1003 4449 1184 4520 Opere
1213 4451 1284 4505 de
1321 4449 1788 4518 Archiepiscopis
1816 4441 1871 4502 D
1902 4446 1956 4500 S.
1999 4446 2308 4502 Silverium
2339 4463 2352 4499 :
2389 4461 2517 4516 qua
2561 4448 2609 4502 si
2654 4459 3040 4521 superessent,
3083 4454 3312 4524 epocha
3357 4456 3573 4527 singu-

142 4534 573 4609 Ravennatibus,
638 4540 892 4611 aliisque
944 4540 1014 4595 ad
1081 4540 1225 4593 hanc
1279 4539 1517 4593 circiter
1567 4545 1788 4593 atatem

145 4622 448 4684 referendis.
477 4630 746 4685 Indicare
770 4630 941 4683 etiam
977 4640 1285 4697 possumus
1310 4627 1489 4682 alium
1515 4628 1789 4682 Joannem

141 4712 422 4772 diaconum
463 4717 657 4773 sancti
695 4716 977 4784 Januarii,
1022 4729 1054 4770 a
1097 4730 1211 4785 quo
1253 4717 1390 4771 Acta
1433 4716 1599 4771 illius
1636 4715 1789 4771 beati

141 4801 369 4874 episcopi
396 4820 463 4861 ac
487 4806 786 4876 martyris,
815 4806 1080 4877 Sosiique
1101 4820 1165 4860 ac
1191 4806 1479 4862 sociorum
1499 4805 1791 4873 descripta

142 4885 300 4947 fuisse
330 4893 579 4965 legimus
605 4895 759 4963 apud
790 4894 1055 4949 Vossium
1081 4894 1153 4949 de
1180 4894 1324 4949 lIist.
1356 4897 1473 4949 Lat.
1510 4907 1636 4963 pag.
1662 4889 1790 4981 708,

141 4989 254 5033 cum
276 4984 604 5038 eorumdem
642 4983 1012 5038 translationi
1050 4981 1403 5050 interfuerit,
1435 4982 1622 5037 liceta
1646 4983 1794 5036 Vos-

142 5066 218 5121 sio
252 5078 618 5127 recensentur
668 5072 819 5126 inter
858 5072 1171 5140 scriptores
1214 5071 1402 5125 atatis
1444 5071 1698 5137 incerta,
1738 5078 1793 5124 et

141 5166 254 5208 cum
284 5158 590 5215 translatio
620 5158 677 5213 S.
712 5159 974 5214 Januarii
1019 5158 1336 5228 contigerit
1376 5157 1586 5212 sacqu
1620 5170 1787 5228 nono,

144 5243 217 5297 uti
240 5259 302 5300 ex
330 5248 625 5305 Chronico
654 5247 953 5303 Casinensi
987 5254 1342 5316 compertum
1373 5251 1477 5300 est.
1512 5246 1641 5300 Sive
1673 5246 1793 5317 igi—

144 5334 226 5384 tur
250 5338 534 5392 secundus
567 5337 669 5390 hic
692 5336 935 5391 Joannes
968 5335 1252 5390 diaconus
1277 5335 1328 5387 S.
1358 5333 1641 5399 Januarii,
1675 5335 1793 5389 sive

144 5421 283 5487 prior
299 5424 394 5481 ille
419 5428 721 5482 Romanus
742 5424 1047 5479 Anastasio
1069 5422 1514 5477 bibliothecario
1533 5423 1794 5478 amicitia

141 5517 353 5593 junctus
389 5512 505 5585 (cui
549 5526 661 5585 ego
707 5512 983 5569 ﬁdentius
1026 5509 1361 5582 tribuerem)
1400 5511 1792 5566 construxerit

492 5718 740 5772 PATROL.
786 5713 1051 5769 CXXVII.

1904 4536 2089 4590 lorum
2143 4534 2393 4592 conferri
2457 4542 2721 4606 poterant
2772 4554 2902 4597 cum
2957 4543 3095 4598 aliis
3142 4544 3569 4615 exemplaribus

1900 4624 2186 4694 Vitarum,
2225 4631 2282 4680 et
2328 4640 2459 4681 cum
2501 4629 2759 4684 numeris
2796 4631 3228 4704 chronologicis
3273 4637 3568 4706 supersti-

1903 4714 2061 4769 tibus
2092 4714 2241 4769 inter
2283 4715 2539 4784 picturas
2582 4718 2919 4786 pontificum
2951 4730 3275 4778 memorata
3306 4724 3566 4779 basilica

1906 4803 2158 4859 Paulina
2198 4804 2287 4859 via
2327 4805 2580 4861 Ostiensi
2607 4819 2640 4860 a
2681 4807 2736 4860 S.
2774 4809 2938 4864 Petro
2976 4812 3044 4865 ad
3075 4811 3130 4865 S.
3166 4812 3563 4867 Innocentium

1905 4893 2176 4963 primum,
2234 4902 2549 4950 reservatas
2599 4895 2669 4948 ad
2728 4895 3139 4952 illustrandum
3191 4897 3251 4950 in
3303 4898 3565 4965 proxima

1905 4988 2099 5037 nostra
2119 4981 2547 5037 dissertatione.
2582 4982 2860 5050 Supplere
2884 4988 3071 5037 tamen
3103 4981 3354 5038 conabor
3377 4983 3566 5039 detri-

1904 5077 2093 5126 menta
2112 5071 2333 5125 codicis
2356 5069 2820 5139 prastantissimi
2849 5082 2945 5136 per
2963 5070 3079 5123 alia
3097 5070 3347 5139 genuina
3373 5085 3571 5127 monu-

1903 5164 2093 5214 menta
2120 5157 2379 5211 historia
2407 5155 2738 5225 pontiﬁcia,
2759 5161 2816 5209 et
2834 5156 3084 5211 aliorum
3115 5156 3380 5214 codicum
3402 5165 3570 5216 atate

1905 5244 2338 5315 proximorum:
2378 5241 2594 5311 quibus
2635 5242 2906 5309 pramitti
2939 5242 3143 5298 debuit
3176 5246 3390 5301 notitia
3422 5248 3567 5303 Far-

1906 5331 2129 5388 nesiani
2180 5336 2237 5383 et
2284 5327 2769 5396 Florentinorum,
2814 5327 2919 5383 hac
2964 5330 3024 5386 in
3069 5333 3385 5401 appendice
3423 5349 3567 5407 pro-

1908 5421 2041 5475 lata.
