3934 6404
383 325 504 392 887
1533 323 1951 394 ANASTASII
1993 323 2652 394 BIBLIOTHECARII.
3165 346 3168 348 '
3691 327 3808 394 868

386 463 712 536 servandas,
735 462 886 519 inter
917 459 1262 536 Romanum,
1284 462 1713 536 pontiﬁcem,et
1736 465 2035 536 Ravenna-
2068 465 2112 530 Α
2151 463 2361 519 certior
2382 465 2572 536 factus
2594 463 2706 519 fuit
2727 463 2797 519 de
2819 460 3115 536 pontificio
3141 461 3394 536 decreto,
3414 460 3472 517 id
3499 461 3610 536 sibi
3642 461 3809 536 vehe-

385 541 503 590 tem
517 535 860 607 antistitem.
879 534 1156 607 Agnellus
1173 533 1328 607 enim
1353 533 1585 589 nullum
1601 535 1843 607 verbum
1863 535 2042 590 habet
2151 541 2376 590 menter
2406 535 2695 607 placuisse
2726 533 2958 607 abunde
2974 538 3222 607 testatus
3238 539 3326 607 est
3347 534 3406 607 in
3427 533 3552 590 suis
3572 533 3807 607 litteris,

381 608 452 659 de
484 605 855 679 imperatoris
880 605 1150 679 jussione
1177 624 1190 671 ;
1215 606 1343 679 imo
1390 607 1597 661 asserit
1625 606 2034 679 locolaudato,
2148 624 2296 677 quas
2330 605 2707 679 appellabant
2736 606 3054 676 divales,ut
3079 606 3224 679 bene
3257 606 3496 661 Rubeus
3517 605 3811 679 Amoxcita-

382 676 751 734 Theodorum
803 676 1080 750 simulato
1130 677 1349 750 animo,
1382 684 1438 732 et
1485 683 1708 733 secreta
1748 678 2035 750 foventem
2147 676 2242 750 tus
2275 676 2544 734 observat
2575 679 2631 732 in
2665 681 2799 734 Hist.
2830 679 3069 733 Ravenn.
3103 678 3174 750 ad
3216 694 3438 750 annum
3467 677 3595 744 693,
3623 695 3807 750 quem

381 750 628 805 consilia
657 765 791 820 cum
838 749 1101 820 Romano
1139 749 1433 820 pontifice,
1469 766 1502 804 a
1534 749 1852 804 Ravennati
1885 749 2037 804 clero
2146 749 2296 805 vide.
2316 750 2441 805 Vide
2469 751 2636 806 etiam
2663 750 3101 820 eruditissimum
3130 749 3488 804 Bacchinium
3511 751 3573 805 in
3593 749 3812 820 Agnclli

381 820 630 876 Romam
688 819 1029 876 discessisse
1063 837 1076 875 :
1110 819 1168 876 et
1227 825 1505 892 praeterea
1560 820 1880 894 imperator
1934 821 2036 878 ubi
2146 822 2480 892 Pontiﬁcali,
2507 839 2636 894 pag.
2674 823 2796 888 149,
2828 821 2958 879 edit.
2994 819 3428 877 Mediolanensis.

1312 1111 1674 1183 LXXXIII.
1737 1112 2122 1184 SANCTUS
2187 1112 2713 1185 BENEDICTUS
2778 1113 2860 1184 II.

1438 1303 1600 1352 ANNO
1644 1304 1886 1352 CHRISTI
1929 1289 2072 1364 684,
2120 1305 2331 1352 δοκεῖ.
2378 1305 2592 1352 roeon.
2642 1291 2740 1349 i7.

617 1565 775 1618 ul
826 1555 1222 1630 Benedictus,
1313 1555 1571 1618 natione
1656 1559 2004 1634 Romanus,
2093 1576 2168 1619 ex
2254 1561 2432 1638 patre
2514 1557 2782 1632 Joanne,
2850 1556 3011 1618 sedit
3094 1575 3341 1619 menses
3423 1557 3640 1620 decem
3687 1560 3798 1641 (a),

531 1666 665 1727 dies
747 1666 1103 1726 duodecim.
1193 1665 1304 1726 Hic
1388 1665 1468 1726 ab
1552 1666 1811 1726 ineunte
1896 1672 2083 1728 atate
2165 1685 2279 1727 sua
2359 1666 2654 1727 Ecclesia
2739 1665 3053 1742 militavit,
3142 1671 3334 1747 atque
3417 1685 3482 1728 se
3564 1668 3652 1730 sic
3736 1669 3802 1730 in

529 1772 758 1833 divinis
841 1771 1182 1852 Scripturis
1265 1777 1329 1834 et
1411 1773 1730 1834 cantilena
1791 1791 1828 1833 a
1911 1772 2138 1853 puerili
2222 1777 2406 1834 atate
2491 1777 2554 1834 et
2634 1773 2700 1834 in
2785 1772 3162 1853 presbyterii
3244 1772 3555 1853 dignitate
3624 1775 3807 1843 exhi-

525 1879 686 1952 buit,
733 1883 803 1939 ut
861 1877 1042 1939 decet
1099 1877 1304 1938 virum
1367 1897 1482 1939 suo
1544 1879 1799 1940 nomine
1861 1879 2149 1958 dignum,
2197 1880 2260 1939 in
2321 1898 2447 1959 quo
2508 1897 2654 1940 vere
2717 1898 3007 1960 superna
3074 1880 3530 1942 benedictionis
3592 1883 3802 1960 gratia

442 1988 480 2046 5
527 1985 926 2059 redundavit,
976 1989 1039 2046 et
1081 1986 1337 2048 nomine
1383 1986 1620 2067 pariter
1665 1991 1728 2047 et
1770 1987 2088 2066 operibus,
2139 1991 2209 2048 ut
2251 1986 2480 2065 dignus
2541 1986 2620 2047 ad
2685 1986 2996 2067 pontificii
3059 1987 3341 2067 regimen
3415 1988 3796 2068 perveniret.

523 2092 922 2172 Paupertatis
1012 2098 1282 2167 amator,
1369 2093 1648 2166 humilis,
1740 2099 2128 2169 mansuetus,
2212 2093 2583 2174 patientiam
2659 2093 2924 2163 habens,
3005 2099 3196 2175 atque
3280 2081 3473 2156 manu
3571 2095 3799 2176 largis-

527 2199 688 2260 sima
732 2198 836 2280 (ὁ).

608 2312 769 2365 ιιη
816 2305 929 2366 Hic
971 2305 1297 2366 ecclesiam
1345 2305 1513 2366 beati
1555 2305 1726 2366 Petri
1788 2306 2084 2386 apostoli,
2131 2307 2239 2368 sed
2285 2313 2348 2369 et
2391 2307 2559 2370 beati
2620 2307 2942 2370 Laurentii
3002 2307 3321 2388 martyris,
3367 2327 3509 2388 qua
3571 2308 3799 2388 appel-

523 2412 694 2471 latur
735 2411 1014 2486 Lucina,
1060 2411 1456 2473 restauravit.
1502 2413 1787 2492 Itemque
1832 2413 1893 2473 in
1941 2413 2205 2476 ecclesia
2248 2414 2417 2476 beati
2458 2414 2779 2478 Valentini
2820 2413 2922 2475 via
2962 2413 3272 2474 Flaminia
3329 2413 3477 2474 fecit
3530 2432 3800 2495 cooper-

524 2517 758 2578 torium
801 2535 992 2596 super
1034 2517 1236 2578 altare
1280 2537 1423 2579 cum
1468 2519 1660 2580 clavis
1704 2526 1766 2580 et
1810 2520 2070 2581 fastellis
2115 2521 2215 2602 (c),
2251 2526 2312 2582 et
2355 2521 2418 2581 in
2464 2520 2726 2581 circuitu
2773 2519 3125 2599 palergium
3171 2518 3260 2600 (ά)
3303 2519 3798 2598 chrysoclavum

521 2623 1070 2703 pretiosissimum.
1118 2624 1420 2686 Similiter
1461 2631 1524 2687 et
1583 2625 1648 2686 in
1711 2626 1974 2687 ecclesia
2041 2627 2246 2688 beata
2306 2625 2519 2688 Maria
2583 2625 2664 2684 ad
2724 2625 3032 2703 Martyres
3087 2623 3260 2684 aliud
3320 2625 3801 2704 coopertorium

439 2733 476 2790 5
520 2729 1039 2812 porphyreticum
1085 2751 1230 2794 eum
1275 2751 1458 2794 cruce
1501 2739 1564 2794 et
1606 2734 1941 2812 gemmulis
2003 2739 2278 2814 quatuor
2338 2732 2804 2812 chrysoelavos,
2853 2735 2915 2791 et
2973 2731 3041 2790 in
3101 2729 3368 2790 circuitu
3432 2730 3798 2809 palergium

521 2837 599 2898 de
643 2837 994 2900 holoserico
1039 2837 1561 2918 pulcherrimum,
1588 2856 1836 2900 necnon
1867 2845 1929 2900 et
1970 2840 2035 2900 in
2081 2838 2263 2900 titulo
2307 2837 2733 2918 suprascripto
2770 2837 3034 2898 'Lucina
3079 2835 3274 2896 alium
3321 2837 3798 2916 coopertorium

519 2949 815 3005 ornatum
860 2944 1308 3007 holosericum.
1357 2946 1530 3007 Fecit
1571 2951 1781 3007 autem
1829 2945 2055 3006 calices
2099 2963 2325 3007 aureos
2371 2943 2810 3005 ministeriales
2852 2943 3032 3012 duos,
3082 2961 3261 3023 pens.
3308 2942 3542 3022 singul.
3589 2943 3794 3004 libras

522 3051 830 3130 singulas.

605 3166 768 3218 158
843 3157 957 3219 Hic
1041 3159 1317 3240 suscepit
1400 3158 1639 3220 divales
1714 3158 2032 3238 jussiones
2133 3156 2605 3220 clementissimi
2708 3154 3105 3216 Constantini
3187 3153 3403 3233 magni
3487 3155 3796 3236 principis

515 3263 596 3324 ad
677 3264 1106 3328 venerabilem
1190 3266 1452 3334 clerum,
1543 3271 1607 3327 et
1689 3267 2026 3347 populum,
2113 3271 2304 3346 atque
2388 3262 2820 3326 felicissimum
2905 3261 3252 3323 exercitum
3337 3263 3639 3323 Romana
3695 3262 3792 3324 ci-

516 3371 747 3446 vitatis,
837 3391 949 3453 per
1032 3392 1190 3452 quas
1278 3373 1606 3447 concessit,
1692 3379 1764 3434 ut
1805 3374 1830 3398 *
1899 3392 2188 3454 persona,
2279 3372 2388 3452 qui
2471 3371 2707 3432 electus
2789 3369 2980 3430 fuerit
3062 3368 3143 3429 ad
3227 3368 3437 3430 sedem
3521 3374 3792 3448 aposto-

519 3478 730 3554 licam,
817 3498 852 3541 e
934 3479 1200 3558 vestigio
1286 3479 1524 3558 absque
1612 3479 1908 3542 tarditate
2011 3479 2294 3560 pontifex
2394 3477 2745 3539 ordinetur.
2835 3476 2947 3537 Hic
3031 3493 3160 3537 una
3241 3493 3384 3536 cum
3469 3475 3635 3537 clero
3721 3481 3794 3538 et

434 3587 472 3645 5
517 3586 795 3648 exercitu
880 3585 1154 3664 suscepit
1238 3585 1544 3646 mallones
1615 3585 1692 3666 (e)
1760 3587 2132 3666 capillorum
2227 3584 2448 3646 domni
2530 3583 2872 3646 Justiniani
2961 3588 3023 3644 et
3109 3582 3417 3656 Heraclei,
3505 3582 3788 3644 ﬁliorum

514 3689 985 3751 clementissimi
1070 3687 1395 3768 principis,
1455 3691 1643 3750 simul
1728 3696 1792 3750 et
1865 3691 2217 3768 jussionem
2302 3708 2417 3769 per
2499 3707 2692 3768 quam
2777 3687 3095 3765 significat
3177 3687 3431 3749 eosdem
3515 3687 3792 3768 capillos

517 3796 836 3856 direxisse.
885 3794 1086 3874 Hujus
1174 3796 1562 3876 temporibus
1645 3798 1944 3875 apparuit
2026 3797 2208 3858 stella
2292 3802 2483 3857 noctu
2560 3793 2749 3874 juxta
2839 3795 3078 3874 vigilias
3122 3793 3203 3876 (Γ)
3249 3814 3363 3874 per
3413 3795 3579 3856 diem
3623 3795 3794 3856 calo

519 3923 742 3965 sereno
826 3904 994 3966 inter
1075 3905 1481 3966 Nativitatem
1566 3905 1820 3966 Domini
1905 3911 1967 3966 et
2048 3904 2536 3986 Theophaniam
2621 3904 2992 3967 omnimodo
3097 3904 3500 3979 obumbrata,
3589 3905 3797 3967 veluti

519 4011 672 4072 luna
753 4011 870 4072 sub
955 4013 1144 4074 nube.
1233 4014 1518 4093 Itemque
1603 4031 1816 4074 mense
1902 4012 2269 4086 Februario,
2329 4019 2471 4094 post
2553 4013 2764 4073 natale
2847 4011 3053 4072 sancti
3135 4011 3453 4072 Valentini
3535 4011 3601 4071 in
3687 4011 3797 4072 die

399 4118 476 4177 IO
519 4117 599 4178 ab
685 4137 909 4180 occasu
995 4120 1148 4180 exiit
1229 4119 1414 4181 stella
1499 4119 1782 4194 meridie,
1832 4126 1895 4182 et
1955 4120 2020 4180 in
2106 4126 2316 4200 partes
2399 4120 2660 4182 orientis
2743 4118 3109 4180 declinavit.
3155 4119 3303 4180 Post
3385 4118 3523 4180 hac
3609 4137 3800 4181 mons

516 4223 746 4285 Bebius
830 4223 938 4305 (g),
1027 4224 1138 4304 qui
1220 4231 1314 4285 est
1395 4225 1461 4285 in
1547 4225 1918 4306 Campania,
1983 4245 2198 4288 mense
2283 4227 2506 4288 Martio
2593 4213 2903 4287 eructavit
2985 4245 3098 4304 per
3180 4225 3372 4298 diem,
3430 4230 3493 4285 et
3575 4226 3800 4286 omnia

515 4330 656 4391 loca
738 4330 1231 4412 circumquaque
1316 4350 1446 4412 pra
1533 4333 1793 4412 pulvere
1879 4334 2106 4394 cineris
2189 4334 2357 4394 illius
2443 4333 2862 4394 exterminata
2943 4337 3110 4393 sunt.
3159 4333 3411 4394 Clerum
3495 4331 3799 4396 videlicet

513 4437 774 4498 diversis
856 4439 1183 4499 ordinibus
1267 4439 1332 4500 in
1418 4440 1521 4500 die
1607 4445 1823 4502 sancto
1909 4441 2169 4502 Pascha
2255 4441 2606 4502 honoribus
2689 4439 3043 4520 ampliavit.
3090 4439 3209 4511 Qui
3292 4457 3326 4500 e
3408 4439 3677 4518 vestigio
3723 4439 3796 4502 in

515 4543 950 4606 inﬁrmitatem
1035 4546 1279 4621 incidit,
1368 4553 1433 4607 et
1516 4554 1659 4627 post
1743 4547 1876 4610 dies
1960 4548 2207 4628 aliquot
2289 4548 2624 4609 defunctus
2708 4553 2823 4608 est.
2915 4546 3027 4606 Hie
3111 4544 3348 4606 dimisit
3429 4546 3606 4607 omni
3660 4547 3794 4608 ele-

399 4649 476 4708 15
522 4668 614 4724 ro,
702 4653 1122 4725 monasteriis,
1209 4653 1517 4714 diaconia
1602 4659 1666 4714 et
1749 4655 2195 4716 mansionariis
2279 4654 2416 4716 auri
2500 4655 2693 4715 libras
2778 4653 3060 4732 triginta.
3108 4653 3282 4714 Fecit
3362 4659 3576 4714 autem
3631 4654 3798 4734 epis-

515 4775 708 4838 copos
791 4777 905 4839 per
987 4758 1236 4821 diversa
1319 4760 1456 4820 loca
1541 4779 1806 4822 numero
1892 4761 2252 4822 duodecim.
2292 4748 2419 4833 Qui
2462 4761 2651 4822 etiam
2707 4761 2990 4841 sepultus
3073 4765 3168 4820 est
3229 4759 3310 4820 ad
3365 4759 3621 4821 beatum
3669 4763 3792 4821 Pe-

517 4870 682 4926 trum
729 4867 1089 4946 apostolum
1133 4867 1250 4928 sub
1293 4866 1394 4927 die
1438 4883 1550 4928 vm
1609 4867 1757 4929 Idus
1817 4869 1992 4944 Maii,
2040 4874 2104 4930 et
2146 4869 2416 4930 cessavit
2458 4869 2859 4948 episcopatus
2907 4886 3152 4929 menses
3193 4867 3376 4942 duos,
3422 4867 3557 4930 dies
3600 4867 3795 4948 quin-

519 4971 745 5034 decim.

1545 5089 1797 5136 NOTULE
1841 5092 2232 5140 MARGINALES
2276 5092 2598 5140 FABROTTI.

424 5192 499 5266 (a)
531 5197 595 5263 Β,
628 5193 840 5277 8,ηρξθξ
874 5195 959 5277 1ῖ.
993 5194 1593 5277 (b)__B,_largi_s'sim_u-s.
1630 5197 1699 5277 (ε)
1732 5199 1755 5277 ἰ
1788 5197 1977 5277 fistellj

2241 5217 2342 5274 per
2370 5199 2626 5274 largum.
2660 5201 2734 5271 (θ)
2765 5197 3070 5269 mallones,
3108 5199 3167 5256 id
3197 5206 3278 5258 est
3296 5199 3491 5259 cirros.
3527 5201 3656 5259 Vide
3686 5205 3794 5259 Ba-

351 5279 474 5321 ron.
509 5282 642 5320 ann.
676 5266 782 5321 684
816 5267 872 5321 in
901 5266 1028 5338 ﬁne.
1066 5271 1138 5339 (Γ)
1167 5266 1318 5340 [ω’ιὲ
1336 5266 1645 5341 Vergilias.
1677 5270 1761 5342 (g)
1790 5273 1930 5342 forte
1958 5266 2266 5329 Vesuvius.

1718 5385 1964 5442 VARI/E
2003 5388 2423 5446 LECTIONES.

837 5481 918 5536 Ex
945 5481 1125 5538 codice
1158 5481 1532 5538 Vallicellano.
2046 5487 2094 5552 B
2195 5489 2498 5543 Num.152.
2516 5484 2816 5542 Lin.3cod.
2835 5485 3226 5543 Vallicel.cum
3251 5485 3429 5544 clavis
3449 5486 3510 5544 in
3529 5487 3784 5556 ﬁstellis,

427 5562 590 5642 Num.
621 5563 742 5642 151.
779 5569 933 5624 Lini
969 5571 1083 5626 cod.
1109 5571 1370 5626 Vallicell.
1394 5567 1679 5642 concordat
1705 5586 1826 5625 cum
1861 5573 2011 5642 καφ,
2126 5562 2182 5642 et
2213 5561 2268 5613 in
2301 5558 2612 5642 circuitum
2645 5557 3002 5642 pexlarsium
3025 5559 3159 5642 (φερε
3187 5559 3789 5642 Ρειιεξιῖείιέω),οὶηδέο·

427 5577 590 5616 Ινῑιηῑο
621 5577 742 5618 1ὒ1.
779 5577 878 5624 Lin
910 5577 933 5624 1
969 5577 1083 5626 cod.
1109 5577 1370 5626 Vallicelt.
1394 5577 1679 5624 concordat
1705 5586 1826 5625 cum
1861 5577 2011 5643 Πάθη
2126 5577 2182 5614 ei
2213 5578 2268 5613 ιη
2301 5577 2612 5640 οιτουηυῐξι
2645 5577 3002 5639 ΙξθΓιδιῐᾘιυῐΠ
3025 5577 3159 5685 Heg“
3187 5577 3763 5688 Kimersmmwnryso

356 5628 500 5715 illa}.
533 5640 583 5684 ct
621 5633 826 5710 Τζιααη.
851 5642 1012 5715 etita
1042 5643 1122 5696 lin
1143 5643 1194 5698 3.
1225 5643 1368 5698 iin2
1391 5641 1535 5715 deest
1565 5657 1825 5715 voxsua.
1848 5645 1928 5698 lin
1956 5647 2010 5711 5,
2125 5630 2356 5715 Flavii"),
2378 5629 2819 5715 Wet-fluunt"?
2849 5647 2904 5683 ιη
2938 5629 3063 5715 9°91,
3140 5674 3179 5712 ι,
3253 5672 3265 5686 ο
3297 5633 3471 5715 έίησδν
3507 5637 3565 5715 θεν
3584 5649 3763 5715 εδςηυ

356 5700 477 5784 red:
501 5701 751 5784 nomine
802 5709 1124 5784 pariter_et
1159 5731 1252 5784 op.
1287 5717 1353 5767 ut
1383 5713 1596 5783 dignus
1627 5712 1696 5766 ad
1722 5700 2013 5784 pontiﬁcii
2042 5721 2052 5728 ·
2125 5702 2212 5784 las
2233 5707 2290 5784 et
2310 5700 2502 5783 clavos
2619 5700 3039 5784 au_raclavps,et
3052 5701 3108 5784 in
3130 5700 3784 5784 circuitumpalerzium

353 5773 618 5846 regimen
649 5773 991 5835 pervéniret,
1026 5781 1157 5837 Fuit
1187 5773 1385 5840 autem
1407 5773 1767 5857 paupertatis
1785 5792 2016 5845 amator
2125 5773 2196 5829 de
2217 5773 2522 5849 olosyrico.
2548 5773 2647 5829 (in.
2669 5774 2725 5846 7,
2744 5776 3016 5830 ornatum
3041 5774 3111 5831 de
3133 5774 3435 5852 olosyrico.
3464 5773 3624 5834 Fecit
3648 5792 3787 5848 quo-

351 5833 412 5893 h.
447 5853 526 5894 m.
560 5851 721 5911 Ριιιε,
752 5851 852 5902 etc.
883 5855 947 5903 ut
971 5849 1155 5910 laudd.
1187 5854 1339 5911 codd.

397 5874 412 5893 .
447 5863 526 5894 ιιι.
560 5863 721 5911 γωδ.
752 5863 852 5902 etc.
883 5863 947 5903 ut
971 5863 1155 5910 ιαιιαα.
1187 5863 1339 5916 codd.
