3934 6432
338 319 456 385 875

1498 316 1910 380 ANASTASII
1961 317 2606 383 BIBLIOTHEGARII.

3641 322 3760 382 876

339 456 804 537 damnata‘anno
832 455 937 506 502
960 453 1034 537 .in
1069 453 1290 537 synodo
1309 451 1597 537 ‘Rom'ana
1625 457 1856 537 quartn_
1884 453 1996 508 sub
2025 457 2080 522 Α
2110 453 2200 508 fex
2229 470 2346 509 una
2377 452 2694 537 eumclero
2712 452 2965 537 solemni
2987 469 3202 537 pompa
3221 451 3498 537 suscepit.
3521 453 3762 537 Ennio-

340 527 714 654 Sgrnmacho,
731 527 787 580 in
813 540 930 596 qua
956 523 1045 578 lex
1067 522 1220 606 regis
1242 522 1518 606 Odoacris
1539 522 1994 580 ecclesiasticam
2110 542 2169 580 re
2196 541 2452 597 namque
2479 524 2638 582 illius
2659 525 2844 581 aetatis
2865 522 3033 598 pater
3050 522 3304 582 filiorum
3328 522 3512 582 cirros
3533 525 3766 584 mitten-

339 598 377 653 li
425 603 668 653 ertatem
719 597 1110 654 ncssumdans
1140 613 1199 650 1n
1233 595 1512 651 electione
1561 596 1875 654 pontiﬁcis.
1909 601 1998 652 est
2106 597 2180 652 do
2212 598 2281 652 ad
2317 597 2672 654 pontiﬁcem.
2701 613 2800 653 eos
2831 596 3088 654 pontiﬁci
3114 597 3391 654 offerebat
3419 599 3478 654 in
3505 597 3678 654 ﬁlios.
3706 604 3766 654 et

366 595 668 654 ibertatem
702 595 1110 670 'pcssumdans
1140 595 1199 650 in
1233 595 1512 670 electione
1561 596 1875 668 pontiﬁcis,
1909 601 1998 652 cst

340 671 678 743 abrogata;
705 667 810 743 hoc
841 667 944 743 jns
977 672 1170 743 tamen
1220 667 1590 743 tyrannicuin
1641 671 1995 723 conﬁrman-

339 743 425 796 dae
488 739 796 812 pontiticiaa
855 739 1155 813 electionis
1213 739 1410 794 Ariani
1450 740 1771 813 Gothorum
1811 757 1996 813 rcges

341 810 790 884 usurpaverunt,
827 816 1102 884 cogentes
1130 811 1372 884 insuper
1402 810 1654 884 persolvi
1683 810 1996 866 confirma-

340 883 518 940 tionis
547 901 725 938 causa
747 883 1063 954 quamdam
1099 883 1356 952 pecunizc
1389 883 1835 954 pensitationem
1862 901 1894 938 a
1916 900 1998 938 re-

341 973 478 1011 cens
507 955 685 1010 electo
724 954 1018 1026 pontifice.
1052 954 1278 1026 Exactis
1330 971 1434 1026 per
1480 955 1783 1026 Narsetem
1819 954 1996 1026 patri-

339 1028 495 1082 cium
529 1027 602 1081 ab
635 1025 802 1098 Italia
831 1026 1056 1098 Gothis.
1080 1025 1187 1098 hoc
1222 1025 1657 1098 iniquissimum
1686 1029 1788 1097 jus
1819 1025 1998 1080 Justi-

341 1099 554 1153 nianus
583 1097 889 1168 creterique
919 1096 1173 1152 Orientis
1207 1096 1588 1169 imperatores
1611 1096 1722 1152 sibi
1745 1097 1999 1152 vindica-

337 1187 466 1224 vere
492 1170 560 1223 ad
585 1169 1032 1240 Constantinum
1069 1169 1431 1238 Pogonatum
1466 1187 1655 1240 usquo
1681 1186 1694 1223 :
1725 1186 1826 1224 nec
1860 1174 1996 1224 ante

338 1242 409 1296 ad
444 1240 598 1294 beati
623 1239 771 1294 Petri
803 1241 1230 1296 confessionem
1253 1240 1472 1296 electus
1505 1239 1655 1312 papa
1686 1257 1994 1296 consecra-

337 1313 530 1379 batur,
556 1327 733 1385 quam
767 1313 896 1384 ejus
927 1311 1242 1385 electioiab
1286 1311 1641 1385 imperatore
1674 1313 1999 1385 approbata

337 1387 524 1456 esset;
559 1383 818 1456 interim,
842 1387 906 1438 ut
929 1401 1106 1456 supro
1128 1383 1246 1456 dixi
1279 1383 1342 1456 in
1362 1383 1650 1456 Severino,
1676 1383 2000 1456 archipres-

337 1455 558 1526 bytero,
581 1455 1019 1520 archidiacono,
1035 1461 1091 1510 et
1123 1455 1454 1526 primicerio
1483 1455 1864 1526 notariorum,
1891 1455 2000 1510 Ro-

337 1541 574 1582 manam
608 1526 928 1582 Ecclesium
961 1526 1536 1582 administrantibus.

409 1603 484 1653 At
499 1597 922 1670 Constantinus
939 1599 1177 1653 sedente
1196 1603 1399 1670 sancto
1414 1597 1715 1670 Agathone
1738 1595 1998 1670 pecunia:

338 1669 752 1742 quantitatem,
777 1675 842 1724 ut
871 1670 930 1725 in
953 1670 1257 1742 Agathone
1287 1669 1493 1724 scribit
1523 1669 1890 1742 Anastasius,
1916 1685 2000 1724 re-

339 1739 566 1813 levavit,
590 1758 718 1813 quae
755 1739 1110 1796 dabatur'de
1143 1758 1299 1796 more
1329 1757 1432 1813 pro
1463 1739 1828 1796 ordinatione
1849 1757 2000 1813 pon-

337 1812 534 1880 tiﬁcis,
552 1811 851 1868 reservata
881 1819 1074 1868 tamen
1102 1813 1211 1886 sibi
1245 1811 1501 1886 gratuita
1531 1811 1997 1886 confirmatione,

382 1901 518 1940 nam
552 1888 686 1940 ante
717 1889 966 1940 mortem
999 1883 1511 1940 nenitus‘dimisit.
1547 1883 1870 1940 Romanam
1901 1884 2002 1939 Ec-

382 1903 518 1940 uam
552 1903 686 1940 ante
717 1903 966 1940 mortem
1040 1903 1234 1940 ennus
1265 1903 1511 1940 OlmlSlL.
1548 1903 1870 1940 uomanam
1901 1903 2000 1939 nc-

339 1903 578 2028 glesiam
601 1955 660 2011 in
680 1903 1339 2028 pristinamilibertatem
1366 1955 1681 2028 restituens
1697 1955 2000 2028 subBene-

341 2026 496 2082 dicto
533 2027 602 2093 II,
625 2050 652 2076 ‹‹
681 2026 797 2100 qui
814 2027 1115 2100 jussiones
1137 2044 1171 2083 a
1192 2026 1570 2100 Constantino
1591 2026 1871 2100 suscepit,
1897 2043 2002 2100 per

341 2114 490 2172 quas
541 2097 848 2172 concessit,
884 2104 952 2154 ut
997 2116 1268 2172 persona,
1294 2098 1394 2172 qui
1444 2097 1998 2172 electusufu’erit’ad

341 2169 539 2225 aedem
567 2171 970 2242 apostolicam,
995 2169 1025 2226 ὁ
1047 2170 1292 2242 vestigio
1312 2169 1536 2242 absque
1557 2169 1830 2242 tarditate
1849 2186 2000 2242 pon-

341 2241 482 2296 tit‘ex
511 2240 938 2298 ordinaretur.»
961 2245 1148 2308 Quare
1169 2240 1244 2298 ob
1277 2240 1604 2297 restitutam
1628 2240 1998 2297 comitiorum

341 2311 690 2368 libertamen
714 2315 981 2370 observat
1001 2314 1060 2368 in
1082 2313 1305 2369 Joanne
1328 2313 1376 2366 V
1397 2329 1734 2368 successore
1765 2315 2002 2368 Anasta-

339 2383 467 2440 sius
496 2401 546 2438 :«
573 2385 840 2457 Hicpost
869 2385 1192 2457 multorum
1225 2384 1569 2457 pontiﬁcium
1602 2388 1888 2456 tempora,
1913 2383 2000 2457 v_c_l

341 2471 655 2522 annorum,
673 2454 846 2526 juxta
873 2456 1127 2526 priscam
1157 2454 1643 2511 consuetudinem
1666 2473 1699 2510 a
1723 2454 2003 2526 generali-

340 2530 461 2600 tate
489 2526 544 2580 in
580 2525 836 2600 Ecclesia
863 2525 1200 2592 Salvatoris,
1226 2543 1352 2600 quas
1374 2526 1704 2600 appellatur
1723 2525 2003 2600 constan-

341 2597 587 2671 tiniana,
612 2597 831 2654 electus
861 2605 968 2667 est,
994 2603 1170 2671 atque
1196 2597 1492 2654 exinde’in
1523 2597 1884 2671 episcopium
1917 2597 2004 2654 in-

341 2669 668 2725 troductus.
699 2693 727 2718 ››

415 2740 593 2796 Linea
619 2743 674 2796 5.
701 2773 768 2781 —
797 2741 1048 2812 Suscepit
1073 2740 1344 2796 muliones
1383 2741 1730 2812 capillorum.
1762 2741 1881 2812 illoc
1913 2744 2003 2812 est

346 2811 606 2884 suscepit
646 2812 830 2868 cirros
880 2811 1225 2884 capillorum
1277 2811 1615 2884 Justiniuni
1649 2817 1706 2866 et
1753 2811 2000 2866 Hcraclii

343 2882 598 2956 ﬁliorum
631 2882 999 2940 Constantini
1028 2884 1304 2956 Pogonati
1337 2885 1408 2940 ad
1443 2900 1508 2938 ac
1540 2883 1756 2938 missos
1782 2901 1794 2938 :
1823 2888 2004 2954 μαλλοί

342 2955 498 3010 enim
532 2956 724 3011 Grzece
774 2959 915 3011 sunt
963 2955 1162 3010 Latine
1210 2957 1368 3020 cirri,
1401 2957 1668 3020 cincinni,
1692 2959 1794 3010 aut
1823 2957 2002 3010 crines

342 3027 606 3098 implexi,-
638 3043 772 3081 nam
808 3034 994 3098 μειλλὸς
1025 3032 1116 3082 est
1146 3026 1300 3097 lana,
1333 3026 1538 3094 vellus,
1572 3025 1656 3082 vel
1691 3041 1860 3082 coma
1901 3025 2000 3098 de-

341 3095 992 3154 mi'ssa.Constautinus
1037 3098 1218 3170 igitur
1257 3095 1586 3170 Pogonatus
1638 3098 1709 3154 ad
1760 3095 2000 3170 Benedi-

343 3173 503 3226 ctum
537 3171 862 3226 secundum
894 3168 1150 3226 ﬁliorum
1178 3168 1365 3227 cirros"
1385 3169 1614 3238 direxit,
1637 3185 1786 3242 quos
1816 3168 2004 3242 ponti-

2106 597 2180 652 do
2212 598 2281 669 ad
2317 596 2672 669 pontificem,
2701 613 2800 669 eos
2831 596 3088 669 pontiﬁci
3114 597 3391 669 offerebat
3419 599 3478 654 in
3505 597 3678 667 ﬁlios,
3706 604 3766 656 et

2105 667 2365 740 pontifex
2394 669 2577 742 cirros
2598 667 3167 742 accipiens,_illorum
3191 668 3376 742 patris
3397 686 3609 742 nomen
3631 687 3768 726 con-

2107 741 2483 815 sequebatur.
2517 740 2770 815 Pronnm
2804 746 2893 797 est
2913 740 3074 815 hunc
3095 740 3318 797 morem
3334 740 3673 815 intelligere
3696 757 3766 815 ex

2108 810 2284 884 Paulo
2333 811 2588 884 Diacono
2638 810 2786 884 libro
2836 827 2915 884 vl,
2951 812 3138 884 capite
3166 815 3256 884 53,
3291 812 3392 884 ubi
3441 814 3512 869 de
3542 810 3766 884 'Carolo

2108 883 2463 965 Francorum
2489 883 2574 956 pri
2584 882 2686 965 cci
2684 882 3266 965 pehabeths‘equentia
3281 901 3329 939 ιι(
3353 883 3594 965 Gnrplns
3610 883 3771 957 priu-

2107 970 2243 1028 ceps
2268 954 2622 1028 Francorum
2648 954 2916 1028 Pipinum
2941 954 3129 1011 ﬁlium
3157 971 3332 1011 suum
3357 957 3431 1028 ad
3457 954 3768 1028 Luitpran-

2105 1025 2258 1110 du’m‘
2281 1025 2511 1108 direxit,
2533 1030 2599 1082 ut
2629 1025 2776 1097 ejus,
2794 1027 2968 1110 juxta
2998 1043 3246 1110 rnorem,
3268 1027 3545 1110 capillum
3561 1025 3769 1110 susci-

2106 1101 2299 1169 peret;
2333 1097 2431 1171 qui
2462 1099 2590 1169 ejus
2617 1097 2909 1171 caesariem
2941 1097 3226 1171 incidens,
3251 1099 3299 1154 ei
3331 1097 3495 1171 pater
3521 1099 3770 1171 effectus

2106 1114 2299 1169 peret;
2333 1114 2431 1222 qui
2462 1114 2590 1169 ejus
2617 1115 2909 1153 caesariem
2941 1114 3226 1164 ineiaens,
3251 1115 3299 1154 ei
3331 1114 3495 1171 pater
3521 1114 3770 1156 enectus

2106 1174 2213 1250 est,
2239 1185 2339 1223 mu
2369 1168 2724 1250 tisqueeum
2753 1169 3006 1250 ditatum
3038 1170 3214 1243 regiis
3234 1171 3577 1250 muneribus
3602 1170 3773 1250 geni-

2106 1240 2215 1314 tori
2250 1239 2532 1314 remisit.»
2558 1239 2889 1314 Aliquando
2929 1239 3131 1314 etiam'
3145 1241 3490 1314 capillorum
3522 1239 3766 1314 oblatio,

2106 1310 2389 1387 religiosae
2442 1310 2760 1387 servitutis,
2785 1329 2964 1387 quam
3011 1313 3151 1387 quis
3201 1310 3771 1387 inibat,_symbolum

2107 1381 3104 1459 fuitfnnastasius_Bibliothecarius
3125 1381 3545 1459 inpraet'atio'ne
3566 1385 3774 1459 adyti!

2105 1453 2443 1530 conci_liu_m,
2473 1455 2550 1530 _de
2569 1453 2879 1530 _Bulgari§e
2920 1472 3073 1530 rege,
3099 1453 3773 1530 qni-coramnpontiﬁcis

2105 1525 2314 1598 legatis
2347 1525 2524 1581 Paulo
2569 1525 3013 1599 Popliloniensi:
3037 1533 3094 1584 et
3115 1525 3402 1599 Formosa
3427 1525 3769 1599 ,Portuensi,

2106 1597 2434 1671 sesergum
2457 1597 2894 1671 professust‘uit
2924 1599 3075 1671 beati
3109 1598 3285 1668 Petri,
3307 1604 3364 1655 et
3385 1597 3514 1671 ejus
3538 1597 3777 1656 succes-

2109 1667 2258 1724 soris
2307 1667 2558 1743 Romani
2586 1669 2903 1742 pontiﬁcis,
2927 1669 3102 1743 habet
3131 1667 3436 1743 sequentia
3467 1687 3529 1726 :«
3557 1672 3776 1728 Iutan-

2107 1745 2235 1822 tum
2267 1745 2463 1823 autem
2505 1740 2692 1823 pietas
2723 1746 2978 1796 creverat
3011 1740 3400 1823 principis,_et
3422 1743 3778 1823 abundabat

2031 1835 2076 1898 Β
2107 1812 2263 1898 circa
2295 1811 2532 1898 beatum
2565 1811 2802 1895 Petrum
2839 1811 3231 1898 venerationis
3269 1815 3502 1898 atl‘ectu‘,
3521 1818 3587 1870 ut
3607 1831 3776 1898 quo-

2111 1883 2248 1967 dam
2280 1882 2374 1967 die
2405 1900 2586 1967 manu
2599 1883 2836 1967 propria
2864 1883 3272 1967 capillosnsuos
3295 1882 3773 1967 apprchenderit,

2108 1958 2165 2027 et
2191 1954 2732 2027 contemplantibus
2761 1954 2991 2012 eunetis
3021 1973 3083 2012 se
3105 1954 3390 2013 Romanis
3420 1956 3618 2013 missis
3648 1954 3775 2014 trs-'-

2108 2025 2322 2102 d_i_de_rit
2342 2025 2542 2082 dicens
2570 2043 2583 2082 :
2608 2026 2825 2083 Omnes
2846 2027 3142 2102 principes
3168 2027 3447 2102 etcuncti
3469 2028 3774 2102 principes

2107 2096 2526 2172 Wulgarorum
2557 2102 2724 2172 terra;
2747 2096 3103 2172 cognoscant
3131 2099 3217 2172 ab,
3235 2096 3518 2172 hodierno
3548 2097 3641 2172 die
3661 2096 3774 2172 ine

2109 2185 2340 2244 servum
2371 2171 2492 2225 fore
2507 2173 2650 2244 post
2670 2170 2854 2244 Deum
2887 2171 3037 2244 beati
3066 2171 3242 2244 Patri,
3266 2175 3323 2244 et
3348 2171 3488 2244 ejus
3505 2170 3771 2228 vicarii.»

2112 2241 2412 2316 Leguntur
2442 2241 2624 2316 etiam
2653 2241 2848 2316 capilli
2878 2241 3108 2316 detonsi
3133 2243 3206 2298 ab
3237 2241 3548 2316 episcopis,
3579 2248 3634 2299 et
3659 2259 3777 2316 ﬁsu-

2112 2260 2412 2314 Leguntur
2442 2260 2619 2297 etiam
2653 2260 2848 2368 cnpnu
2878 2260 3108 2298 octonm
3133 2260 3206 2298 ao
3237 2260 3548 2369 episcopis,
3579 2260 3634 2299 et
3666 2260 3777 2299 su-

2112 2328 2213 2395 per
2241 2313 2626 2395 altare.posi_ti
2669 2330 2702 2368 a
2787 2313 3133 2395 donationes
3162 2330 3267 2370 con
3318 2313 3615 2395 rmandas
3649 2315 3778 2395 fac-

2110 2382 2618 2484 inslenclesiism‘t.
2659 2383 2904 2484 egern‘pli
2963 2384 3090 2440 loco
3122 2402 3256 2466 esse
3312 2390 3506 2484 po’tes‘t
3566 2385 3781 2442 charta

2111 2453 2388 2527 Willelmi
2419 2455 2652 2527 comitis
2682 2455 2751 2510 de
2779 2453 3178 2527 Warenna,in
3209 2453 3332 2527 qua
3356 2457 3500 2527 dicit
3529 2473 3729 2513 comes
3757 2473 3775 2512 :

2114 2526 2246 2597 «Et
2276 2525 2410 2581 inde
2441 2525 2646 2581 Saisivi
2679 2542 2806 2580 eam
2835 2525 3370 2597 (scilicetinvestivi
3403 2545 3532 2582 eam
3563 2527 3780 2584 Eccle-

2113 2596 2304 2669 siam),
2331 2613 2432 2668 per
2461 2597 2702 2668 capillos
2747 2595 2954 2669 capitis
2986 2595 3122 2669 mei,
3147 2601 3203 2669 et
3234 2597 3432 2654 fratris
3481 2597 3618 2669 mei
3651 2598 3786 2653 Ra-

2113 2667 2376 2739 dulfirde
2413 2667 2722 2739 Warenna,
2747 2667 2896 2739 quos
2937 2667 3198 2739 abscidit
3243 2684 3379 2739 cum
3427 2667 3665 2724 cultello
3701 2669 3786 2726 de

2111 2738 2403 2822 capitibns
2460 2737 2676 2822 nostris
2725 2737 2856 2822 ante
2900 2737 3084 2822 altare
3112 2738 3784 2822 [lennicus‘episeopus

2109 2809 2595 2866 Wintoniensis.»
2616 2813 2679 2864 In
2715 2809 2976 2866 antiquis
3025 2809 3193 2866 libris
3245 2809 3582 2866 Ritualibus
3608 2809 3781 2866 inve-

2111 2881 2356 2954 niuntur
2404 2897 2602 2954 preces
2631 2882 2701 2954 ad
2729 2881 3120 2954 capillalurqm
3167 2881 3514 2954 incidendam
3548 2883 3620 2938 ab
3652 2881 3782 2939 illis

2110 2953 2371 3036 diversae,
2397 2951 2522 3036 qna:
2555 2970 2659 3036 pro
2689 2951 2979 3036 initiand‘o
3011 2951 3208 3036 aliquo
3239 2952 3496 3036 clericali
3525 2959 3782 3036 tqnsura

2108 3023 2169 3079 in
2202 3023 2432 3096 eisdeni
2455 3023 2622 3080 libris
2653 3024 3052 3096 assignantur.
3075 3023 3218 3080 Vide
3251 3025 3531 3096 Ordinem
3565 3025 3785 3082 Roma-

2111 3112 2254 3180 num
2293 3100 2349 3150 et
2399 3095 3026 3180 Sacrame'n'tarinmﬁ.
3059 3096 3322 3180 Gregorii
3381 3095 3578 3171 Magni
3633 3113 3780 3154 cum

2112 3167 2267 3224 notis
2297 3167 2682 3224 eruditissimi
2715 3168 2902 3224 Patris
2933 3167 3216 3224 Menardi.

1585 3459 1946 3531 LXXXIV.
2005 3457 2384 3532 JOANNES
2437 3459 2520 3528 V.

1401 3623 1564 3672 anno
1609 3625 1846 3672 Gnms'n
1890 3609 2031 3683 685,
2079 3623 2428 3672 JUSTINIANI
2467 3624 2603 3670 JUN.
2655 3609 2712 3668 1.

589 3911 748 3964 154
795 3906 1096 3978 Joannes,
1145 3905 1404 3967 natione
1449 3905 1665 3984 Syrus,
1715 3922 1792 3964 ex
1853 3901 2180 3984 provincia
2223 3903 2585 3978 Antiochia,
2633 3922 2711 3966 ex
2770 3908 2950 3984 patre
2993 3902 3280 3984 Cyriaco,
3327 3902 3490 3965 sedit
3531 3920 3785 3966 annum

503 4029 722 4084 unum,
773 4011 904 4072 dies
948 4030 1172 4073 novem
1221 4011 1328 4092 (a).
1375 4011 1488 4071 Vir
1526 4010 1709 4072 valde
1754 4017 2072 4086 strenuus,
2120 4016 2312 4092 atque
2354 4009 2619 4072 scientia
2661 4011 2988 4090 praeditus,
3034 4015 3098 4072 et
3135 4009 3504 4072 omnimodo
3550 4011 3783 4074 mode-

503 4125 700 4180 ratus.
750 4119 864 4180 Hie
908 4125 1052 4199 post
1098 4118 1441 4180 multorum
1490 4117 1863 4198 pontiﬁcum
1917 4123 2226 4199 tempora,
2276 4117 2376 4179 vel
2436 4137 2776 4193 annorum,
2815 4117 3005 4197 juxta
3048 4117 3319 4198 priscam
3363 4118 3782 4180 consuetudi-

501 4244 643 4287 nem
689 4244 726 4286 a
769 4226 1185 4305 generalitate
1246 4225 1308 4285 in
1375 4225 1638 4286 ecclesia
1709 4225 2085 4300 Salvatoris,
2132 4243 2274 4306 quae
2347 4225 2710 4306 appellatur
2779 4223 3328 4299 Constantiniana,
3373 4223 3613 4286 electus
3658 4230 3781 4304 est,

418 4335 456 4391 5
499 4341 692 4414 atque
735 4333 960 4394 exinde
1004 4334 1067 4394 in
1115 4331 1435 4414 episcOpio
1483 4331 1563 4413 (ὁ)
1609 4332 2026 4394 introductus.
2074 4333 2214 4407 Hie,
2259 4333 2411 4394 dum
2457 4338 2622 4396 esset
2662 4331 2988 4408 diaconus,
3037 4331 3266 4394 missus
3320 4337 3414 4394 est
3456 4350 3496 4393 a
3537 4338 3787 4395 sanetae

500 4440 821 4500 memoriae
864 4441 1197 4519 Agathone
1242 4458 1411 4520 papa
1465 4439 1528 4500 in
1576 4439 1814 4520 regiam
1878 4440 2099 4502 urbem
2144 4455 2286 4501 cum
2335 4439 2474 4501 aliis
2532 4438 2992 4507 sacerdotibus,
3039 4443 3502 4520 repraesentans
3563 4439 3785 4502 locum

499 4545 861 4627 apostolicae
931 4546 1095 4607 sedis
1167 4545 1232 4606 in
1277 4552 1498 4608 saneta
1539 4551 1719 4608 sexta
1759 4548 2024 4626 synodo,
2074 4565 2216 4627 quas
2262 4565 2376 4626 per
2429 4547 2540 4608 Dei
2597 4545 3062 4627 providentiam
3106 4544 3341 4606 ibidem
3385 4551 3788 4624 congregata

496 4653 593 4712 vel
639 4653 953 4713 celebrata
1012 4660 1126 4714 est.
1173 4653 1442 4734 Expleta
1511 4659 1747 4727 autem,
1795 4653 2024 4715 exinde
2069 4673 2107 4714 a
2149 4653 2640 4715 clementissimo
2712 4652 2998 4734 principe
3069 4651 3410 4725 relaxatus,
3458 4669 3775 4732 magnum

495 4760 796 4839 gaudium
863 4759 1156 4821 Ecclesiae
1201 4779 1412 4822 secum
1459 4759 1708 4834 detulit,
1755 4761 1818 4821 id
1889 4766 1984 4823 est
2052 4761 2255 4841 ipsam
2301 4765 2586 4822 sanctam
2655 4765 2898 4821 sextam
2945 4757 3255 4838 synodum
3330 4756 3429 4819 vel
3498 4759 3785 4820 edictum

378 4866 456 4926 10
497 4866 966 4930 clementissimi
1010 4867 1313 4948 principis
1357 4867 1742 4927 conﬁrmans
1803 4869 2090 4929 eamdem
2150 4867 2486 4948 synodum.
2538 4869 2794 4928 Necnon
2861 4871 2924 4927 et
2985 4865 3140 4926 alias
3183 4864 3421 4927 divales
3457 4862 3784 4944 jussiones

495 4975 846 5037 relevantes
915 4992 1189 5036 annonae
1261 4972 1473 5052 capita
1542 4974 2073 5054 patrimomorum
2120 4975 2347 5036 Siciliae
2392 4980 2456 5035 et
2497 4972 2803 5036 Calabriae
2847 4991 2974 5034 non
3036 4991 3264 5053 pauca,
3309 4971 3419 5034 sed
3489 4977 3552 5032 et
3623 4991 3780 5053 cep-

496 5086 629 5142 tum
674 5080 748 5162 (c)
795 5080 1093 5142 frumenti
1136 5079 1445 5154 similiter,
1495 5081 1594 5142 vel
1638 5080 1764 5143 alia
1807 5083 2078 5158 diversa,
2125 5101 2268 5163 quae
2331 5082 2609 5144 Ecclesia
2653 5083 2942 5142 Romana
3002 5095 3214 5140 annue
3275 5079 3536 5140 minime
3581 5097 3778 5141 exur-

495 5188 684 5266 gebat
727 5187 812 5268 (d)
859 5187 1238 5267 persolvere.
1287 5187 1400 5248 Hie
1443 5193 1850 5250 consecratus
1902 5195 1997 5250 est
2038 5207 2077 5250 a
2122 5189 2321 5250 tribus
2385 5187 2714 5268 episcopis,
2762 5185 3056 5261 Ostiensi,
3099 5184 3457 5259 Portuensi,
3501 5183 3778 5247 Veliter-

494 5294 697 5370 neusi,
745 5294 930 5354 sicuti
974 5293 1402 5372 praedecessor
1445 5294 1581 5374 ejus
1625 5297 1750 5356 Leo
1803 5314 1992 5376 papa.

581 5409 743 5462 155
791 5399 995 5477 Hujus
1041 5401 1432 5482 temporibus
1474 5402 1762 5481 regnavit
1823 5402 2098 5464 domnus
2157 5401 2551 5464 Justinianus
2593 5403 2936 5480 Augustus,
2982 5399 3282 5464 defuncto
3346 5405 3527 5479 patre
3588 5397 3774 5460 initio

500 5507 729 5568 mensis
810 5506 1221 5582 Septembris,
1309 5508 1531 5568 indict.

497 5625 713 5683 pacem
829 5609 1157 5672 constituit
1241 5633 1384 5676 cum

1619 5523 1742 5571 XIV.

1491 5633 1608 5676 nec
1701 5613 1968 5675 dicenda

1830 5505 1950 5579 Qui
2052 5508 2578 5570 clementissimus
2681 5509 2974 5589 princeps
3070 5505 3340 5568 Domino
3419 5504 3770 5568 auxiliante

2078 5621 2265 5695 gente
2350 5617 2812 5677 Saracenorum
2925 5613 3232 5676 decennio
3318 5619 3488 5675 terra
3574 5613 3766 5676 mari-

1517 5765 1766 5812 NOTULE
1808 5759 2198 5810 ΠΑΒϐΙΜιΕδ
2240 5765 2567 5814 PABBOTTI.

345 5897 353 5906 .
401 5856 474 5934 (α)
505 5859 562 5932 Β,
599 5867 896 5925 undecim.
971 5869 1049 5936 (ὁ)
1079 5872 1146 5941 Β,
1181 5879 1568 5954 episcopium.
1644 5883 1715 5960 (ε)
1747 5881 1810 5954 Β,
1845 5895 1898 5954 Ρ¹

1494 5896 1568 5939 m.
1644 5883 1715 5960 (c)
1747 5881 1810 5954 Β,
1845 5886 2201 5956 ριιωοθριιιω
2230 5882 2616 5943 frumentum.
2693 5881 2771 5962 (ἀ)
2802 5887 3047 5962 poterat.
