3950 6412
1036 733 2057 850 FRANCISCI

1243 412 1334 464 AD
1382 410 1811 467 ANASTASIUM
1859 412 2372 470 PROLEGOMENA
2426 414 2600 470 EDIT.
2649 415 3081 474 ROM.—VATIC.

3753 423 3856 482 Q36

2173 737 2697 856 BLAN
2713 741 3251 859 CHINI

1681 961 2593 1074 DISSERTATIO

520 1171 670 1288 DE
777 1172 1331 1302 ANTIQUIS
1434 1173 2190 1297 ROMANORUM
2305 1181 3024 1302 PONTIFICUM
3119 1187 3782 1320 CATALOGIS.

1206 1385 1598 1467 Eorumque
1658 1390 2156 1466 comparatione
2206 1409 2284 1454 ac
2333 1392 2594 1456 delectu
2644 1395 3096 1474 instituendo,

621 1545 723 1606 Ex
766 1545 1090 1622 genuinis
1149 1546 1561 1610 documentis
1621 1552 1932 1611 Romanae
1971 1550 2280 1612 Ecclesiae
2343 1552 2428 1613 ad
2475 1571 2677 1618 usum
2731 1555 3029 1618 historiae
3087 1560 3155 1620 et
3211 1557 3672 1638 chronologiaa.

901 1895 1170 1965 CAPUT
1245 1898 1604 1966 PRIMUM.

434 2016 535 2076 De
592 2017 859 2094 regulis
923 2018 1356 2082 observandis
1415 2021 1508 2082 ad
1561 2035 1836 2081 εωαφφιθη
1895 2021 2086 2080 recte

607 2095 1066 2178 claronologiw,
1110 2101 1486 2177 pmsertz’m
1522 2099 1918 2180 ponti/icio}.

938 2215 1258 2270 SYNOPSIS
1292 2216 1571 2270 CAPITIS.

432 2301 476 2351 Ῑ.
507 2301 638 2349 Vitae
658 2303 957 2363 pontiﬁcum
985 2305 1338 2352 Romanorum
1365 2303 1615 2360 originem
1648 2303 1844 2348 ducunt
1873 2314 1933 2348 ex
1953 2303 2084 2348 cata-

489 2363 642 2422 logis,
669 2367 716 2411 et
745 2365 1011 2411 continent
1031 2370 1131 2409 tres
1161 2365 1446 2422 prwcipuas
1483 2365 1737 2421 notiones,
1767 2376 1950 2420 nempe
1974 2377 2082 2408 suc-

491 2425 784 2483 cessionem,
805 2425 1186 2483 chronologiam
1207 2427 1258 2469 ct
1281 2427 1426 2483 gesta
1446 2425 1741 2470 earumdem
1761 2423 2078 2482 pnutiﬁcum.

489 2511 549 2521 —-
577 2487 637 2534 Il.
669 2486 944 2533 Successio
973 2500 1071 2532 non
1098 2485 1382 2544 interrupta
1416 2497 1736 2531 summorum
1760 2484 2078 2544 pontiﬁcum,

486 2561 601 2608 quae
625 2547 865 2608 notiores!
890 2547 1122 2608 omnium
1143 2546 1576 2608 prmstztl:ti~simn,
1598 2544 1890 2608 etimaxime
1911 2557 2084 2608 neces-

487 2605 636 2663 saria,
666 2605 926 2665 colligitur
960 2607 1167 2666 quidem
1197 2620 1252 2652 ex
1275 2607 1551 2664 Catalogis,
1580 2607 1668 2652 sed
1705 2605 1859 2652 etiam
1884 2617 1943 2650 ex
1979 2605 2076 2653 SS.

483 2666 946 2716 Patribusabundc
971 2666 1348 2726 comprobatur.
1368 2693 1426 2702 -—
1453 2666 1544 2714 ΙΙΙ.
1567 2666 1929 2722 Chronologite
1952 2681 2079 2726 pon-

484 2729 654 2777 tiﬁcite
674 2729 973 2776 discrimina
993 2728 1292 2790 plerumque
1311 2733 1613 2776 emanarunt
1633 2743 1694 2776 ex
1719 2728 1972 2788 imperitia
1993 2733 2078 2776 aut

483 2790 798 2850 negligentia
820 2791 1209 2838 amanuensium
1237 2794 1285 2836 et
1314 2791 1709 2850 descriptorum.
1740 2791 1853 2846 Qua
1881 2792 2076 2839 ratione

481 2853 858 2913 descriptorum
894 2853 1046 2912 copia
1092 2853 1374 2914 reputanda
1418 2853 1482 2899 sit
1516 2853 1665 2899 noxia
1712 2855 1884 2912 potius
1921 2867 2074 2914 quam

481 2915 757 2962 commoda
781 2915 1054 2972 pontiﬁciaa
1075 2913 1424 2972 chronologim
1447 2920 1582 2961 recte
1613 2915 1954 2970 instituendze,
1976 2915 2074 2962 nisi

478 2989 605 3024 usus
628 2978 674 3023 et
698 2976 961 3022 criterium
985 2979 1057 3022 tot
1074 2976 1446 3036 descriptorum
1476 2980 1525 3023 et
1554 2978 1790 3024 codicum
1818 2978 1968 3023 certis
1998 2991 2073 3024 re-

478 3037 616 3098 gulis
637 3036 882 3084 referatur
903 3038 962 3084 ad
987 3038 1284 3096 indaginem
1317 3039 1559 3085 veritatis.
1589 3065 1645 3072 —-
1674 3037 1766 3087 IV.
1801 3037 2070 3098 Ejusmodi

476 3098 673 3162 regulae
706 3100 871 3160 capite
907 3099 1140 3159 proximo
1186 3105 1336 3147 erunt
1380 3100 1802 3162 proferendae,et
1835 3114 2072 3162 compro-

473 3160 658 3209 banda
694 3174 754 3208 ex
787 3163 910 3208 artis
945 3162 1132 3209 criticze
1165 3162 1499 3209 axiomatibus
1530 3177 1589 3209 ac
1621 3161 1910 3222 disciplina.

484 3272 538 3331 4.
565 3275 826 3332 Vitarum
853 3291 980 3347 quae
1010 3276 1106 3332 hic
1138 3276 1527 3346 illustrantur,
1556 3277 1837 3347 originem
1868 3278 2065 3336 deberi

410 3363 673 3434 antiquis
695 3364 984 3436 Catalogis
1010 3369 1120 3420 tam
1153 3363 1322 3419 hodie
1347 3371 1564 3420 certum
1595 3365 2066 3436 exploratumque

409 3458 516 3520 est,
549 3465 718 3523 quam
750 3454 898 3523 quod
937 3453 1200 3508 maxime.
1233 3454 1372 3508 Cum
1403 3454 1554 3508 enim
1589 3455 1728 3509 Vitae
1760 3455 1872 3509 tria
1901 3469 2064 3510 com-

408 3542 732 3612 plectantur
757 3545 1162 3603 successionem,
1189 3543 1589 3608 chronologiam
1614 3547 1670 3596 et
1692 3548 1842 3609 gesta
1867 3558 2062 3600 eorum

405 3631 506 3702 qui
557 3631 724 3687 Petro
779 3631 1170 3699 apostolorum
1231 3631 1486 3700 Principi
1550 3630 1869 3700 subrogati,
1933 3647 2060 3687 cum

405 3721 658 3776 Romano
705 3720 1040 3790 episcopatu
1090 3719 1436 3774 universalis
1474 3719 1740 3774 Ecclesiae
1787 3721 2058 3792 regimen,

406 3808 544 3866 huic
591 3809 714 3864 sedi
759 3809 1012 3878 afﬁxam,
1063 3814 1442 3876 susceperunt
1480 3809 2058 3879 administrandum;

401 3899 666 3952 successio
715 3896 1115 3952 manifestatur
1173 3897 1232 3950 in
1281 3896 1553 3952 omnibus
1606 3897 1892 3969 Catalogis
1936 3916 1950 3962 ;
1999 3899 2059 3953 in

402 3984 694 4054 plerisque
737 3985 1081 4051 chronologia
1112 4003 1129 4050 ;
1159 3991 1428 4052 gestorum
1477 3999 1608 4040 vero
1658 4000 1788 4054 pars
1833 3986 1894 4040 in
1941 3987 2060 4040 ali-

401 4072 620 4142 quibus
655 4073 1005 4128 continetur.
1045 4074 1179 4128 Jure
1217 4074 1401 4144 igitur
1433 4072 1648 4128 factum
1691 4079 1778 4128 est
1822 4080 1885 4128 ut
1931 4075 2060 4143 pri-

406 4173 559 4216 mum
590 4161 660 4216 de
687 4160 974 4232 Catalogis
1015 4161 1350 4230 pontiﬁcum
1387 4167 1560 4231 agant
1594 4161 1693 4230 qui
1726 4162 2056 4218 eorumdem

401 4249 562 4304 Vitas
590 4251 942 4306 contendunt
977 4250 1296 4306 illustrare.

470 4335 521 4392 2.
558 4339 639 4394 Ex
669 4339 890 4409 triplici
931 4346 1122 4394 autem
1156 4339 1389 4393 notione
1417 4339 1788 4400 successionis,
1822 4339 2058 4394 chrono—

400 4427 555 4494 logiz
605 4433 662 4482 et
716 4432 988 4494 gestorum
1047 4427 1337 4496 praecipua
1383 4438 1514 4480 cum
1577 4426 1656 4480 sit
1707 4433 1762 4481 et
1811 4428 2056 4484 maxime

2110 1859 2170 1917 A
2199 1859 2284 1914 vel
2301 1860 2482 1918 altero
2497 1867 2851 1921 numerando
2869 1866 2954 1922 vel
2975 1867 3126 1923 inter
3148 1869 3446 1936 pontiﬁces
3467 1881 3855 1938 successores,

2195 1949 2280 2004 vel
2333 1951 2482 2007 inter
2532 1955 2780 2010 vicarios
2830 1963 2886 2011 et
2937 1957 3296 2025 coadjutores
3343 1957 3688 2027 absentium,
3731 1958 3858 2012 sive

2192 2037 2364 2094 etiam
2381 2039 2452 2095 de
2468 2043 2770 2098 eximendo
2787 2043 2871 2099 vel
2893 2045 3219 2115 recipiendo
3239 2047 3296 2100 in
3318 2060 3492 2102 censu
3512 2045 3856 2116 pontiﬁcum

2194 2125 2585 2197 legitimorum
2617 2133 2918 2188 occasione
2961 2135 3298 2189 schismatis
3330 2141 3467 2189 tunc
3502 2133 3750 2202 suborti,
3784 2146 3859 2188 ea

2192 2217 2335 2270 satis
2350 2217 2694 2275 dissolvitur
2708 2234 2773 2274 ac
2788 2221 3110 2291 dissipatur
3128 2223 3488 2277 documentis
3504 2221 3574 2277 ab
3594 2221 3859 2276 Ecclesia

2193 2305 2439 2373 receptis
2468 2313 2524 2361 et
2553 2309 2906 2378 approbatis,
2951 2316 3014 2365 ut
3041 2311 3098 2365 in
3130 2310 3314 2364 Felice
3345 2313 3391 2366 Il
3430 2311 3678 2380 aliisque
3712 2323 3862 2379 per-

2196 2393 2394 2458 paucis
2423 2394 2538 2447 erit
2567 2409 2672 2449 suo
2701 2394 2822 2450 loco
2851 2397 3380 2452 demonstrandum.

2261 2477 2316 2534 3.
2361 2480 2500 2536 Cum
2545 2482 2739 2551 itaque
2779 2485 2922 2538 satis
2959 2492 3191 2539 cautum
3234 2486 3313 2539 sit
3343 2487 3699 2542 successioni
3734 2499 3862 2542 non

2193 2567 2549 2637 interruptas,
2602 2583 2727 2640 qua:
2772 2572 3059 2640 praecipua
3095 2576 3217 2626 erat
3261 2586 3398 2627 cura
3437 2579 3493 2627 et
3530 2575 3859 2631 consilium

2189 2657 2538 2726 scriptorum
2583 2659 2643 2712 in
2673 2659 2958 2730 Catalogis
2987 2660 3326 2730 attexendis,
3361 2667 3624 2730 superest
3657 2670 3722 2718 ut
3753 2680 3862 2722 se—

2186 2745 2375 2800 cunda
2435 2745 2537 2801 illa
2586 2747 2764 2814 notio,
2811 2747 3036 2802 scilicet
3083 2747 3458 2820 chronologia
3514 2757 3572 2804 et
3627 2753 3858 2820 epocha

2187 2834 2648 2906 uniuscujusque
2680 2835 2990 2904 pontiﬁcis,
3019 2851 3086 2891 ex
3115 2837 3319 2891 iisdem
3341 2838 3628 2909 Catalogis
3650 2839 3856 2897 dedu-

2182 2929 2366 2978 catur.
2409 2923 2514 2978 Hic
2554 2938 2685 2979 vero
2731 2938 3010 2979 nonnemo
3057 2931 3360 2994 usurparet
3403 2927 3607 2982 tritun.
3641 2927 3790 2984 illud
3831 2948 3848 2982 :

2177 3011 2399 3078 Inopem
2427 3028 2508 3065 mc
2543 3014 2697 3080 copia
2725 3013 2874 3078 fecit.
2916 3011 3284 3067 Abundantia
3322 3013 3474 3068 enim
3513 3019 3848 3086 auctorum,

2181 3099 2393 3166 passim
2425 3099 2856 3154 obtrudentium
2900 3100 3201 3170 Catalogos
3240 3101 3578 3170 pontiﬁcum
3622 3102 3852 3160 Roma-

2103 3170 2151 3228 Β
2180 3201 2383 3242 norum
2424 3188 2550 3243 sine
2578 3188 2823 3255 delectu,
2865 3195 2965 3244 aut
2995 3196 3146 3244 certe
3188 3203 3299 3245 non
3343 3191 3670 3247 memoratis
3700 3190 3851 3247 fon-

2179 3275 2337 3332 tibus
2373 3282 2431 3331 et
2465 3277 2828 3332 documentis
2872 3279 3022 3334 unde
3053 3284 3330 3348 petuntur
3368 3279 3596 3349 epochae
3628 3280 3848 3337 iisdem

2176 3365 2429 3430 tributae,
2475 3365 2648 3422 etiicit
2691 3372 2754 3422 ut
2797 3365 3066 3438 frequens
3111 3381 3478 3424 numerorum
3518 3369 3845 3440 discordia,

2177 3468 2302 3523 quae
2358 3455 2546 3524 annis,
2619 3455 2912 3512 mensibus
2963 3469 3028 3511 ac
3083 3456 3289 3512 diebus
3345 3457 3582 3525 irrepsit
3633 3456 3718 3512 vel
3769 3471 3848 3514 ex

2173 3543 2609 3598 amanuensium
2664 3545 2911 3614 incuria,
2971 3545 3056 3599 vel
3104 3559 3172 3600 ex
3230 3546 3460 3602 notitiis
3508 3552 3716 3600 temere
3771 3561 3845 3602 ac

2175 3631 2555 3688 tumultuarie
2616 3633 2894 3703 collectis,
2967 3633 3092 3703 ipsa
3161 3635 3326 3704 copia
3379 3635 3728 3704 scriptorum
3781 3643 3846 3690 et

2170 3718 2612 3789 descriptorum,
2680 3721 2830 3776 inter
2882 3735 2941 3776 se
3009 3722 3487 3791 discrepantium,
3553 3721 3845 3789 impediat

2173 3809 2367 3877 potius
2407 3823 2577 3878 quam
2607 3810 2836 3878 adjuvet
2875 3809 3168 3868 studiosos
3209 3810 3567 3882 cbonologiaa
3600 3812 3659 3866 in
3697 3826 3842 3868 vera

2173 3904 2490 3966 temporum
2550 3898 2773 3953 ratione
2829 3898 3250 3954 constituenda.
3313 3899 3644 3956 Turbantur
3696 3915 3841 3958 vero

2169 3986 2413 4040 maxime
2437 3985 2773 4040 criticorum
2806 3986 3031 4054 judicia
3063 3987 3121 4041 in
3156 3987 3248 4042 his
3289 3989 3642 4057 temporibus
3677 3989 3840 4046 deti-

2169 4073 2400 4129 niendis
2445 4073 2518 4128 ab
2573 4078 2808 4142 aspectu
2868 4079 2924 4128 et
2973 4078 3170 4129 mutua
3223 4075 3531 4134 collatione
3572 4084 3838 4135 veterum

2165 4161 2584 4231 Catalogorum,
2637 4175 2764 4230 quae
2806 4161 2998 4215 decem
3047 4169 3148 4216 aut
3196 4162 3361 4230 plura
3398 4167 3571 4220 etiam
3616 4167 3840 4224 smcula

2166 4248 2538 4318 antiquitatis
2571 4245 2961 4315 praiseferunt.
3005 4249 3385 4304 Dissimulare
3417 4253 3658 4308 minime
3689 4269 3840 4324 pos-

2167 4351 2368 4392 sumus
2403 4334 2734 4406 Catalogum
2779 4334 3147 4390 Liberianum
3171 4336 3386 4391 haberi
3431 4340 3662 4408 quidem
3695 4355 3840 4400 om—

2168 4426 2327 4480 nium
2359 4423 2815 4478 vetustissimum
2845 4436 3127 4478 consensu
3156 4423 3453 4480 doctorum
3498 4427 3833 4500 hominum,

397 4515 722 4571 necessaria
745 4514 845 4569 illa
869 4515 1154 4583 princeps,
1175 4528 1301 4583 qua:
1320 4527 1430 4568 non
1456 4515 1832 4584 interruptam
1857 4522 2054 4571 osten—
2087 4487 2134 4548 Ο
2166 4526 2358 4569 verum
2393 4512 2646 4567 incusari
2668 4511 2740 4566 de
2759 4511 2960 4566 vitiata
2993 4513 3214 4568 ratione
3241 4514 3542 4572 consulum
3566 4532 3676 4574 non
3709 4535 3834 4578 uno

396 4605 488 4662 dit
517 4602 722 4659 seriem
763 4603 1096 4672 pontiﬁcum
1143 4603 1542 4669 maximorum,
1581 4604 1796 4659 vicaria
1835 4605 2052 4666 Christi

397 4697 677 4764 potestate
705 4692 764 4746 in
797 4692 966 4746 terris
993 4689 1350 4760 fungentium
1379 4693 1446 4746 ad
1479 4691 1826 4748 universalis
1855 4694 2055 4748 Eccle-

397 4782 501 4838 siae
541 4781 792 4852 regimen
831 4780 1378 4849 administrandum,
1425 4781 1636 4836 divinae
1683 4781 2054 4850 providentiae

397 4871 646 4928 consilio
668 4869 882 4926 factum
905 4871 1166 4925 videmus
1187 4876 1252 4925 ut
1279 4883 1388 4924 non
1419 4871 1739 4938 interrupta
1765 4875 2054 4925 constaret

399 4959 503 5016 illa
531 4960 842 5025 successio,
876 4965 996 5014 tum
1028 4973 1127 5028 per
1165 4958 1483 5028 Catalogos,
1543 4965 1661 5013 tum
1706 4973 1804 5027 per
1835 4959 2052 5027 scripta

398 5049 629 5104 Patrum
659 5049 728 5104 ad
764 5063 866 5104 nos
907 5048 1246 5104 transmissa
1288 5047 1359 5102 ab
1392 5047 1538 5116 ipsis
1577 5047 1844 5102 Ecclesia)
1879 5047 2054 5101 incu-

397 5135 651 5192 nabulis.
705 5137 840 5207 Quae
891 5137 1279 5193 consideratio
1330 5136 1516 5191 suasit
1564 5149 1710 5204 saape
1755 5135 2050 5191 laudatum

397 5224 867 5282 Schelestratium
920 5233 983 5280 ut
1034 5227 1377 5294 ostenderet,
1427 5239 1496 5280 ex
1542 5227 1752 5280 Irenaeo
1798 5225 2052 5295 aliisque

397 5312 684 5382 Patribus,
735 5315 987 5369 eamdem
1040 5315 1245 5370 seriem
1297 5329 1364 5369 ac
1409 5313 1830 5369 successionem
1879 5327 2050 5382 quam

401 5396 514 5465 ipsi
568 5413 637 5452 ex
688 5400 981 5468 diptychis
1034 5401 1340 5455 hauserant
1387 5401 1638 5468 aliisque
1687 5401 2051 5455 documentis

395 5491 625 5540 aetatum
669 5486 782 5540 sibi
834 5491 1243 5556 proximmum,
1294 5489 1508 5542 servari
1562 5488 1619 5541 in
1667 5488 1952 5557 Catalogis
1994 5496 2049 5542 et

396 5571 456 5626 in
483 5559 649 5627 Libro
670 5573 987 5629 Pontiﬁcali
1010 5589 1076 5629 ex
1098 5577 1382 5630 constanti
1409 5575 1721 5630 traditione
1745 5577 2040 5642 majorum.

393 5661 452 5714 Si
483 5673 612 5731 quae
643 5673 773 5714 vero
809 5662 1019 5732 exigua
1065 5661 1379 5717 difﬁcultas
1423 5663 1788 5718 suboriretur
1825 5665 1894 5716 de
1940 5677 2052 5718 uno

2165 4610 2225 4664 in
2253 4602 2395 4669 loco,
2434 4601 2606 4670 idque
2635 4605 2834 4655 contra
2865 4601 3160 4657 Fastorum
3192 4602 3358 4658 ﬁdem
3385 4621 3398 4666 ;
3422 4610 3478 4658 et
3507 4607 3656 4674 quod
3687 4607 3834 4675 inde

2165 4691 2486 4745 necessario
2543 4689 2938 4759 consequitur,
2997 4691 3066 4744 de
3119 4691 3442 4747 intervallis
3496 4699 3831 4763 temporum

2166 4792 2456 4848 perperam
2485 4778 2801 4833 numeratis
2824 4779 2882 4832 in
2912 4779 3105 4833 eadem
3131 4780 3424 4848 pontiﬁcia
3443 4781 3830 4854 chronologia

2167 4881 2266 4937 per
2299 4867 2562 4922 mendosa
2593 4866 2893 4922 consulum
2929 4867 3087 4936 paria
3117 4867 3248 4921 inde
3272 4867 3530 4924 collecta.
3557 4869 3827 4928 Alterum

2162 4957 2494 5027 Catalogum
2533 4968 2567 5010 a
2599 4955 2780 5024 priori
2824 4955 3148 5024 proximum
3188 4956 3555 5025 antiquitate,
3588 4963 3644 5012 et
3673 4973 3830 5016 con-

2163 5051 2380 5101 textum
2433 5045 2744 5112 imperante
2782 5043 3113 5097 Justiniano
3165 5043 3466 5099 observant
3512 5058 3623 5100 non
3671 5061 3826 5104 con-

2161 5135 2378 5189 sentire
2424 5147 2554 5188 cum
2599 5131 2842 5202 reliquis
2888 5131 3099 5199 passim
3152 5133 3449 5200 productis
3505 5133 3574 5188 ab
3616 5135 3820 5193 eodem

2160 5221 2586 5288 Schelestratio,
2639 5221 2740 5290 qui
2781 5219 2929 5274 duos
2975 5219 3194 5287 priores
3231 5221 3484 5288 excudit,
3533 5235 3756 5279 necnon
3785 5239 3822 5281 a

2160 5309 2461 5364 Sirmondo
2503 5314 2560 5362 et
2603 5306 2960 5377 Mahillonio,
3007 5312 3063 5360 et
3110 5307 3302 5378 Pagio,
3346 5307 3446 5376 qui
3488 5309 3823 5378 complures

2159 5398 2464 5452 ediderunt
2494 5409 2560 5450 ex
2599 5395 2900 5450 codicibus
2943 5393 3422 5450 bibliothecarum
3467 5395 3820 5472 illustrium,

2158 5484 2408 5540 exaratis
2451 5490 2628 5554 sexto,
2670 5489 2868 5539 octavo
2913 5496 2980 5538 ac
3025 5496 3174 5538 nono
3219 5483 3429 5538 saeculo
3472 5497 3598 5539 aera:
3634 5485 3824 5543 Chri—

2156 5573 2376 5626 stianaa.

2227 5659 2278 5714 4.
2327 5663 2406 5715 Ne
2451 5668 2638 5716 tamen
2683 5660 2878 5714 animo
2927 5658 3378 5728 despondeamus
3428 5660 3487 5714 in
3524 5660 3820 5721 elicienda
