3934 6400
104 347 239 411 893
936 350 1305 414 HISTORIA
1352 352 1454 414 DE
1498 351 1701 415 VITIS
1746 353 1937 415 ROM.
1983 353 2218 415 PONT.
2267 387 2346 399 —
2391 354 2748 417 SERGIUS.
3433 356 3553 420 894

284 481 520 545 domus
560 481 769 559 Julia,
819 502 961 565 qua
1005 502 1195 567 super
1236 504 1529 566 campum
1578 487 1847 565 respicit,
1898 486 2255 566 occupavit.
2301 489 2585 567 Cumque
2646 507 2811 548 unus
2872 487 2995 549 alio
3042 486 3127 570 (α)
3168 489 3379 553 locum
3425 512 3552 555 non

152 594 234 654 15
283 590 563 665 cederet,
610 591 720 652 sed
763 592 1013 672 utrique
1054 593 1416 653 immaniter
1458 592 1541 673 (ὁ)
1584 595 2020 673 perdurarent,
2070 601 2138 654 ut
2182 613 2343 654 unus
2414 596 2608 655 alium
2655 602 3005 675 superaret,
3051 597 3278 660 ininito
3340 601 3551 662 consi-

279 699 371 760 lio
402 699 706 778 primates
762 699 1049 778 judicum
1094 706 1149 760 et
1199 701 1509 761 exercitus
1578 703 1878 761 Romana
1944 701 2204 774 militia,
2255 702 2348 762 vel
2394 703 2544 763 cleri
2589 702 2663 782 (ς)
2712 702 2985 782 plurima
3047 723 3214 783 pars,
3262 712 3325 767 et
3387 727 3547 787 pra-

282 806 503 867 sertim
568 807 966 868 sacerdotum
1031 813 1220 887 atque
1284 807 1513 867 civium
1587 808 1925 867 multitudo
1999 808 2078 867 ad
2150 827 2396 869 sacrum
2470 810 2778 888 palatium
2852 816 3285 889 perrexerunt,
3337 819 3399 874 et
3442 815 3548 876 diu

279 917 758 993 pertractantes
790 913 941 994 quid
1010 914 1146 975 fieri
1216 914 1473 975 deberet
1546 915 1892 993 qualiterve
1964 915 2234 974 duorum
2310 916 2747 976 altercantium
2822 916 3164 977 electorum
3237 920 3551 999 sopiretur

278 1020 605 1082 contentio
651 1020 760 1101 (d).
804 1021 933 1081 Deo
978 1028 1297 1082 annuente
1341 1022 1407 1081 in
1472 1040 1807 1100 personam
1870 1021 2261 1081 denominati
2337 1023 2539 1099 Sergii
2611 1023 2988 1083 venerabilis
3062 1029 3213 1084 tunc
3284 1028 3549 1107 presby-

149 1126 237 1187 20
282 1127 404 1187 teri
447 1128 905 1189 concordantes
949 1147 1013 1187 se
1058 1129 1480 1197 contulerunt,
1530 1147 1802 1207 eumque
1846 1129 1923 1188 de
1971 1129 2175 1188 medio
2221 1129 2440 1208 populi
2494 1129 2804 1189 tollentes.
2852 1129 2918 1189 in
2980 1131 3309 1192 oraculum
3376 1132 3548 1195 beati

281 1234 538 1295 Casarii
581 1234 876 1315 martyris
919 1234 1169 1308 Christi,
1220 1236 1390 1315 quod
1445 1241 1538 1296 est
1606 1236 1775 1295 intra
1848 1242 2322 1295 sacrosanctum
2398 1237 2899 1316 suprascriptum
2972 1236 3279 1317 palatium
3345 1238 3547 1301 intro-

282 1342 628 1417 duxerunt,
675 1348 737 1403 et
798 1342 1022 1403 exinde
1082 1343 1146 1402 in
1220 1346 1636 1404 Lateranense
1709 1343 2099 1423 episcOpium
2171 1362 2313 1404 cum
2379 1345 2640 1404 laudum
2705 1343 3271 1406 declamationibus
3314 1345 3387 1425 (ρ)
3434 1347 3546 1408 de-

282 1448 629 1512 duxerunt.
675 1451 753 1510 Et
805 1449 1054 1530 quamis
1122 1450 1287 1511 fores
1357 1449 1726 1530 patriarchii
1796 1450 2172 1510 intrinsecus
2243 1458 2451 1512 essent
2524 1451 2782 1511 munita
2858 1457 2920 1512 et
2998 1452 3251 1525 clausa,
3332 1457 3544 1516 tamen

283 1574 434 1636 pars
501 1573 645 1636 qua
714 1556 1085 1636 praedictum
1155 1556 1581 1617 venerabilem
1650 1556 1859 1617 virum
1923 1555 2224 1635 elegerat,
2274 1557 2426 1637 quia
2487 1564 2549 1619 et
2590 1557 2860 1618 validior
2904 1563 3059 1632 erat,
3109 1558 3437 1639 praevaluit
3484 1564 3547 1623 et

154 1665 236 1725 25
283 1664 568 1743 ingressa
599 1668 720 1726 est.

366 1776 533 1832 159
577 1772 712 1844 Quo
782 1771 1063 1851 ingresso
1134 1790 1298 1833 unus
1341 1790 1375 1832 e
1418 1772 1665 1833 duobus
1737 1773 1974 1845 electis,
2047 1774 2112 1834 id
2185 1778 2279 1833 est
2353 1772 2724 1835 Theodorus
2797 1771 3329 1854 archipresbyter,
3374 1774 3543 1837 illico

280 1878 563 1959 quivevit
606 1898 678 1940 ac
721 1898 786 1940 se
847 1879 1226 1940 humiliavit.
1274 1882 1350 1940 Et
1421 1879 1740 1957 ingressus
1811 1880 2293 1941 denominatum
2366 1881 2833 1941 sanctissimum
2904 1880 3172 1941 electum
3245 1881 3545 1945 salutavit

279 2005 353 2047 ac
396 1987 714 2048 osculatus
758 1992 872 2047 est.
917 1986 1289 2048 Paschalem
1334 2006 1481 2047 vero
1540 1988 1715 2048 nullo
1782 1988 1967 2049 modo
2030 1988 2236 2049 cordis
2307 1987 2541 2048 duritia
2610 1986 2675 2047 id
2746 1988 2950 2048 facere
3022 1987 3294 2062 sinebat,
3339 1988 3542 2050 donec

277 2099 538 2156 coactus
580 2099 643 2156 et
683 2095 1002 2169 confusus,
1049 2095 1266 2155 volens
1310 2095 1550 2167 nolens,
1599 2114 1783 2156 suum
1830 2095 2157 2157 dominum
2223 2102 2285 2156 et
2344 2096 2613 2155 electum
2673 2095 2993 2173 ingressus
3053 2095 3378 2156 salutaret.
3424 2096 3543 2169 Qui

192 2203 231 2264 5
277 2203 475 2264 etiam
534 2201 858 2264 Paschalis
919 2202 1207 2263 clanculo
1272 2221 1397 2263 non
1451 2202 1717 2263 cessavit
1763 2206 2126 2264 Ravennam
2171 2221 2317 2263 suos
2365 2203 2610 2263 mittere
2654 2202 2896 2274 missos,
2945 2202 3382 2283 promissaque
3426 2222 3538 2283 pe-

275 2310 609 2371 cunia‘vel
680 2309 818 2371 aliis
887 2309 1147 2370 diversis
1204 2308 1406 2381 donis,
1452 2310 1763 2371 Joannem
1838 2311 2170 2390 patricium
2244 2315 2306 2370 et
2377 2310 2745 2382 exarchum,
2794 2316 3214 2386 cognomento
3284 2309 3535 2390 Platyn,

276 2437 424 2479 cum
488 2418 615 2478 suis
668 2415 1010 2498 judicibus,
1060 2416 1312 2477 nemine
1356 2416 1614 2488 sciente,
1666 2420 1929 2478 Romam
1976 2418 2189 2479 venire
2225 2418 2627 2497 persuadere.
2679 2416 2797 2489 Qui
2840 2418 2927 2477 sic
2972 2417 3184 2477 abdite
3229 2417 3425 2490 venit,
3470 2422 3543 2478 ut

273 2544 394 2586 nec
435 2526 639 2603 signa,
687 2543 801 2585 nec
843 2524 1055 2585 banda
1096 2542 1240 2584 cum
1286 2525 1511 2584 militia
1556 2525 1822 2584 Romani
1865 2525 2181 2585 exercitus
2225 2525 2646 2585 occurrissent
2689 2524 2745 2584 ei
2782 2522 2971 2602 juxta
3012 2523 3538 2584 consuetudinem

269 2633 339 2694 in
384 2631 768 2713 competenti
812 2632 973 2706 loco,
1022 2631 1141 2691 nisi
1183 2649 1219 2691 a
1264 2631 1345 2711 (χ’)
1390 2632 1747 2712 propinquo
1792 2634 2094 2693 Romana
2139 2633 2434 2693 civitatis.
2481 2632 2600 2704 Qui
2642 2632 2795 2692 dum
2857 2631 3133 2692 venisset
3199 2636 3262 2692 et
3322 2649 3542 2692 omnes

155 2742 229 2802 lO
270 2741 340 2802 in
387 2758 724 2822 personam
770 2740 971 2818 Sergii
1014 2738 1387 2799 sanctissimi
1433 2739 1773 2800 invenisset
1817 2740 2228 2813 consensisse,
2276 2740 2369 2800 illi
2413 2739 2669 2820 quidem
2728 2739 3064 2817 suffragari
3124 2757 3252 2800 non
3315 2739 3539 2801 voluit.

268 2846 571 2910 Ecclesia
617 2851 828 2907 tamen
884 2846 1055 2908 beati
1112 2845 1282 2906 Petri
1352 2847 1621 2924 apostoli
1692 2845 1858 2907 idem
1926 2846 2239 2907 exarchus
2309 2865 2424 2926 per
2492 2845 2776 2925 ejusdem
2819 2845 3144 2906 Paschalis
3190 2845 3532 2920 miseriam,

246 2954 661 3036 ‘stipendium
708 2959 770 3014 et
811 2953 1115 3015 damnum
1159 2953 1397 3027 intulit,
1444 2954 1616 3033 quod
1665 2953 1745 3033 (g)
1790 2953 1869 3013 ab
1929 2953 2149 3014 eodem
2212 2952 2505 3013 Paschali
2567 2952 2997 3031 suprascripto
3059 2951 3333 3012 exarcho
3386 2970 3535 3031 pro-

273 3061 539 3122 missum
587 3060 814 3138 fuerat,
860 3061 924 3122 id
968 3067 1061 3122 est
1117 3067 1370 3123 centum
1435 3061 1571 3122 auri
1634 3061 1941 3122 librarum
1988 3080 2025 3121 a
2067 3065 2246 3140 parte
2309 3059 2602 3120 Ecclesia
2666 3063 3023 3139 expetente,
3071 3057 3292 3136 Sergio
3352 3075 3538 3119 sanc-

275 3168 520 3233 tissimo
563 3169 763 3230 electo
806 3169 1238 3249 proclamante
1281 3169 1451 3249 quod
1510 3187 1713 3249 neque
1778 3167 2167 3248 promisisset
2228 3167 2400 3239 dare,
2452 3184 2656 3246 neque
2718 3163 3100 3245 possibilitas
3143 3164 3338 3225 dandi
3380 3183 3532 3245 sup-

157 3279 231 3339 15
277 3281 479 3359 petat,
525 3282 588 3339 et
630 3282 701 3337 ut
742 3277 821 3338 ad
865 3276 1421 3357 compunctionem
1493 3276 1735 3337 animos
1805 3276 2153 3337 videntium
2226 3278 2672 3347 commoveret,
2722 3273 3062 3334 cantharos
3133 3278 3195 3333 et
3237 3290 3531 3349 coronas,

276 3404 424 3465 qua
468 3389 615 3445 ante
659 3402 905 3446 sacrum
951 3383 1150 3444 altare
1194 3389 1256 3443 et
1297 3384 1751 3444 confessionem
1799 3382 1967 3444 beati
2010 3382 2179 3443 Petri
2223 3380 2492 3461 apostoli
2537 3400 2615 3442 ex
2666 3380 2929 3459 antiquo
2991 3379 3375 3460 pendebant,
3423 3380 3535 3441 de-

274 3491 431 3573 poni
472 3489 622 3553 fecit
663 3496 723 3552 et
767 3490 1020 3572 pignori
1063 3489 1247 3552 tradi.
1296 3491 1415 3552 Sed
1452 3510 1565 3551 nec
1630 3491 1692 3551 in
1755 3490 1877 3551 hoc
1948 3491 2114 3550 ﬂexa
2182 3495 2275 3550 est
2344 3487 2627 3569 ejusdem
2699 3487 2956 3549 exarchi
3024 3486 3277 3560 duritia,
3328 3486 3533 3548 donec

272 3603 553 3674 centum,
599 3604 670 3659 ut
711 3599 948 3660 dictum
994 3603 1109 3671 est,
1156 3598 1459 3659 librarum
1507 3596 1585 3677 (/1)
1634 3598 1772 3658 auri
1816 3599 2079 3677 accepit.
2126 3599 2204 3658 Et
2245 3597 2411 3669 licet,
2459 3601 2529 3656 ut
2581 3596 2914 3675 prafatum
2960 3594 3035 3675 (ι)
3076 3598 3187 3669 est,
3237 3593 3531 3655 Ecclesia

271 3704 524 3781 Christi,
568 3705 711 3767 ideo
754 3704 835 3786 (ᾗ
882 3703 1268 3766 miserrimus
1309 3704 1633 3765 Paschalis
1677 3704 2075 3785 dispendium
2120 3709 2184 3765 et
2239 3704 2538 3764 damnum
2602 3701 2809 3762 inﬁxit
2851 3700 2956 3783 (lc),
3004 3705 3218 3763 tamen
3280 3699 3530 3763 Christo

147 3814 229 3875 20
270 3813 524 3874 favente
565 3811 823 3892 Sergius
865 3813 1193 3893 presbyter
1235 3817 1297 3872 et
1337 3812 1573 3873 electus
1616 3812 1681 3871 in
1726 3812 1872 3873 sede
1918 3810 2087 3872 beati
2127 3811 2299 3871 Petri
2361 3809 2629 3890 apostoli
2691 3810 2978 3889 pontifex
3037 3808 3365 3870 ordinatus
3408 3813 3528 3870 est.

265 3917 615 3980 Pradictus
647 3936 792 3980 vero
835 3916 1155 3979 Paschalis
1220 3936 1345 3978 non
1408 3922 1551 3998 post
1612 3916 1883 3978 multum
1954 3922 2225 3997 tempus,
2273 3922 2335 3977 et
2378 3916 2459 3977 ab
2516 3914 2724 3976 ofﬁcio
2797 3912 3348 3976 archidiaconatus
3410 3933 3528 3995 pro

266 4024 585 4105 aliquibus
625 4024 1161 4086 incantationibus
1204 4029 1267 4085 et
1310 4024 1465 4085 lucis
1512 4023 1583 4103 (Ι)
1625 4043 1784 4103 quos
1828 4023 2098 4096 colebat,
2146 4023 2245 4083 vel
2308 4023 2582 4084 sortibus
2645 4039 2803 4101 quas
2865 4038 3008 4083 cum
3072 4020 3213 4081 aliis
3276 4037 3528 4101 respec-

266 4131 511 4194 toribus
550 4129 656 4213 (m)
704 4131 1038 4210 tractabat,
1098 4131 1209 4192 Dei
1273 4130 1568 4211 beatique
1632 4130 2067 4211 apostolorum
2129 4129 2443 4209 Principis
2505 4126 2677 4190 Petri
2747 4126 3204 4189 interveniente
3264 4126 3526 4205 judicio,

265 4239 551 4321 privatus
593 4244 688 4301 est
729 4244 791 4300 et
831 4238 896 4299 in
940 4238 1391 4300 monasterium
1442 4243 1743 4311 retrusus,
1796 4243 1938 4317 post
1982 4237 2491 4317 quinquennium
2538 4255 2669 4317 pra
2713 4234 2920 4297 cordis
2962 4234 3195 4296 duritia
3237 4233 3527 4315 impaui-

141 4351 219 4412 25
270 4352 409 4410 tens
452 4345 789 4409 defunctus
832 4350 948 4408 est.

354 4452 656 4535 160(13)
700 4452 901 4534 Hujus
968 4452 1183 4534 itaque
1253 4452 1646 4533 temporibus
1714 4453 2088 4514 Justinanus
2157 4452 2503 4530 imperator
2574 4450 2913 4511 concilium
2982 4451 3047 4511 in
3120 4450 3295 4530 regia
3365 4449 3523 4511 urbe

257 4560 450 4642 jussit
489 4559 651 4634 ﬁeri,
694 4560 761 4620 in
806 4579 931 4642 quo
982 4565 1042 4621 et
1112 4559 1305 4640 legati
1376 4559 1539 4621 sedis
1612 4559 1976 4640 apostolica
2049 4563 2495 4631 convenerant,
2545 4562 2607 4618 et
2680 4556 2926 4638 decepti
2996 4556 3521 4639 subscripserant.

261 4666 776 4747 Gompellebatur
844 4672 1057 4729 autem
1131 4672 1194 4728 et
1260 4668 1395 4746 ipse
1436 4666 1517 4747 (ο)
1563 4665 1978 4739 subscribere,
2025 4665 2133 4727 sed
2205 4665 2564 4725 nullatenus
2634 4664 2972 4744 acquievit,
3019 4684 3134 4744 pro
3204 4682 3279 4726 eo
3351 4664 3524 4743 quod

260 4775 559 4858 quadam
635 4774 912 4855 capitula
983 4778 1162 4835 extra
1237 4774 1430 4835 ritum
1504 4773 1999 4834 ecclesiasticum
2090 4773 2340 4834 fuerant
2410 4773 2472 4833 in
2535 4791 2609 4834 eo
2666 4788 2941 4832 annexa.
3001 4771 3153 4843 Qua
3227 4775 3289 4832 et
3344 4769 3525 4851 quasi

177 4887 215 4945 5
257 4880 647 4961 synodaliter
687 4880 947 4942 definita
1008 4887 1071 4941 et
1130 4879 1193 4940 in
1258 4900 1373 4969 sex‘
1428 4881 1613 4941 tomis
1684 4880 2001 4960 descripta
2043 4899 2081 4940 a
2126 4880 2323 4940 tribus
2368 4879 2766 4959 patriarchis,
2813 4878 2877 4938 id
2921 4884 3015 4939 est
3067 4876 3519 4951 Alexandrino,

255 4988 962 5070 Constantinopolitano
1006 4994 1069 5050 et
1110 4987 1527 5062 Antiocheno,
1576 4988 1675 5048 vel
1738 4988 1981 5048 cateris
2043 4987 2408 5048 consulibus
2453 4986 2569 5068 (p),
2618 4986 2727 5067 qui
2788 4986 2850 5046 in
2917 4990 3200 5064 tempore
3260 4983 3351 5065 (ᾳ)
3393 4984 3522 5045 illic

249 5102 709 5169 convenerant,
755 5095 1109 5177 subscripta
1150 5101 1357 5170 erant,
1408 5114 1726 5175 manuque
1770 5095 2084 5175 imperiali
2126 5094 2524 5169 conﬁrmata,
2576 5095 2780 5155 missis
2823 5096 2889 5155 in
2948 5092 3298 5166 Lucellum,
3349 5092 3521 5169 quod

254 5205 549 5269 scebrum
595 5203 678 5286 (r)
719 5203 972 5267 carnale
1016 5203 1330 5266 vocitatur
1371 5202 1435 5263 in
1482 5204 1646 5265 hanc
1709 5202 1931 5264 urbem
1996 5203 2075 5264 ad
2136 5201 2665 5276 conﬁrmandum,
2714 5202 2813 5264 vel
2873 5200 2938 5263 in
3000 5200 3311 5281 superiori
3373 5200 3513 5261 loco

1281 5475 1535 5522 NOTULE
1577 5476 1661 5520 MA
1671 5474 1964 5521 RGINALES
2008 5475 2309 5521 FABROTTI
2318 5506 2331 5519 .

158 5699 231 5771 (α)
262 5698 386 5771 alii.
465 5696 545 5770 (b)
580 5696 958 5771 unanimiter.
1037 5696 1279 5771 (c)c1eri
1318 5696 1614 5771 seditiosi.
1682 5698 2068 5771 r(d)intenlio.
2144 5699 2216 5771 ζα(
2249 5696 2789 5771 acclamationibus.
2866 5696 3029 5771 (Din
3060 5697 3136 5768 (g)
3155 5712 3249 5771 _eo_
3269 5697 3447 5769 quod.

88 5768 173 5841 (ὁ)
193 5768 255 5839 Β,
289 5769 498 5827 libras.
527 5768 645 5842 ‘_(i)
675 5770 736 5837 B,
769 5769 1153 5842 pradictum,
1179 5838 1193 5842 Α
1216 5770 1281 5840 (j)
1314 5768 1489 5842 idem.
1566 5770 1645 5839 (1;)
1676 5768 1973 5826 inflixerit.
2053 5770 2116 5841 (ι)
2143 5768 2401 5842 Ιιιίξυίἰες.Δ
2457 5772 2555 5842 (1n)
2587 5769 3211 5842 respectatoribus_;;B,
3236 5768 3523 5842 inspecto-

89 5838 268 5900 ribus.
348 5842 430 5915 (n)
622 5838 807 5915 Baro}:
855 5841 924 5915 ad
970 5857 1088 5915 ann
1133 5838 1259 5915 692',
1289 5857 1398 5912 pag
1427 5840 1552 5895 6H.
1633 5841 1704 5912 (0)
1736 5842 1860 5915 ipse
1905 5838 2101 5914 papa,
2125 5844 2189 5905 Β,
2224 5840 2348 5914 ipse
2381 5838 2638 5912 Sergius.
2684 5838 2795 5913 ‘(p)
2824 5843 2865 5897 Β
2896 5839 3269 5914 praesulibus.
3332 5838 3421 5913 “(q)
3453 5858 3518 5897 eo

86 5911 367 5989 tempore,
408 5911 415 5913 ⁷
445 5913 522 5986 (r)
551 5914 615 5979 Β,
650 5911 929 5979 chartale,
964 5913 1110 5969 locus
1136 5911 1488 5985 depravatus.
