3934 6410
439 306 557 372 895
1595 315 2012 379 ANASTASII
2053 317 2713 381 BIBLIOTHECARII.
3729 320 3856 384 .896

603 443 1122 525 subscribendum
1170 447 1388 529 Sergio
1445 450 1753 530 pontiﬁci,
1802 458 2018 532 utpote
2093 453 2284 534 capiti
2335 453 2622 515 omnium
2683 451 3109 528 sacerdotum,
3154 451 3408 518 direxit.
3458 454 3578 530 Qui
3633 454 3856 520 beatis-

486 554 562 613 10
604 553 798 613 simus
849 554 1156 633 pontifex,
1205 562 1276 617 ut
1336 557 1574 618 dictum
1640 565 1755 634 est,
1807 561 2054 640 penitus
2125 561 2326 622 eidem
2401 561 2758 622 Justiniano
2827 566 3114 640 Augusto
3178 581 3304 622 non
3368 563 3708 643 acquievit,
3753 583 3860 626 nec

605 660 855 720 eosdem
921 667 1123 722 tomos
1183 665 1499 743 suscipere
1561 673 1672 726 aut
1732 667 1998 728 lectione
2045 668 2128 748 (α)
2173 668 2450 748 pandere
2522 687 2742 748 passus
2813 674 2926 730 est.
2973 670 3171 730 Porro
3242 687 3350 730 eos
3421 675 3491 731 ut
3559 669 3863 732 invalidos

606 768 843 846 respuit
885 774 1074 848 atque
1117 771 1374 848 objecit,
1421 773 1658 851 eligens
1701 781 1847 834 ante
1893 774 2053 834 mori
2098 793 2292 854 quam
2355 777 2708 836 novitatum
2777 776 3097 836 erroribus
3159 777 3539 838 consentire.
3586 778 3703 850 Qui
3746 779 3864 839 im-

604 880 860 953 perator
888 877 1176 956 Sergium
1225 880 1704 958 magistrianum
1737 881 1798 942 in
1844 888 2124 962 spretum
2173 883 2617 962 praenominati
2664 882 2978 962 pontiﬁcis
3025 885 3290 944 Romam
3349 884 3626 958 mittens,
3670 887 3862 947 Joan-

605 1001 748 1042 nem
782 986 909 1044 Deo
955 987 1292 1047 amabilem
1325 989 1734 1048 Portuensem
1780 991 2170 1070 episcopum,
2219 1009 2326 1051 seu
2372 991 2762 1051 Bonitacium
2810 990 3241 1052 consiliarium
3299 992 3662 1072 apostolica:
3706 992 3868 1053 sedis

487 1090 562 1149 15
606 1108 816 1150 secum
861 1090 926 1151 in
972 1093 1208 1172 regiam
1256 1094 1518 1155 abstulit
1563 1096 1804 1156 urbem.

692 1206 845 1258 NH
896 1199 1133 1261 Deinde
1195 1202 1565 1263 Zachariam
1639 1204 1979 1264 immanem
2050 1225 2232 1265 suum
2307 1205 2890 1284 protospatharium
2954 1223 3096 1265 cum
3152 1204 3440 1284 jussione
3503 1205 3756 1278 direxit,
3806 1210 3873 1265 ut

607 1304 978 1384 praedictum
1027 1308 1392 1387 pontiﬁcem
1436 1310 1726 1371 similiter
1767 1312 1828 1370 in
1875 1311 2114 1390 regiam
2170 1314 2535 1392 deportaret
2596 1311 2842 1373 urbem.
2890 1311 3014 1372 Sed
3080 1311 3511 1373 misericordia
3550 1311 3662 1372 Dei
3707 1331 3872 1392 pra:-

604 1412 917 1485 veniente,
965 1413 1280 1494 beatoque
1321 1418 1508 1477 Petro
1554 1419 1843 1496 apostolo
1887 1424 1950 1478 et
1993 1419 2426 1498 apostolorum
2473 1419 2764 1498 Principe
2823 1418 3233 1497 suffragante,
3283 1437 3591 1498 suamque
3654 1418 3873 1480 Eccle-

606 1517 763 1578 siam
808 1518 1258 1582 immutilatam
1303 1529 1618 1596 servante,
1664 1524 2006 1584 excitatum
2053 1530 2146 1585 est
2189 1543 2296 1585 cor
2341 1525 2723 1586 Ravennatis
2770 1523 3031 1598 militiae,
3080 1507 3345 1584 ducatus
3399 1523 3589 1584 etiam
3636 1526 3874 1586 Penta-

521 1629 558 1686 5
605 1625 871 1704 politani
913 1632 977 1686 et
1018 1629 1380 1708 circumque
1427 1630 1726 1709 partium,
1776 1650 1900 1691 non
1951 1631 2314 1710 permittere
2356 1630 2439 1711 (ὁ)
2485 1632 2846 1710 pontiﬁcem
2891 1631 3056 1691 sedis
3099 1629 3464 1709 apostolica:
3510 1629 3574 1690 in
3625 1629 3874 1710 regiam

609 1733 947 1796 ascendere
992 1737 1236 1796 urbem.
1285 1736 1566 1816 Cumque
1611 1757 1685 1798 ex
1740 1739 1911 1798 omni
1958 1744 2134 1818 parte
2197 1738 2538 1799 multitudo
2603 1738 2841 1798 militiae
2905 1737 3293 1810 conveniret,
3340 1736 3682 1797 Zacharias
3727 1755 3876 1817 spa-

609 1839 853 1900 tharius
901 1840 994 1921 (c),
1045 1844 1413 1920 perterritus
1456 1845 1884 1923 ettrepidans
1930 1863 2006 1905 ne
2073 1863 2110 1904 a
2157 1845 2340 1904 turba
2389 1844 2628 1905 militiae
2672 1844 3088 1915 occideretur,
3138 1848 3351 1922 portas
3413 1841 3666 1922 quidem
3716 1842 3876 1904 civi-

613 1947 757 2008 tatis
801 1947 1010 2009 claudi
1053 1955 1115 2011 et
1159 1950 1360 2011 teneri
1405 1951 1766 2031 pontiﬁcem
1815 1951 1900 2033 (d)
1947 1952 2332 2032 postulabat.
2381 1954 2520 2030 Ipse
2564 1970 2711 2012 vero
2766 1951 2832 2012 in
2899 1950 3191 2012 cubiculo
3253 1949 3567 2030 pontiﬁcis
3603 1947 3696 2030 (c),
3748 1955 3878 2010 tre-

611 2053 965 2115 mebundus
1009 2056 1260 2135 refugit,
1309 2057 1659 2136 deprecans
1702 2057 2196 2136 lacrymabiliter
2239 2064 2310 2118 ut
2352 2057 2448 2117 sui
2490 2057 2777 2136 pontifex
2823 2056 3250 2130 misereretur,
3298 2074 3412 2117 nec
3485 2055 3883 2136 permitteret

491 2161 570 2221 10
611 2179 1000 2241 quemquam
1064 2161 1200 2242 ejus
1271 2163 1501 2223 animae
1572 2163 1875 2223 infestari.
1945 2163 2272 2225 Exercitus
2341 2167 2553 2224 autem
2625 2162 3032 2237 Ravennatis,
3078 2162 3403 2241 ingressus
3466 2180 3578 2242 per
3621 2166 3879 2241 portam

608 2265 776 2326 beati
819 2266 986 2327 Petri
1030 2266 1319 2346 apostoli,
1369 2287 1512 2328 cum
1559 2268 1750 2328 armis
1794 2273 1856 2329 et
1901 2269 2086 2330 turba
2126 2268 2208 2350 (χ)
2250 2269 2312 2329 in
2359 2271 2784 2329 Lateranense
2828 2267 3218 2348 episcopium
3266 2267 3462 2338 venit,
3510 2265 3880 2346 pontificem

608 2372 819 2434 videre
894 2377 1192 2447 mstuans,
1238 2393 1450 2454 quem,
1497 2375 1668 2435 fama
1739 2375 2060 2454 vulgante,
2108 2395 2222 2457 per
2292 2382 2540 2437 noctem
2613 2375 2932 2435 sublatum
2997 2381 3060 2436 et
3123 2374 3190 2435 in
3244 2373 3569 2453 navigium
3615 2372 3880 2434 missum

609 2478 800 2540 fuisse
871 2487 1306 2556 cognoverant
1374 2481 1482 2561 (g).
1555 2483 1846 2561 Dumque
1915 2483 2083 2543 fores
2153 2482 2546 2564 patriarchii,
2621 2487 2751 2542 tam
2820 2481 3150 2542 inferiores
3231 2499 3426 2560 quam
3492 2480 3880 2561 superiores,

616 2589 826 2645 essent
869 2585 1123 2658 clausae,
1171 2585 1286 2647 has
1329 2587 1393 2646 in
1439 2593 1695 2665 terram,
1743 2588 1862 2648 nisi
1904 2589 2180 2650 velocius
2235 2589 2655 2669 aperirentur,
2703 2587 2952 2648 mittere
3015 2586 3416 2647 minarentur
3459 2585 3564 2666 (Ii),
3615 2605 3755 2666 pra:
3802 2585 3887 2646 ni-

495 2693 566 2752 15
617 2691 742 2750 mia
791 2692 1031 2752 timoris
1076 2694 1366 2772 angustia
1412 2700 1476 2754 et
1518 2695 1661 2754 vitze
1707 2696 2147 2774 desperatione
2191 2696 2531 2756 Zacharias
2574 2695 2935 2775 spatbarius
2989 2693 3106 2754 sub
3168 2694 3398 2754 lectum
3443 2690 3518 2772 (ι’)
3562 2694 3886 2771 pontificis

611 2797 931 2877 ingressus
974 2818 1106 2860 sese
1152 2801 1504 2874 abscondit,
1551 2801 1636 2862 ita
1681 2807 1750 2861 ut
1795 2809 2004 2862 mente
2050 2803 2367 2863 excideret
2421 2808 2484 2862 et
2545 2801 2838 2882 perderet
2903 2820 3181 2862 sensum.
3229 2800 3425 2871 Qnem
3477 2799 3886 2860 beatissimus

616 2924 782 2984 papa
811 2907 1211 2979 confortavit,
1261 2908 1474 2969 dicens
1519 2915 1589 2970 ut
1632 2909 1809 2969 nullo
1842 2909 2030 2970 modo
2087 2910 2357 2970 timeret.
2404 2912 2707 2988 Egressus
2767 2927 2917 2968 vero
2977 2907 3142 2968 idem
3207 2905 3608 2967 beatissimus
3668 2907 3885 2986 ponti-

613 3013 713 3072 fex
762 3012 907 3073 foris
952 3013 1276 3076 basilicam
1321 3015 1538 3075 domni
1583 3016 1900 3078 Theodori
1944 3035 2125 3096 papae
2171 3016 2402 3096 apertis
2439 3015 2655 3096 januis
2698 3016 2762 3076 in
2807 3014 3018 3076 sedem
3063 3013 3166 3094 (λ’),
3214 3031 3356 3094 quae
3400 3012 3594 3092 vulgo
3657 3013 3885 3094 appel-

614 3119 783 3179 latur
825 3121 942 3180 sub
985 3122 1322 3201 Apostolis,
1370 3123 1850 3202 generalitatem
1898 3123 2137 3183 militiae
2184 3130 2245 3183 et
2289 3123 2534 3203 populi,
2581 3121 2691 3202 qui
2737 3141 2850 3202 pro
2905 3141 2980 3182 eo
3042 3120 3484 3193 occurrebant,
3532 3119 3886 3181 honorifice

491 3227 570 3286 2O
613 3226 924 3307 suscepit;
973 3227 1246 3308 datoque
1315 3235 1463 3310 apto
1535 3235 1599 3291 et
1669 3230 1846 3290 suavi
1920 3249 2244 3311 responso,
2290 3248 2511 3291 eorum
2583 3229 2776 3290 corda
2845 3227 3074 3288 linivit.
3125 3229 3500 3307 Quanquam
3570 3224 3688 3303 illi,
3749 3227 3885 3288 zelo

611 3331 784 3399 ducti
828 3351 943 3412 pro
988 3351 1204 3395 amore
1249 3340 1310 3396 et
1354 3335 1706 3396 reverentia
1750 3342 1879 3395 tam
1926 3335 2220 3397 Ecclesiae
2264 3335 2377 3396 Dei
2418 3353 2739 3414 quamque
2795 3333 3174 3396 sanctissimi
3235 3331 3575 3413 pontiﬁcis,
3658 3330 3804 3410 jam
3851 3350 3890 3393 a

613 3437 988 3518 patriarchii
1033 3441 1316 3503 custodia
1361 3461 1488 3504 non
1535 3447 1926 3504 recesserunt
1970 3441 2076 3523 (Ir),
2124 3461 2456 3522 quousque
2501 3441 2980 3503 denominatum
3037 3438 3435 3522 spatbarium
3499 3455 3642 3501 cum
3709 3437 3884 3518 inju-

614 3546 722 3606 riis
764 3548 1268 3632 etcontumeliis
1311 3567 1349 3609 a
1391 3549 1644 3610 civitate
1688 3552 1972 3611 Romana
2015 3549 2166 3610 foris
2209 3549 2600 3629 depellerent
2641 3546 2736 3629 (Ι).
2783 3550 2940 3609 Nam
2983 3553 3048 3608 et
3099 3547 3151 3608 is
3194 3545 3304 3626 qui
3355 3545 3533 3606 illum
3598 3544 3888 3622 miserat,

613 3653 746 3733 ipso
791 3655 981 3715 etiam
1028 3661 1314 3736 tempore
1356 3661 1473 3731 est,
1519 3657 1787 3718 Domino
1834 3656 2244 3731 retribuente,
2296 3675 2492 3736 regno
2539 3655 2846 3737 privatus.
2892 3655 3119 3736 Sicque
3161 3653 3442 3718 Ecclesia
3481 3651 3594 3714 Dei
3651 3651 3885 3734 imper-

493 3762 571 3819 25
616 3761 870 3822 turbata
911 3781 1054 3822 cnm
1101 3783 1212 3825 suo
1258 3765 1551 3844 praesule,
1599 3763 1848 3825 Christo
1893 3765 2167 3838 favente,
2214 3770 2464 3825 servata
2507 3770 2620 3824 est.

700 3875 860 3928 to!
909 3869 1022 3930 Hic
1064 3869 1464 3932 beatissimus
1513 3871 1609 3930 vir
1651 3871 1716 3931 in
1763 3870 2038 3932 sacrario
2081 3870 2252 3932 beati
2293 3869 2564 3950 apostoli
2606 3888 2862 3953 capsam
2906 3873 3298 3950 argenteam,
3348 3866 3414 3928 in
3461 3866 3702 3946 angnlo
3748 3866 3884 3928 obs-

616 3973 944 4035 eurissimo
981 3975 1325 4054 jacentem,
1374 3982 1433 4036 et
1479 3995 1556 4037 ex
1603 3976 1929 4054 nigredine
1986 3963 2322 4037 transactae
2388 3975 2783 4048 annositatis,
2833 3993 2949 4037 nec
2991 3974 3043 4036 si
3084 3978 3248 4035 esset
3306 3978 3629 4053 argentea,
3679 3990 3882 4053 appa-

617 4086 886 4155 rentem,
932 4084 1061 4144 Deo
1128 4083 1185 4144 ei
1247 4083 1585 4156 revelante,
1639 4083 1893 4163 reperit.
1942 4083 2240 4145 Oratione
2302 4083 2516 4163 itaque
2590 4083 2756 4144 facta
2824 4081 3100 4162 sigillum
3172 4098 3538 4160 expressum
3590 4078 3880 4152 abstulit,

617 4186 910 4248 locellum
957 4189 1230 4270 aperuit,
1276 4189 1339 4249 in
1385 4209 1511 4270 quo
1554 4190 1818 4250 interius
1865 4191 2266 4270 plumaceum
2311 4209 2388 4251 ex
2444 4189 2794 4250 holoserico
2858 4188 3350 4270 superpositum,
3398 4186 3569 4267 quod
3630 4193 3880 4247 staura-

617 4295 704 4355 cis
747 4295 1000 4369 dicitur,
1047 4297 1309 4359 invenit.
1358 4299 1574 4377 quue
1619 4297 1834 4358 ablato
1881 4297 2143 4358 inferius
2187 4316 2437 4358 crucem
2484 4297 2748 4358 diversis
2791 4314 2864 4358 ac
2927 4295 3217 4377 pretiosis
3276 4293 3594 4375 lapidibus
3659 4311 3882 4374 peror-

536 4295 572 4353 5

622 4409 836 4462 natam
881 4403 1178 4482 inspexit,
1225 4404 1302 4463 de
1346 4424 1474 4484 qua
1505 4405 1721 4468 tractis
1764 4411 2040 4484 quatuor
2085 4404 2333 4483 petalis,
2381 4405 2444 4465 in
2507 4405 2739 4485 quibus
2808 4422 3078 4483 gemma:
3149 4403 3381 4464 clausa:
3449 4406 3634 4462 erant
3709 4400 3882 4460 mirae

618 4508 1096 4587 magnitudinis,
1145 4515 1206 4571 et
1247 4511 1631 4572 ineffabilem
1708 4511 2064 4592 portionem
2136 4510 2433 4572 salutaris
2505 4510 2663 4590 ligni
2730 4510 3074 4572 Dominicze
3145 4508 3348 4570 crucis
3417 4506 3686 4568 invenit.
3734 4507 3881 4579 Qum

617 4617 805 4676 etiam
851 4635 927 4676 ex
972 4617 1072 4678 die
1116 4617 1222 4678 illo
1273 4638 1386 4698 pro
1431 4619 1636 4681 salute
1684 4618 1947 4679 humani
1991 4618 2238 4699 generis
2281 4618 2361 4678 ab
2406 4619 2582 4680 omni
2627 4618 2863 4699 populo
2907 4617 3263 4679 Christiano
3319 4617 3421 4677 die
3462 4613 3881 4677 Exaltationis

618 4728 851 4784 sancta
883 4724 1085 4785 crucis
1129 4724 1193 4786 in
1239 4725 1500 4785 basilica
1544 4725 1917 4800 Salvatoris,
1967 4745 2110 4806 quae
2156 4724 2517 4806 appellatur
2559 4724 3104 4794 Constantiniana,
3155 4723 3479 4786 osculatur
3537 4739 3610 4783 ac
3650 4721 3878 4783 adora-

501 4831 577 4890 10
620 4837 743 4890 tur.
792 4831 902 4892 Hic
947 4833 1094 4892 fecit
1135 4832 1476 4912 imaginem
1519 4832 1692 4893 beati
1737 4834 1907 4894 Petri
1938 4833 2232 4912 apostoli,
2278 4852 2421 4912 quae
2465 4838 2558 4894 est
2599 4832 2664 4892 in
2710 4838 2892 4912 parte
2937 4831 3300 4893 mulierum.
3347 4831 3461 4892 Hic
3523 4827 3674 4891 fecit
3739 4829 3877 4908 thy-

621 4937 1084 5000 miamaterium
1131 4958 1393 5000 aureum
1440 4939 1644 5019 majus
1689 4959 1830 5000 cum
1878 4939 2193 5002 columnis
2235 4945 2296 5002 et
2340 4939 2740 5021 cooperculo,
2788 4940 2960 5020 quod
3003 4937 3332 5020 suspendit
3375 4941 3522 4998 ante
3573 4934 3877 5015 imagines

620 5050 745 5106 tres
788 5065 1014 5107 aureas
1058 5047 1227 5106 beati
1277 5047 1439 5107 Petri
1483 5048 1777 5127 apostoli‘
1827 5048 1890 5108 in
1936 5067 2063 5128 quo
2108 5047 2434 5109 incensum
2481 5053 2544 5108 et
2595 5048 2753 5109 odor
2811 5046 3140 5109 suavitatis
3201 5045 3376 5106 festis
3437 5042 3682 5114 diebus,
3730 5041 3874 5101 dum

619 5152 950 5212 missarum
998 5153 1305 5214 solemnia
1348 5154 1772 5230 celebrantur,
1821 5155 2246 5237 omnipotenti
2289 5158 2416 5217 Deo
2462 5155 2826 5236 opulentius
2873 5155 3164 5216 mittitur.
3219 5153 3333 5214 Hic
3393 5150 3606 5232 posuit
3658 5150 3722 5210 in
3767 5147 3874 5208 ab-

618 5259 778 5319 sidia
844 5261 1120 5322 basilicae
1181 5263 1629 5344 suprascripta:
1693 5283 1883 5343 super
1943 5263 2157 5324 sedem
2219 5262 2608 5343 apallaream
2655 5262 2753 5344 (m)
2803 5267 3198 5342 argenteam,
3246 5279 3428 5342 pcns.
3474 5258 3639 5336 sing.
3687 5255 3875 5316 libras

1647 5518 1891 5564 NOTULE
1933 5521 2324 5569 MARGINALES
2367 5521 2689 5568 FABROTTI.

535 5713 608 5848 ἕο)
636 5716 886 5776 lectioni.
966 5725 1047 5790 (b)
1080 5727 1142 5777 ut
1173 5741 1288 5779 non
1320 5724 1745 5797 permitterent.
1825 5728 1894 5793 (c)
1929 5731 1987 5793 Β,
2021 5727 2509 5800 protospatarius.
2587 5728 2662 5799 (d)
2696 5745 2730 5782 a
2754 5725 3052 5800 pontiﬁce.
3129 5725 3200 5796 (e)
3234 5723 3306 5780 ad
3339 5721 3517 5797 pedes
3561 5715 3867 5796 pontiﬁcis.

554 5786 622 5848 [Γ
654 5792 826 5846 turba
855 5808 969 5845 non
1009 5794 1254 5848 modica.
1333 5800 1434 5848 (ηδ’
1470 5797 1795 5848 audierant.
1873 5797 1951 5848 (In
1984 5799 2042 5848 Β,
2081 5800 2481 5848 minabantur-
2555 5801 2622 5848 (ii
2661 5799 2830 5848 lecta-
2910 5799 2976 5848 (il
3009 5797 3221 5848 sedans
3271 5794 3331 5848 in
3381 5795 3539 5848 sede.
3615 5793 3692 5848 fk)
3725 5804 3867 5846 rece-

651 5792 826 5873 ξιπρρ
855 5786 981 5845 non
1009 5786 1254 5873 modica.
1321 5786 1434 5873 ξων
1470 5797 1795 5873 audierant.
1832 5786 1840 5793 ’
1873 5786 1951 5868 (It)
1976 5786 2043 5869 'B‘,
2081 5786 2481 5856 minabantur.
2555 5786 2622 5873 (ἱ)
2647 5786 2830 5857 Ἰθοὶο.
2910 5799 2976 5872 (j)
3009 5786 3221 5854 sedens
3271 5786 3360 5852 in-
3381 5795 3539 5852 sede.
3563 5786 3584 5796 ’
3615 5793 3692 5866 (k)
3725 5804 3871 5846 rece-

469 5848 686 5911 dereni.
763 5862 825 5930 (ι)
858 5848 1253 5932 expulissent:
1316 5848 1413 5939 (ibi)
