  <div class='ocr_page' id='page_1' title='image "/cluster/home/n/w/nwhite01/storage/ocr_20150623/127-128/uc1.31175010226572/1256.png"; bbox 0 0 3934 6404; ppageno 0'>
   <div class='ocr_carea' id='block_1_1' title="bbox 45 355 3492 420">
    <p class='ocr_par' dir='ltr' id='par_1_1' title="bbox 45 355 3492 420">
     <span class='ocr_line' id='line_1_1' title="bbox 45 355 3492 420; baseline 0 -4"><span class='ocrx_word' id='word_1_1' title='bbox 45 359 183 418; x_wconf 80' lang='lat'><strong>897</strong></span> <span class='ocrx_word' id='word_1_2' title='bbox 891 355 1263 417; x_wconf 80' lang='lat' dir='ltr'><strong>HISTORIA</strong></span> <span class='ocrx_word' id='word_1_3' title='bbox 1308 357 1410 416; x_wconf 87' lang='lat' dir='ltr'><strong>DE</strong></span> <span class='ocrx_word' id='word_1_4' title='bbox 1454 356 1658 417; x_wconf 88' lang='lat' dir='ltr'><strong>VlTIS</strong></span> <span class='ocrx_word' id='word_1_5' title='bbox 1708 357 1896 416; x_wconf 78' lang='lat' dir='ltr'><strong>ROM.</strong></span> <span class='ocrx_word' id='word_1_6' title='bbox 1946 357 2175 416; x_wconf 89' lang='lat' dir='ltr'><strong>PONT.</strong></span> <span class='ocrx_word' id='word_1_7' title='bbox 2211 391 2286 399; x_wconf 95' lang='lat'><strong>—</strong></span> <span class='ocrx_word' id='word_1_8' title='bbox 2318 357 2674 418; x_wconf 77' lang='lat' dir='ltr'><strong>SEltGlUS.</strong></span> <span class='ocrx_word' id='word_1_9' title='bbox 3371 357 3492 420; x_wconf 81' lang='lat'>898</span> 
     </span>
    </p>
   </div>
   <div class='ocr_carea' id='block_1_2' title="bbox 101 488 3491 572">
    <p class='ocr_par' dir='ltr' id='par_1_2' title="bbox 101 488 3491 572">
     <span class='ocr_line' id='line_1_2' title="bbox 101 488 3491 572; baseline 0 -20"><span class='ocrx_word' id='word_1_10' title='bbox 101 493 186 552; x_wconf 79' lang='grc'><strong>15</strong></span> <span class='ocrx_word' id='word_1_11' title='bbox 232 494 489 552; x_wconf 90' lang='lat' dir='ltr'><strong>centum</strong></span> <span class='ocrx_word' id='word_1_12' title='bbox 535 488 759 570; x_wconf 90' lang='lat' dir='ltr'><strong>vignti.</strong></span> <span class='ocrx_word' id='word_1_13' title='bbox 810 489 918 550; x_wconf 89' lang='lat' dir='ltr'><strong>llic</strong></span> <span class='ocrx_word' id='word_1_14' title='bbox 965 489 1110 551; x_wconf 85' lang='lat' dir='ltr'><strong>fecit</strong></span> <span class='ocrx_word' id='word_1_15' title='bbox 1154 489 1218 550; x_wconf 90' lang='lat' dir='ltr'><strong>in</strong></span> <span class='ocrx_word' id='word_1_16' title='bbox 1275 490 1535 550; x_wconf 89' lang='lat' dir='ltr'><strong>basilica</strong></span> <span class='ocrx_word' id='word_1_17' title='bbox 1597 491 2026 570; x_wconf 86' lang='lat' dir='ltr'><strong>suprascripta</strong></span> <span class='ocrx_word' id='word_1_18' title='bbox 2090 491 2256 550; x_wconf 89' lang='lat' dir='ltr'><strong>faros</strong></span> <span class='ocrx_word' id='word_1_19' title='bbox 2319 497 2651 568; x_wconf 89' lang='lat' dir='ltr'><strong>argenteos</strong></span> <span class='ocrx_word' id='word_1_20' title='bbox 2713 510 2843 563; x_wconf 80' lang='lat' dir='ltr'><strong>sex,</strong></span> <span class='ocrx_word' id='word_1_21' title='bbox 2895 510 3072 570; x_wconf 91' lang='lat' dir='ltr'><strong>pens.</strong></span> <span class='ocrx_word' id='word_1_22' title='bbox 3137 492 3300 572; x_wconf 84' lang='lat' dir='ltr'><strong>sing.</strong></span> <span class='ocrx_word' id='word_1_23' title='bbox 3348 492 3491 554; x_wconf 86' lang='lat' dir='ltr'><strong>libr.</strong></span> 
     </span>
    </p>
   </div>
   <div class='ocr_carea' id='block_1_3' title="bbox 226 597 2348 678">
    <p class='ocr_par' dir='ltr' id='par_1_3' title="bbox 226 597 2348 678">
     <span class='ocr_line' id='line_1_3' title="bbox 226 597 2348 678; baseline -0.001 -20"><span class='ocrx_word' id='word_1_24' title='bbox 226 598 518 678; x_wconf 79' lang='lat' dir='ltr'><strong>triginta,</strong></span> <span class='ocrx_word' id='word_1_25' title='bbox 565 597 675 677; x_wconf 90' lang='lat' dir='ltr'><strong>qui</strong></span> <span class='ocrx_word' id='word_1_26' title='bbox 718 603 864 657; x_wconf 89' lang='lat' dir='ltr'><strong>sunt</strong></span> <span class='ocrx_word' id='word_1_27' title='bbox 911 616 1101 676; x_wconf 88' lang='lat' dir='ltr'><strong>super</strong></span> <span class='ocrx_word' id='word_1_28' title='bbox 1144 598 1353 658; x_wconf 88' lang='lat' dir='ltr'><strong>trabes</strong></span> <span class='ocrx_word' id='word_1_29' title='bbox 1399 599 1476 658; x_wconf 88' lang='lat' dir='ltr'><strong>ad</strong></span> <span class='ocrx_word' id='word_1_30' title='bbox 1523 598 1873 675; x_wconf 86' lang='lat' dir='ltr'><strong>ingressum</strong></span> <span class='ocrx_word' id='word_1_31' title='bbox 1921 597 2348 658; x_wconf 90' lang='lat' dir='ltr'><strong>confessionis.</strong></span> 
     </span>
    </p>
   </div>
   <div class='ocr_carea' id='block_1_4' title="bbox 317 702 3501 785">
    <p class='ocr_par' dir='ltr' id='par_1_4' title="bbox 317 702 3501 785">
     <span class='ocr_line' id='line_1_4' title="bbox 317 702 3501 785; baseline 0 -21"><span class='ocrx_word' id='word_1_32' title='bbox 317 711 480 765; x_wconf 69' lang='lat'><strong>168</strong></span> <span class='ocrx_word' id='word_1_33' title='bbox 527 702 642 764; x_wconf 85' lang='lat' dir='ltr'><strong>Hic</strong></span> <span class='ocrx_word' id='word_1_34' title='bbox 704 703 852 764; x_wconf 82' lang='lat' dir='ltr'><strong>fecit</strong></span> <span class='ocrx_word' id='word_1_35' title='bbox 912 703 974 764; x_wconf 91' lang='lat' dir='ltr'><strong>in</strong></span> <span class='ocrx_word' id='word_1_36' title='bbox 1043 703 1306 764; x_wconf 88' lang='lat' dir='ltr'><strong>circuitu</strong></span> <span class='ocrx_word' id='word_1_37' title='bbox 1374 704 1592 764; x_wconf 88' lang='lat' dir='ltr'><strong>altaris</strong></span> <span class='ocrx_word' id='word_1_38' title='bbox 1653 704 1928 764; x_wconf 85' lang='lat' dir='ltr'><strong>basilica</strong></span> <span class='ocrx_word' id='word_1_39' title='bbox 2001 704 2440 782; x_wconf 85' lang='lat' dir='ltr'><strong>suprascripta</strong></span> <span class='ocrx_word' id='word_1_40' title='bbox 2509 704 2799 764; x_wconf 89' lang='lat' dir='ltr'><strong>tetravila</strong></span> <span class='ocrx_word' id='word_1_41' title='bbox 2840 703 2923 783; x_wconf 79' lang='grc' dir='ltr'><strong>(ιι)</strong></span> <span class='ocrx_word' id='word_1_42' title='bbox 2969 711 3133 776; x_wconf 89' lang='lat' dir='ltr'><strong>octo,</strong></span> <span class='ocrx_word' id='word_1_43' title='bbox 3224 711 3501 785; x_wconf 78' lang='lat' dir='ltr'><strong>quatuor</strong></span> 
     </span>
    </p>
   </div>
   <div class='ocr_carea' id='block_1_5' title="bbox 230 810 3498 893">
    <p class='ocr_par' dir='ltr' id='par_1_5' title="bbox 230 810 3498 893">
     <span class='ocr_line' id='line_1_5' title="bbox 230 810 3498 893; baseline 0 -20"><span class='ocrx_word' id='word_1_44' title='bbox 230 830 312 873; x_wconf 84' lang='lat' dir='ltr'><strong>ex</strong></span> <span class='ocrx_word' id='word_1_45' title='bbox 356 810 519 872; x_wconf 91' lang='lat' dir='ltr'><strong>albis</strong></span> <span class='ocrx_word' id='word_1_46' title='bbox 563 810 670 891; x_wconf 76' lang='grc' dir='ltr'><strong>(ὁ),</strong></span> <span class='ocrx_word' id='word_1_47' title='bbox 719 817 782 871; x_wconf 92' lang='lat' dir='ltr'><strong>et</strong></span> <span class='ocrx_word' id='word_1_48' title='bbox 824 816 1102 890; x_wconf 81' lang='lat' dir='ltr'><strong>quatuor</strong></span> <span class='ocrx_word' id='word_1_49' title='bbox 1161 829 1237 870; x_wconf 84' lang='lat' dir='ltr'><strong>ex</strong></span> <span class='ocrx_word' id='word_1_50' title='bbox 1311 811 1566 871; x_wconf 90' lang='lat' dir='ltr'><strong>coccino</strong></span> <span class='ocrx_word' id='word_1_51' title='bbox 1613 811 1709 890; x_wconf 69' lang='grc' dir='ltr'><strong>(ρ).</strong></span> <span class='ocrx_word' id='word_1_52' title='bbox 1759 811 1868 871; x_wconf 83' lang='lat' dir='ltr'><strong>Hic</strong></span> <span class='ocrx_word' id='word_1_53' title='bbox 1943 817 2174 870; x_wconf 90' lang='lat' dir='ltr'><strong>tectum</strong></span> <span class='ocrx_word' id='word_1_54' title='bbox 2250 816 2311 871; x_wconf 92' lang='lat' dir='ltr'><strong>et</strong></span> <span class='ocrx_word' id='word_1_55' title='bbox 2383 811 2694 883; x_wconf 86' lang='lat' dir='ltr'><strong>cubicula,</strong></span> <span class='ocrx_word' id='word_1_56' title='bbox 2781 830 2923 890; x_wconf 84' lang='lat' dir='ltr'><strong>qua</strong></span> <span class='ocrx_word' id='word_1_57' title='bbox 3008 811 3498 893; x_wconf 84' lang='lat' dir='ltr'><strong>circumquaque</strong></span> 
     </span>
    </p>
   </div>
   <div class='ocr_carea' id='block_1_6' title="bbox 228 917 3502 998">
    <p class='ocr_par' dir='ltr' id='par_1_6' title="bbox 228 917 3502 998">
     <span class='ocr_line' id='line_1_6' title="bbox 228 917 3502 998; baseline 0 -18"><span class='ocrx_word' id='word_1_58' title='bbox 228 917 520 998; x_wconf 86' lang='lat' dir='ltr'><strong>ejusdem</strong></span> <span class='ocrx_word' id='word_1_59' title='bbox 606 917 880 978; x_wconf 89' lang='lat' dir='ltr'><strong>basilica</strong></span> <span class='ocrx_word' id='word_1_60' title='bbox 964 924 1134 991; x_wconf 89' lang='lat' dir='ltr'><strong>sunt,</strong></span> <span class='ocrx_word' id='word_1_61' title='bbox 1221 937 1363 998; x_wconf 89' lang='lat' dir='ltr'><strong>qua</strong></span> <span class='ocrx_word' id='word_1_62' title='bbox 1451 937 1563 998; x_wconf 91' lang='lat' dir='ltr'><strong>per</strong></span> <span class='ocrx_word' id='word_1_63' title='bbox 1648 917 1840 995; x_wconf 88' lang='lat' dir='ltr'><strong>longa</strong></span> <span class='ocrx_word' id='word_1_64' title='bbox 1924 925 2209 996; x_wconf 91' lang='lat' dir='ltr'><strong>tempora</strong></span> <span class='ocrx_word' id='word_1_65' title='bbox 2291 917 2621 978; x_wconf 84' lang='lat' dir='ltr'><strong>stillicidiis</strong></span> <span class='ocrx_word' id='word_1_66' title='bbox 2703 923 2763 978; x_wconf 92' lang='lat' dir='ltr'><strong>et</strong></span> <span class='ocrx_word' id='word_1_67' title='bbox 2839 917 3166 978; x_wconf 82' lang='lat' dir='ltr'><strong>ruderibus</strong></span> <span class='ocrx_word' id='word_1_68' title='bbox 3251 920 3502 981; x_wconf 78' lang='lat' dir='ltr'><strong>fuerant</strong></span> 
     </span>
    </p>
   </div>
   <div class='ocr_carea' id='block_1_7' title="bbox 231 1023 3497 1107">
    <p class='ocr_par' dir='ltr' id='par_1_7' title="bbox 231 1023 3497 1107">
     <span class='ocr_line' id='line_1_7' title="bbox 231 1023 3497 1107; baseline 0 -21"><span class='ocrx_word' id='word_1_69' title='bbox 231 1025 524 1106; x_wconf 84' lang='lat' dir='ltr'><strong>disrupta</strong></span> <span class='ocrx_word' id='word_1_70' title='bbox 565 1023 678 1104; x_wconf 77' lang='grc' dir='ltr'><strong>(ά),</strong></span> <span class='ocrx_word' id='word_1_71' title='bbox 722 1024 1062 1085; x_wconf 89' lang='lat' dir='ltr'><strong>studiosius</strong></span> <span class='ocrx_word' id='word_1_72' title='bbox 1145 1023 1471 1084; x_wconf 88' lang='lat' dir='ltr'><strong>innovavit</strong></span> <span class='ocrx_word' id='word_1_73' title='bbox 1555 1043 1627 1085; x_wconf 90' lang='lat' dir='ltr'><strong>ac</strong></span> <span class='ocrx_word' id='word_1_74' title='bbox 1713 1025 2052 1107; x_wconf 77' lang='lat' dir='ltr'><strong>reparavit.</strong></span> <span class='ocrx_word' id='word_1_75' title='bbox 2143 1025 2255 1084; x_wconf 84' lang='lat' dir='ltr'><strong>Hic</strong></span> <span class='ocrx_word' id='word_1_76' title='bbox 2342 1025 2676 1096; x_wconf 91' lang='lat' dir='ltr'><strong>musivum,</strong></span> <span class='ocrx_word' id='word_1_77' title='bbox 2755 1024 2922 1103; x_wconf 92' lang='lat' dir='ltr'><strong>quod</strong></span> <span class='ocrx_word' id='word_1_78' title='bbox 3008 1042 3083 1084; x_wconf 88' lang='lat' dir='ltr'><strong>ex</strong></span> <span class='ocrx_word' id='word_1_79' title='bbox 3174 1032 3351 1105; x_wconf 88' lang='lat' dir='ltr'><strong>parte</strong></span> <span class='ocrx_word' id='word_1_80' title='bbox 3435 1027 3497 1086; x_wconf 93' lang='lat' dir='ltr'><strong>in</strong></span> 
     </span>
    </p>
   </div>
   <div class='ocr_carea' id='block_1_8' title="bbox 151 1130 3503 1210">
    <p class='ocr_par' dir='ltr' id='par_1_8' title="bbox 151 1130 3503 1210">
     <span class='ocr_line' id='line_1_8' title="bbox 151 1130 3503 1210; baseline 0 -18"><span class='ocrx_word' id='word_1_81' title='bbox 151 1133 190 1192; x_wconf 84' lang='lat'><strong>5</strong></span> <span class='ocrx_word' id='word_1_82' title='bbox 235 1132 447 1194; x_wconf 87' lang='lat' dir='ltr'><strong>fronte</strong></span> <span class='ocrx_word' id='word_1_83' title='bbox 549 1130 694 1191; x_wconf 87' lang='lat' dir='ltr'><strong>atrii</strong></span> <span class='ocrx_word' id='word_1_84' title='bbox 794 1130 1079 1209; x_wconf 84' lang='lat' dir='ltr'><strong>ejusdem</strong></span> <span class='ocrx_word' id='word_1_85' title='bbox 1181 1130 1455 1191; x_wconf 86' lang='lat' dir='ltr'><strong>basilica</strong></span> <span class='ocrx_word' id='word_1_86' title='bbox 1560 1131 1766 1191; x_wconf 84' lang='lat' dir='ltr'><strong>fuerat</strong></span> <span class='ocrx_word' id='word_1_87' title='bbox 1867 1131 2170 1203; x_wconf 89' lang='lat' dir='ltr'><strong>dirutum,</strong></span> <span class='ocrx_word' id='word_1_88' title='bbox 2284 1131 2627 1191; x_wconf 82' lang='lat' dir='ltr'><strong>innovavit.</strong></span> <span class='ocrx_word' id='word_1_89' title='bbox 2718 1131 3018 1192; x_wconf 79' lang='lat' dir='ltr'><strong>Similiter</strong></span> <span class='ocrx_word' id='word_1_90' title='bbox 3101 1138 3163 1192; x_wconf 91' lang='lat' dir='ltr'><strong>et</strong></span> <span class='ocrx_word' id='word_1_91' title='bbox 3245 1133 3503 1210; x_wconf 87' lang='lat' dir='ltr'><strong>specula</strong></span> 
     </span>
    </p>
   </div>
   <div class='ocr_carea' id='block_1_9' title="bbox 233 1237 3502 1318">
    <p class='ocr_par' dir='ltr' id='par_1_9' title="bbox 233 1237 3502 1318">
     <span class='ocr_line' id='line_1_9' title="bbox 233 1237 3502 1318; baseline -0 -18"><span class='ocrx_word' id='word_1_92' title='bbox 233 1239 520 1317; x_wconf 87' lang='lat' dir='ltr'><strong>ejusdem</strong></span> <span class='ocrx_word' id='word_1_93' title='bbox 606 1237 908 1311; x_wconf 85' lang='lat' dir='ltr'><strong>ecclesia,</strong></span> <span class='ocrx_word' id='word_1_94' title='bbox 995 1257 1136 1318; x_wconf 87' lang='lat' dir='ltr'><strong>qua</strong></span> <span class='ocrx_word' id='word_1_95' title='bbox 1220 1256 1409 1317; x_wconf 87' lang='lat' dir='ltr'><strong>super</strong></span> <span class='ocrx_word' id='word_1_96' title='bbox 1492 1239 1702 1298; x_wconf 87' lang='lat' dir='ltr'><strong>sedem</strong></span> <span class='ocrx_word' id='word_1_97' title='bbox 1789 1244 1956 1309; x_wconf 90' lang='lat' dir='ltr'><strong>sunt,</strong></span> <span class='ocrx_word' id='word_1_98' title='bbox 2004 1238 2103 1298; x_wconf 85' lang='lat' dir='ltr'><strong>vel</strong></span> <span class='ocrx_word' id='word_1_99' title='bbox 2187 1237 2392 1315; x_wconf 88' lang='lat' dir='ltr'><strong>regios</strong></span> <span class='ocrx_word' id='word_1_100' title='bbox 2476 1256 2658 1298; x_wconf 89' lang='lat' dir='ltr'><strong>arcus</strong></span> <span class='ocrx_word' id='word_1_101' title='bbox 2746 1237 3017 1315; x_wconf 86' lang='lat' dir='ltr'><strong>majores</strong></span> <span class='ocrx_word' id='word_1_102' title='bbox 3102 1244 3274 1311; x_wconf 89' lang='lat' dir='ltr'><strong>sunt,</strong></span> <span class='ocrx_word' id='word_1_103' title='bbox 3322 1257 3502 1300; x_wconf 88' lang='lat' dir='ltr'><strong>reno-</strong></span> 
     </span>
    </p>
   </div>
   <div class='ocr_carea' id='block_1_10' title="bbox 237 1343 3502 1426">
    <p class='ocr_par' dir='ltr' id='par_1_10' title="bbox 237 1343 3502 1426">
     <span class='ocr_line' id='line_1_10' title="bbox 237 1343 3502 1426; baseline -0 -19"><span class='ocrx_word' id='word_1_104' title='bbox 237 1347 430 1407; x_wconf 90' lang='lat' dir='ltr'><strong>vavit.</strong></span> <span class='ocrx_word' id='word_1_105' title='bbox 517 1345 630 1407; x_wconf 80' lang='lat' dir='ltr'><strong>Hic</strong></span> <span class='ocrx_word' id='word_1_106' title='bbox 711 1363 941 1426; x_wconf 91' lang='lat' dir='ltr'><strong>corpus</strong></span> <span class='ocrx_word' id='word_1_107' title='bbox 1014 1345 1184 1407; x_wconf 88' lang='lat' dir='ltr'><strong>beati</strong></span> <span class='ocrx_word' id='word_1_108' title='bbox 1285 1343 1507 1406; x_wconf 88' lang='lat' dir='ltr'><strong>Leonis</strong></span> <span class='ocrx_word' id='word_1_109' title='bbox 1610 1345 2037 1425; x_wconf 77' lang='lat' dir='ltr'><strong>probatissimi</strong></span> <span class='ocrx_word' id='word_1_110' title='bbox 2139 1345 2344 1404; x_wconf 83' lang='lat' dir='ltr'><strong>Patris</strong></span> <span class='ocrx_word' id='word_1_111' title='bbox 2449 1350 2637 1424; x_wconf 91' lang='lat' dir='ltr'><strong>atque</strong></span> <span class='ocrx_word' id='word_1_112' title='bbox 2741 1345 3078 1424; x_wconf 81' lang='lat' dir='ltr'><strong>pontificis,</strong></span> <span class='ocrx_word' id='word_1_113' title='bbox 3183 1345 3355 1426; x_wconf 91' lang='lat' dir='ltr'><strong>quod</strong></span> <span class='ocrx_word' id='word_1_114' title='bbox 3435 1345 3502 1406; x_wconf 92' lang='lat' dir='ltr'><strong>in</strong></span> 
     </span>
    </p>
   </div>
   <div class='ocr_carea' id='block_1_11' title="bbox 231 1451 3505 1531">
    <p class='ocr_par' dir='ltr' id='par_1_11' title="bbox 231 1451 3505 1531">
     <span class='ocr_line' id='line_1_11' title="bbox 231 1451 3505 1531; baseline 0 -17"><span class='ocrx_word' id='word_1_115' title='bbox 231 1453 453 1514; x_wconf 88' lang='lat' dir='ltr'><strong>abdito</strong></span> <span class='ocrx_word' id='word_1_116' title='bbox 541 1452 856 1513; x_wconf 85' lang='lat' dir='ltr'><strong>inferioris</strong></span> <span class='ocrx_word' id='word_1_117' title='bbox 917 1452 992 1531; x_wconf 77' lang='grc' dir='ltr'><strong>(θ)</strong></span> <span class='ocrx_word' id='word_1_118' title='bbox 1055 1453 1375 1512; x_wconf 88' lang='lat' dir='ltr'><strong>secretarii</strong></span> <span class='ocrx_word' id='word_1_119' title='bbox 1462 1453 1780 1531; x_wconf 77' lang='lat' dir='ltr'><strong>praedicta</strong></span> <span class='ocrx_word' id='word_1_120' title='bbox 1865 1452 2140 1511; x_wconf 85' lang='lat' dir='ltr'><strong>basilica</strong></span> <span class='ocrx_word' id='word_1_121' title='bbox 2229 1451 2505 1531; x_wconf 89' lang='lat' dir='ltr'><strong>positum</strong></span> <span class='ocrx_word' id='word_1_122' title='bbox 2594 1453 2821 1526; x_wconf 84' lang='lat' dir='ltr'><strong>fuerat,</strong></span> <span class='ocrx_word' id='word_1_123' title='bbox 2909 1454 3078 1512; x_wconf 86' lang='lat' dir='ltr'><strong>facta</strong></span> <span class='ocrx_word' id='word_1_124' title='bbox 3138 1453 3505 1531; x_wconf 87' lang='lat' dir='ltr'><strong>diligentius</strong></span> 
     </span>
    </p>
   </div>
   <div class='ocr_carea' id='block_1_12' title="bbox 226 1547 3500 1639">
    <p class='ocr_par' dir='ltr' id='par_1_12' title="bbox 226 1547 3500 1639">
     <span class='ocr_line' id='line_1_12' title="bbox 226 1547 3500 1639; baseline 0.001 -19"><span class='ocrx_word' id='word_1_125' title='bbox 226 1558 460 1620; x_wconf 84' lang='lat' dir='ltr'><strong>tumba</strong></span> <span class='ocrx_word' id='word_1_126' title='bbox 504 1559 566 1620; x_wconf 91' lang='lat' dir='ltr'><strong>in</strong></span> <span class='ocrx_word' id='word_1_127' title='bbox 611 1559 1021 1620; x_wconf 85' lang='lat' dir='ltr'><strong>denominata</strong></span> <span class='ocrx_word' id='word_1_128' title='bbox 1066 1559 1323 1620; x_wconf 90' lang='lat' dir='ltr'><strong>basilica</strong></span> <span class='ocrx_word' id='word_1_129' title='bbox 1367 1559 1621 1639; x_wconf 89' lang='lat' dir='ltr'><strong>publico</strong></span> <span class='ocrx_word' id='word_1_130' title='bbox 1669 1560 1826 1629; x_wconf 90' lang='lat' dir='ltr'><strong>loco,</strong></span> <span class='ocrx_word' id='word_1_131' title='bbox 1880 1566 1947 1618; x_wconf 92' lang='lat' dir='ltr'><strong>ut</strong></span> <span class='ocrx_word' id='word_1_132' title='bbox 1991 1560 2106 1619; x_wconf 88' lang='lat' dir='ltr'><strong>sibi</strong></span> <span class='ocrx_word' id='word_1_133' title='bbox 2155 1560 2362 1620; x_wconf 83' lang='lat' dir='ltr'><strong>fuerat</strong></span> <span class='ocrx_word' id='word_1_134' title='bbox 2409 1559 2777 1631; x_wconf 90' lang='lat' dir='ltr'><strong>revelatum,</strong></span> <span class='ocrx_word' id='word_1_135' title='bbox 2828 1547 3126 1639; x_wconf 86' lang='lat' dir='ltr'><strong>reposuit,</strong></span> <span class='ocrx_word' id='word_1_136' title='bbox 3176 1579 3249 1621; x_wconf 90' lang='lat' dir='ltr'><strong>ac</strong></span> <span class='ocrx_word' id='word_1_137' title='bbox 3294 1560 3500 1622; x_wconf 90' lang='lat' dir='ltr'><strong>locum</strong></span> 
     </span>
    </p>
   </div>
   <div class='ocr_carea' id='block_1_13' title="bbox 111 1665 3506 1750">
    <p class='ocr_par' dir='ltr' id='par_1_13' title="bbox 111 1665 3506 1750">
     <span class='ocr_line' id='line_1_13' title="bbox 111 1665 3506 1750; baseline -0.001 -20"><span class='ocrx_word' id='word_1_138' title='bbox 111 1673 192 1732; x_wconf 82' lang='grc'><strong>10</strong></span> <span class='ocrx_word' id='word_1_139' title='bbox 237 1671 448 1750; x_wconf 87' lang='lat' dir='ltr'><strong>ipsum</strong></span> <span class='ocrx_word' id='word_1_140' title='bbox 492 1666 765 1729; x_wconf 89' lang='lat' dir='ltr'><strong>ornavit.</strong></span> <span class='ocrx_word' id='word_1_141' title='bbox 811 1665 924 1726; x_wconf 87' lang='lat' dir='ltr'><strong>Hic</strong></span> <span class='ocrx_word' id='word_1_142' title='bbox 968 1666 1115 1726; x_wconf 85' lang='lat' dir='ltr'><strong>fecit</strong></span> <span class='ocrx_word' id='word_1_143' title='bbox 1157 1671 1456 1745; x_wconf 87' lang='lat' dir='ltr'><strong>patenam</strong></span> <span class='ocrx_word' id='word_1_144' title='bbox 1502 1685 1754 1726; x_wconf 85' lang='lat' dir='ltr'><strong>auream</strong></span> <span class='ocrx_word' id='word_1_145' title='bbox 1806 1665 2109 1744; x_wconf 86' lang='lat' dir='ltr'><strong>majorem</strong></span> <span class='ocrx_word' id='word_1_146' title='bbox 2157 1665 2494 1725; x_wconf 90' lang='lat' dir='ltr'><strong>habentem</strong></span> <span class='ocrx_word' id='word_1_147' title='bbox 2543 1685 2826 1744; x_wconf 90' lang='lat' dir='ltr'><strong>gemmas</strong></span> <span class='ocrx_word' id='word_1_148' title='bbox 2873 1685 2946 1726; x_wconf 87' lang='lat' dir='ltr'><strong>ex</strong></span> <span class='ocrx_word' id='word_1_149' title='bbox 2990 1667 3146 1726; x_wconf 88' lang='lat' dir='ltr'><strong>albis</strong></span> <span class='ocrx_word' id='word_1_150' title='bbox 3191 1667 3288 1747; x_wconf 84' lang='lat'><strong>(/),</strong></span> <span class='ocrx_word' id='word_1_151' title='bbox 3337 1675 3400 1728; x_wconf 90' lang='lat' dir='ltr'><strong>et</strong></span> <span class='ocrx_word' id='word_1_152' title='bbox 3442 1668 3506 1728; x_wconf 92' lang='lat' dir='ltr'><strong>in</strong></span> 
     </span>
    </p>
   </div>
   <div class='ocr_carea' id='block_1_14' title="bbox 241 1772 3506 1853">
    <p class='ocr_par' dir='ltr' id='par_1_14' title="bbox 241 1772 3506 1853">
     <span class='ocr_line' id='line_1_14' title="bbox 241 1772 3506 1853; baseline 0 -17"><span class='ocrx_word' id='word_1_153' title='bbox 241 1775 470 1847; x_wconf 90' lang='lat' dir='ltr'><strong>medio,</strong></span> <span class='ocrx_word' id='word_1_154' title='bbox 518 1792 595 1836; x_wconf 86' lang='lat' dir='ltr'><strong>ex</strong></span> <span class='ocrx_word' id='word_1_155' title='bbox 640 1773 938 1853; x_wconf 86' lang='lat' dir='ltr'><strong>hyacinto</strong></span> <span class='ocrx_word' id='word_1_156' title='bbox 983 1779 1046 1833; x_wconf 90' lang='lat' dir='ltr'><strong>et</strong></span> <span class='ocrx_word' id='word_1_157' title='bbox 1088 1772 1446 1852; x_wconf 82' lang='lat' dir='ltr'><strong>smaragdo,</strong></span> <span class='ocrx_word' id='word_1_158' title='bbox 1496 1792 1745 1833; x_wconf 90' lang='lat' dir='ltr'><strong>crucem</strong></span> <span class='ocrx_word' id='word_1_159' title='bbox 1793 1779 2166 1852; x_wconf 88' lang='lat' dir='ltr'><strong>pensantem</strong></span> <span class='ocrx_word' id='word_1_160' title='bbox 2230 1772 2424 1833; x_wconf 90' lang='lat' dir='ltr'><strong>libras</strong></span> <span class='ocrx_word' id='word_1_161' title='bbox 2491 1773 2738 1850; x_wconf 83' lang='lat' dir='ltr'><strong>viginti.</strong></span> <span class='ocrx_word' id='word_1_162' title='bbox 2786 1775 2901 1834; x_wconf 82' lang='lat' dir='ltr'><strong>Hic</strong></span> <span class='ocrx_word' id='word_1_163' title='bbox 2946 1779 3179 1835; x_wconf 90' lang='lat' dir='ltr'><strong>tectum</strong></span> <span class='ocrx_word' id='word_1_164' title='bbox 3224 1779 3288 1836; x_wconf 95' lang='lat' dir='ltr'><strong>et</strong></span> <span class='ocrx_word' id='word_1_165' title='bbox 3330 1775 3506 1836; x_wconf 89' lang='lat' dir='ltr'><strong>cubi-</strong></span> 
     </span>
    </p>
   </div>
   <div class='ocr_carea' id='block_1_15' title="bbox 236 1879 3508 1960">
    <p class='ocr_par' dir='ltr' id='par_1_15' title="bbox 236 1879 3508 1960">
     <span class='ocr_line' id='line_1_15' title="bbox 236 1879 3508 1960; baseline -0 -17"><span class='ocrx_word' id='word_1_166' title='bbox 236 1883 384 1944; x_wconf 84' lang='lat' dir='ltr'><strong>cula</strong></span> <span class='ocrx_word' id='word_1_167' title='bbox 427 1880 722 1942; x_wconf 89' lang='lat' dir='ltr'><strong>universa</strong></span> <span class='ocrx_word' id='word_1_168' title='bbox 763 1879 828 1939; x_wconf 92' lang='lat' dir='ltr'><strong>in</strong></span> <span class='ocrx_word' id='word_1_169' title='bbox 873 1879 1136 1940; x_wconf 88' lang='lat' dir='ltr'><strong>circuitu</strong></span> <span class='ocrx_word' id='word_1_170' title='bbox 1183 1879 1458 1940; x_wconf 87' lang='lat' dir='ltr'><strong>basilica</strong></span> <span class='ocrx_word' id='word_1_171' title='bbox 1505 1880 1669 1940; x_wconf 86' lang='lat' dir='ltr'><strong>beati</strong></span> <span class='ocrx_word' id='word_1_172' title='bbox 1715 1881 1892 1940; x_wconf 87' lang='lat' dir='ltr'><strong>Pauli</strong></span> <span class='ocrx_word' id='word_1_173' title='bbox 1937 1879 2231 1958; x_wconf 87' lang='lat' dir='ltr'><strong>apostoli,</strong></span> <span class='ocrx_word' id='word_1_174' title='bbox 2283 1898 2424 1957; x_wconf 87' lang='lat' dir='ltr'><strong>qua</strong></span> <span class='ocrx_word' id='word_1_175' title='bbox 2475 1879 2668 1955; x_wconf 87' lang='lat' dir='ltr'><strong>longa</strong></span> <span class='ocrx_word' id='word_1_176' title='bbox 2711 1900 2824 1959; x_wconf 89' lang='lat' dir='ltr'><strong>per</strong></span> <span class='ocrx_word' id='word_1_177' title='bbox 2868 1887 3154 1960; x_wconf 90' lang='lat' dir='ltr'><strong>tempora</strong></span> <span class='ocrx_word' id='word_1_178' title='bbox 3196 1887 3508 1942; x_wconf 88' lang='lat' dir='ltr'><strong>vetustate</strong></span> 
     </span>
    </p>
   </div>
   <div class='ocr_carea' id='block_1_16' title="bbox 243 1985 3510 2066">
    <p class='ocr_par' dir='ltr' id='par_1_16' title="bbox 243 1985 3510 2066">
     <span class='ocr_line' id='line_1_16' title="bbox 243 1985 3510 2066; baseline -0.001 -16"><span class='ocrx_word' id='word_1_179' title='bbox 243 1989 536 2050; x_wconf 84' lang='lat' dir='ltr'><strong>confecta</strong></span> <span class='ocrx_word' id='word_1_180' title='bbox 578 1987 850 2060; x_wconf 84' lang='lat' dir='ltr'><strong>fuerant,</strong></span> <span class='ocrx_word' id='word_1_181' title='bbox 914 1985 1251 2046; x_wconf 89' lang='lat' dir='ltr'><strong>studiosius</strong></span> <span class='ocrx_word' id='word_1_182' title='bbox 1312 1987 1638 2046; x_wconf 83' lang='lat' dir='ltr'><strong>innovavit</strong></span> <span class='ocrx_word' id='word_1_183' title='bbox 1706 2005 1776 2046; x_wconf 87' lang='lat' dir='ltr'><strong>ac</strong></span> <span class='ocrx_word' id='word_1_184' title='bbox 1824 1986 2162 2066; x_wconf 85' lang='lat' dir='ltr'><strong>reparavit.</strong></span> <span class='ocrx_word' id='word_1_185' title='bbox 2210 1985 2511 2046; x_wconf 90' lang='lat' dir='ltr'><strong>Similiter</strong></span> <span class='ocrx_word' id='word_1_186' title='bbox 2553 1991 2615 2045; x_wconf 88' lang='lat' dir='ltr'><strong>et</strong></span> <span class='ocrx_word' id='word_1_187' title='bbox 2661 1987 2866 2046; x_wconf 88' lang='lat' dir='ltr'><strong>trabes</strong></span> <span class='ocrx_word' id='word_1_188' title='bbox 2911 1987 3056 2047; x_wconf 87' lang='lat' dir='ltr'><strong>fecit</strong></span> <span class='ocrx_word' id='word_1_189' title='bbox 3099 1987 3176 2047; x_wconf 94' lang='lat' dir='ltr'><strong>de</strong></span> <span class='ocrx_word' id='word_1_190' title='bbox 3221 1987 3510 2048; x_wconf 83' lang='lat' dir='ltr'><strong>Calabria</strong></span> 
     </span>
    </p>
   </div>
   <div class='ocr_carea' id='block_1_17' title="bbox 241 2092 3510 2174">
    <p class='ocr_par' dir='ltr' id='par_1_17' title="bbox 241 2092 3510 2174">
     <span class='ocr_line' id='line_1_17' title="bbox 241 2092 3510 2174; baseline -0.001 -18"><span class='ocrx_word' id='word_1_191' title='bbox 241 2095 495 2169; x_wconf 82' lang='lat' dir='ltr'><strong>adduci,</strong></span> <span class='ocrx_word' id='word_1_192' title='bbox 544 2099 608 2154; x_wconf 90' lang='lat' dir='ltr'><strong>et</strong></span> <span class='ocrx_word' id='word_1_193' title='bbox 649 2113 792 2174; x_wconf 85' lang='lat' dir='ltr'><strong>qua</strong></span> <span class='ocrx_word' id='word_1_194' title='bbox 836 2094 900 2153; x_wconf 86' lang='lat' dir='ltr'><strong>in</strong></span> <span class='ocrx_word' id='word_1_195' title='bbox 945 2093 1166 2154; x_wconf 88' lang='lat' dir='ltr'><strong>eadem</strong></span> <span class='ocrx_word' id='word_1_196' title='bbox 1215 2093 1474 2153; x_wconf 88' lang='lat' dir='ltr'><strong>basilica</strong></span> <span class='ocrx_word' id='word_1_197' title='bbox 1520 2093 1972 2153; x_wconf 87' lang='lat' dir='ltr'><strong>vetustissimas</strong></span> <span class='ocrx_word' id='word_1_198' title='bbox 2018 2092 2277 2162; x_wconf 88' lang='lat' dir='ltr'><strong>invenit,</strong></span> <span class='ocrx_word' id='word_1_199' title='bbox 2326 2093 2675 2152; x_wconf 72' lang='lat' dir='ltr'><strong>renovavit.</strong></span> <span class='ocrx_word' id='word_1_200' title='bbox 2718 2094 2830 2153; x_wconf 86' lang='lat' dir='ltr'><strong>Hic</strong></span> <span class='ocrx_word' id='word_1_201' title='bbox 2875 2093 3214 2171; x_wconf 83' lang='lat' dir='ltr'><strong>imaginem</strong></span> <span class='ocrx_word' id='word_1_202' title='bbox 3263 2102 3510 2174; x_wconf 86' lang='lat' dir='ltr'><strong>aposto-</strong></span> 
     </span>
    </p>
   </div>
   <div class='ocr_carea' id='block_1_18' title="bbox 111 2197 3506 2280">
    <p class='ocr_par' dir='ltr' id='par_1_18' title="bbox 111 2197 3506 2280">
     <span class='ocr_line' id='line_1_18' title="bbox 111 2197 3506 2280; baseline -0.001 -16"><span class='ocrx_word' id='word_1_203' title='bbox 111 2207 187 2265; x_wconf 73' lang='lat'><strong>15</strong></span> <span class='ocrx_word' id='word_1_204' title='bbox 241 2204 448 2264; x_wconf 93' lang='lat' dir='ltr'><strong>lorum</strong></span> <span class='ocrx_word' id='word_1_205' title='bbox 498 2200 1006 2273; x_wconf 81' lang='lat' dir='ltr'><strong>vetustissimam,</strong></span> <span class='ocrx_word' id='word_1_206' title='bbox 1055 2219 1196 2280; x_wconf 88' lang='lat' dir='ltr'><strong>qua</strong></span> <span class='ocrx_word' id='word_1_207' title='bbox 1242 2205 1378 2259; x_wconf 88' lang='lat' dir='ltr'><strong>erat</strong></span> <span class='ocrx_word' id='word_1_208' title='bbox 1421 2219 1609 2279; x_wconf 89' lang='lat' dir='ltr'><strong>super</strong></span> <span class='ocrx_word' id='word_1_209' title='bbox 1654 2201 1819 2261; x_wconf 89' lang='lat' dir='ltr'><strong>fores</strong></span> <span class='ocrx_word' id='word_1_210' title='bbox 1883 2199 2164 2278; x_wconf 82' lang='lat' dir='ltr'><strong>ejusdem</strong></span> <span class='ocrx_word' id='word_1_211' title='bbox 2231 2197 2529 2267; x_wconf 79' lang='lat' dir='ltr'><strong>basilica,</strong></span> <span class='ocrx_word' id='word_1_212' title='bbox 2579 2200 2867 2259; x_wconf 87' lang='lat' dir='ltr'><strong>mutavit.</strong></span> <span class='ocrx_word' id='word_1_213' title='bbox 2917 2201 3031 2260; x_wconf 87' lang='lat' dir='ltr'><strong>Hic</strong></span> <span class='ocrx_word' id='word_1_214' title='bbox 3094 2201 3240 2262; x_wconf 85' lang='lat' dir='ltr'><strong>fecit</strong></span> <span class='ocrx_word' id='word_1_215' title='bbox 3285 2201 3506 2262; x_wconf 90' lang='lat' dir='ltr'><strong>ambo-</strong></span> 
     </span>
    </p>
   </div>
   <div class='ocr_carea' id='block_1_19' title="bbox 241 2304 3513 2389">
    <p class='ocr_par' dir='ltr' id='par_1_19' title="bbox 241 2304 3513 2389">
     <span class='ocr_line' id='line_1_19' title="bbox 241 2304 3513 2389; baseline -0.001 -18"><span class='ocrx_word' id='word_1_216' title='bbox 241 2329 385 2371; x_wconf 91' lang='lat' dir='ltr'><strong>nem</strong></span> <span class='ocrx_word' id='word_1_217' title='bbox 433 2315 496 2370; x_wconf 93' lang='lat' dir='ltr'><strong>et</strong></span> <span class='ocrx_word' id='word_1_218' title='bbox 538 2309 869 2389; x_wconf 86' lang='lat' dir='ltr'><strong>cyburium</strong></span> <span class='ocrx_word' id='word_1_219' title='bbox 913 2307 1003 2385; x_wconf 80' lang='lat' dir='ltr'><strong>(g)</strong></span> <span class='ocrx_word' id='word_1_220' title='bbox 1049 2307 1111 2366; x_wconf 91' lang='lat' dir='ltr'><strong>in</strong></span> <span class='ocrx_word' id='word_1_221' title='bbox 1158 2307 1416 2365; x_wconf 85' lang='lat' dir='ltr'><strong>basilica</strong></span> <span class='ocrx_word' id='word_1_222' title='bbox 1458 2313 1820 2366; x_wconf 89' lang='lat' dir='ltr'><strong>sanctorum</strong></span> <span class='ocrx_word' id='word_1_223' title='bbox 1867 2308 2109 2365; x_wconf 86' lang='lat' dir='ltr'><strong>Cosma</strong></span> <span class='ocrx_word' id='word_1_224' title='bbox 2147 2312 2209 2364; x_wconf 92' lang='lat' dir='ltr'><strong>et</strong></span> <span class='ocrx_word' id='word_1_225' title='bbox 2254 2304 2566 2378; x_wconf 87' lang='lat' dir='ltr'><strong>Damiani,</strong></span> <span class='ocrx_word' id='word_1_226' title='bbox 2618 2305 2724 2363; x_wconf 89' lang='lat' dir='ltr'><strong>ubi</strong></span> <span class='ocrx_word' id='word_1_227' title='bbox 2769 2311 2832 2365; x_wconf 92' lang='lat' dir='ltr'><strong>et</strong></span> <span class='ocrx_word' id='word_1_228' title='bbox 2878 2306 3075 2366; x_wconf 90' lang='lat' dir='ltr'><strong>multa</strong></span> <span class='ocrx_word' id='word_1_229' title='bbox 3119 2307 3289 2367; x_wconf 92' lang='lat' dir='ltr'><strong>dona</strong></span> <span class='ocrx_word' id='word_1_230' title='bbox 3331 2308 3513 2369; x_wconf 90' lang='lat' dir='ltr'><strong>obtu-</strong></span> 
     </span>
    </p>
   </div>
   <div class='ocr_carea' id='block_1_20' title="bbox 238 2411 3514 2492">
    <p class='ocr_par' dir='ltr' id='par_1_20' title="bbox 238 2411 3514 2492">
     <span class='ocr_line' id='line_1_20' title="bbox 238 2411 3514 2492; baseline -0.001 -14"><span class='ocrx_word' id='word_1_231' title='bbox 238 2417 337 2478; x_wconf 86' lang='lat' dir='ltr'><strong>lit.</strong></span> <span class='ocrx_word' id='word_1_232' title='bbox 383 2415 672 2478; x_wconf 88' lang='lat' dir='ltr'><strong>Trullum</strong></span> <span class='ocrx_word' id='word_1_233' title='bbox 717 2432 867 2475; x_wconf 83' lang='lat' dir='ltr'><strong>vero</strong></span> <span class='ocrx_word' id='word_1_234' title='bbox 911 2413 1197 2492; x_wconf 89' lang='lat' dir='ltr'><strong>ejusdem</strong></span> <span class='ocrx_word' id='word_1_235' title='bbox 1242 2413 1521 2472; x_wconf 86' lang='lat' dir='ltr'><strong>ecclesia</strong></span> <span class='ocrx_word' id='word_1_236' title='bbox 1566 2413 1718 2472; x_wconf 88' lang='lat' dir='ltr'><strong>fusis</strong></span> <span class='ocrx_word' id='word_1_237' title='bbox 1764 2412 2000 2472; x_wconf 86' lang='lat' dir='ltr'><strong>chartis</strong></span> <span class='ocrx_word' id='word_1_238' title='bbox 2047 2411 2358 2490; x_wconf 86' lang='lat' dir='ltr'><strong>plumbeis</strong></span> <span class='ocrx_word' id='word_1_239' title='bbox 2413 2411 2743 2490; x_wconf 86' lang='lat' dir='ltr'><strong>coeperuit</strong></span> <span class='ocrx_word' id='word_1_240' title='bbox 2804 2418 2994 2490; x_wconf 89' lang='lat' dir='ltr'><strong>atque</strong></span> <span class='ocrx_word' id='word_1_241' title='bbox 3068 2415 3354 2474; x_wconf 89' lang='lat' dir='ltr'><strong>munivit.</strong></span> <span class='ocrx_word' id='word_1_242' title='bbox 3401 2417 3514 2477; x_wconf 87' lang='lat' dir='ltr'><strong>Hic</strong></span> 
     </span>
    </p>
   </div>
   <div class='ocr_carea' id='block_1_21' title="bbox 237 2518 3512 2604">
    <p class='ocr_par' dir='ltr' id='par_1_21' title="bbox 237 2518 3512 2604">
     <span class='ocr_line' id='line_1_21' title="bbox 237 2518 3512 2604; baseline -0 -20"><span class='ocrx_word' id='word_1_243' title='bbox 237 2523 570 2604; x_wconf 88' lang='lat' dir='ltr'><strong>cyborium</strong></span> <span class='ocrx_word' id='word_1_244' title='bbox 616 2521 890 2582; x_wconf 87' lang='lat' dir='ltr'><strong>basilica</strong></span> <span class='ocrx_word' id='word_1_245' title='bbox 934 2527 1171 2580; x_wconf 90' lang='lat' dir='ltr'><strong>sancta</strong></span> <span class='ocrx_word' id='word_1_246' title='bbox 1215 2520 1546 2592; x_wconf 86' lang='lat' dir='ltr'><strong>Susanna,</strong></span> <span class='ocrx_word' id='word_1_247' title='bbox 1595 2519 1767 2597; x_wconf 91' lang='lat' dir='ltr'><strong>quod</strong></span> <span class='ocrx_word' id='word_1_248' title='bbox 1829 2525 1978 2578; x_wconf 88' lang='lat' dir='ltr'><strong>ante</strong></span> <span class='ocrx_word' id='word_1_249' title='bbox 2053 2518 2334 2595; x_wconf 89' lang='lat' dir='ltr'><strong>ligneum</strong></span> <span class='ocrx_word' id='word_1_250' title='bbox 2408 2519 2634 2590; x_wconf 81' lang='lat' dir='ltr'><strong>fuerat,</strong></span> <span class='ocrx_word' id='word_1_251' title='bbox 2696 2537 2771 2578; x_wconf 83' lang='lat' dir='ltr'><strong>ex</strong></span> <span class='ocrx_word' id='word_1_252' title='bbox 2820 2537 3134 2580; x_wconf 89' lang='lat' dir='ltr'><strong>marmore</strong></span> <span class='ocrx_word' id='word_1_253' title='bbox 3178 2521 3370 2594; x_wconf 86' lang='lat' dir='ltr'><strong>fecit;</strong></span> <span class='ocrx_word' id='word_1_254' title='bbox 3417 2523 3512 2583; x_wconf 90' lang='lat' dir='ltr'><strong>di-</strong></span> 
     </span>
    </p>
   </div>
   <div class='ocr_carea' id='block_1_22' title="bbox 248 2624 3516 2708">
    <p class='ocr_par' dir='ltr' id='par_1_22' title="bbox 248 2624 3516 2708">
     <span class='ocr_line' id='line_1_22' title="bbox 248 2624 3516 2708; baseline 0.001 -19"><span class='ocrx_word' id='word_1_255' title='bbox 248 2647 434 2689; x_wconf 89' lang='lat' dir='ltr'><strong>versa</strong></span> <span class='ocrx_word' id='word_1_256' title='bbox 493 2646 747 2708; x_wconf 89' lang='lat' dir='ltr'><strong>quoque</strong></span> <span class='ocrx_word' id='word_1_257' title='bbox 809 2625 1064 2707; x_wconf 87' lang='lat' dir='ltr'><strong>cymilia</strong></span> <span class='ocrx_word' id='word_1_258' title='bbox 1125 2644 1319 2686; x_wconf 88' lang='lat' dir='ltr'><strong>aurea</strong></span> <span class='ocrx_word' id='word_1_259' title='bbox 1371 2631 1433 2685; x_wconf 90' lang='lat' dir='ltr'><strong>et</strong></span> <span class='ocrx_word' id='word_1_260' title='bbox 1475 2631 1800 2703; x_wconf 84' lang='lat' dir='ltr'><strong>argentea,</strong></span> <span class='ocrx_word' id='word_1_261' title='bbox 1847 2624 1946 2684; x_wconf 87' lang='lat' dir='ltr'><strong>vel</strong></span> <span class='ocrx_word' id='word_1_262' title='bbox 2009 2625 2360 2685; x_wconf 86' lang='lat' dir='ltr'><strong>immobilia</strong></span> <span class='ocrx_word' id='word_1_263' title='bbox 2424 2625 2562 2684; x_wconf 91' lang='lat' dir='ltr'><strong>loca</strong></span> <span class='ocrx_word' id='word_1_264' title='bbox 2628 2625 2776 2685; x_wconf 91' lang='lat' dir='ltr'><strong>illuc</strong></span> <span class='ocrx_word' id='word_1_265' title='bbox 2823 2624 2904 2705; x_wconf 81' lang='lat' dir='ltr'><strong>(l2)</strong></span> <span class='ocrx_word' id='word_1_266' title='bbox 2951 2628 3355 2690; x_wconf 90' lang='lat' dir='ltr'><strong>condonavit.</strong></span> <span class='ocrx_word' id='word_1_267' title='bbox 3402 2630 3516 2692; x_wconf 85' lang='lat' dir='ltr'><strong>Hic</strong></span> 
     </span>
    </p>
   </div>
   <div class='ocr_carea' id='block_1_23' title="bbox 128 2731 3515 2814">
    <p class='ocr_par' dir='ltr' id='par_1_23' title="bbox 128 2731 3515 2814">
     <span class='ocr_line' id='line_1_23' title="bbox 128 2731 3515 2814; baseline -0 -15"><span class='ocrx_word' id='word_1_268' title='bbox 128 2741 210 2799; x_wconf 78' lang='grc'><strong>20</strong></span> <span class='ocrx_word' id='word_1_269' title='bbox 251 2736 580 2798; x_wconf 82' lang='lat' dir='ltr'><strong>basilicam</strong></span> <span class='ocrx_word' id='word_1_270' title='bbox 624 2740 860 2795; x_wconf 84' lang='lat' dir='ltr'><strong>sancta</strong></span> <span class='ocrx_word' id='word_1_271' title='bbox 903 2732 1295 2812; x_wconf 83' lang='lat' dir='ltr'><strong>Euphemia,</strong></span> <span class='ocrx_word' id='word_1_272' title='bbox 1343 2752 1483 2812; x_wconf 84' lang='lat' dir='ltr'><strong>qua</strong></span> <span class='ocrx_word' id='word_1_273' title='bbox 1531 2751 1640 2811; x_wconf 87' lang='lat' dir='ltr'><strong>per</strong></span> <span class='ocrx_word' id='word_1_274' title='bbox 1685 2731 1883 2791; x_wconf 91' lang='lat' dir='ltr'><strong>multa</strong></span> <span class='ocrx_word' id='word_1_275' title='bbox 1927 2738 2216 2812; x_wconf 80' lang='lat' dir='ltr'><strong>tempora</strong></span> <span class='ocrx_word' id='word_1_276' title='bbox 2261 2734 2467 2792; x_wconf 83' lang='lat' dir='ltr'><strong>fuerat</strong></span> <span class='ocrx_word' id='word_1_277' title='bbox 2529 2734 2794 2806; x_wconf 90' lang='lat' dir='ltr'><strong>detecta,</strong></span> <span class='ocrx_word' id='word_1_278' title='bbox 2844 2736 3172 2814; x_wconf 81' lang='lat' dir='ltr'><strong>cooperuit</strong></span> <span class='ocrx_word' id='word_1_279' title='bbox 3214 2755 3288 2797; x_wconf 91' lang='lat' dir='ltr'><strong>ac</strong></span> <span class='ocrx_word' id='word_1_280' title='bbox 3331 2755 3515 2798; x_wconf 87' lang='lat' dir='ltr'><strong>reno-</strong></span> 
     </span>
    </p>
   </div>
   <div class='ocr_carea' id='block_1_24' title="bbox 248 2838 3514 2924">
    <p class='ocr_par' dir='ltr' id='par_1_24' title="bbox 248 2838 3514 2924">
     <span class='ocr_line' id='line_1_24' title="bbox 248 2838 3514 2924; baseline 0.001 -20"><span class='ocrx_word' id='word_1_281' title='bbox 248 2843 447 2904; x_wconf 87' lang='lat' dir='ltr'><strong>vavit.</strong></span> <span class='ocrx_word' id='word_1_282' title='bbox 495 2842 606 2903; x_wconf 87' lang='lat' dir='ltr'><strong>Hic</strong></span> <span class='ocrx_word' id='word_1_283' title='bbox 649 2840 973 2902; x_wconf 89' lang='lat' dir='ltr'><strong>basilicam</strong></span> <span class='ocrx_word' id='word_1_284' title='bbox 1019 2845 1253 2899; x_wconf 84' lang='lat' dir='ltr'><strong>sancta</strong></span> <span class='ocrx_word' id='word_1_285' title='bbox 1300 2845 1523 2900; x_wconf 81' lang='lat' dir='ltr'><strong>Aurea</strong></span> <span class='ocrx_word' id='word_1_286' title='bbox 1567 2839 1632 2898; x_wconf 91' lang='lat' dir='ltr'><strong>in</strong></span> <span class='ocrx_word' id='word_1_287' title='bbox 1679 2839 1863 2898; x_wconf 85' lang='lat' dir='ltr'><strong>Ostiis</strong></span> <span class='ocrx_word' id='word_1_288' title='bbox 1909 2838 1999 2917; x_wconf 61' lang='grc' dir='ltr'><strong>(ἢ,</strong></span> <span class='ocrx_word' id='word_1_289' title='bbox 2037 2858 2179 2918; x_wconf 86' lang='lat' dir='ltr'><strong>qua</strong></span> <span class='ocrx_word' id='word_1_290' title='bbox 2224 2838 2512 2900; x_wconf 91' lang='lat' dir='ltr'><strong>similiter</strong></span> <span class='ocrx_word' id='word_1_291' title='bbox 2554 2841 2761 2901; x_wconf 87' lang='lat' dir='ltr'><strong>fuerat</strong></span> <span class='ocrx_word' id='word_1_292' title='bbox 2803 2840 3052 2902; x_wconf 90' lang='lat' dir='ltr'><strong>detecta</strong></span> <span class='ocrx_word' id='word_1_293' title='bbox 3093 2843 3189 2905; x_wconf 89' lang='lat' dir='ltr'><strong>vel</strong></span> <span class='ocrx_word' id='word_1_294' title='bbox 3235 2843 3514 2924; x_wconf 89' lang='lat' dir='ltr'><strong>dirupta,</strong></span> 
     </span>
    </p>
   </div>
   <div class='ocr_carea' id='block_1_25' title="bbox 253 2945 3520 3028">
    <p class='ocr_par' dir='ltr' id='par_1_25' title="bbox 253 2945 3520 3028">
     <span class='ocr_line' id='line_1_25' title="bbox 253 2945 3520 3028; baseline 0 -19"><span class='ocrx_word' id='word_1_295' title='bbox 253 2947 612 3028; x_wconf 88' lang='lat' dir='ltr'><strong>cooperuit,</strong></span> <span class='ocrx_word' id='word_1_296' title='bbox 659 2965 900 3028; x_wconf 86' lang='lat' dir='ltr'><strong>suoque</strong></span> <span class='ocrx_word' id='word_1_297' title='bbox 944 2945 1152 3007; x_wconf 91' lang='lat' dir='ltr'><strong>studio</strong></span> <span class='ocrx_word' id='word_1_298' title='bbox 1198 2946 1548 3007; x_wconf 88' lang='lat' dir='ltr'><strong>renovavit.</strong></span> <span class='ocrx_word' id='word_1_299' title='bbox 1598 2947 1708 3005; x_wconf 85' lang='lat' dir='ltr'><strong>Hie</strong></span> <span class='ocrx_word' id='word_1_300' title='bbox 1753 2945 2100 3006; x_wconf 88' lang='lat' dir='ltr'><strong>oratorium</strong></span> <span class='ocrx_word' id='word_1_301' title='bbox 2145 2945 2350 3004; x_wconf 90' lang='lat' dir='ltr'><strong>sancti</strong></span> <span class='ocrx_word' id='word_1_302' title='bbox 2393 2945 2661 3005; x_wconf 88' lang='lat' dir='ltr'><strong>Andrea</strong></span> <span class='ocrx_word' id='word_1_303' title='bbox 2706 2947 2998 3025; x_wconf 88' lang='lat' dir='ltr'><strong>apostoli,</strong></span> <span class='ocrx_word' id='word_1_304' title='bbox 3046 2949 3213 3027; x_wconf 93' lang='lat' dir='ltr'><strong>quod</strong></span> <span class='ocrx_word' id='word_1_305' title='bbox 3260 2951 3520 3028; x_wconf 90' lang='lat' dir='ltr'><strong>ponitur</strong></span> 
     </span>
    </p>
   </div>
   <div class='ocr_carea' id='block_1_26' title="bbox 250 3053 1237 3136">
    <p class='ocr_par' dir='ltr' id='par_1_26' title="bbox 250 3053 1237 3136">
     <span class='ocr_line' id='line_1_26' title="bbox 250 3053 1237 3136; baseline -0.003 -18"><span class='ocrx_word' id='word_1_306' title='bbox 250 3055 570 3118; x_wconf 88' lang='lat' dir='ltr'><strong>Lavicana</strong></span> <span class='ocrx_word' id='word_1_307' title='bbox 613 3053 696 3136; x_wconf 67' lang='grc' dir='ltr'><strong>(λ)</strong></span> <span class='ocrx_word' id='word_1_308' title='bbox 739 3073 776 3114; x_wconf 90' lang='lat' dir='ltr'><strong>a</strong></span> <span class='ocrx_word' id='word_1_309' title='bbox 818 3053 953 3114; x_wconf 90' lang='lat' dir='ltr'><strong>solo</strong></span> <span class='ocrx_word' id='word_1_310' title='bbox 997 3053 1237 3115; x_wconf 83' lang='lat' dir='ltr'><strong>refecit.</strong></span> 
     </span>
    </p>
   </div>
   <div class='ocr_carea' id='block_1_27' title="bbox 339 3158 3522 3242">
    <p class='ocr_par' dir='ltr' id='par_1_27' title="bbox 339 3158 3522 3242">
     <span class='ocr_line' id='line_1_27' title="bbox 339 3158 3522 3242; baseline -0.001 -19"><span class='ocrx_word' id='word_1_311' title='bbox 339 3171 503 3223; x_wconf 67' lang='lat'><strong>164</strong></span> <span class='ocrx_word' id='word_1_312' title='bbox 550 3163 662 3222; x_wconf 82' lang='lat' dir='ltr'><strong>Hic</strong></span> <span class='ocrx_word' id='word_1_313' title='bbox 701 3162 924 3223; x_wconf 85' lang='lat' dir='ltr'><strong>statuit</strong></span> <span class='ocrx_word' id='word_1_314' title='bbox 968 3166 1037 3221; x_wconf 92' lang='lat' dir='ltr'><strong>ut</strong></span> <span class='ocrx_word' id='word_1_315' title='bbox 1089 3167 1374 3240; x_wconf 90' lang='lat' dir='ltr'><strong>tempore</strong></span> <span class='ocrx_word' id='word_1_316' title='bbox 1444 3159 1890 3220; x_wconf 89' lang='lat' dir='ltr'><strong>confractionis</strong></span> <span class='ocrx_word' id='word_1_317' title='bbox 1964 3158 2270 3218; x_wconf 91' lang='lat' dir='ltr'><strong>Dominici</strong></span> <span class='ocrx_word' id='word_1_318' title='bbox 2345 3158 2628 3237; x_wconf 88' lang='lat' dir='ltr'><strong>corporis</strong></span> <span class='ocrx_word' id='word_1_319' title='bbox 2697 3158 2909 3238; x_wconf 85' lang='lat' dir='ltr'><strong>Agnus</strong></span> <span class='ocrx_word' id='word_1_320' title='bbox 2980 3158 3113 3237; x_wconf 73' lang='lat' dir='ltr'><strong>Dei,</strong></span> <span class='ocrx_word' id='word_1_321' title='bbox 3190 3162 3303 3242; x_wconf 68' lang='lat' dir='ltr'><strong>qui</strong></span> <span class='ocrx_word' id='word_1_322' title='bbox 3357 3161 3522 3240; x_wconf 61' lang='lat' dir='ltr'><strong>tolli,</strong></span> 
     </span>
    </p>
   </div>
   <div class='ocr_carea' id='block_1_28' title="bbox 245 3265 3520 3351">
    <p class='ocr_par' dir='ltr' id='par_1_28' title="bbox 245 3265 3520 3351">
     <span class='ocr_line' id='line_1_28' title="bbox 245 3265 3520 3351; baseline 0.001 -21"><span class='ocrx_word' id='word_1_323' title='bbox 245 3277 497 3351; x_wconf 82' lang='lat' dir='ltr'><strong>peccata</strong></span> <span class='ocrx_word' id='word_1_324' title='bbox 537 3266 765 3341; x_wconf 77' lang='lat' dir='ltr'><strong>mundi,</strong></span> <span class='ocrx_word' id='word_1_325' title='bbox 815 3268 1091 3328; x_wconf 76' lang='lat' dir='ltr'><strong>miserere</strong></span> <span class='ocrx_word' id='word_1_326' title='bbox 1133 3266 1321 3339; x_wconf 75' lang='lat' dir='ltr'><strong>nobis,</strong></span> <span class='ocrx_word' id='word_1_327' title='bbox 1372 3285 1410 3326; x_wconf 87' lang='lat' dir='ltr'><strong>a</strong></span> <span class='ocrx_word' id='word_1_328' title='bbox 1453 3267 1619 3327; x_wconf 89' lang='lat' dir='ltr'><strong>clero</strong></span> <span class='ocrx_word' id='word_1_329' title='bbox 1665 3273 1726 3327; x_wconf 92' lang='lat' dir='ltr'><strong>et</strong></span> <span class='ocrx_word' id='word_1_330' title='bbox 1771 3266 2005 3346; x_wconf 90' lang='lat' dir='ltr'><strong>populo</strong></span> <span class='ocrx_word' id='word_1_331' title='bbox 2051 3266 2444 3326; x_wconf 88' lang='lat' dir='ltr'><strong>decantetur.</strong></span> <span class='ocrx_word' id='word_1_332' title='bbox 2492 3265 2827 3325; x_wconf 89' lang='lat' dir='ltr'><strong>Constituit</strong></span> <span class='ocrx_word' id='word_1_333' title='bbox 2889 3271 3098 3327; x_wconf 91' lang='lat' dir='ltr'><strong>autem</strong></span> <span class='ocrx_word' id='word_1_334' title='bbox 3165 3275 3232 3328; x_wconf 91' lang='lat' dir='ltr'><strong>ut</strong></span> <span class='ocrx_word' id='word_1_335' title='bbox 3297 3270 3520 3332; x_wconf 89' lang='lat' dir='ltr'><strong>diebus</strong></span> 
     </span>
    </p>
   </div>
   <div class='ocr_carea' id='block_1_29' title="bbox 253 3371 3519 3454">
    <p class='ocr_par' dir='ltr' id='par_1_29' title="bbox 253 3371 3519 3454">
     <span class='ocr_line' id='line_1_29' title="bbox 253 3371 3519 3454; baseline 0.001 -17"><span class='ocrx_word' id='word_1_336' title='bbox 253 3375 782 3438; x_wconf 81' lang='lat' dir='ltr'><strong>Annuntiationis</strong></span> <span class='ocrx_word' id='word_1_337' title='bbox 822 3374 1097 3446; x_wconf 88' lang='lat' dir='ltr'><strong>Domini,</strong></span> <span class='ocrx_word' id='word_1_338' title='bbox 1144 3374 1520 3444; x_wconf 89' lang='lat' dir='ltr'><strong>Nativitatis,</strong></span> <span class='ocrx_word' id='word_1_339' title='bbox 1569 3379 1632 3434; x_wconf 92' lang='lat' dir='ltr'><strong>et</strong></span> <span class='ocrx_word' id='word_1_340' title='bbox 1673 3373 2081 3433; x_wconf 88' lang='lat' dir='ltr'><strong>Dormitionis</strong></span> <span class='ocrx_word' id='word_1_341' title='bbox 2125 3379 2358 3432; x_wconf 87' lang='lat' dir='ltr'><strong>sancta</strong></span> <span class='ocrx_word' id='word_1_342' title='bbox 2405 3371 2515 3432; x_wconf 90' lang='lat' dir='ltr'><strong>Dei</strong></span> <span class='ocrx_word' id='word_1_343' title='bbox 2577 3372 2904 3432; x_wconf 88' lang='lat' dir='ltr'><strong>Genitricis</strong></span> <span class='ocrx_word' id='word_1_344' title='bbox 2964 3392 3336 3454; x_wconf 85' lang='lat' dir='ltr'><strong>semperque</strong></span> <span class='ocrx_word' id='word_1_345' title='bbox 3379 3378 3519 3438; x_wconf 84' lang='lat' dir='ltr'><strong>Vir-</strong></span> 
     </span>
    </p>
   </div>
   <div class='ocr_carea' id='block_1_30' title="bbox 258 3479 3521 3562">
    <p class='ocr_par' dir='ltr' id='par_1_30' title="bbox 258 3479 3521 3562">
     <span class='ocr_line' id='line_1_30' title="bbox 258 3479 3521 3562; baseline 0.001 -20"><span class='ocrx_word' id='word_1_346' title='bbox 258 3481 425 3562; x_wconf 84' lang='lat' dir='ltr'><strong>ginis</strong></span> <span class='ocrx_word' id='word_1_347' title='bbox 469 3481 704 3553; x_wconf 87' lang='lat' dir='ltr'><strong>Maria,</strong></span> <span class='ocrx_word' id='word_1_348' title='bbox 752 3499 824 3542; x_wconf 88' lang='lat' dir='ltr'><strong>ac</strong></span> <span class='ocrx_word' id='word_1_349' title='bbox 894 3481 1095 3541; x_wconf 90' lang='lat' dir='ltr'><strong>sancti</strong></span> <span class='ocrx_word' id='word_1_350' title='bbox 1163 3480 1497 3552; x_wconf 91' lang='lat' dir='ltr'><strong>Simeonis,</strong></span> <span class='ocrx_word' id='word_1_351' title='bbox 1545 3479 1715 3558; x_wconf 91' lang='lat' dir='ltr'><strong>quod</strong></span> <span class='ocrx_word' id='word_1_352' title='bbox 1787 3481 2229 3559; x_wconf 88' lang='lat' dir='ltr'><strong>Hypapantem</strong></span> <span class='ocrx_word' id='word_1_353' title='bbox 2306 3479 2502 3540; x_wconf 83' lang='lat' dir='ltr'><strong>Graci</strong></span> <span class='ocrx_word' id='word_1_354' title='bbox 2574 3479 2923 3558; x_wconf 88' lang='lat' dir='ltr'><strong>appellant,</strong></span> <span class='ocrx_word' id='word_1_355' title='bbox 2968 3480 3192 3542; x_wconf 90' lang='lat' dir='ltr'><strong>litania</strong></span> <span class='ocrx_word' id='word_1_356' title='bbox 3259 3490 3441 3544; x_wconf 87' lang='lat' dir='ltr'><strong>exeat</strong></span> <span class='ocrx_word' id='word_1_357' title='bbox 3484 3503 3521 3546; x_wconf 88' lang='lat' dir='ltr'><strong>a</strong></span> 
     </span>
    </p>
   </div>
   <div class='ocr_carea' id='block_1_31' title="bbox 173 3585 3523 3665">
    <p class='ocr_par' dir='ltr' id='par_1_31' title="bbox 173 3585 3523 3665">
     <span class='ocr_line' id='line_1_31' title="bbox 173 3585 3523 3665; baseline 0.001 -17"><span class='ocrx_word' id='word_1_358' title='bbox 173 3593 212 3648; x_wconf 86' lang='lat'><strong>5</strong></span> <span class='ocrx_word' id='word_1_359' title='bbox 259 3595 482 3651; x_wconf 88' lang='lat' dir='ltr'><strong>sancto</strong></span> <span class='ocrx_word' id='word_1_360' title='bbox 525 3589 826 3660; x_wconf 85' lang='lat' dir='ltr'><strong>Adriano,</strong></span> <span class='ocrx_word' id='word_1_361' title='bbox 876 3594 938 3648; x_wconf 88' lang='lat' dir='ltr'><strong>et</strong></span> <span class='ocrx_word' id='word_1_362' title='bbox 981 3589 1060 3648; x_wconf 90' lang='lat' dir='ltr'><strong>ad</strong></span> <span class='ocrx_word' id='word_1_363' title='bbox 1105 3593 1388 3648; x_wconf 88' lang='lat' dir='ltr'><strong>sanctam</strong></span> <span class='ocrx_word' id='word_1_364' title='bbox 1434 3587 1694 3647; x_wconf 84' lang='lat' dir='ltr'><strong>Mariam</strong></span> <span class='ocrx_word' id='word_1_365' title='bbox 1742 3587 2015 3665; x_wconf 90' lang='lat' dir='ltr'><strong>populus</strong></span> <span class='ocrx_word' id='word_1_366' title='bbox 2060 3593 2372 3646; x_wconf 88' lang='lat' dir='ltr'><strong>occurrat.</strong></span> <span class='ocrx_word' id='word_1_367' title='bbox 2423 3585 2503 3665; x_wconf 80' lang='lat' dir='ltr'><strong>(k)</strong></span> <span class='ocrx_word' id='word_1_368' title='bbox 2548 3587 2660 3646; x_wconf 85' lang='lat' dir='ltr'><strong>Hic</strong></span> <span class='ocrx_word' id='word_1_369' title='bbox 2721 3586 2868 3646; x_wconf 87' lang='lat' dir='ltr'><strong>fecit</strong></span> <span class='ocrx_word' id='word_1_370' title='bbox 2910 3587 2972 3646; x_wconf 93' lang='lat' dir='ltr'><strong>in</strong></span> <span class='ocrx_word' id='word_1_371' title='bbox 3021 3587 3280 3649; x_wconf 87' lang='lat' dir='ltr'><strong>basilica</strong></span> <span class='ocrx_word' id='word_1_372' title='bbox 3322 3591 3523 3651; x_wconf 89' lang='lat' dir='ltr'><strong>sancti</strong></span> 
     </span>
    </p>
   </div>
   <div class='ocr_carea' id='block_1_32' title="bbox 259 3693 3521 3775">
    <p class='ocr_par' dir='ltr' id='par_1_32' title="bbox 259 3693 3521 3775">
     <span class='ocr_line' id='line_1_32' title="bbox 259 3693 3521 3775; baseline 0.001 -19"><span class='ocrx_word' id='word_1_373' title='bbox 259 3695 582 3757; x_wconf 90' lang='lat' dir='ltr'><strong>Laurentii</strong></span> <span class='ocrx_word' id='word_1_374' title='bbox 629 3695 942 3775; x_wconf 87' lang='lat' dir='ltr'><strong>martyris,</strong></span> <span class='ocrx_word' id='word_1_375' title='bbox 991 3713 1133 3774; x_wconf 89' lang='lat' dir='ltr'><strong>qua</strong></span> <span class='ocrx_word' id='word_1_376' title='bbox 1178 3694 1537 3773; x_wconf 88' lang='lat' dir='ltr'><strong>appellatur</strong></span> <span class='ocrx_word' id='word_1_377' title='bbox 1582 3693 1800 3753; x_wconf 90' lang='lat' dir='ltr'><strong>titulus</strong></span> <span class='ocrx_word' id='word_1_378' title='bbox 1845 3693 2120 3767; x_wconf 78' lang='lat' dir='ltr'><strong>Lucina,</strong></span> <span class='ocrx_word' id='word_1_379' title='bbox 2169 3712 2351 3753; x_wconf 91' lang='lat' dir='ltr'><strong>arcus</strong></span> <span class='ocrx_word' id='word_1_380' title='bbox 2396 3698 2729 3772; x_wconf 85' lang='lat' dir='ltr'><strong>argenteos</strong></span> <span class='ocrx_word' id='word_1_381' title='bbox 2772 3699 3068 3772; x_wconf 90' lang='lat' dir='ltr'><strong>quatuor.</strong></span> <span class='ocrx_word' id='word_1_382' title='bbox 3121 3695 3316 3774; x_wconf 88' lang='lat' dir='ltr'><strong>Hujus</strong></span> <span class='ocrx_word' id='word_1_383' title='bbox 3361 3702 3521 3758; x_wconf 91' lang='lat' dir='ltr'><strong>tem-</strong></span> 
     </span>
    </p>
   </div>
   <div class='ocr_carea' id='block_1_33' title="bbox 267 3800 3519 3882">
    <p class='ocr_par' dir='ltr' id='par_1_33' title="bbox 267 3800 3519 3882">
     <span class='ocr_line' id='line_1_33' title="bbox 267 3800 3519 3882; baseline 0.001 -20"><span class='ocrx_word' id='word_1_384' title='bbox 267 3802 531 3882; x_wconf 85' lang='lat' dir='ltr'><strong>poribus</strong></span> <span class='ocrx_word' id='word_1_385' title='bbox 571 3802 1034 3881; x_wconf 79' lang='lat' dir='ltr'><strong>Aquilegiensis</strong></span> <span class='ocrx_word' id='word_1_386' title='bbox 1095 3801 1388 3861; x_wconf 88' lang='lat' dir='ltr'><strong>Ecclesia</strong></span> <span class='ocrx_word' id='word_1_387' title='bbox 1460 3800 1994 3879; x_wconf 89' lang='lat' dir='ltr'><strong>archiepisc0pus,</strong></span> <span class='ocrx_word' id='word_1_388' title='bbox 2045 3806 2105 3860; x_wconf 88' lang='lat' dir='ltr'><strong>et</strong></span> <span class='ocrx_word' id='word_1_389' title='bbox 2147 3801 2427 3878; x_wconf 86' lang='lat' dir='ltr'><strong>synodus</strong></span> <span class='ocrx_word' id='word_1_390' title='bbox 2490 3819 2632 3878; x_wconf 88' lang='lat' dir='ltr'><strong>qua</strong></span> <span class='ocrx_word' id='word_1_391' title='bbox 2693 3800 2808 3860; x_wconf 92' lang='lat' dir='ltr'><strong>sub</strong></span> <span class='ocrx_word' id='word_1_392' title='bbox 2856 3819 2928 3861; x_wconf 89' lang='lat' dir='ltr'><strong>co</strong></span> <span class='ocrx_word' id='word_1_393' title='bbox 2974 3811 3362 3882; x_wconf 88' lang='lat' dir='ltr'><strong>congregata</strong></span> <span class='ocrx_word' id='word_1_394' title='bbox 3405 3810 3519 3878; x_wconf 90' lang='lat' dir='ltr'><strong>est,</strong></span> 
     </span>
    </p>
   </div>
   <div class='ocr_carea' id='block_1_34' title="bbox 265 3907 3524 3991">
    <p class='ocr_par' dir='ltr' id='par_1_34' title="bbox 265 3907 3524 3991">
     <span class='ocr_line' id='line_1_34' title="bbox 265 3907 3524 3991; baseline 0.001 -21"><span class='ocrx_word' id='word_1_395' title='bbox 265 3909 375 3991; x_wconf 92' lang='lat' dir='ltr'><strong>qui</strong></span> <span class='ocrx_word' id='word_1_396' title='bbox 417 3915 707 3970; x_wconf 89' lang='lat' dir='ltr'><strong>sanctum</strong></span> <span class='ocrx_word' id='word_1_397' title='bbox 752 3908 1043 3989; x_wconf 92' lang='lat' dir='ltr'><strong>quintum</strong></span> <span class='ocrx_word' id='word_1_398' title='bbox 1091 3907 1446 3968; x_wconf 78' lang='lat' dir='ltr'><strong>universale</strong></span> <span class='ocrx_word' id='word_1_399' title='bbox 1491 3907 1826 3967; x_wconf 92' lang='lat' dir='ltr'><strong>concilium</strong></span> <span class='ocrx_word' id='word_1_400' title='bbox 1899 3913 2117 3986; x_wconf 88' lang='lat' dir='ltr'><strong>utpote</strong></span> <span class='ocrx_word' id='word_1_401' title='bbox 2190 3913 2474 3968; x_wconf 89' lang='lat' dir='ltr'><strong>errantes</strong></span> <span class='ocrx_word' id='word_1_402' title='bbox 2546 3907 2864 3986; x_wconf 89' lang='lat' dir='ltr'><strong>suscipere</strong></span> <span class='ocrx_word' id='word_1_403' title='bbox 2909 3907 3306 3984; x_wconf 86' lang='lat' dir='ltr'><strong>diffidebant,</strong></span> <span class='ocrx_word' id='word_1_404' title='bbox 3355 3911 3524 3991; x_wconf 82' lang='lat' dir='ltr'><strong>ejus-</strong></span> 
     </span>
    </p>
   </div>
   <div class='ocr_carea' id='block_1_35' title="bbox 263 4005 3526 4096">
    <p class='ocr_par' dir='ltr' id='par_1_35' title="bbox 263 4005 3526 4096">
     <span class='ocr_line' id='line_1_35' title="bbox 263 4005 3526 4096; baseline 0.001 -20"><span class='ocrx_word' id='word_1_405' title='bbox 263 4016 407 4078; x_wconf 91' lang='lat' dir='ltr'><strong>dem</strong></span> <span class='ocrx_word' id='word_1_406' title='bbox 454 4015 801 4076; x_wconf 89' lang='lat' dir='ltr'><strong>beatissimi</strong></span> <span class='ocrx_word' id='word_1_407' title='bbox 843 4033 1027 4094; x_wconf 86' lang='lat' dir='ltr'><strong>papa</strong></span> <span class='ocrx_word' id='word_1_408' title='bbox 1072 4005 1328 4074; x_wconf 85' lang='lat' dir='ltr'><strong>monitis</strong></span> <span class='ocrx_word' id='word_1_409' title='bbox 1369 4020 1560 4092; x_wconf 91' lang='lat' dir='ltr'><strong>atque</strong></span> <span class='ocrx_word' id='word_1_410' title='bbox 1621 4013 1922 4073; x_wconf 90' lang='lat' dir='ltr'><strong>doctrinis</strong></span> <span class='ocrx_word' id='word_1_411' title='bbox 1987 4014 2296 4086; x_wconf 83' lang='lat' dir='ltr'><strong>instructi,</strong></span> <span class='ocrx_word' id='word_1_412' title='bbox 2345 4014 2629 4074; x_wconf 85' lang='lat' dir='ltr'><strong>conversi</strong></span> <span class='ocrx_word' id='word_1_413' title='bbox 2684 4021 2850 4090; x_wconf 89' lang='lat' dir='ltr'><strong>sunt,</strong></span> <span class='ocrx_word' id='word_1_414' title='bbox 2900 4015 3218 4096; x_wconf 89' lang='lat' dir='ltr'><strong>iidemque</strong></span> <span class='ocrx_word' id='word_1_415' title='bbox 3265 4025 3526 4079; x_wconf 84' lang='lat' dir='ltr'><strong>venera-</strong></span> 
     </span>
    </p>
   </div>
   <div class='ocr_carea' id='block_1_36' title="bbox 139 4119 3526 4202">
    <p class='ocr_par' dir='ltr' id='par_1_36' title="bbox 139 4119 3526 4202">
     <span class='ocr_line' id='line_1_36' title="bbox 139 4119 3526 4202; baseline 0 -16"><span class='ocrx_word' id='word_1_416' title='bbox 139 4129 219 4188; x_wconf 77' lang='grc'><strong>10</strong></span> <span class='ocrx_word' id='word_1_417' title='bbox 265 4123 391 4184; x_wconf 93' lang='lat' dir='ltr'><strong>bile</strong></span> <span class='ocrx_word' id='word_1_418' title='bbox 437 4122 774 4184; x_wconf 91' lang='lat' dir='ltr'><strong>concilium</strong></span> <span class='ocrx_word' id='word_1_419' title='bbox 822 4141 964 4182; x_wconf 91' lang='lat' dir='ltr'><strong>cum</strong></span> <span class='ocrx_word' id='word_1_420' title='bbox 1009 4121 1438 4182; x_wconf 88' lang='lat' dir='ltr'><strong>satisfactione</strong></span> <span class='ocrx_word' id='word_1_421' title='bbox 1483 4119 1550 4202; x_wconf 79' lang='grc' dir='ltr'><strong>(ι)</strong></span> <span class='ocrx_word' id='word_1_422' title='bbox 1596 4127 2030 4200; x_wconf 90' lang='lat' dir='ltr'><strong>susceperunt.</strong></span> <span class='ocrx_word' id='word_1_423' title='bbox 2083 4123 2156 4180; x_wconf 78' lang='lat' dir='ltr'><strong>Et</strong></span> <span class='ocrx_word' id='word_1_424' title='bbox 2214 4121 2323 4198; x_wconf 89' lang='lat' dir='ltr'><strong>qui</strong></span> <span class='ocrx_word' id='word_1_425' title='bbox 2369 4121 2540 4200; x_wconf 87' lang='lat' dir='ltr'><strong>prius</strong></span> <span class='ocrx_word' id='word_1_426' title='bbox 2584 4121 2700 4180; x_wconf 88' lang='lat' dir='ltr'><strong>sub</strong></span> <span class='ocrx_word' id='word_1_427' title='bbox 2748 4122 2977 4181; x_wconf 91' lang='lat' dir='ltr'><strong>erroris</strong></span> <span class='ocrx_word' id='word_1_428' title='bbox 3021 4123 3174 4184; x_wconf 81' lang='lat' dir='ltr'><strong>vitio</strong></span> <span class='ocrx_word' id='word_1_429' title='bbox 3224 4126 3526 4186; x_wconf 88' lang='lat' dir='ltr'><strong>teneban-</strong></span> 
     </span>
    </p>
   </div>
   <div class='ocr_carea' id='block_1_37' title="bbox 265 4228 3530 4311">
    <p class='ocr_par' dir='ltr' id='par_1_37' title="bbox 265 4228 3530 4311">
     <span class='ocr_line' id='line_1_37' title="bbox 265 4228 3530 4311; baseline -0.001 -18"><span class='ocrx_word' id='word_1_430' title='bbox 265 4237 394 4304; x_wconf 89' lang='lat' dir='ltr'><strong>tur,</strong></span> <span class='ocrx_word' id='word_1_431' title='bbox 441 4231 730 4292; x_wconf 86' lang='lat' dir='ltr'><strong>doetrina</strong></span> <span class='ocrx_word' id='word_1_432' title='bbox 774 4230 1137 4310; x_wconf 89' lang='lat' dir='ltr'><strong>apostolica</strong></span> <span class='ocrx_word' id='word_1_433' title='bbox 1201 4229 1365 4290; x_wconf 90' lang='lat' dir='ltr'><strong>sedis</strong></span> <span class='ocrx_word' id='word_1_434' title='bbox 1433 4228 1795 4300; x_wconf 91' lang='lat' dir='ltr'><strong>illuminati,</strong></span> <span class='ocrx_word' id='word_1_435' title='bbox 1845 4246 1988 4288; x_wconf 91' lang='lat' dir='ltr'><strong>cum</strong></span> <span class='ocrx_word' id='word_1_436' title='bbox 2061 4245 2214 4306; x_wconf 88' lang='lat' dir='ltr'><strong>pace</strong></span> <span class='ocrx_word' id='word_1_437' title='bbox 2285 4233 2702 4287; x_wconf 90' lang='lat' dir='ltr'><strong>consonantes</strong></span> <span class='ocrx_word' id='word_1_438' title='bbox 2774 4229 3045 4302; x_wconf 88' lang='lat' dir='ltr'><strong>veritati,</strong></span> <span class='ocrx_word' id='word_1_439' title='bbox 3121 4229 3198 4289; x_wconf 88' lang='lat' dir='ltr'><strong>ad</strong></span> <span class='ocrx_word' id='word_1_440' title='bbox 3270 4231 3530 4311; x_wconf 91' lang='lat' dir='ltr'><strong>propria</strong></span> 
     </span>
    </p>
   </div>
   <div class='ocr_carea' id='block_1_38' title="bbox 267 4323 3529 4418">
    <p class='ocr_par' dir='ltr' id='par_1_38' title="bbox 267 4323 3529 4418">
     <span class='ocr_line' id='line_1_38' title="bbox 267 4323 3529 4418; baseline -0 -19"><span class='ocrx_word' id='word_1_441' title='bbox 267 4338 536 4400; x_wconf 82' lang='lat' dir='ltr'><strong>relaxati</strong></span> <span class='ocrx_word' id='word_1_442' title='bbox 579 4343 726 4398; x_wconf 89' lang='lat' dir='ltr'><strong>sunt</strong></span> <span class='ocrx_word' id='word_1_443' title='bbox 770 4336 900 4418; x_wconf 76' lang='grc' dir='ltr'><strong>(ιη).</strong></span> <span class='ocrx_word' id='word_1_444' title='bbox 947 4337 1060 4396; x_wconf 79' lang='lat' dir='ltr'><strong>llic</strong></span> <span class='ocrx_word' id='word_1_445' title='bbox 1132 4336 1282 4396; x_wconf 89' lang='lat' dir='ltr'><strong>fecit</strong></span> <span class='ocrx_word' id='word_1_446' title='bbox 1351 4335 1748 4414; x_wconf 87' lang='lat' dir='ltr'><strong>coopertoria</strong></span> <span class='ocrx_word' id='word_1_447' title='bbox 1816 4335 1915 4395; x_wconf 90' lang='lat' dir='ltr'><strong>vel</strong></span> <span class='ocrx_word' id='word_1_448' title='bbox 1981 4353 2129 4394; x_wconf 89' lang='lat' dir='ltr'><strong>vasa</strong></span> <span class='ocrx_word' id='word_1_449' title='bbox 2173 4353 2366 4394; x_wconf 86' lang='lat' dir='ltr'><strong>aurea</strong></span> <span class='ocrx_word' id='word_1_450' title='bbox 2411 4340 2473 4394; x_wconf 92' lang='lat' dir='ltr'><strong>et</strong></span> <span class='ocrx_word' id='word_1_451' title='bbox 2519 4339 2819 4412; x_wconf 86' lang='lat' dir='ltr'><strong>argentea</strong></span> <span class='ocrx_word' id='word_1_452' title='bbox 2869 4334 3052 4414; x_wconf 85' lang='lat' dir='ltr'><strong>plura</strong></span> <span class='ocrx_word' id='word_1_453' title='bbox 3097 4355 3208 4415; x_wconf 92' lang='lat' dir='ltr'><strong>per</strong></span> <span class='ocrx_word' id='word_1_454' title='bbox 3242 4323 3529 4399; x_wconf 88' lang='lat' dir='ltr'><strong>diversas</strong></span> 
     </span>
    </p>
   </div>
   <div class='ocr_carea' id='block_1_39' title="bbox 265 4441 3526 4524">
    <p class='ocr_par' dir='ltr' id='par_1_39' title="bbox 265 4441 3526 4524">
     <span class='ocr_line' id='line_1_39' title="bbox 265 4441 3526 4524; baseline -0.001 -16"><span class='ocrx_word' id='word_1_455' title='bbox 265 4445 565 4508; x_wconf 88' lang='lat' dir='ltr'><strong>ecclesias</strong></span> <span class='ocrx_word' id='word_1_456' title='bbox 607 4444 688 4506; x_wconf 89' lang='lat' dir='ltr'><strong>ad</strong></span> <span class='ocrx_word' id='word_1_457' title='bbox 737 4463 916 4506; x_wconf 90' lang='lat' dir='ltr'><strong>usum</strong></span> <span class='ocrx_word' id='word_1_458' title='bbox 961 4450 1026 4504; x_wconf 91' lang='lat' dir='ltr'><strong>et</strong></span> <span class='ocrx_word' id='word_1_459' title='bbox 1066 4450 1362 4504; x_wconf 88' lang='lat' dir='ltr'><strong>ornatum</strong></span> <span class='ocrx_word' id='word_1_460' title='bbox 1407 4441 1814 4502; x_wconf 88' lang='lat' dir='ltr'><strong>ecclesiarum</strong></span> <span class='ocrx_word' id='word_1_461' title='bbox 1859 4441 2114 4502; x_wconf 88' lang='lat' dir='ltr'><strong>Christi.</strong></span> <span class='ocrx_word' id='word_1_462' title='bbox 2163 4442 2276 4501; x_wconf 76' lang='lat' dir='ltr'><strong>llic</strong></span> <span class='ocrx_word' id='word_1_463' title='bbox 2320 4441 2638 4501; x_wconf 89' lang='lat' dir='ltr'><strong>ordinavit</strong></span> <span class='ocrx_word' id='word_1_464' title='bbox 2681 4442 3058 4502; x_wconf 79' lang='lat' dir='ltr'><strong>Damianum</strong></span> <span class='ocrx_word' id='word_1_465' title='bbox 3103 4443 3526 4524; x_wconf 88' lang='lat' dir='ltr'><strong>archiepisco-</strong></span> 
     </span>
    </p>
   </div>
   <div class='ocr_carea' id='block_1_40' title="bbox 265 4545 3527 4633">
    <p class='ocr_par' dir='ltr' id='par_1_40' title="bbox 265 4545 3527 4633">
     <span class='ocr_line' id='line_1_40' title="bbox 265 4545 3527 4633; baseline -0.001 -21"><span class='ocrx_word' id='word_1_466' title='bbox 265 4570 419 4633; x_wconf 87' lang='lat' dir='ltr'><strong>pum</strong></span> <span class='ocrx_word' id='word_1_467' title='bbox 464 4557 698 4612; x_wconf 84' lang='lat' dir='ltr'><strong>sancta</strong></span> <span class='ocrx_word' id='word_1_468' title='bbox 741 4549 1036 4612; x_wconf 89' lang='lat' dir='ltr'><strong>Ecclesia</strong></span> <span class='ocrx_word' id='word_1_469' title='bbox 1081 4548 1484 4621; x_wconf 78' lang='lat' dir='ltr'><strong>Ravennatis,</strong></span> <span class='ocrx_word' id='word_1_470' title='bbox 1534 4554 1724 4627; x_wconf 89' lang='lat' dir='ltr'><strong>atque</strong></span> <span class='ocrx_word' id='word_1_471' title='bbox 1769 4548 2155 4608; x_wconf 89' lang='lat' dir='ltr'><strong>Clementem</strong></span> <span class='ocrx_word' id='word_1_472' title='bbox 2200 4548 2607 4608; x_wconf 85' lang='lat' dir='ltr'><strong>Frisonorum</strong></span> <span class='ocrx_word' id='word_1_473' title='bbox 2651 4545 2762 4628; x_wconf 87' lang='grc' dir='ltr'><strong>(η).</strong></span> <span class='ocrx_word' id='word_1_474' title='bbox 2811 4548 2923 4609; x_wconf 86' lang='lat' dir='ltr'><strong>Hic</strong></span> <span class='ocrx_word' id='word_1_475' title='bbox 2977 4549 3294 4609; x_wconf 88' lang='lat' dir='ltr'><strong>ordinavit</strong></span> <span class='ocrx_word' id='word_1_476' title='bbox 3338 4551 3527 4611; x_wconf 90' lang='lat' dir='ltr'><strong>Bere-</strong></span> 
     </span>
    </p>
   </div>
   <div class='ocr_carea' id='block_1_41' title="bbox 140 4653 3531 4738">
    <p class='ocr_par' dir='ltr' id='par_1_41' title="bbox 140 4653 3531 4738">
     <span class='ocr_line' id='line_1_41' title="bbox 140 4653 3531 4738; baseline -0.001 -17"><span class='ocrx_word' id='word_1_477' title='bbox 140 4660 223 4721; x_wconf 75' lang='grc'><strong>15</strong></span> <span class='ocrx_word' id='word_1_478' title='bbox 267 4658 613 4738; x_wconf 88' lang='lat' dir='ltr'><strong>chyaldum</strong></span> <span class='ocrx_word' id='word_1_479' title='bbox 658 4656 737 4738; x_wconf 92' lang='grc' dir='ltr'><strong>(ο)</strong></span> <span class='ocrx_word' id='word_1_480' title='bbox 782 4656 1122 4719; x_wconf 88' lang='lat' dir='ltr'><strong>Britannia</strong></span> <span class='ocrx_word' id='word_1_481' title='bbox 1165 4654 1732 4734; x_wconf 85' lang='lat' dir='ltr'><strong>archiepiscopum.</strong></span> <span class='ocrx_word' id='word_1_482' title='bbox 1783 4655 1895 4715; x_wconf 88' lang='lat' dir='ltr'><strong>Hic</strong></span> <span class='ocrx_word' id='word_1_483' title='bbox 1941 4654 2261 4715; x_wconf 88' lang='lat' dir='ltr'><strong>ordinavit</strong></span> <span class='ocrx_word' id='word_1_484' title='bbox 2304 4672 2415 4732; x_wconf 90' lang='lat' dir='ltr'><strong>per</strong></span> <span class='ocrx_word' id='word_1_485' title='bbox 2457 4653 2736 4714; x_wconf 90' lang='lat' dir='ltr'><strong>diversas</strong></span> <span class='ocrx_word' id='word_1_486' title='bbox 2797 4655 3156 4733; x_wconf 89' lang='lat' dir='ltr'><strong>provincias</strong></span> <span class='ocrx_word' id='word_1_487' title='bbox 3201 4656 3531 4736; x_wconf 87' lang='lat' dir='ltr'><strong>episcopos</strong></span> 
     </span>
    </p>
   </div>
   <div class='ocr_carea' id='block_1_42' title="bbox 269 4761 3533 4846">
    <p class='ocr_par' dir='ltr' id='par_1_42' title="bbox 269 4761 3533 4846">
     <span class='ocr_line' id='line_1_42' title="bbox 269 4761 3533 4846; baseline -0.001 -20"><span class='ocrx_word' id='word_1_488' title='bbox 269 4764 621 4844; x_wconf 86' lang='lat' dir='ltr'><strong>nonaginta</strong></span> <span class='ocrx_word' id='word_1_489' title='bbox 691 4770 957 4846; x_wconf 89' lang='lat' dir='ltr'><strong>septem.</strong></span> <span class='ocrx_word' id='word_1_490' title='bbox 1002 4763 1174 4824; x_wconf 91' lang='lat' dir='ltr'><strong>Fecit</strong></span> <span class='ocrx_word' id='word_1_491' title='bbox 1235 4769 1445 4823; x_wconf 89' lang='lat' dir='ltr'><strong>autem</strong></span> <span class='ocrx_word' id='word_1_492' title='bbox 1491 4766 1554 4822; x_wconf 93' lang='lat' dir='ltr'><strong>et</strong></span> <span class='ocrx_word' id='word_1_493' title='bbox 1596 4761 2029 4822; x_wconf 89' lang='lat' dir='ltr'><strong>ordinationes</strong></span> <span class='ocrx_word' id='word_1_494' title='bbox 2101 4761 2258 4820; x_wconf 90' lang='lat' dir='ltr'><strong>duas</strong></span> <span class='ocrx_word' id='word_1_495' title='bbox 2331 4779 2441 4841; x_wconf 89' lang='lat' dir='ltr'><strong>per</strong></span> <span class='ocrx_word' id='word_1_496' title='bbox 2485 4779 2763 4821; x_wconf 86' lang='lat' dir='ltr'><strong>mensem</strong></span> <span class='ocrx_word' id='word_1_497' title='bbox 2809 4761 3018 4823; x_wconf 89' lang='lat' dir='ltr'><strong>Martii</strong></span> <span class='ocrx_word' id='word_1_498' title='bbox 3067 4779 3080 4821; x_wconf 92' lang='lat'><strong>:</strong></span> <span class='ocrx_word' id='word_1_499' title='bbox 3133 4763 3533 4841; x_wconf 84' lang='lat' dir='ltr'><strong>presbyteros</strong></span> 
     </span>
    </p>
   </div>
   <div class='ocr_carea' id='block_1_43' title="bbox 268 4868 3530 4950">
    <p class='ocr_par' dir='ltr' id='par_1_43' title="bbox 268 4868 3530 4950">
     <span class='ocr_line' id='line_1_43' title="bbox 268 4868 3530 4950; baseline -0.002 -16"><span class='ocrx_word' id='word_1_500' title='bbox 268 4872 491 4934; x_wconf 89' lang='lat' dir='ltr'><strong>decem</strong></span> <span class='ocrx_word' id='word_1_501' title='bbox 535 4877 600 4933; x_wconf 93' lang='lat' dir='ltr'><strong>et</strong></span> <span class='ocrx_word' id='word_1_502' title='bbox 641 4878 782 4933; x_wconf 91' lang='lat' dir='ltr'><strong>octo</strong></span> <span class='ocrx_word' id='word_1_503' title='bbox 826 4871 1128 4932; x_wconf 89' lang='lat' dir='ltr'><strong>diaconos</strong></span> <span class='ocrx_word' id='word_1_504' title='bbox 1171 4875 1465 4950; x_wconf 91' lang='lat' dir='ltr'><strong>quatuor.</strong></span> <span class='ocrx_word' id='word_1_505' title='bbox 1515 4868 1634 4940; x_wconf 88' lang='lat' dir='ltr'><strong>Qui</strong></span> <span class='ocrx_word' id='word_1_506' title='bbox 1678 4869 1869 4929; x_wconf 90' lang='lat' dir='ltr'><strong>etiam</strong></span> <span class='ocrx_word' id='word_1_507' title='bbox 1914 4868 2198 4948; x_wconf 80' lang='lat' dir='ltr'><strong>sepultus</strong></span> <span class='ocrx_word' id='word_1_508' title='bbox 2255 4875 2348 4928; x_wconf 90' lang='lat' dir='ltr'><strong>est</strong></span> <span class='ocrx_word' id='word_1_509' title='bbox 2403 4868 2483 4928; x_wconf 90' lang='lat' dir='ltr'><strong>ad</strong></span> <span class='ocrx_word' id='word_1_510' title='bbox 2541 4868 2798 4929; x_wconf 86' lang='lat' dir='ltr'><strong>beatum</strong></span> <span class='ocrx_word' id='word_1_511' title='bbox 2855 4869 3112 4929; x_wconf 90' lang='lat' dir='ltr'><strong>Petrum</strong></span> <span class='ocrx_word' id='word_1_512' title='bbox 3171 4868 3530 4948; x_wconf 90' lang='lat' dir='ltr'><strong>apostolum</strong></span> 
     </span>
    </p>
   </div>
   <div class='ocr_carea' id='block_1_44' title="bbox 267 4975 3531 5061">
    <p class='ocr_par' dir='ltr' id='par_1_44' title="bbox 267 4975 3531 5061">
     <span class='ocr_line' id='line_1_44' title="bbox 267 4975 3531 5061; baseline -0.002 -18"><span class='ocrx_word' id='word_1_513' title='bbox 267 4997 330 5044; x_wconf 72' lang='grc' dir='ltr'><strong>γι</strong></span> <span class='ocrx_word' id='word_1_514' title='bbox 376 4977 458 5061; x_wconf 81' lang='grc' dir='ltr'><strong>(ρ)</strong></span> <span class='ocrx_word' id='word_1_515' title='bbox 505 4978 654 5041; x_wconf 91' lang='lat' dir='ltr'><strong>Idus</strong></span> <span class='ocrx_word' id='word_1_516' title='bbox 695 4977 1103 5058; x_wconf 88' lang='lat' dir='ltr'><strong>Septembris,</strong></span> <span class='ocrx_word' id='word_1_517' title='bbox 1153 4977 1492 5038; x_wconf 81' lang='lat' dir='ltr'><strong>indictione</strong></span> <span class='ocrx_word' id='word_1_518' title='bbox 1534 4992 1638 5049; x_wconf 82' lang='lat' dir='ltr'><strong>xv,</strong></span> <span class='ocrx_word' id='word_1_519' title='bbox 1686 4975 1938 5036; x_wconf 89' lang='lat' dir='ltr'><strong>Tiberio</strong></span> <span class='ocrx_word' id='word_1_520' title='bbox 1985 4979 2310 5053; x_wconf 88' lang='lat' dir='ltr'><strong>Augusto;</strong></span> <span class='ocrx_word' id='word_1_521' title='bbox 2360 4980 2422 5035; x_wconf 88' lang='lat' dir='ltr'><strong>et</strong></span> <span class='ocrx_word' id='word_1_522' title='bbox 2464 4975 2730 5036; x_wconf 89' lang='lat' dir='ltr'><strong>cessavit</strong></span> <span class='ocrx_word' id='word_1_523' title='bbox 2799 4975 3198 5055; x_wconf 84' lang='lat' dir='ltr'><strong>episcopatus</strong></span> <span class='ocrx_word' id='word_1_524' title='bbox 3253 4994 3531 5038; x_wconf 88' lang='lat' dir='ltr'><strong>mensem</strong></span> 
     </span>
    </p>
   </div>
   <div class='ocr_carea' id='block_1_45' title="bbox 273 5085 966 5163">
    <p class='ocr_par' dir='ltr' id='par_1_45' title="bbox 273 5085 966 5163">
     <span class='ocr_line' id='line_1_45' title="bbox 273 5085 966 5163; baseline -0.006 -16"><span class='ocrx_word' id='word_1_525' title='bbox 273 5105 494 5161; x_wconf 91' lang='lat' dir='ltr'><strong>unum,</strong></span> <span class='ocrx_word' id='word_1_526' title='bbox 543 5086 678 5149; x_wconf 92' lang='lat' dir='ltr'><strong>dies</strong></span> <span class='ocrx_word' id='word_1_527' title='bbox 720 5085 966 5163; x_wconf 88' lang='lat' dir='ltr'><strong>viginti.</strong></span> 
     </span>
    </p>
   </div>
   <div class='ocr_carea' id='block_1_46' title="bbox 1317 5441 2364 5490">
    <p class='ocr_par' dir='ltr' id='par_1_46' title="bbox 1317 5441 2364 5490">
     <span class='ocr_line' id='line_1_46' title="bbox 1317 5441 2364 5490; baseline -0.002 0"><span class='ocrx_word' id='word_1_528' title='bbox 1317 5444 1569 5490; x_wconf 67' lang='lat' dir='ltr'><strong>NOTULE</strong></span> <span class='ocrx_word' id='word_1_529' title='bbox 1615 5441 2001 5488; x_wconf 80' lang='lat' dir='ltr'><strong>MARGINALES</strong></span> <span class='ocrx_word' id='word_1_530' title='bbox 2046 5443 2364 5490; x_wconf 74' lang='lat' dir='ltr'><strong>FABBOTTI.</strong></span> 
     </span>
    </p>
   </div>
   <div class='ocr_carea' id='block_1_47' title="bbox 180 5724 3536 5823">
    <p class='ocr_par' dir='ltr' id='par_1_47' title="bbox 180 5724 3536 5823">
     <span class='ocr_line' id='line_1_47' title="bbox 180 5724 3536 5823; baseline 0.002 -23"><span class='ocrx_word' id='word_1_531' title='bbox 180 5749 262 5814; x_wconf 91' lang='lat' dir='ltr'><strong>(a)</strong></span> <span class='ocrx_word' id='word_1_532' title='bbox 289 5725 515 5823; x_wconf 74' lang='lat' dir='ltr'><strong>trabes.</strong></span> <span class='ocrx_word' id='word_1_533' title='bbox 549 5724 626 5815; x_wconf 78' lang='grc' dir='ltr'><strong>(ὁ)</strong></span> <span class='ocrx_word' id='word_1_534' title='bbox 657 5758 726 5823; x_wconf 57' lang='grc' dir='ltr'>εξ</span> <span class='ocrx_word' id='word_1_535' title='bbox 745 5742 835 5823; x_wconf 72' lang='lat' dir='ltr'><strong>eis</strong></span> <span class='ocrx_word' id='word_1_536' title='bbox 849 5742 1054 5823; x_wconf 56' lang='lat' dir='ltr'><strong>albos.</strong></span> <span class='ocrx_word' id='word_1_537' title='bbox 1073 5746 1165 5823; x_wconf 42' lang='lat' dir='ltr'><strong>“(a)</strong></span> <span class='ocrx_word' id='word_1_538' title='bbox 1195 5747 1451 5823; x_wconf 67' lang='lat' dir='ltr'><strong>quatuor</strong></span> <span class='ocrx_word' id='word_1_539' title='bbox 1480 5743 1799 5823; x_wconf 66' lang='lat' dir='ltr'><strong>coccineos.</strong></span> <span class='ocrx_word' id='word_1_540' title='bbox 2006 5745 2313 5823; x_wconf 71' lang='lat' dir='ltr'><strong>dissipata.</strong></span> <span class='ocrx_word' id='word_1_541' title='bbox 2367 5747 2435 5818; x_wconf 74' lang='grc' dir='ltr'><strong>(θ)</strong></span> <span class='ocrx_word' id='word_1_542' title='bbox 2459 5751 2478 5770; x_wconf 82' lang='grc'><strong>⁴¹</strong></span> <span class='ocrx_word' id='word_1_543' title='bbox 2500 5745 2724 5823; x_wconf 72' lang='lat' dir='ltr'><strong>abditis</strong></span> <span class='ocrx_word' id='word_1_544' title='bbox 2753 5746 3152 5823; x_wconf 83' lang='lat' dir='ltr'><strong>inferioribus.</strong></span> <span class='ocrx_word' id='word_1_545' title='bbox 3205 5750 3271 5823; x_wconf 73' lang='grc' dir='ltr'><strong>(Γ)</strong></span> <span class='ocrx_word' id='word_1_546' title='bbox 3299 5754 3316 5772; x_wconf 81' lang='grc'><strong>¹</strong></span> <span class='ocrx_word' id='word_1_547' title='bbox 3351 5750 3536 5808; x_wconf 88' lang='lat' dir='ltr'><strong>albas.</strong></span> 
     </span>
    </p>
   </div>
   <div class='ocr_carea' id='block_1_48' title="bbox 110 5813 3537 5897">
    <p class='ocr_par' dir='ltr' id='par_1_48' title="bbox 110 5813 3537 5897">
     <span class='ocr_line' id='line_1_48' title="bbox 110 5813 3537 5897; baseline 0.002 -22"><span class='ocrx_word' id='word_1_548' title='bbox 110 5813 243 5897; x_wconf 26' lang='lat' dir='ltr'><strong>(Ag):</strong></span> <span class='ocrx_word' id='word_1_549' title='bbox 271 5813 611 5897; x_wconf 38' lang='lat' dir='ltr'><strong>cybo‘riu‘m.</strong></span> <span class='ocrx_word' id='word_1_550' title='bbox 649 5885 663 5897; x_wconf 32' lang='lat'><strong><em>1</em></strong></span> <span class='ocrx_word' id='word_1_551' title='bbox 683 5814 815 5897; x_wconf 47' lang='lat' dir='ltr'><strong>(lt):</strong></span> <span class='ocrx_word' id='word_1_552' title='bbox 845 5813 985 5892; x_wconf 85' lang='lat' dir='ltr'><strong>illic.</strong></span> <span class='ocrx_word' id='word_1_553' title='bbox 1024 5815 1101 5897; x_wconf 45' lang='lat' dir='ltr'><strong>.(z&#39;)</strong></span> <span class='ocrx_word' id='word_1_554' title='bbox 1133 5819 1153 5838; x_wconf 85' lang='lat'>&#39;</span> <span class='ocrx_word' id='word_1_555' title='bbox 1181 5813 1247 5897; x_wconf 59' lang='grc' dir='ltr'><strong>β,</strong></span> <span class='ocrx_word' id='word_1_556' title='bbox 1275 5814 1492 5897; x_wconf 38' lang='grc' dir='ltr'><strong>ῼερὶξη</strong></span> <span class='ocrx_word' id='word_1_557' title='bbox 1514 5815 1812 5897; x_wconf 39' lang='lat' dir='ltr'><strong>Tiberinis.‘</strong></span> <span class='ocrx_word' id='word_1_558' title='bbox 1996 5817 2098 5897; x_wconf 54' lang='lat' dir='ltr'><strong>yia</strong></span> <span class='ocrx_word' id='word_1_559' title='bbox 2131 5813 2433 5897; x_wconf 70' lang='lat' dir='ltr'><strong>Havicana.</strong></span> <span class='ocrx_word' id='word_1_560' title='bbox 2492 5818 2567 5897; x_wconf 61' lang='lat' dir='ltr'><strong>(Ic)</strong></span> <span class='ocrx_word' id='word_1_561' title='bbox 2602 5817 2727 5897; x_wconf 61' lang='lat' dir='ltr'><strong>[ide</strong></span> <span class='ocrx_word' id='word_1_562' title='bbox 2757 5822 2941 5897; x_wconf 66' lang='lat' dir='ltr'><strong>Buten</strong></span> <span class='ocrx_word' id='word_1_563' title='bbox 2970 5821 3041 5878; x_wconf 87' lang='lat' dir='ltr'><strong>ad</strong></span> <span class='ocrx_word' id='word_1_564' title='bbox 3068 5839 3183 5879; x_wconf 83' lang='lat' dir='ltr'><strong>ann</strong></span> <span class='ocrx_word' id='word_1_565' title='bbox 3211 5813 3319 5881; x_wconf 63' lang='lat' dir='ltr'><strong>B32</strong></span> <span class='ocrx_word' id='word_1_566' title='bbox 3349 5825 3409 5880; x_wconf 73' lang='lat' dir='ltr'><strong>in</strong></span> <span class='ocrx_word' id='word_1_567' title='bbox 3437 5825 3537 5897; x_wconf 83' lang='lat' dir='ltr'><strong>ﬁn.</strong></span> 
     </span>
    </p>
   </div>
   <div class='ocr_carea' id='block_1_49' title="bbox 117 5885 2930 5964">
    <p class='ocr_par' dir='ltr' id='par_1_49' title="bbox 117 5885 2930 5964">
     <span class='ocr_line' id='line_1_49' title="bbox 117 5885 2930 5964; baseline 0.002 -20"><span class='ocrx_word' id='word_1_568' title='bbox 117 5885 184 5962; x_wconf 67' lang='grc' dir='ltr'><strong>(ἶ)</strong></span> <span class='ocrx_word' id='word_1_569' title='bbox 213 5893 235 5916; x_wconf 73' lang='grc'>³</span> <span class='ocrx_word' id='word_1_570' title='bbox 267 5885 584 5946; x_wconf 78' lang='lat' dir='ltr'><strong>satisfacti.</strong></span> <span class='ocrx_word' id='word_1_571' title='bbox 643 5885 794 5960; x_wconf 57' lang='lat' dir='ltr'><strong>(In)?</strong></span> <span class='ocrx_word' id='word_1_572' title='bbox 825 5885 1040 5943; x_wconf 83' lang='lat' dir='ltr'><strong>reversi</strong></span> <span class='ocrx_word' id='word_1_573' title='bbox 1071 5885 1230 5944; x_wconf 79' lang='lat' dir='ltr'><strong>Sunt.</strong></span> <span class='ocrx_word' id='word_1_574' title='bbox 1291 5887 1372 5960; x_wconf 84' lang='grc' dir='ltr'><strong>(η)</strong></span> <span class='ocrx_word' id='word_1_575' title='bbox 1405 5886 1735 5955; x_wconf 83' lang='lat' dir='ltr'><strong>Frisonum.</strong></span> <span class='ocrx_word' id='word_1_576' title='bbox 1795 5885 1960 5960; x_wconf 65' lang='lat'><strong>(0)3,</strong></span> <span class='ocrx_word' id='word_1_577' title='bbox 1995 5885 2458 5947; x_wconf 80' lang='lat' dir='ltr'><strong>Berectuatdum.</strong></span> <span class='ocrx_word' id='word_1_578' title='bbox 2495 5885 2571 5963; x_wconf 72' lang='grc' dir='ltr'><strong>(ρ)</strong></span> <span class='ocrx_word' id='word_1_579' title='bbox 2603 5894 2666 5960; x_wconf 86' lang='grc' dir='ltr'><strong>Β,</strong></span> <span class='ocrx_word' id='word_1_580' title='bbox 2703 5891 2930 5964; x_wconf 85' lang='lat' dir='ltr'><strong>quinto.</strong></span> 
     </span>
    </p>
   </div>
  </div>
