3950 6484
453 469 564 531 239

1235 444 1330 524 An
1365 467 1798 524 ANASTASIUM
1843 463 2357 522 PROLEGOMENA
2400 468 2576 524 amr.
2629 469 3056 527 ROM.-VATlC.

3735 468 3827 528 240

455 597 668 666 epocha
691 595 909 666 Cyrini,
938 608 972 650 a
1017 595 1072 650 S.
1104 596 1251 650 Luca
1280 600 1610 661 memorata,
1654 593 1730 648 ita
1754 591 1930 646 sentit
1958 588 2100 642 Am-
2131 587 2191 644 A
2214 593 2560 660 scriptorum
2578 594 3022 662 praecellentium
3047 595 3246 650 retulit
3266 608 3583 650 consensus
3601 596 3839 650 omnium

455 683 686 740 brosius
709 683 802 754 (α).
847 703 872 734 ‹‹
899 683 1163 751 Praeside,
1193 683 1404 753 inquit,
1431 682 1666 752 Cyrino,
1689 678 1835 735 facta
1865 684 1952 732 est
1983 675 2100 730 haec

455 771 641 841 prima
669 769 970 842 professio,
1006 777 1068 826 ut
1093 769 1260 840 quasi
1291 769 1582 825 consulem
1613 767 1914 837 quemdam
1942 761 2093 832 signi

458 861 642 932 gratia
671 859 808 916 huic
835 858 986 914 libro
1013 857 1361 929 evangelista
1405 857 1785 926 adscripsisse
1811 855 2098 908 videatur.

454 950 597 1004 Nam
611 948 661 1003 si
677 943 1556 1004 consulesascribunturtabulis
1581 942 1911 1012 emptionis,
1930 953 2035 1010 qua
2047 953 2105 993 n-

459 1042 518 1092 to
533 1037 716 1110 magis
734 1035 1110 1105 redemptioni
1125 1033 1380 1090 omnium
1394 1032 1716 1088 debuittem
1728 1045 1831 1100 pus
1849 1025 2102 1084 ascribi?

458 1125 642 1180 Habes
665 1137 800 1196 ergo
827 1123 1021 1180 omnia
1051 1135 1177 1192 quae
1209 1123 1266 1177 in
1297 1120 1696 1176 contractibus
1719 1131 1842 1174 esse
1867 1128 2103 1172 consue-

457 1217 682 1268 verunt.
717 1211 1066 1268 Vocabulum
1087 1223 1366 1266 summam
1391 1209 1514 1264 illic
1535 1212 1863 1278 potestatem
1895 1217 2103 1276 geren-

459 1301 560 1370 tis,
589 1301 763 1369 diem,
806 1299 1014 1364 locum,
1052 1312 1308 1355 causam.
1349 1303 1520 1353 testes
1561 1309 1788 1366 quoque
1827 1293 2100 1349 adhibere

461 1389 665 1448 solent.
698 1390 811 1445 Hos
839 1400 1068 1458 quoque
1089 1387 1378 1442 nativitati
1403 1399 1520 1441 suae
1544 1391 1599 1440 et
1630 1381 1980 1455 generationi
2005 1393 2102 1434 se—

458 1478 710 1534 cundum
759 1490 986 1532 carnem
1033 1477 1300 1532 Christus
1343 1473 1618 1530 adhibuit
1657 1474 1753 1541 qui
1805 1470 2101 1539 signarent

453 1565 846 1637 Evangelium,
873 1565 1073 1621 dicens
1096 1583 1110 1620 :
1148 1567 1253 1620 Vos
1279 1565 1430 1617 eritis
1455 1561 1592 1614 mihi
1619 1564 1773 1613 testes
1793 1560 1852 1611 in
1890 1559 2102 1610 Hieru-

456 1654 644 1710 salem.
672 1671 699 1704 υ
722 1654 800 1708 De
820 1652 1083 1708 secunda:
1111 1649 1498 1720 chronologiaa
1526 1645 1958 1702 characteribus
1988 1644 2100 1698 late

455 1743 697 1799 disserit
743 1743 798 1798 S.
849 1742 1162 1812 Gregorius
1208 1738 1279 1811 (b)
1317 1739 1480 1808 plura
1528 1749 1595 1792 ex
1650 1735 1890 1805 mystico
1927 1747 2099 1788 sensu

454 1830 792 1902 producens,
811 1843 880 1886 ex
907 1828 1146 1884 litterali
1165 1841 1296 1882 vero
1323 1826 1378 1880 id
1413 1825 1763 1895 praecipuum
1787 1833 2098 1890 exponens,

2213 685 2459 734 aetatum.
2490 681 2691 736 Ratum
2716 682 2858 751 illis,
2895 683 3130 752 perinde
3155 697 3220 738 ac
3246 683 3430 751 nobis,
3465 681 3580 738 fuit
3605 683 3842 738 mutuari

2211 766 2549 824 documenta
2579 777 2894 838 temporum
2921 784 2985 824 ac
3016 784 3203 826 rerum
3236 786 3380 840 quas
3408 778 3758 836 enarrarent,
3784 783 3844 825 ΘΧ

2213 854 2466 922 publicis
2515 857 2900 912 monumentis
2945 859 3186 913 maxime
3242 857 3516 928 probatis,
3580 869 3647 911 ac
3694 863 3846 912 aetate

2214 939 2450 1012 locoque
2493 943 2769 1011 proximis
2811 945 2980 1000 rebus
3021 945 3226 1001 iisdem
3273 945 3387 1000 sibi
3432 945 3747 1014 propositis
3780 944 3843 998 ad

2213 1029 2534 1086 historiam.
2561 1032 2903 1089 Proﬁtentur
2920 1034 3071 1089 enim
3102 1035 3312 1103 passim
3339 1033 3438 1088 illa
3465 1048 3593 1103 qua:
3619 1039 3848 1089 narrant

2209 1132 2243 1173 a
2284 1133 2344 1174 se
2393 1119 2572 1176 fuisse
2631 1128 2889 1191 percepta
2940 1137 3008 1178 ex
3037 1123 3347 1178 annalibus
3397 1121 3752 1192 pontiﬁcum,
3784 1137 3847 1178 ex

2213 1205 2382 1263 libris
2434 1211 2734 1278 censoriis,
2791 1225 2859 1266 ex
2901 1211 3059 1266 Actis
3119 1211 3368 1280 publicis
3421 1224 3486 1266 ac
3519 1211 3842 1278 tabulariis,

2212 1293 2494 1365 librisque
2569 1297 2768 1353 linteis
2827 1312 2892 1354 ac
2955 1299 3343 1368 elephantinis
3411 1299 3844 1369 magistratuum

2208 1385 2550 1439 auctoritate
2604 1387 2960 1456 perscriptis.
3028 1395 3200 1456 atque
3257 1387 3492 1442 illorum
3559 1387 3657 1456 qui
3711 1387 3846 1442 Rei—

2211 1471 2453 1540 publicae
2495 1480 2771 1541 praeerant
2820 1476 2991 1543 jussu
3029 1476 3309 1544 depositis
3351 1475 3409 1530 in
3455 1473 3842 1530 bibliothecis.

2210 1560 2329 1615 sive
2379 1561 2549 1616 etiam
2585 1562 2643 1616 in
2688 1564 2960 1618 sacrariis
2989 1569 3044 1619 et
3095 1563 3263 1618 fanis.
3316 1564 3441 1618 Haec
3492 1562 3844 1618 luculentius

2209 1662 2337 1702 sum
2421 1656 2756 1717 prosecutus
2826 1651 2883 1706 in
2967 1651 3306 1706 Praefatione
3375 1651 3444 1706 ad
3539 1651 3848 1706 Historiam

2211 1737 2617 1804 Universalem,
2667 1753 2790 1809 cap.
2831 1737 2884 1799 4,
2931 1753 3000 1795 ex
3047 1743 3118 1794 Μ.
3165 1741 3356 1795 Tullio
3407 1740 3464 1794 in
3516 1739 3668 1794 libro
3699 1753 3740 1793 Il
3785 1739 3855 1794 de

2208 1825 2464 1894 Oratore,
2489 1827 2586 1882 ubi
2613 1827 2698 1882 ait
2731 1845 2742 1880 :
2782 1848 2808 1878 (ι
2843 1830 2976 1883 Erat
3007 1822 3248 1883 historia
3284 1828 3368 1882 nil
3394 1828 3556 1884 aliud
3593 1828 3708 1882 nisi
3741 1840 3856 1880 an—

455 1892 790 1988 temporum,
809 1917 1034 1973 scilicet
1062 1892 1480 1970 enarrationem
1517 1892 1600 1967 ita
1625 1911 1961 1981 diligentem
1998 1921 2098 1978 pro
2129 1892 2177 1952 Β
2209 1914 2428 1968 nalium
2457 1892 2778 1982 confectio;
2808 1916 2974 1984 cujus
3002 1917 3083 1971 rei
3113 1917 3511 1984 memoriaeque
3542 1915 3855 1969 retinendae

455 2019 610 2063 more
650 2013 904 2062 veterum
965 2003 1370 2073 prophetarum
1414 1999 1594 2056 fuisse
1640 1999 1710 2054 ab
1749 1996 2096 2069 evangelista

448 2100 728 2151 servatam
782 2099 846 2148 ut
887 2092 1044 2148 nulla
1090 2093 1314 2148 deesset
1359 2089 1678 2145 auctoritas
1702 2084 2092 2153 instrumenti,

446 2183 644 2241 divina
673 2183 810 2238 licet
839 2181 948 2236 ﬁde
980 2181 1146 2253 longe
1179 2178 1433 2236 solidius
1457 2176 1688 2243 ﬁrmati,
1711 2189 1778 2230 ex
1807 2174 1884 2230 iis
1933 2173 2097 2228 indi—

445 2271 795 2336 cationibus,
828 2281 974 2340 quas
1003 2265 1372 2324 rationabilis
1396 2278 1534 2320 cura
1560 2263 1702 2320 solet
1732 2263 1791 2317 in
1842 2261 2093 2332 publicis

443 2365 501 2416 et
525 2358 886 2431 gravissimis
911 2355 1140 2411 actibus
1167 2354 1458 2409 adnotare.
1494 2354 1681 2421 Longe
1711 2356 1841 2405 ante
1869 2351 2088 2419 Grego-

441 2447 596 2503 rium
623 2446 680 2501 id
709 2443 1032 2513 perviderat
1049 2447 1106 2496 et
1130 2440 1202 2496 ab
1231 2439 1548 2508 apostolica
1573 2443 1737 2492 aetate
1765 2440 2092 2506 perceperat

438 2532 836 2590 Tertullianus
893 2528 976 2600 (ο),
1023 2529 1084 2584 in
1148 2525 1518 2596 Apologetico
1564 2526 1839 2580 adversus
1899 2529 2092 2594 gentes

443 2618 739 2691 professus
786 2619 931 2672 hanc
975 2615 1369 2684 disciplinam,
1424 2619 1488 2670 ut
1532 2619 1716 2667 certas
1771 2617 2088 2679 temporum

440 2715 607 2764 notas
625 2704 875 2775 publicis
892 2703 1253 2760 documentis
1265 2709 1356 2757 ant
1370 2701 1636 2770 iquitatis
1655 2700 2086 2756 etarchivorum

436 2807 754 2866 expressas,
801 2797 1085 2849 contestes
1103 2792 1402 2847 advocaret
1429 2789 1575 2858 ejus,
1609 2802 1735 2859 qua:
1759 2793 2081 2843 nostrorum

437 2883 786 2953 scriptorum
819 2885 1090 2951 perpetua
1113 2884 1202 2935 est
1229 2877 1466 2947 assecla,
1499 2877 1782 2932 veritatis.
1815 2877 1897 2930 Ita
1926 2876 2079 2930 enim

435 2971 644 3028 scribit
671 2983 793 3040 cap.
827 2966 896 3024 49
923 2987 936 3023 :
969 2988 996 3020 α
1029 2967 1280 3023 Primum
1309 2965 1714 3023 instrumentis
1747 2965 1879 3020 istis
1910 2981 1935 3012 n
1967 2963 2081 3034 (lo—

435 3059 640 3130 quitur
665 3058 737 3114 de
768 3056 987 3112 divinis
1035 3054 1206 3112 libris
1251 3056 1476 3126 antiqui
1503 3053 1755 3124 fmderis,
1802 3053 1901 3124 qui
1929 3053 2078 3122 apud

426 3147 751 3217 Serapaaum
768 3145 1054 3202 Ptolemaei
1083 3145 1443 3202 bibliothecae
1463 3157 1592 3198 cum
1622 3143 1767 3212 ipsis
1784 3141 2082 3198 Hebraicis

432 3235 650 3294 litteris
676 3237 1042 3306 exhibentur,
1081 3240 1140 3292 et
1186 3249 1218 3291 a
1262 3235 1476 3290 Judmis
1507 3233 1690 3303 palam
1725 3229 2078 3300 lectitantur)

433 3346 462 3380 α
478 3326 879 3382 auctoritatem
906 3337 1128 3382 summa
1147 3323 1470 3392 antiquitas
1494 3321 1768 3376 vindicat.
1797 3319 1958 3389 Apud
1980 3333 2078 3373 vos

429 3427 660 3486 quoque
707 3413 1010 3485 religionis
1049 3417 1135 3468 est
1179 3411 1364 3466 instar
1402 3410 1568 3465 ﬁdem
1609 3409 1682 3463 de
1720 3405 2078 3476 temporibus

424 3514 701 3558 asserere.
731 3519 758 3551 »
789 3501 976 3570 Quare
1007 3499 1228 3568 intulit,
1269 3511 1594 3570 germanam
1645 3496 1867 3566 praxim
1903 3495 2075 3564 hujus

424 3587 557 3646 ﬁdei
583 3589 654 3646 de
675 3587 1031 3658 temporibus
1065 3587 1384 3643 asserendae
1423 3599 1546 3641 eam
1577 3598 1720 3652 esse,
1758 3588 1819 3640 ut
1845 3596 2070 3638 resera-

421 3682 625 3733 rentur
645 3676 883 3732 archiva
911 3676 1168 3748 gentium
1196 3675 1616 3739 universarum,
1649 3686 1776 3742 qua:
1805 3671 2073 3741 antiqui-

418 3771 536 3822 tate
562 3771 916 3836 praestarent,
940 3771 996 3819 et
1020 3763 1293 3834 genuinis
1319 3765 1472 3819 notis
1508 3769 1833 3818 nostrorum
1869 3770 2076 3829 tempo-

416 3867 545 3910 rum
577 3866 644 3910 ac
684 3853 1044 3910 voluminum
1095 3849 1511 3907 conferrentur.
1564 3869 1590 3902 α
1647 3851 1771 3905 Haec
1807 3850 1890 3905 ait
1927 3847 2068 3920 (cap.

419 3939 511 4010 20)
537 3941 752 4011 quibus
775 3939 1085 3996 ordinibus
1115 3939 1343 4008 probari
1378 3939 1603 4010 possint
1630 3953 1741 3995 non
1773 3945 1882 3992 tam
1911 3937 2070 3993 diﬁi-

416 4029 532 4086 clle
549 4034 638 4084 est
661 4028 827 4084 nobis
847 4041 1126 4098 exponere
1146 4042 1314 4098 quam
1339 4042 1570 4084 enorme
1594 4034 1652 4082 et
1675 4027 1943 4082 arduum.
1962 4026 2066 4081 Sed

419 4117 652 4173 interim
683 4117 914 4188 longum
935 4116 1137 4173 multis
1164 4117 1571 4173 instrumentis
1591 4129 1720 4170 cum
1748 4115 2066 4185 digitorum

412 4206 776 4276 supputariis
831 4204 1132 4277 gesticulis
1181 4205 1551 4262 assidendum
1605 4209 1710 4258 est.
1744 4200 2066 4255 Reseranda

407 4294 950 4366 antiquissimarum
980 4298 1153 4350 etiam
1181 4295 1436 4368 gentiun
1466 4289 1726 4356 archiva,
1759 4285 2064 4354 Egyptia-

415 4397 545 4441 rum
564 4381 980 4451 Chaldaeorum,
1013 4381 1368 4449 Phoenicum,
1398 4397 1425 4428 ι
1453 4385 1562 4434 etc.

2207 2015 2379 2057 causa
2399 2001 2470 2056 ab
2499 2003 2669 2058 initio
2697 2017 2886 2059 rerum
2921 2005 3300 2059 Romanarum
3333 2017 3514 2074 usque
3542 2003 3612 2058 ad
3637 2004 3694 2056 P.
3720 2004 3859 2057 Mu-

2205 2089 2360 2145 cium
2409 2091 2732 2160 pontiﬁcem
2789 2092 3100 2147 maximum
3147 2105 3236 2147 res
3264 2105 3458 2147 omnes
3483 2089 3853 2162 singulorum

2205 2191 2487 2233 annorum
2524 2179 2825 2234 mandabat
2851 2179 3068 2236 litteris
3097 2178 3350 2249 pontifex
3375 2180 3678 2240 maximus,
3709 2177 3858 2232 eﬁ‘e—

2205 2266 2477 2334 rebatque
2506 2267 2564 2321 in
2618 2267 2834 2331 album,
2890 2268 3353 2338 proponebatque
3384 2267 3636 2323 tabulam
3667 2267 3853 2334 domi,

2204 2360 2452 2422 potestas
2478 2360 2542 2408 ut
2575 2360 2724 2409 esset
2770 2355 2978 2422 populo
3004 2355 3381 2425 cognOscendi
3408 2373 3422 2418 ;
3455 2355 3497 2409 ii
3545 2355 3642 2424 qui
3673 2355 3856 2409 etiam

2203 2453 2354 2495 nunc
2409 2441 2663 2510 annales,
2704 2446 2933 2496 mcum'mi
2989 2444 3382 2498 nominantur.
3435 2461 3460 2493 »
3514 2445 3627 2499 Hoc
3675 2445 3856 2498 etiam

2199 2528 2498 2582 conﬁrmat
2550 2528 2874 2584 Macrobius
2912 2529 3202 2585 Saturnal.
3247 2530 3328 2584 lib
3373 2545 3436 2598 ιι,
3487 2545 3612 2600 cap.
3653 2528 3710 2598 2,
3755 2531 3858 2586 cui

2201 2615 2634 2685 praemittendus
2663 2621 2750 2670 est
2773 2617 2968 2671 Livius
2995 2617 3096 2671 lib.
3129 2631 3206 2685 ιν,
3228 2631 3384 2672 num.
3413 2617 3503 2682 20,
3530 2632 3863 2674 memorans

2199 2710 2412 2759 veteres
2461 2705 2716 2772 annales,
2775 2712 2831 2759 et
2881 2703 3062 2759 libros
3116 2705 3558 2775 magistratuum
3614 2707 3858 2777 linteos,

2198 2792 2479 2860 repositos
2507 2792 2564 2846 in
2592 2793 2708 2847 aede
2736 2795 2992 2862 Monetae,
3023 2807 3168 2862 quos
3185 2795 3368 2848 Macer
3389 2793 3692 2850 Liv:neius
3707 2795 3863 2851 citat

2195 2881 2511 2935 identidem
2559 2887 2843 2949 auctores,
2888 2887 2952 2936 ut
3006 2882 3204 2952 probet
3255 2895 3402 2937 nono
3447 2889 3572 2951 post
3613 2883 3858 2939 demum

2190 2983 2340 3024 anno
2371 2983 2500 3024 cum
2532 2971 2593 3023 T.
2641 2971 2915 3039 Quinctio
2960 2971 3006 3025 A
3041 2971 3369 3036 Cornelium
3413 2971 3650 3026 Cossum
3699 2986 3866 3028 cons-

2189 3057 2344 3112 sules
2371 3058 2590 3114 habere.
2619 3060 2696 3113 De
2721 3061 3151 3115 commentariis
3167 3067 3353 3116 autem
3378 3059 3660 3114 censoriis
3680 3061 3860 3116 Livio

2191 3148 2490 3218 proximus
2520 3148 2832 3218 Dionysius
2876 3147 3346 3202 Halicarnasseus
3379 3148 3480 3202 lib.
3516 3162 3557 3210 l,
3605 3160 3716 3219 pag
3753 3148 3858 3220 60,

2189 3237 2326 3292 edit.
2359 3235 2425 3290 G.
2470 3237 2529 3292 L.
2559 3237 2874 3307 Sylburgii,
2912 3236 3123 3293 fatetur
3173 3237 3278 3292 hos
3316 3249 3348 3290 a
3378 3235 3640 3306 patribus
3685 3237 3856 3292 ﬁlios

2191 3338 2289 3394 per
2345 3338 2546 3379 manus
2595 3326 2855 3394 accipere
2909 3325 3294 3392 consuevisse,
3340 3331 3406 3379 ut
3443 3325 3554 3393 ipsi
3593 3326 3859 3393 posteris

2186 3413 2310 3481 pari
2370 3426 2506 3467 cura
2554 3414 2974 3483 contraderent,
3036 3412 3187 3468 haud
3245 3427 3408 3468 secus
3456 3425 3626 3482 quam
3669 3425 3850 3468 sacra

2185 3507 2417 3569 paterna
2443 3508 2498 3556 et
2523 3501 2833 3571 gentilitia.
2867 3501 2948 3556 Ad
2975 3501 3091 3556 haec
3116 3501 3311 3572 itaque
3340 3505 3705 3556 monumenta
3737 3515 3858 3569 pu-

2183 3587 2334 3644 blica
2415 3596 2720 3658 provocant
2793 3590 3005 3658 passim
3062 3589 3328 3644 historici
3398 3589 3480 3643 rei
3547 3587 3858 3659 Romanae,

2185 3679 2413 3748 quando
2441 3679 2809 3734 statuendum
2835 3685 2920 3733 est
2941 3679 3011 3734 de
3040 3679 3298 3746 veritate,
3335 3677 3502 3732 modo
3541 3681 3643 3732 aut
3683 3683 3860 3732 tem-

2187 3781 2320 3836 pore
2350 3767 2428 3822 rei
2449 3774 2636 3838 gestae.
2672 3769 2785 3822 Hos
2815 3767 2996 3838 igitur
3030 3765 3216 3822 fontes
3243 3766 3538 3821 adeundos
3561 3778 3687 3820 esse
3717 3765 3856 3821 sibi

2182 3863 2239 3910 et
2262 3855 2611 3910 hauriendos
2643 3860 3032 3924 cognoverunt
3055 3854 3230 3908 etiam
3255 3867 3286 3906 e
3327 3853 3544 3908 Graecis
3573 3853 3867 3908 celeber—

2183 3943 2340 4010 rimi,
2365 3943 2558 4012 qualis
2591 3943 2878 3997 Diodorus
2899 3941 3128 3995 Siculus
3159 3939 3261 3994 lib.
3297 3953 3337 4006 ι,
3367 3947 3502 3994 sect.
3538 3938 3604 4003 4;
3630 3941 3874 4012 Diony-

2179 4030 2305 4084 sius
2342 4029 2834 4096 Halicarnasseus,
2864 4027 3162 4094 Appianus
3207 4025 3657 4096 Alexandrinus,
3689 4029 3862 4084 alii-

2179 4129 2306 4184 que.
2327 4114 2536 4170 Sulidae
2562 4114 2698 4168 huic
2732 4113 2850 4167 basi
2870 4115 3344 4168 documentorum
3372 4112 3602 4180 publice
3621 4117 3871 4184 posito-

2178 4215 2302 4256 rum
2331 4200 2834 4268 superstruendam
2861 4199 3059 4253 molem
3087 4199 3409 4254 universam
3442 4201 3868 4276 chronologite

2173 4295 2346 4356 atque
2400 4287 2677 4355 historiae,
2729 4286 2897 4342 etiam
2932 4287 2999 4342 ad
3035 4289 3450 4343 remotissimas
3497 4296 3697 4347 aetates
3725 4307 3868 4349 ex-

2175 4381 2367 4443 tensae,
2400 4375 2671 4440 cognovit
2726 4376 3100 4443 Euhemerus,
3154 4390 3400 4445 eumque
3451 4383 3690 4434 secutus
3719 4383 3870 4437 La—

2172 4464 2429 4518 ctantius
2477 4463 2815 4520 Divinarum
2865 4465 3302 4520 institutionum
3347 4464 3448 4520 lib.
3500 4479 3539 4533 1,
3577 4481 3686 4536 cap
3720 4465 3789 4524 Η
3839 4490 3864 4542 ;

483 4525 720 4625 (ἶίξηῇίθί
767 4524 964 4625 “af?”
1017 4517 1852 4625 άίῖίηέδ-λῃξξπῗῗζῌίξῗξίῖ,
2088 4534 2142 4595 D
2171 4553 2427 4622 exemplo
2441 4553 2619 4607 Tullii
2639 4559 2695 4607 et
2712 4554 2969 4621 Varonis,
2989 4553 3044 4608 in
3073 4515 3862 4625 regravissimastatuEnda:

301 4613 316 4624 '
413 4612 679 4669 veritatis
706 4613 1027 4686 magistras,
1091 4610 1228 4666 huic
1251 4610 1426 4664 etiam
1465 4603 1856 4674 experimento
1882 4601 2058 4658 facem

417 4700 704 4774 praeferre,
741 4707 802 4757 ut
845 4701 906 4756 in
952 4699 1175 4755 ratione
1205 4703 1523 4764 temporum
1553 4691 1920 4759 vindicanda,
1949 4693 2063 4748 do—

418 4795 684 4848 cumenta
703 4789 954 4862 genuina
977 4786 1050 4842 ab
1065 4786 1221 4842 omni
1239 4783 1612 4852 antiquitate,
1632 4795 1802 4852 quam
1831 4781 2059 4851 publica

413 4894 552 4939 cura
603 4879 914 4952 diligenter
963 4889 996 4931 a
1043 4888 1104 4930 se
1143 4873 1490 4930 custoditam
1542 4871 1854 4934 ministret,
1894 4871 2059 4928 avide

411 4969 850 5040 conquirantur.

485 5089 538 5147 ι.
567 5091 774 5148 Verum
801 5093 868 5146 ut
883 5085 1218 5144 bumilioris
1236 5083 1501 5140 subsellii
1517 5083 1686 5138 vades
1713 5082 1891 5150 priori
1919 5081 2056 5139 huic

416 5177 630 5251 regulae
654 5176 1050 5246 adhibeamus,
1080 5173 1232 5229 intra
1257 5177 1410 5240 septa
1442 5171 1820 5226 humanarum
1841 5173 2055 5226 artium

417 5268 680 5324 historia:
710 5271 939 5334 nostrae,
989 5269 1045 5319 et
1086 5259 1470 5329 chronologiae
1507 5261 1682 5316 duces
1733 5260 2056 5316 tutissimos

422 5355 740 5426 indaganti,
779 5367 888 5409 non
940 5349 1291 5408 recusabunt
1318 5361 1441 5403 esse
1468 5347 1632 5404 illius
1659 5354 1969 5403 assertores
1990 5361 2054 5404 ac

417 5441 700 5496 veridices
742 5444 1025 5510 quotquot
1052 5452 1084 5494 e
1113 5434 1329 5492 Latinis
1356 5440 1458 5491 aut
1499 5435 1712 5492 Graecis
1740 5438 1798 5492 in
1823 5450 2053 5493 censum

489 5632 653 5708 (9)19
675 5633 904 5708 Lucani-
927 5650 1050 5708 cap-
1076 5631 1130 5693 2-

491 5703 572 5776 (ὸ)
598 5703 756 5758 Hom.
784 5703 875 5773 20,
909 5708 971 5761 in
997 5703 1206 5779 Evang.

2172 4655 2316 4712 quos
2367 4643 2539 4698 etiam
2597 4642 2862 4698 imitatur
2899 4643 3211 4699 Arnobius.
3245 4645 3383 4696 Nam
3422 4648 3484 4696 ut
3512 4644 3870 4704 ostendant.

2175 4730 2434 4785 homines
2458 4729 2640 4785 fuisse
2665 4745 2762 4786 eos
2793 4746 2936 4802 quos
2961 4733 3326 4788 ethnicorum
3357 4733 3705 4800 superstitio
3731 4738 3855 4791 uti

2169 4819 2304 4874 deos
2329 4819 2503 4890 impie
2531 4821 2769 4888 colebat,
2796 4823 2984 4876 Jovem
3021 4821 3172 4890 dico,
3219 4822 3551 4889 Saturnum,
3595 4822 3873 4890 Neptu—

2169 4921 2302 4962 num
2336 4916 2392 4964 et
2419 4908 2692 4978 reliquos,
2727 4910 3053 4965 eorumdem
3110 4909 3410 4964 historiam
3459 4921 3525 4963 ac
3563 4914 3870 4978 tempora

2168 4997 2498 5064 ostendunt,
2535 5011 2633 5066 per
2680 4999 3062 5053 Euhemerum
3108 4997 3420 5068 diligenter
3459 4996 3704 5052 collecta
3750 5013 3866 5060 ex

2166 5084 2361 5140 titulis
2386 5085 2826 5154 sepulcralibus,
2859 5093 2916 5140 et
2947 5085 3432 5154 inscriptionibus
3461 5086 3665 5154 sacris,
3691 5102 3873 5156 qua:

2169 5172 2228 5226 in
2250 5173 2483 5241 templis
2507 5173 2939 5243 antiquissimis
2976 5173 3203 5241 publice
3241 5171 3591 5242 prostabant.
3631 5175 3865 5239 Verba

2166 5260 2444 5314 Lactantii
2470 5265 2625 5315 sunt.
2663 5281 2688 5312 «
2725 5261 3016 5330 Antiquus
3058 5271 3260 5317 auctor
3286 5263 3662 5330 Euhemerus,
3714 5273 3868 5335 qui

2168 5345 2371 5402 fuitex
2417 5348 2648 5404 civitate
2679 5351 2953 5418 Messana,
3003 5363 3092 5404 res
3119 5355 3306 5420 gestas
3350 5349 3510 5404 Jovis
3539 5354 3594 5404 et
3639 5358 3874 5409 caete—

2168 5448 2360 5490 rorum
2387 5433 2486 5506 qui
2507 5435 2592 5490 dii
2624 5442 2922 5506 putantur,
2957 5437 3192 5509 collegit
3219 5451 3288 5492 ex
3325 5436 3873 5506 inscriptionibus

2233 5631 2298 5703 (c)
2322 5633 2454 5702 Cap.
2480 5631 2564 5690 19.
