3942 6402
174 357 294 421 999
920 353 1284 418 HISTORIA
1329 353 1432 417 DE
1473 349 1678 417 VITIS
1725 354 1731 413 l

2033 351 2190 414 )NT.
2222 385 2299 397 —-
2327 353 2682 414 JOANNES
2728 352 2860 416 VII.
3473 354 3590 417 930

172 489 446 568 stolicam
476 486 1139 568 commendavit,_missis
1165 487 1323 543 enim
1353 487 1585 568 adeum
1609 486 1667 541 in
1701 504 1830 568 cas-
1864 488 1912 554 Α
1945 502 2083 568 cum
2111 502 2218 568 suo
2248 483 2597 568 exercitum
2629 486 2863 568 propria
2894 487 3169 568 repedare
3202 486 3358 568 fecit,
3383 492 3447 543 ut
3477 493 3590 541 tra-

172 562 605 634 trisdegentem
629 561 1034 634 sacerdotibus
1050 559 1831 634 cumapostolicisdonariis,
1944 559 2093 634 dunt
2123 559 2557 634 A_nas_tasi_us_in
2591 559 2721 634 ejus
2751 559 2901 634 Vita,
2934 563 2989 613 et
3022 559 3236 614 Paulus
3280 560 3592 623 Diaconus,

174 628 758 706 universoscaptivos
780 633 852 687 de
873 634 1002 703 ejus
1024 628 1300 686 manibus
1324 630 1830 697 redemit,etillum
1944 629 2024 683 lib
2058 645 2109 685 vt
2142 630 2213 683 de
2246 628 2438 683 Gestis
2472 629 2864 701 I.ongobard.,
2896 646 3001 702 cap
3030 634 3119 686 27.

1358 1028 1783 1099 LXXXVIII.
1841 1027 2225 1099 JOANNES
2283 1027 2421 1097 VII.

1198 1219 1364 1266 ANNO
1406 1220 1644 1266 caatsrt
1688 1203 1827 1278 705,
1874 1219 2218 1264 JUSTINIANI
2260 1218 2490 1263 manus
2518 1206 2579 1263 2.

428 1523 586 1578 10'!
634 1517 913 1580 Joannes
956 1516 1087 1588 VII,
1132 1514 1389 1577 natione
1434 1517 1706 1588 Gracus,
1756 1516 2264 1595 patre.Platone,
2313 1515 2474 1575 sedit
2533 1534 2735 1576 annos
2797 1516 2977 1589 duos,
3028 1536 3272 1580 menses
3328 1524 3595 1601 septem,

340 1623 480 1686 dies
521 1622 994 1705 septemdecim.
1042 1621 1185 1683 Fuit
1227 1627 1437 1683 autem
1484 1622 1873 1702 temporibus
1914 1622 2145 1683 Tiberii
2190 1621 2455 1700 Augusti
2497 1628 2559 1683 et
2597 1622 2940 1684 Justiniani
2980 1624 3219 1686 dudum
3263 1626 3601 1706 imperato-

343 1730 458 1803 ris,
502 1730 602 1792 vir
640 1729 1100 1796 eruditissimus
1159 1736 1224 1790 et
1282 1729 1593 1790 facundus
1659 1728 2043 1808 eloquentia.
2089 1729 2201 1790 Hic
2247 1729 2393 1790 fecit
2450 1730 2795 1790 oratorium
2840 1736 3073 1792 sancta
3114 1731 3225 1793 Dei
3271 1733 3601 1796 Genitricis

342 1838 517 1899 intra
560 1836 887 1899 ecclesiam
936 1836 1103 1897 beati
1144 1835 1313 1896 Petri
1357 1835 1649 1916 apostoli,
1696 1835 1876 1915 cujus
1920 1836 2192 1915 parietes
2248 1836 2492 1896 musivo
2558 1836 2865 1915 depinxit.
2911 1837 3175 1918 lllicque
3212 1838 3349 1900 auri
3392 1846 3456 1901 et
3497 1860 3594 1901 ar-

259 1946 301 2005 5
347 1944 525 2023 genti
586 1943 1004 2024 quantitatem
1068 1943 1335 2004 multam
1399 1942 1718 2022 expendit,
1784 1948 1848 2003 et
1912 1942 2364 2004 venerabilium
2423 1944 2682 2004 Patrum
2745 1944 2971 2005 dextra
3044 1945 3330 2025 Iavaque
3392 1948 3604 2009 vultus

349 2050 578 2112 erexit.
625 2051 739 2113 Hic
783 2050 1162 2112 restauravit
1205 2049 1525 2110 basilicam
1573 2056 1807 2111 sancta
1852 2048 2176 2127 Eugenia,
2222 2068 2363 2128 qua
2410 2049 2598 2129 longo
2645 2055 2927 2130 tempore
2984 2052 3229 2114 detecta
3272 2058 3461 2133 atque
3503 2052 3601 2116 di—

346 2162 541 2238 rupta
584 2158 816 2219 fuerat.
860 2156 1200 2218 Laboravit
1242 2164 1454 2217 autem
1498 2162 1562 2217 et
1604 2157 1668 2216 in
1715 2156 2089 2217 cameteriis
2136 2155 2459 2217 beatorum
2526 2165 2873 2236 martyrum
2919 2159 3265 2220 Marcellini
3307 2166 3370 2221 et
3411 2161 3604 2222 Marci

346 2264 729 2345 Damasique
771 2264 973 2326 sancti
1017 2265 1351 2344 pontificis.
1400 2264 1572 2325 Fecit
1615 2282 1763 2324 vero
1806 2270 1870 2324 et
1912 2263 2220 2343 imagines
2264 2281 2376 2342 per
2432 2264 2710 2324 diversas
2771 2265 3084 2339 ecclesias,
3134 2285 3291 2346 quas
3334 2268 3604 2347 quicun-

348 2390 475 2452 que
518 2390 704 2433 nosse
756 2371 1093 2445 desiderat,
1139 2372 1204 2432 in
1266 2372 1355 2432 eis
1417 2370 1553 2449 ejus
1610 2370 1853 2431 vultum
1919 2371 2236 2450 depictum
2302 2372 2594 2449 reperiet.
2640 2372 2971 2433 Basilicam
3033 2373 3312 2453 itemque
3373 2380 3607 2435 sancta

190 2478 297 2541 ,10
344 2478 460 2539 Dei
501 2478 852 2553 Genitricls,
902 2497 1045 2559 qua
1088 2479 1368 2559 Antiqua
1409 2483 1692 2549 vocatur,
1742 2477 1988 2556 pictura
2031 2477 2374 2550 decoravit,
2424 2477 2676 2558 illicquc
2738 2479 3075 2539 ambonem
3140 2481 3391 2541 noviter
3437 2481 3605 2555 fecit,

344 2591 410 2648 et
451 2604 642 2666 super
702 2586 990 2648 eamdem
1054 2585 1381 2647 ecclc-siam
1447 2583 1836 2664 episcopium
1899 2589 2208 2663 quantum
2274 2583 2355 2643 ad
2399 2603 2463 2644 se
2507 2584 2889 2646 constituere
2936 2587 3160 2648 maluit
3205 2587 3310 2668 (a),
3359 2587 3609 2666 illicquc

348 2693 757 2772 pontiﬁcatus
798 2691 897 2752 sui
941 2699 1190 2772 tempus
1234 2692 1529 2772 explevit.
1577 2692 1690 2751 Hic
1732 2691 1878 2750 fecit
1921 2690 2177 2750 calicem
2224 2708 2486 2751 aureum
2535 2693 2947 2772 pracipuum,
2999 2700 3368 2773 pensantem
3419 2694 3612 2754 libras

348 2798 593 2876 viginti,
639 2817 830 2879 quem
874 2804 936 2861 et
978 2798 1245 2878 gemmis
1292 2797 1579 2878 pretiosis
1621 2796 1970 2858 decoravit.

436 2912 597 2966 108
646 2905 845 2985 Hujus
909 2904 1298 2986 temporibus
1362 2904 1709 2985 Aripertus,
1768 2922 1877 2964 rex
1938 2903 2530 2983 Longobardorum,
2594 2904 3001 2966 donationem
3067 2907 3435 2985 patrimonii
3498 2906 3610 2968 Al-

349 3010 524 3092 pium
573 3012 900 3075 Gutiarum
944 3010 1221 3093 (b),qua
1266 3010 1461 3090 longa
1503 3030 1616 3090 per
1658 3016 1947 3089 tempora
1990 3028 2026 3070 a
2065 3008 2211 3087 jure
2258 3009 2547 3070 Ecclesia
2591 3010 2840 3089 privata
2883 3011 3110 3085 fuerat,
3144 3030 3218 3072 ac
3261 3012 3342 3073 ab
3385 3012 3610 3073 eadem

346 3125 537 3198 gente
580 3118 1006 3197 detinebatur,
1051 3117 1116 3178 in
1160 3118 1386 3179 litteris
1429 3118 1637 3179 aureis
1698 3124 2028 3178 exaratum
2085 3115 2229 3196 jure
2293 3116 2547 3196 proprio
2609 3117 2781 3179 beati
2824 3119 3253 3198 apostolorum
3304 3119 3609 3199 principis

349 3227 521 3287 Petri
581 3225 971 3288 reformavit.
1020 3224 1095 3306 (c)
1140 3225 1342 3304 Hujus
1404 3225 1797 3305 temporibus
1857 3223 2253 3286 Justinianus
2323 3224 2668 3302 imperator
2722 3242 2762 3284 a
2814 3225 3099 3304 partibus
3159 3226 3481 3287 Zacharia
3528 3226 3610 3307 (Δ)

263 3339 304 3397 5
347 3355 465 3419 per
504 3334 645 3395 loca
688 3332 1002 3413 Bulgaria
1047 3332 1285 3393 auxilio
1329 3331 1647 3406 Trebellii,
1695 3331 2111 3409 Bulgarorum
2157 3329 2344 3408 regis,
2392 3349 2590 3410 usque
2634 3330 2715 3390 ad
2758 3332 2997 3411 regiam
3041 3332 3263 3394 urbem
3323 3332 3606 3407 veniens,

352 3462 621 3524 regnum
669 3441 1021 3521 proprium,
1070 3440 1147 3501 de
1208 3458 1334 3520 quo
1400 3437 1720 3519 projectu's
1782 3439 2008 3510 fuerat,
2056 3437 2322 3517 adeptus
2383 3443 2496 3497 est.
2546 3441 2816 3499 Leonem
2881 3440 3070 3500 etiam
3133 3446 3196 3501 et
3255 3440 3607 3530 Tiberium,

349 3553 462 3635 qui
506 3552 712 3613 locum
760 3549 898 3629 ejus
941 3552 1424 3627 usurpaverant,
1474 3547 1661 3625 cepit,
1710 3551 1775 3607 et
1816 3545 1880 3605 in
1927 3545 2134 3605 medio
2179 3544 2398 3605 circuli
2443 3544 2513 3625 (e)
2561 3563 2775 3606 coram
2818 3546 2991 3606 omni
3036 3547 3271 3627 populo
3322 3546 3585 3627 jugular

347 3660 518 3732 fecit,
565 3663 627 3720 et
670 3655 947 3718 obtinuit
989 3654 1416 3735 principatum
1461 3654 1539 3714 de
1584 3671 1710 3732 quo
1756 3657 1945 3714 antea
1989 3652 2377 3713 tumultuose
2419 3653 2627 3713 fuerat
2669 3651 2989 3731 dejectus;
3026 3654 3136 3733 qui
3179 3653 3347 3715 illico
3393 3659 3463 3715 ut
3506 3673 3613 3733 pa-

345 3766 569 3829 latium
612 3764 934 3843 ingressus
978 3767 1094 3834 est,
1140 3760 1597 3840 propriumque
1643 3759 1911 3839 adeptus
1954 3765 2046 3819 est
2092 3759 2451 3840 imperium,
2502 3764 2727 3833 tomos,
2774 3779 2935 3840 quos
2979 3767 3170 3821 antea
3211 3761 3329 3831 sub
3374 3761 3610 3822 domno

227 3878 304 3936 10
346 3872 572 3951 Sergio
616 3869 977 3951 apostolica
1023 3868 1342 3928 memoria
1390 3865 1685 3946 pontiﬁce
1730 3868 1995 3927 Romam
2042 3866 2382 3939 direxerat,
2428 3866 2494 3925 in
2555 3865 2784 3945 quibus
2843 3866 3092 3929 diversa
3157 3869 3435 3949 capitula
3490 3872 3613 3931 Ro.

347 3997 558 4043 mana
599 3976 893 4039 Ecclesia
935 3974 1255 4037 contraria
1296 3974 1532 4053 scripta
1573 3974 1845 4045 inerant,
1880 3991 1993 4053 per
2035 3972 2194 4034 duos
2238 3972 2759 4053 metropolitanos
2802 3971 3129 4053 episcopos
3173 3973 3610 4046 demandavit,

346 4086 631 4166 dirigens
672 4102 787 4165 per
828 4100 935 4145 eos
978 4088 1041 4143 et
1083 4098 1354 4153 sacram,
1386 4098 1501 4161 per
1543 4098 1736 4160 quam
1781 4079 2265 4141 denominatum
2315 4080 2678 4159 pontificem
2724 4079 3084 4158 conjuravit
3127 4098 3199 4141 ac
3243 4080 3615 4141 adhortatus

349 4200 447 4255 est
488 4198 560 4253 ut
600 4190 964 4272 apostolica
1011 4187 1306 4250 Ecclesia
1350 4186 1687 4248 concilium
1752 4192 2151 4265 aggregaret,
2199 4192 2261 4247 et
2305 4205 2575 4266 quaque
2619 4186 2675 4246 ei
2718 4187 2851 4246 visa
2895 4192 3123 4259 essent,
3173 4185 3505 4260 stabiliret,
3552 4191 3617 4247 et

346 4317 493 4382 qua
537 4300 822 4371 adversa,
870 4294 1197 4359 renuendo
1241 4293 1606 4356 excluderet
1651 4292 1754 4374 (f).
1801 4293 1924 4356 Sed
1968 4293 2071 4354 hic
2116 4294 2400 4353 humana
2462 4292 2806 4372 fragilitate
2870 4292 3148 4367 timidus,
3194 4292 3310 4353 hos
3372 4311 3614 4373 nequa-

225 4411 308 4473 15
353 4425 550 4488 quam
594 4412 803 4467 tomos
843 4403 1216 4477 emendans,
1264 4419 1377 4482 per
1417 4400 1780 4479 supralatos
1824 4400 2263 4479 metropolitas
2307 4399 2540 4460 direxit
2583 4399 2661 4490 ad
2708 4399 3082 4479 principem,
3117 4405 3258 4480 post
3300 4417 3443 4480 qua
3488 4418 3614 4461 non

345 4513 454 4576 diu
500 4512 563 4574 in
611 4511 730 4572 hac
773 4509 905 4571 vita
946 4508 1222 4570 duravit.
1266 4507 1381 4568 Hic
1424 4507 1571 4568 fecit
1613 4507 1942 4587 episcopos
1985 4525 2099 4587 per
2140 4506 2392 4568 diversa
2437 4505 2578 4566 loca
2621 4524 2886 4567 numero
2929 4506 3147 4568 decem
3192 4512 3257 4568 et
3298 4513 3462 4568 octo.
3496 4505 3616 4579 Qui

346 4621 541 4683 etiam
586 4617 871 4698 sepultus
913 4621 1008 4677 est
1049 4615 1131 4675 ad
1175 4615 1430 4675 beatum
1475 4615 1731 4675 Petrum
1778 4613 2134 4694 apostolum
2179 4619 2327 4674 ante
2372 4613 2572 4674 altare
2617 4612 2882 4673 oratorii
2923 4619 3159 4674 sancta
3201 4613 3314 4675 Dei
3356 4612 3619 4675 Genitri—

347 4728 461 4802 cis,
505 4724 679 4806 quod
722 4724 857 4804 ipse
898 4720 1251 4784 construxit
1293 4721 1410 4783 sub
1454 4720 1556 4782 die
1597 4738 1679 4784 xv
1722 4721 1990 4782 Kalend.
2037 4720 2430 4793 Novembris,
2465 4720 2809 4780 indictione
2855 4726 3054 4793 sexta,
3100 4719 3457 4782 Justiniano
3502 4722 3619 4781 Ro-

349 4852 611 4896 manam
655 4830 1115 4912 rempublicam
1159 4828 1577 4908 gubernante,
1625 4833 1688 4889 et
1728 4827 1997 4889 cessavit
2040 4827 2440 4907 episcopatus
2486 4845 2728 4889 menses
2774 4831 2920 4887 tres.

1384 5008 1640 5054 NOTULE
1682 5007 2065 5054 MARGINALES
2108 5008 2422 5053 FABROTTI.

257 5160 347 5233 (α)
367 5162 391 5183 θ
421 5162 766 5233 construere
783 5152 998 5233 voluit.
1033 5153 1110 5233 (ὁ)
1140 5156 1163 5178 '
1196 5151 1647 5233 CpctiaruanB,
1674 5149 2018 5206 Cottiarum.
2054 5154 2122 5220 (ε)
2158 5150 2284 5207 Vide
2314 5154 2503 5206 Baron
2533 5150 2603 5205 ad
2632 5167 2745 5206 ann
2772 5151 2995 5206 Domini
3019 5151 3146 5205 704.
3179 5149 3257 5220 (ιι)
3283 5153 3303 5173 “’
3336 5147 3612 5207 Gazaria.

182 5224 475 5304 (efCirco.
509 5229 579 5303 (Γ)
614 5227 743 5286 Vide
771 5228 956 5283 Baron
981 5224 1051 5281 ad
1077 5242 1187 5281 ann
1218 5225 1443 5281 Domini
1467 5224 1595 5278 705.

1552 5373 1795 5432 VARI/E
1832 5374 2255 5433 LECTIONES.

686 5523 770 5579 Ex
798 5521 979 5579 codice
1007 5520 1364 5577 Farncsiano.
1880 5521 1930 5586 B
1961 5518 2092 5576 bela
2120 5536 2451 5595 u..._usque
2479 5520 2553 5575 ad
2580 5520 2824 5594 regiam.
2856 5522 2964 5578 (in.
2999 5523 3089 5592 15,
3137 5525 3313 5595 atque
3372 5522 3620 5585 adversa

1961 5591 2293 5647 renovando
2323 5591 2599 5648 cassaret.

255 5689 425 5743 Num.
459 5686 590 5751 168,
643 5683 745 5740 (in.
785 5685 842 5747 2,
897 5680 997 5753 qui
1030 5679 1205 5753 longa
1233 5695 1337 5753 per
1365 5683 1631 5750 tempora
1652 5697 1692 5753 7a
1715 5680 1855 5749 jura
2250 5752 2253 5753 ν
2443 5682 2527 5735 Ex
2554 5680 2735 5737 codice
2762 5682 3132 5741 Vallicellano.

186 5758 447 5830 Ecclesia
467 5752 1006 5830 privatumfuerat,
1026 5769 1094 5808 ac
1116 5752 1189 5830 ab
1210 5752 1855 5830 eadem_ge'nte_detine-
2038 5758 2201 5830 Alam.
2236 5752 2358 5819 167,
2392 5753 2491 5808 lin.
2528 5754 2553 5807 1
2587 5753 2844 5830 .loannes
2874 5762 3019 5830 nat.,
3050 5762 3260 5823 etc.,ut
3286 5758 3438 5829 Reg.,
3469 5763 3616 5816 Μαι.

188 5830 365 5893 batur
410 5821 489 5886 in.
521 5827 562 5883 ι.
603 5843 662 5883 a.
693 5841 747 5897 e.
770 5825 928 5897 jure.
961 5822 1218 5897 preprio.
1255 5821 1456 5897 ιξῃᾼζ
1482 5822 1858 5897 ¹Ῑιιίςῐίιιίειῐιιιες
1967 5832 2019 5897 et
2054 5824 2284 5897 Timeri”
2316 5839 2459 5897 cum_
2494 5824 2702 5897 quibus
2759 5821 3047 5884 concordat
3094 5821 3261 5885 etiam
3290 5821 3390 5886 (inv.
3421 5821 3456 5886 λ
3485 5840 3537 5888 et
3561 5834 3616 5887 6.

190 5892 336 5977 imp.
351 5898 675 5976 apartibas
691 5892 982 5959 Cbhmrié
999 5892 1103 5968 per
1129 5893 1256 5952 loca
1282 5892 1572 5968 Vulgaria
1594 5910 1728 5951 cum
1745 5899 1860 5951 ter-
1971 5896 2072 5953 (in.
2093 5900 2149 5967 2,
2172 5894 2296 5952 dies
2322 5898 2386 5952 17
2410 5913 2423 5967 ;
2447 5892 2542 5952 hic
2566 5897 2656 5955 vir
2684 5897 3212 5970 eruditissimus,et
3223 5901 3618 5975 fac.eloquen.
