3950 6406
134 372 221 430 2M

909 376 1275 433 BLANCHINI
1320 374 1620 433 DISSERT.
1669 374 1762 429 DE
1799 372 1957 428 ANT.
2017 374 2128 429 RR.
2185 374 2385 431 PONT.
2435 376 2775 433 CATALOG.

3446 370 3556 433 242

141 494 327 560 sacris,
364 508 494 564 qute
552 495 615 550 in
660 496 890 565 templis
933 497 1365 567 antiquissimis
1405 496 1782 559 habebantur,
1814 490 1874 550 A
1900 493 2165 563 gulorum
2188 497 2470 564 ejusmodi
2500 497 2848 566 scriptorum
2868 495 3199 565 (autverius
3223 496 3555 564 descripto—

143 584 483 653 maximeque
524 584 585 639 in
625 583 756 639 fano
785 585 938 640 Jovis
966 585 1263 653 Triphilii,
1296 586 1393 640 ubi
1427 597 1656 640 auream
1683 598 1787 639 co—

144 671 377 725 lumnam
410 672 659 740 positam
681 686 804 727 esse
825 672 895 727 ab
919 673 1046 742 ipso
1064 674 1195 728 Jove
1221 674 1433 729 titulus
1456 671 1783 741 indicabat;

145 761 193 814 in
235 773 343 829 qua
376 761 571 816 omnia
590 775 693 815 sua
718 767 872 831 gesta
893 762 1245 831 praescripsit
1266 770 1325 817 ut
1354 765 1784 816 monumentum

143 854 274 902 esset
306 849 552 916 posteris
581 862 769 904 rerum
793 856 1101 920 gestarum.
1134 868 1160 899 ››
1189 850 1329 904 Tum
1346 850 1508 904 addit
1535 867 1547 902 :
1579 870 1605 899 α
1633 850 1787 903 Hanc

144 934 454 1001 historiam,
483 943 538 991 et
568 938 1099 1007 interpretationem
1128 938 1351 993 Ennius
1370 947 1455 993 est
1473 944 1725 992 secutus.
1756 954 1781 985 »

200 1023 332 1078 Cum
364 1025 547 1094 igitur
567 1026 909 1081 documenta
933 1026 1161 1095 publice
1177 1027 1360 1094 posita
1379 1027 1565 1097 gentis
1580 1026 1779 1090 totius,

139 1118 228 1165 aut
286 1113 708 1183 universitatis,
773 1122 873 1169 aut
940 1115 1403 1186 magistratuum,
1465 1114 1785 1169 habeantur

142 1199 462 1255 testimonia
482 1202 731 1256 maxime
752 1203 955 1257 idonea
980 1204 1049 1257 ad
1082 1216 1170 1258 res
1193 1210 1379 1273 gestas
1399 1203 1785 1272 comproban-

139 1288 247 1347 das.
283 1288 466 1344 multo
513 1290 848 1358 praeclarius
887 1296 1059 1360 atque
1094 1290 1382 1346 eﬂicacius
1413 1291 1468 1345 id
1518 1297 1785 1361 praestent

141 1389 355 1430 necesse
375 1383 464 1431 est
494 1378 553 1433 in
575 1379 1033 1433 determinandis
1075 1379 1431 1447 temporibus
1470 1387 1631 1434 extra
1657 1392 1784 1449 quae

141 1478 218 1519 res
246 1467 365 1535 geri
403 1467 641 1521 minime
680 1473 1007 1536 potuerunt.
1040 1469 1376 1536 Temporum
1419 1475 1605 1522 autem
1647 1482 1786 1536 par-

140 1552 257 1606 titio
291 1554 454 1608 varia
486 1568 614 1609 cum
668 1553 845 1610 fuerit
891 1556 1038 1625 apud
1094 1556 1355 1610 nationes
1398 1556 1673 1621 diversas,
1727 1562 1784 1611 et

136 1641 268 1708 apud
287 1643 542 1696 eamdem
571 1643 855 1699 nationem
878 1644 1341 1714 cumaliquando
1357 1645 1436 1699 sit
1454 1646 1778 1714 immutata,

137 1731 502 1799 consequitur
534 1738 598 1786 ut
626 1746 656 1786 e
690 1734 1073 1787 monumentis
1110 1733 1365 1802 publicis
1396 1733 1599 1787 seriem
1633 1738 1784 1786 tem-

140 1830 319 1884 porum
347 1821 817 1889 comprobaturis
847 1822 945 1877 illa
977 1824 1097 1877 sint
1121 1822 1376 1877 habenda
1406 1822 1629 1891 potiora
1657 1833 1783 1891 quas
1813 1808 1865 1869 Β

141 1906 478 1973 proximiora
498 1909 865 1977 reperiantur
881 1910 1024 1965 locis
1038 1924 1103 1964 ac
1116 1910 1555 1978 temporibusde
1568 1909 1784 1977 quibus

139 2006 285 2062 quam
316 1996 573 2050 maxime
608 1998 823 2067 agitur.
865 1998 956 2052 Uti
989 1999 1142 2053 enim
1171 1997 1306 2051 facti
1352 1998 1599 2053 recentis
1633 1998 1788 2053 vici-

139 2080 278 2135 niora
303 2083 650 2139 testimonia
680 2084 976 2139 lubentius
1006 2085 1477 2153 admittitjudex,
1503 2086 1603 2154 qui
1641 2099 1788 2140 cau-

138 2181 233 2223 sam
256 2172 528 2226 scientize
562 2172 877 2240 prudenter
923 2173 1173 2241 requirit
1214 2174 1270 2227 in
1321 2179 1605 2229 assertore
1654 2188 1790 2243 per-

136 2267 323 2327 ceptam
361 2260 645 2328 proximo
692 2273 757 2315 ac
786 2262 979 2317 vivido
1012 2275 1240 2316 sensum
1287 2262 1700 2330 experimento,
1734 2269 1790 2318 et

136 2347 297 2401 oculis
326 2347 599 2415 subjecta
635 2349 906 2403 ﬁdelibus
940 2348 1168 2418 praefert
1194 2351 1269 2405 iis
1298 2366 1423 2421 qua:
1448 2353 1787 2428 transmissa

141 2448 221 2503 per
242 2449 409 2490 aures
446 2436 779 2491 inanimum
808 2440 1074 2493 testantis
1093 2439 1365 2509 languida
1386 2441 1785 2496 insinuatione

139 2538 187 2578 se
214 2523 560 2591 infuderint,
602 2525 681 2580 ita
726 2527 899 2580 etiam
948 2528 1006 2581 in
1055 2530 1445 2584 monumentis
1486 2543 1674 2584 rerum
1716 2542 1781 2584 ac

135 2617 430 2682 temporum
465 2612 842 2669 admittendis
874 2615 959 2669 vis
985 2619 1242 2685 quaedam
1287 2618 1477 2686 potior
1499 2618 1633 2686 jure
1663 2618 1781 2672 tri-

135 2699 309 2755 buitur
334 2700 731 2770 proximitati.
783 2701 968 2757 Efﬁcit
1009 2704 1162 2759 enim
1200 2710 1261 2759 ut
1299 2717 1481 2775 neque
1523 2705 1778 2761 artiﬁces

134 2790 601 2844 monimentorum
625 2789 807 2843 videri
838 2791 1062 2860 possint
1089 2793 1361 2849 memoria
1396 2794 1565 2862 lapsi,
1594 2807 1777 2863 neque

134 2878 352 2933 audaces
382 2879 451 2932 in
486 2877 836 2939 mentiendo.
880 2879 1000 2933 sive
1046 2880 1103 2934 in
1137 2886 1345 2936 temere
1387 2883 1775 2951 pr0ponendis

135 2962 276 3020 falsis
319 2964 863 3036 signiﬁcationibus
919 2980 1110 3022 rerum
1156 2982 1222 3023 ac
1271 2974 1589 3039 temporum
1643 2976 1775 3025 ante

133 3054 306 3111 oculos
333 3071 536 3113 eorum
586 3072 835 3130 quorum
870 3059 928 3114 in
960 3065 1270 3127 conspectu
1305 3058 1404 3113 illa
1431 3058 1768 3129 agebantur,

131 3154 238 3197 cum
258 3147 489 3202 cordato
524 3149 739 3218 cuique
772 3149 898 3203 viro
928 3146 1154 3203 eosdem
1180 3146 1461 3217 arguendi
1491 3152 1549 3202 et
1579 3146 1773 3201 corri—
1808 3129 1855 3191 Ο

133 3231 299 3300 piendi
333 3236 579 3293 libertas
609 3236 772 3293 foret.

187 3324 306 3379 Esto
337 3326 766 3396 igiturcriterii
792 3327 975 3383 nostri
1001 3326 1400 3398 chronologici
1424 3326 1540 3381 haec
1563 3327 1763 3398 regula

132 3411 366 3483 princeps
404 3434 417 3469 :
470 3418 545 3471 Ut
594 3418 654 3470 in
707 3417 1035 3485 temporibus
1065 3416 1372 3469 asserendis
1416 3421 1765 3470 monumenta

126 3500 340 3564 publica,
370 3507 420 3557 si
453 3520 582 3574 quae
605 3508 755 3570 sunt,
790 3506 1135 3558 consulamus
1166 3524 1183 3570 ;
1210 3520 1378 3573 eaque
1400 3507 1763 3572 praeferamus

129 3604 151 3637 ε
171 3590 386 3654 publicis
411 3609 561 3661 quae,
588 3609 687 3661 per
715 3594 860 3646 viros
900 3594 1119 3647 idoneos
1158 3595 1364 3661 posita,
1391 3593 1498 3645 loco
1528 3608 1591 3645 ac
1621 3596 1763 3645 tem—-

123 3690 235 3739 pore
256 3681 360 3733 sint
371 3682 721 3749 proximiora
752 3682 902 3734 aetati
921 3681 985 3734 de
1010 3696 1122 3749 qua
1147 3695 1267 3734 cum
1292 3682 1530 3734 maxime
1553 3682 1759 3747 agitur.

624 3820 903 3876 REGULA
928 3820 1242 3876 SECUNDA

187 3922 231 3978 5.
255 3927 371 3982 Erit
399 3928 695 3984 secundus
723 3942 904 3984 canon
943 3969 958 3980 .
990 3930 1055 3982 Ut
1083 3946 1110 3982 e
1126 3929 1367 3998 publicis
1393 3944 1457 3981 ac
1493 3931 1761 3997 proximis

131 4015 224 4065 tum
266 4023 416 4071 aetate
445 4024 563 4072 tum
594 4019 707 4071 loco
752 4018 1106 4079 documentis,
1153 4021 1579 4085 magistrntuum
1626 4034 1761 4073 cura

129 4104 169 4151 et
192 4109 495 4161 auctoritate
510 4109 733 4176 positis,
766 4108 865 4160 illa
883 4111 1255 4176 prxferantur
1285 4122 1407 4175 qua
1435 4108 1597 4161 semel
1624 4123 1761 4161 con-

127 4191 289 4244 stituta
312 4211 408 4261 per
430 4196 657 4250 idoneos
694 4212 761 4249 ac
803 4197 1066 4263 legitimos
1095 4201 1369 4250 curatores
1388 4196 1627 4265 publica:
1656 4211 1759 4249 vo—

128 4273 345 4343 luntatis,
392 4285 528 4337 adeo
577 4286 794 4350 integra
840 4288 892 4337 et
928 4285 1197 4338 custodita
1232 4287 1658 4353 permanserint,
1695 4288 1756 4338 ut

126 4366 307 4421 nullum
329 4375 686 4440 prxseferant
709 4373 977 4426 indicium
1003 4376 1267 4426 erasionis
1283 4378 1379 4425 ant
1399 4375 1752 4443 mutationis;

125 4453 204 4504 sed
222 4471 383 4525 neque
410 4465 608 4514 temere
636 4462 839 4513 violari
854 4463 1099 4529 potuisse
1123 4464 1307 4529 reipsa
1335 4465 1554 4515 constet.

182 4543 252 4597 Ex
276 4545 375 4601 hoc
405 4548 664 4604 secundo
693 4530 910 4604 canone
939 4551 1332 4619 consequitur.

729 4668 1108 4711 COROLLARIUI

179 4755 225 4810 6.
250 4758 318 4815 Ut
345 4762 608 4819 codicum
640 4765 1017 4833 antiquorum
1048 4765 1119 4833 (si
1148 4765 1502 4837 autographa
1532 4767 1748 4835 scripta

124 4854 217 4899 non
247 4848 358 4904 sint
388 4851 463 4907 iis
492 4853 551 4907 in
602 4853 926 4920 codicibus,
980 4854 1075 4908 sed
1108 4854 1383 4923 exempla)
1425 4854 1749 4909 emendatio

122 4938 330 4997 petenda
359 4941 436 4995 sit
458 4942 532 4995 ab
564 4942 924 5011 inspectione
947 4948 1003 4997 et
1026 4943 1453 5012 comparatione
1472 4957 1601 4997 cum
1636 4957 1752 5011 pu—

120 5015 271 5079 blicis
292 5026 656 5085 documentis
686 5031 941 5099 ejusdem
955 5032 1144 5087 aetatis
1164 5038 1265 5088 aut
1278 5033 1553 5103 proxima:
1574 5044 1748 5101 supra

120 5106 383 5170 indicatis.

179 5200 299 5257 Nam
346 5213 506 5263 vetus
548 5208 857 5278 exemplun
908 5210 1215 5280 scriptoris
1264 5211 1474 5280 privati
1521 5211 1747 5267 inducit

121 5286 374 5349 hominem
388 5297 722 5353 solitarium
749 5300 876 5367 ejus
900 5299 1158 5355 historiae
1179 5313 1243 5354 ac
1270 5300 1532 5355 veritatis
1549 5301 1742 5356 vadem

116 5382 165 5429 et
188 5390 527 5440 assertorem.
570 5386 645 5441 At
673 5386 903 5455 publica
941 5389 1283 5444 documenta
1326 5393 1607 5444 contestes
1637 5389 1748 5444 ad-

122 5462 293 5525 hibent
318 5472 724 5531 afﬁrmationis
760 5490 877 5531 suae
906 5477 990 5532 vel
1028 5475 1288 5547 p0pnlos,
1317 5477 1403 5532 vel
1436 5478 1747 5548 magistra-

120 5554 211 5608 tus.
237 5559 466 5631 .Equum
495 5564 685 5635 igitur
704 5570 792 5619 est
823 5564 1042 5621 uttldes
1070 5564 1322 5636 publica,
1341 5565 1437 5621 cui
1456 5567 1743 5636 judicium

122 5644 431 5707 privatarum
463 5652 952 5724 publicarumque
982 5667 1173 5711 rerum
1204 5655 1590 5725 concreditur,
1615 5655 1750 5711 sin-

1781 4471 1837 4534 D

1899 595 2023 636 rum
2040 582 2245 652 )dictis
2261 582 2618 654 praeferatur:
2637 585 2786 655 quod
2801 584 2861 639 tit
2877 585 3316 639 amanuensium
3330 583 3557 639 codices

1897 670 2176 740 exigendo
2194 671 2263 726 ad
2295 686 2359 727 ea
2400 672 2743 728 documenta
2770 672 2985 742 quibus
3005 672 3328 727 auctoritas
3356 669 3550 740 p0puli

1897 769 1962 811 ac
1988 758 2432 829 magistratuum
2471 766 2556 814 tot
2581 760 2836 815 calculos
2863 759 3075 827 adjecit
3102 764 3247 830 quot
3269 758 3552 815 assertio—

1897 858 2035 900 num
2066 847 2325 903 vindices
2344 860 2375 902 e
2394 847 2868 917 conspectoribus
2890 844 3045 902 fecit.

2420 1005 2698 1061 REGULA
2742 1006 3011 1061 TERTIA.

1963 1140 2018 1198 7.
2074 1144 2264 1200 Tertia
2309 1146 2506 1217 regula
2556 1146 2635 1201 sit
2673 1163 2686 1199 :
2736 1148 2805 1201 Ut
2841 1163 2909 1201 ex
2950 1147 3286 1203 documentis
3325 1148 3552 1203 aliunde

1893 1234 2224 1288 ministratis
2254 1250 2428 1303 quam
2453 1250 2520 1288 ex
2550 1236 2659 1289 loco
2698 1236 2794 1289 ubi
2820 1251 2906 1289 res
2926 1238 3177 1305 proxime
3199 1236 3548 1305 gerebantur,

1896 1321 2153 1389 suffragii
2190 1326 2563 1391 prxrogativa
2618 1326 2689 1378 sit
2732 1339 2901 1394 penes
2949 1324 3093 1377 illud
3135 1324 3293 1392 cujus
3337 1327 3552 1378 auctori

1896 1424 2061 1462 causa
2091 1412 2348 1473 scientiw,
2376 1413 2584 1479 peritia
2613 1411 2921 1480 disciplina:
2944 1427 3008 1465 ac
3028 1412 3274 1466 studium
3299 1413 3550 1466 veritatis

1892 1498 2215 1563 facultatem
2280 1499 2490 1553 dederit
2544 1500 2863 1569 ampliorem
2923 1501 3176 1569 temporis
3236 1515 3301 1555 ac
3368 1515 3552 1555 rerum

1882 1586 2405 1654 perquirendarum.

1965 1674 2122 1729 Hanc
2151 1674 2402 1745 regulam
2437 1675 2801 1732 tradiderunt
2821 1681 3106 1746 quotquot
3124 1674 3405 1732 familiam
3431 1678 3551 1733 du-

1895 1765 2037 1817 cunt
2089 1762 2147 1816 in
2203 1762 2424 1817 ratione
2470 1770 2784 1832 temporum
2838 1764 3159 1820 ordinanda
3187 1764 3307 1820 sive
3361 1764 3553 1821 histo—

1899 1850 2031 1918 rici,
2064 1851 2185 1905 sive
2214 1850 2570 1921 chronologi.
2604 1852 2675 1905 Ut
2716 1852 2870 1907 enim
2912 1853 3062 1909 inter
3093 1858 3312 1909 veteres
3349 1852 3556 1910 Fabius

1898 1939 2108 2007 Pictor,
2161 1940 2220 1993 L.
2268 1938 2534 2008 Cencius,
2574 1940 2648 1993 M.
2706 1939 2862 2006 Cato,
2911 1940 2971 1994 C.
3028 1941 3291 1997 Licinius
3344 1943 3551 2013 Macer,

1898 2028 1972 2081 Μ.
2003 2027 2307 2081 Terentius
2353 2027 2552 2095 Varro,
2597 2029 2657 2082 Τ.
2714 2029 3064 2098 Pomponius
3100 2028 3350 2091 Atticus,
3395 2029 3476 2084 ita
3522 2042 3554 2084 e

1900 2114 2322 2170 recentioribus
2337 2115 2750 2185 Cuspinianus,
2772 2117 3069 2188 Sigonius,
3094 2117 3426 2183 Panvinius,
3450 2117 3553 2171 Ba-

1899 2204 2121 2273 ronius,
2140 2205 2422 2272 Petavius,
2442 2205 2712 2261 Norisius
2725 2206 2982 2260 omnium
3001 2205 3552 2262 commendatissimi

1898 2292 2184 2364 colligunt
2208 2294 2464 2363 undique
2496 2293 2823 2348 testimonia
2841 2294 2911 2349 ad
2948 2293 3210 2349 notiones
3232 2299 3550 2363 temporum

1897 2394 1963 2437 ac
2010 2388 2298 2452 gestorum
2341 2381 2720 2437 stabiliendas
2776 2387 2836 2436 et
2881 2382 3246 2452 castigandas
3292 2400 3308 2447 ς
3360 2381 3439 2437 ita
3488 2387 3553 2437 ut

1896 2468 2147 2540 singulis
2171 2471 2357 2538 aptari
2392 2471 2575 2540 possit
2606 2472 2756 2542 quod
2788 2471 2859 2526 de
2888 2470 3246 2540 Cuspiniano
3279 2476 3552 2531 memorat

1891 2557 2478 2615 NicolausGerbelius
2501 2559 2559 2613 in
2580 2558 2913 2629 praefatione
2941 2560 3008 2613 ad
3046 2559 3301 2627 ejusdem
3325 2557 3543 2613 Fastos.

1891 2669 1918 2701 α
1959 2648 2217 2716 Collatis,
2268 2648 2481 2718 inquit,
2528 2648 2946 2704 vetustissimis
2984 2649 3294 2718 utriusque
3334 2646 3548 2719 linguae

1887 2737 2243 2802 auctoribus,
2298 2739 2348 2793 si
2397 2732 2543 2808 quos
2574 2738 2634 2792 in
2685 2737 2817 2793 istis
2863 2736 3254 2806 deprehendat
3298 2750 3543 2808 errores,

1886 2838 1982 2879 eos
2013 2827 2470 2882 moderatissime
2507 2826 2832 2898 castigavit.
2878 2826 3095 2881 Deinde
3128 2838 3259 2881 vero
3299 2838 3412 2896 qua
3444 2838 3547 2881 ra-

1888 2915 2063 2983 tione,
2087 2930 2199 2986 quo
2240 2916 2407 2971 modo
2422 2916 2819 2985 discrepantes
2837 2914 3304 2985 dissidentesque
3317 2912 3469 2970 inter
3482 2928 3545 2970 se

1884 3004 2238 3061 conciliandi
2267 3006 2384 3061 sint
2414 3023 2430 3074 ;
2456 3005 2594 3075 quid
2618 3005 2943 3060 addendum
2967 3005 3090 3073 uni,
3113 3003 3254 3074 quid
3272 3003 3545 3059 adimen-

1884 3092 2022 3148 dum
2052 3093 2244 3164 alteri,
2280 3093 2610 3149 incredibili
2642 3107 2780 3149 cura
2805 3093 3212 3164 industriaque
3240 3104 3543 3148 common-

1883 3181 2108 3237 stravit.
2155 3182 2434 3252 Quodque
2474 3181 2759 3253 singulari
2791 3195 2921 3237 cum
2952 3180 3246 3251 voluptate
3292 3180 3445 3251 leges
3485 3180 3537 3235 si

1881 3268 1984 3339 qui
2035 3269 2186 3324 inter
2228 3283 2288 3325 se
2316 3272 2734 3338 consenserint,
2785 3283 3018 3341 remque
3056 3268 3285 3326 tandem
3328 3267 3536 3323 iisdem

1880 3356 2069 3413 verbis
2098 3358 2488 3427 exposuerint,
2521 3372 2620 3414 eos
2649 3372 2846 3414 omnes
2878 3358 2938 3413 in
2969 3370 3138 3413 unam
3163 3354 3350 3412 'veluti
3378 3353 3537 3411 clas-

1878 3458 1993 3500 sem
2024 3445 2337 3512 contrahit,
2372 3445 2715 3518 colligitque
2741 3444 3190 3502 studiosissime.
3219 3443 3357 3512 qu
3383 3441 3537 3498 dili—

1875 3533 2065 3605 gentia
2096 3539 2374 3603 quantum
2408 3532 2553 3588 locis
2577 3532 2844 3589 obscuris
2874 3531 3311 3601 tenebrosisque
3346 3529 3532 3585 lucem

1871 3619 2087 3685 aﬂ‘erat,
2125 3626 2396 3689 quantam
2431 3620 2730 3675 intricatis
2758 3618 3103 3686 claritatem,
3140 3616 3535 3686 perspicuita-

1873 3716 2005 3773 tem,
2033 3706 2315 3773 confusis,
2343 3720 2508 3761 nemo
2530 3719 2662 3775 non,
2683 3706 2784 3776 qui
2810 3706 3085 3761 mediocri
3109 3707 3167 3759 in
3195 3703 3533 3772 litterisju-

1872 3794 2029 3849 dicio
2064 3793 2257 3862 pollet,
2287 3792 2585 3863 intelligit.
2609 3794 2885 3860 Breviter,
2920 3790 3071 3846 nihil
3105 3791 3528 3859 inexploratum

1874 3882 2135 3952 reliquit,
2163 3881 2421 3937 excussit
2450 3881 2644 3937 omnia
2674 3894 2801 3951 quae
2831 3878 2947 3935 sibi
2984 3880 3120 3935 usui
3152 3877 3348 3935 futura
3396 3893 3530 3936 cre-

1868 3971 2056 4027 debat.
2092 3970 2475 4026 Bibliothecas
2502 3969 2783 4039 plurimas
2820 3968 3385 4040 perlustravitznihil
3413 3975 3527 4025 tam

1871 4074 2086 4127 recens,
2120 4060 2268 4116 nihil
2290 4066 2403 4115 tam
2452 4064 2636 4129 vetus,
2663 4058 2813 4129 quod
2842 4071 2953 4114 non
2977 4070 3201 4114 summa
3217 4057 3522 4130 vigilantia

1869 4150 2356 4221 pervestigaverit.
2397 4147 2631 4204 Nullum
2665 4147 2900 4203 omnino
2944 4160 3146 4203 saxum
3182 4147 3526 4219 nullumque

1866 4244 2138 4315 lapidem,
2194 4242 2420 4297 nullum
2474 4237 2882 4309 triumphalem
2927 4250 3147 4307 arcum,
3194 4236 3358 4293 nulla
3406 4237 3524 4292 im-

1867 4339 2191 4405 peratorum
2238 4330 2446 4400 edicta,
2500 4328 2691 4384 nullas
2743 4338 3091 4383 marmorum
3150 4325 3316 4381 bases
3380 4327 3524 4381 nul-

1865 4425 1952 4479 los
2007 4422 2254 4493 parietes
2294 4426 2395 4477 aut
2462 4432 2660 4475 muros
2722 4416 3111 4488 praetermisit,
3177 4428 3247 4471 ex
3304 4416 3524 4487 quibus

1868 4527 1979 4568 non
2034 4511 2260 4583 titulos,
2322 4511 2751 4581 inscriptiones,
2798 4506 3094 4578 epitaphia
3144 4507 3522 4578 deprompse—

1865 4603 1962 4672 rit,
1991 4603 2165 4672 inque
2211 4600 2580 4656 doctissimos
2623 4599 2729 4655 hos
2769 4596 3215 4656 commentarios
3252 4601 3519 4654 transtu-

1862 4690 2013 4747 lét‘it.
2058 4708 2086 4741 n

1932 4782 2012 4837 Ex
2046 4783 2149 4838 hac
2197 4797 2328 4838 vero
2370 4783 2543 4839 tertia
2582 4783 2799 4855 regula,
2849 4783 2997 4839 viris
3038 4771 3402 4838 doctissimis
3434 4781 3517 4836 ita

1862 4871 2117 4943 probata,
2136 4873 2251 4929 duo
2267 4873 2622 4929 descendunt
2636 4872 2964 4941 corollaria,
2988 4871 3047 4926 in
3068 4883 3235 4926 usum
3249 4873 3513 4924 nostrum

1858 4961 1926 5017 ad
1938 4961 2162 5018 modum
2193 4960 2516 5032 profutura.

2353 5099 2648 5144 COROLLARI
2657 5099 2733 5141 ΟΜ
2761 5096 2999 5141 PRIMUM.

1926 5212 1978 5269 8.
2028 5213 2304 5269 Veritatis
2350 5210 2609 5267 historiae
2663 5207 3075 5264 indicationem
3107 5219 3232 5261 esse
3283 5205 3518 5277 perspi-

1856 5317 2018 5359 cuam
2047 5313 2389 5356 consensum
2418 5297 2697 5367 plurium,
2725 5297 2846 5351 sive
2869 5294 3220 5365 scriptorum
3248 5309 3318 5351 ex
3354 5294 3516 5366 peri—

1860 5389 2111 5447 tioribus
2143 5394 2199 5442 et
2227 5383 2683 5456 proximioribus
2709 5383 2833 5439 loco
2862 5396 2929 5439 ac
2956 5388 3230 5471 tempore,
3258 5385 3383 5440 sive
3402 5383 3517 5441 do—

1859 5487 2278 5543 cumentorum,
2336 5473 2417 5527 ita
2473 5471 2691 5541 pariter
2736 5471 3017 5541 afﬁnium,
3086 5473 3404 5541 praesertim
3462 5475 3512 5531 si

1860 5567 2088 5638 publica
2117 5561 2461 5620 auctoritate
2493 5568 2614 5616 tum
2658 5561 2970 5632 scriptores
3014 5558 3126 5633 illi,
3175 5568 3297 5620 tum
3326 5563 3516 5621 docu-

1857 5661 2046 5713 menta
2077 5650 2433 5710 muniantur.
