3942 6396
175 334 308 400 949
888 337 1257 402 HISTORIA
1300 341 1400 403 DE
1449 343 1650 406 WTIS
1696 345 1884 407 ROM.
1931 347 2164 409 PONT.
2199 383 2278 394 —
2306 350 2932 418 CONSTANTINUS.
3497 367 3615 426 930

346 485 745 551 purgatasque
783 470 1152 535 Ravennam
1198 494 1314 552 pro
1356 476 1485 537 suis
1529 477 1992 541 neiandissimis
2035 482 2214 542 factis
2251 482 2489 562 judicio
2535 487 2644 546 Dei
2687 487 2813 548 illic
2859 491 3220 570 turpissima
3267 503 3464 558 morte
3511 519 3614 560 oc-

267 585 310 650 5
347 583 593 648 cubuit.
643 587 948 666 Georgius
992 607 1140 650 vero
1184 592 1514 672 presbyter
1558 595 1819 675 Neapoli
1866 597 2116 658 relictus
2159 605 2276 673 est,
2324 606 2384 660 et
2429 603 2710 680 pontifex
2757 623 2900 665 cum
2961 608 3090 668 suis
3145 609 3422 672 Siciliam
3472 633 3615 693 per-

346 699 534 774 rexit,
584 701 693 764 ubi
734 701 1104 765 Theodorus
1149 707 1450 785 patricius
1493 711 1834 772 extraticus
1880 713 1961 793 (a)
2005 713 2310 792 languore
2368 717 2660 778 detentus
2717 740 3053 783 occurrens
3095 721 3418 804 pontifici,
3478 750 3610 792 ma-

346 834 474 895 gna
516 833 660 878 cum
707 819 1110 881 veneratione
1153 822 1436 884 salutans
1480 831 1669 904 atque
1713 827 2080 907 suscipiens,
2131 831 2442 892 medelam
2490 831 2759 911 adeptus
2804 842 2897 896 est
2941 839 3229 899 celerem.
3278 845 3482 921 Atque
3526 846 3618 906 in-

345 931 427 992 de
467 932 800 1010 egrediens
843 952 956 1014 per
997 935 1262 1014 Regium
1307 945 1371 998 et
1412 940 1774 1014 Cortonam,
1839 945 2267 1005 transfretavit
2330 947 2709 1027 Callipolim,
2761 951 2868 1011 ubi
2913 960 3200 1016 mortuus
3243 962 3338 1017 est
3395 959 3614 1022 Niceta

348 1028 708 1110 episcopus.
755 1033 916 1092 Dum
962 1052 1109 1094 vero
1154 1036 1470 1115 Hydrunti
1515 1057 1722 1098 moras
1768 1040 2023 1113 faceret,
2070 1062 2142 1103 eo
2189 1045 2357 1122 quod
2409 1045 2608 1106 hiems
2652 1056 2807 1122 erat,
2844 1051 2970 1110 illic
3015 1055 3289 1133 suscepit
3332 1056 3608 1135 sigillum

228 1142 306 1204 10
346 1141 676 1223 imperiale
719 1164 833 1225 per
874 1146 1360 1228 Theophanium
1406 1153 1854 1231 regionarium,
1903 1156 2233 1217 continens
2275 1159 2367 1219 ita,
2407 1165 2475 1218 ut
2518 1160 2628 1220 ubi
2677 1161 2757 1240 (ὑ)
2801 1163 3244 1228 denominatus
3287 1173 3610 1252 continge-

348 1265 446 1326 ret
491 1258 566 1341 (ε)
612 1261 919 1340 pontifex,
967 1281 1186 1325 omnes
1231 1265 1467 1344 iudices
1510 1267 1600 1328 ita
1641 1287 1786 1330 eum
1831 1269 2178 1332 honoriﬁce
2221 1275 2630 1352 susciperent,
2679 1279 2859 1356 quasi
2920 1280 3125 1358 ipsum
3190 1287 3604 1362 praesentiali-

349 1379 446 1436 ter
487 1374 938 1455 imperatorem
984 1378 1292 1440 viderent.
1343 1382 1521 1442 Unde
1563 1385 1797 1461 egressi
1842 1397 2054 1464 partes
2097 1387 2351 1448 Graeciaa
2394 1390 2848 1469 contingentes,
2898 1393 2961 1453 in
3017 1395 3222 1456 insula
3266 1417 3406 1476 quae
3451 1400 3606 1460 dici-

349 1496 454 1556 tur
496 1493 641 1554 Casa
682 1493 956 1556 occurrit
999 1494 1415 1574 Theophilius
1459 1499 1761 1576 patricius
1805 1502 2145 1562 extraticus
2189 1502 2274 1582 (d)
2319 1505 2853 1567 caravisianorum
2903 1508 2971 1588 (ρ)
3020 1529 3159 1569 cum
3208 1531 3451 1574 summo
3497 1515 3608 1576 ho-

345 1625 502 1670 nere
548 1625 692 1668 eum
737 1608 1031 1688 suscepit,
1081 1616 1144 1670 et
1184 1613 1572 1691 amplectens
1617 1621 1685 1674 ut
1727 1615 1920 1694 jussio
1965 1618 2351 1692 continebat,
2401 1620 2522 1680 iter
2565 1621 2835 1682 absolvit
2879 1643 3177 1703 peragere
3223 1634 3522 1706 coeptum.
3555 1636 3607 1693 A

223 1722 303 1784 15
349 1740 476 1803 quo
521 1721 661 1783 loco
707 1722 1080 1802 navigantes
1122 1735 1432 1789 venerunt
1488 1748 1526 1790 a
1579 1731 1848 1810 septimo
1909 1733 2202 1794 milliario
2245 1735 2896 1816 Constantinopolim;
2946 1739 3050 1799 ubi
3094 1760 3378 1818 egressus
3419 1745 3602 1804 Tibe-

346 1838 480 1900 rius
523 1838 891 1919 imperator,
938 1841 1104 1904 filius
1143 1843 1482 1906 Justiniani
1525 1847 1810 1925 Augusti,
1857 1865 2002 1908 cum
2047 1849 2326 1926 patriciis
2371 1855 2433 1909 et
2475 1852 2769 1912 omnibus
2813 1854 3082 1932 inclytis,
3133 1864 3195 1916 et
3237 1860 3434 1936 Cyrus
3488 1879 3602 1939 pa-

349 1952 629 2022 triarcha
671 1971 814 2014 cum
859 1954 1026 2016 clero
1070 1961 1134 2017 et
1175 1958 1394 2036 populi
1438 1960 1861 2036 multitudine,
1911 1981 2131 2023 omnes
2175 1963 2461 2024 laetantes
2505 1972 2567 2026 et
2608 1967 2774 2028 diem
2831 1970 3054 2030 festum
3109 1979 3388 2050 agentes.
3437 1978 3603 2035 Pon-

348 2069 502 2132 tifex
545 2074 755 2132 autem
801 2075 864 2132 et
905 2069 1043 2148 ejus
1088 2071 1389 2152 primates
1431 2092 1573 2134 cum
1619 2076 1949 2137 sellaribus
1991 2078 2446 2155 imperialibus,
2496 2081 2662 2141 sellis
2719 2089 2780 2142 et
2837 2084 3028 2144 frenis
3071 2086 3372 2147 inauratis
3416 2089 3600 2149 simul

349 2190 414 2248 et
455 2184 773 2268 mappulis
815 2185 1082 2264 ingressi
1124 2194 1273 2249 sunt
1314 2189 1656 2252 civitatem.
1715 2191 2112 2271 Apostolicus
2171 2195 2450 2272 pontifex
2508 2214 2651 2256 cum
2710 2199 3135 2278 Caumelaugo
3180 2202 3291 2280 (Γ),
3340 2210 3409 2263 ut
3450 2205 3600 2264 soli-

220 2301 306 2368 20
348 2305 450 2362 tus
493 2307 589 2368 est
631 2303 846 2366 Romae
890 2302 1254 2384 procedere,
1323 2322 1361 2364 a
1423 2306 1661 2385 palatio
1717 2326 2027 2386 egressus,
2074 2309 2135 2370 in
2201 2309 2511 2370 Placidias
2569 2331 2765 2392 usque
2824 2314 2934 2374 ubi
2991 2314 3256 2394 placitus
3312 2324 3447 2379 erat
3487 2318 3595 2399 (g),

347 2415 734 2498 properavit.

421 2539 596 2604 ιη
644 2534 926 2598 Domnus
969 2535 1182 2596 autem
1224 2534 1620 2596 Justinianus
1675 2535 2045 2616 imperator,
2107 2539 2371 2602 audiens
2429 2540 2566 2620 ejus
2627 2543 2994 2617 adventum,
3043 2564 3272 2624 magno
3335 2549 3607 2627 repletus

345 2647 605 2729 gaudio,
647 2667 689 2712 a
749 2651 959 2710 Nicaea
1017 2649 1328 2729 Bithynia:
1391 2653 1559 2712 misit
1600 2670 1845 2712 sacram
1893 2653 1970 2734 (lt)
2018 2655 2363 2733 gratiarum
2407 2657 2652 2718 actione
2716 2659 2968 2738 plenam
3027 2678 3040 2720 :
3104 2664 3181 2722 Et
3233 2668 3300 2722 ut
3354 2663 3604 2724 debuis-

340 2769 442 2826 set
487 2765 770 2846 pontifex
810 2783 1140 2826 occurrere
1196 2765 1648 2838 Nicomediam,
1710 2773 1774 2826 et
1830 2767 1963 2846 ipse
2021 2769 2235 2829 venire
2279 2770 2347 2849 (ι)
2392 2790 2429 2831 a
2487 2773 2712 2845 Nicaea,
2763 2774 2932 2852 quod
2975 2781 3039 2834 et
3076 2778 3314 2836 factum
3368 2783 3484 2837 est.
3534 2780 3604 2838 In

345 2879 449 2942 die
492 2886 704 2942 autem
748 2897 877 2959 qua
919 2899 983 2942 se
1026 2879 1295 2940 vicissim
1337 2879 1429 2960 (λ)
1471 2880 1785 2955 viderunt,
1834 2886 2156 2961 Augustus
2199 2885 2764 2950 Christianissimus
2824 2909 2966 2949 cum
3026 2909 3220 2968 regno
3279 2891 3342 2950 in
3398 2893 3604 2971 capite

270 2997 307 3058 5
350 3015 416 3057 se
462 2996 824 3076 prostravit,
873 2995 1063 3080 pedes
1105 2995 1395 3056 osculans
1438 2997 1776 3076 pontificis.
1821 2998 2059 3059 Deinde
2100 2999 2166 3058 in
2210 3001 2572 3079 amplexum
2635 3007 2924 3062 mutuum
2972 3003 3053 3083 (lc)
3095 3011 3487 3077 corruerunt,
3539 3011 3602 3065 et

349 3113 518 3174 facta
561 3116 656 3172 est
697 3111 916 3172 laetitia
958 3130 1192 3190 magna
1232 3111 1296 3171 in
1342 3112 1601 3191 pepulo,
1649 3113 1944 3173 omnibus
1985 3113 2432 3191 aspicientibus
2480 3121 2716 3176 tantam
2774 3116 3198 3177 humilitatem
3243 3118 3393 3177 boni
3436 3119 3604 3196 prin-

351 3227 529 3308 cipis.
578 3227 690 3294 Die
732 3246 880 3288 vero
925 3227 1254 3288 Dominico
1299 3228 1519 3288 missas
1563 3228 1927 3307 imperatori
1969 3230 2138 3303 fecit,
2186 3234 2246 3289 et
2289 3231 2763 3291 communicans
2806 3232 3098 3310 princeps
3149 3233 3229 3292 ab
3289 3231 3423 3310 ejus
3469 3251 3602 3293 ma-

351 3343 862 3425 nibus,-quoque
905 3342 1032 3403 suis
1075 3342 1316 3403 delictis
1360 3347 1428 3401 ut
1469 3341 1914 3420 deprecaretur
1959 3343 2318 3421 pontiﬁcem
2365 3345 2714 3422 postulans,
2761 3347 2976 3407 omnia
3019 3347 3348 3425 privilegia
3389 3348 3602 3408 Eccle-

344 3458 454 3518 siae
499 3457 848 3530 renovavit,
896 3462 1086 3537 atque
1129 3456 1593 3516 sanctissimum
1640 3475 1873 3537 papam
1917 3458 1995 3518 ad
2042 3459 2300 3537 propria
2361 3461 2590 3522 reverti
2653 3462 2944 3522 absolvit.
2994 3464 3291 3540 Egressus
3333 3463 3526 3541 igitur
3567 3483 3604 3524 a

223 3575 300 3638 10
345 3573 712 3636 Nicomedia
754 3572 1006 3638 civitate
1050 3573 1286 3634 crebris
1329 3572 1798 3633 valetudinibus
1855 3574 2142 3653 pontifex
2203 3575 2478 3648 attritus,
2541 3577 2820 3651 tandem,
2880 3579 3240 3656 sospitalem
3303 3582 3433 3639 Deo
3492 3578 3603 3638 tri-

342 3690 600 3777 buente,
646 3689 984 3754 incolumis
1027 3689 1108 3750 ad
1151 3695 1404 3770 portum
1451 3689 1680 3750 Caieta:
1726 3689 2030 3769 pervenit,
2071 3691 2177 3750 ubi
2219 3693 2572 3753 sacerdotes
2617 3699 2680 3753 et
2724 3693 3066 3754 maximam
3114 3695 3332 3773 populi
3375 3696 3603 3754 Roma-

341 3807 409 3874 ni
455 3806 688 3888 reperit
732 3805 1222 3879 multitudinem,
1269 3824 1342 3866 ac
1395 3805 1690 3866 vicesimo
1751 3811 1976 3886 quarto
2036 3807 2134 3867 die
2195 3809 2424 3868 mensis
2481 3809 2769 3871 Octobris
2826 3809 3171 3871 indictione
3229 3830 3290 3883 x,
3339 3813 3601 3870 Romam

346 3926 667 4002 ingressus
707 3927 823 3995 est,
871 3927 929 3983 et
975 3921 1180 3983 omnis
1223 3922 1495 4001 populus
1537 3921 1880 3982 exsultavit
1921 3928 2113 4001 atque
2161 3923 2414 3984 laetatus
2457 3932 2572 3985 est.

436 4045 598 4099 114
644 4037 757 4098 Hic
799 4037 948 4098 fecit
989 4037 1455 4100 ordinationem
1500 4036 1942 4116 episcoporum
1987 4037 2050 4097 in
2096 4038 2300 4098 eundo
2347 4046 2409 4099 et
2451 4041 2772 4100 redeundo
2819 4059 2928 4118 per
2971 4039 3218 4100 diversa
3263 4040 3403 4100 loca
3446 4040 3608 4119 epis-

359 4173 556 4235 copos
614 4153 969 4215 duodecim.
1033 4155 1182 4213 Post
1238 4171 1484 4213 menses
1527 4158 1738 4213 autem
1796 4153 1832 4212 3
1875 4153 2141 4232 lugubre
2203 4155 2494 4214 nuntium
2555 4155 2898 4234 personuit,
2975 4155 3145 4232 quod
3213 4155 3608 4215 Justinianus

344 4268 912 4330 Christianissimus
952 4267 1321 4346 imperator,
1369 4274 1432 4328 et
1473 4268 1868 4328 orthodoxus
1922 4268 2290 4348 imperator,
2351 4270 2700 4330 trucidatus
2744 4277 2855 4344 est,
2907 4275 2971 4328 et
3017 4269 3412 4348 Philippicus
3475 4268 3604 4328 hm-

348 4384 576 4446 reticus
618 4384 681 4444 in
725 4383 1036 4463 imperiali
1081 4389 1408 4464 promotus
1451 4389 1545 4444 est
1586 4402 1753 4457 arce,
1801 4383 1979 4463 cujus
2022 4389 2083 4445 et
2126 4403 2368 4444 sacram
2429 4404 2569 4445 cum
2631 4386 2808 4464 pravi
2868 4384 3180 4463 dogmatis
3237 4382 3602 4443 exaratione

259 4505 298 4562 5
348 4499 801 4562 Constantinus
843 4498 1139 4577 suscepit,
1186 4498 1294 4558 sed
1339 4517 1479 4558 cum
1526 4499 1889 4578 apostolicae
1945 4499 2109 4560 sedis
2166 4499 2424 4559 consilio
2485 4500 2740 4578 respuit.
2790 4498 2859 4579 (Ι)
2906 4498 3230 4577 Hujusquc
3276 4497 3363 4556 rei
3419 4515 3605 4556 causa

348 4617 483 4684 zelo
527 4616 673 4676 fidei
715 4634 1014 4680 accensus
1057 4614 1262 4675 omnis
1305 4621 1503 4677 coetus
1548 4618 1850 4676 Romana
1897 4616 2066 4676 urbis
2110 4616 2477 4694 imaginem,
2510 4635 2701 4695 quam
2748 4616 2946 4676 (ΞΓωοὶ
2991 4623 3310 4676 votaream
3357 4613 3457 4692 (νη)
3507 4631 3608 4670 vo-

349 4737 522 4806 eant,
566 4749 678 4794 sex
721 4731 1148 4793 continentem
1195 4735 1444 4790 sanctas
1487 4749 1560 4790 ac
1605 4730 1990 4790 universales
2032 4731 2328 4809 synodos,
2376 4731 2440 4790 in
2486 4729 2748 4791 ecclesia
2804 4729 2973 4789 beati
3034 4728 3200 4788 Petri
3245 4731 3608 4787 erexerunt.

347 4845 460 4910 Hie
503 4846 723 4908 refecit
765 4851 1064 4928 patenam
1107 4864 1394 4920 auream,
1439 4864 1702 4926 pensan.
1749 4845 1860 4906 lib.
1908 4845 2262 4906 duodecim.
2313 4847 2549 4906 Eodem
2595 4852 2879 4924 tempore
2946 4844 3119 4904 Felix
3179 4841 3611 4919 archiepisco-

350 4981 468 5042 pus
512 4965 847 5037 Ravennee,
897 4961 977 5022 ab
1022 4961 1240 5022 exsilio
1286 4960 1598 5034 reductus,
1652 4961 2027 5042 pwnitentia
2069 4967 2298 5033 motus,
2334 4961 2481 5021 licet
2523 4961 2849 5022 oculorum
2894 4956 3130 5018 lumine
3176 4956 3484 5036 privatus,
3530 4961 3618 5014 ta-

229 5080 310 5141 ιο
352 5097 495 5139 men
543 5078 624 5140 ad
668 5079 989 5158 propriam
1036 5077 1219 5140 rediit
1262 5078 1497 5150 sedem,
1548 5083 1611 5138 et
1653 5078 1838 5138 solita
1881 5096 2022 5157 quae
2067 5077 2147 5136 ab
2193 5077 2498 5137 universis
2540 5076 2603 5135 in
2649 5075 2877 5135 scrinio
2934 5073 3398 5153 Episcoporum
3459 5071 3621 5129 ﬁunt

353 5193 654 5269 indicula,
701 5199 765 5256 et
805 5193 952 5256 fidei
995 5193 1475 5275 expositionem,
1511 5199 1575 5254 et
1618 5193 1720 5254 hic
1763 5193 2082 5254 confessus
2126 5198 2240 5266 est,
2288 5193 2501 5270 sicque
2549 5188 3071 5252 reconciliationis
3117 5185 3470 5266 promeruit
3515 5184 3622 5244 ab-

355 5311 763 5374 solutionem.

1387 5513 1546 5560 NOTU
1555 5513 1637 5558 LE
1680 5511 2066 5558 MARGINALES
2110 5511 2433 5557 FABROTTI.

268 5733 350 5800 (a)
377 5734 436 5787 et
464 5727 776 5788 Straticus.
854 5729 930 5798 (ὑ)
963 5727 1319 5798 ubicunque.
1398 5731 1467 5796 (ιτ)
1501 5727 1825 5800 conveniret

2119 5732 2176 5781 et
2221 5725 2641 5800 Stratcgus_B._
2712 5724 2780 5800 (gf)
2831 5723 2893 5790 Β,
2945 5721 3475 5800 curavisianorum.

201 5789 570 5859 Camelauco.
648 5801 724 5872 (g)
769 5789 1175 5872 hospitaturus
1202 5789 1366 5854 ‘erat.
1405 5789 1412 5796 ’
1445 5789 1522 5869 (h)
1565 5799 1896 5870 epistolam.
1975 5789 2324 5868 (ifveniret.
2522 5797 2584 5862 B,
2627 5789 2893 5850 inviCexn.
2977 5795 3052 5866 (Ir)
3095 5799 3317 5849 metuo.
3399 5793 3458 5858 (Ι)
3512 5789 3636 5846 Vide

446 5872 518 5938 ad
545 5887 682 5930 ann.
716 5873 936 5936 Domini
961 5873 1087 5930 ³711.
1164 5873 1266 5940 (m)
1300 5886 1672 5943 pancaream.
