3950 6432
363 328 470 385 243

829 471 1205 513 COROLLARIUM
1231 474 1535 516 SECUNDUM.

441 547 826 602 Indicationes
855 554 910 600 et
940 561 1254 604 consensus
1283 565 1455 619 supra
1488 551 1772 606 indicatos
1804 548 2011 604 habere

367 636 480 690 vim
516 635 817 690 maximam
847 637 1271 692 rationabiliter
1290 639 1609 709 castigandi
1632 645 1801 708 atque
1831 652 2013 692 emen-

367 723 540 777 dandi
583 725 837 792 exempla
871 727 1159 793 posterius
1197 727 1506 796 descripta,
1546 727 1643 782 ubi
1671 741 1704 780 a
1731 739 2013 781 consensu

368 817 679 866 memorato
708 813 992 866 recedant.

437 898 819 954 Corollarium
873 905 1199 970 utrumque,
1236 907 1300 956 ut
1351 915 1452 972 ego
1496 901 1766 964 arbitror,
1809 915 2016 970 quem-

365 986 742 1042 admodumet
777 987 990 1058 regula,
1022 1001 1132 1042 non
1161 989 1382 1059 indiget
1407 990 1762 1060 argumentis
1785 995 1848 1044 ut
1877 1002 2017 1057 pro-

370 1077 560 1142 betur,
595 1077 689 1130 sed
725 1082 942 1130 tantum
975 1077 1251 1145 exemplis
1283 1085 1346 1132 ut
1371 1084 1707 1146 exponatur.
1747 1079 2016 1132 Sexcenta

369 1170 694 1230 occurrent,
709 1162 1082 1219 utGerbelius
1101 1163 1413 1233 indicabat,
1430 1165 1488 1218 in
1505 1164 1878 1232 Cuspiniano,
1893 1177 2020 1218 con-

373 1266 601 1308 sensum
634 1253 959 1306 attendente
991 1253 1046 1306 in
1070 1252 1524 1321 proximioribus
1549 1258 1604 1307 et
1622 1252 2018 1322 peritioribus,

371 1343 442 1396 ad
469 1341 862 1396 conciliandos
875 1341 992 1396 sive
1009 1341 1386 1396 emendandos
1405 1342 1642 1396 remotio
1653 1355 1737 1396 res
1757 1347 1812 1395 et
1839 1341 2027 1409 impe—

373 1429 624 1497 ritiores,
673 1437 790 1484 tum
835 1443 903 1484 ex
945 1429 1298 1496 auctoribus,
1333 1436 1452 1484 tum
1485 1443 1552 1484 ex
1597 1429 1876 1498 librariis,
1925 1429 2025 1498 qui

377 1519 742 1574 dissentiant.
773 1521 966 1587 Neque
1009 1517 1394 1588 infrequentia
1428 1518 1595 1572 nobis
1633 1523 1936 1572 occurrent
1965 1518 2024 1570 in

377 1607 599 1660 caeteris
625 1619 794 1675 supra
818 1607 1068 1660 laudatis
1094 1607 1494 1676 scriptoribus,
1523 1607 1571 1662 si
1605 1607 1796 1661 lubeat
1819 1619 1887 1661 ex
1908 1608 2030 1660 No-

379 1694 620 1748 risianis
639 1693 924 1763 Operibus
943 1695 1168 1750 unicam
1192 1695 1490 1764 epistolam
1509 1694 1865 1750 consularem
1892 1707 2027 1760 per-

1133 338 1228 392 AD
1270 339 1704 395 ANASTASIUM
1745 339 2259 397 PROLEGOMENA
2315 343 2488 397 EDIT.
2546 339 2950 395 ROM—VATIC.

3652 334 3756 394 2η

2034 458 2092 517 Α
2120 468 2216 518 tus
2241 465 2294 519 S.
2321 465 2547 518 Damasi
2584 476 2738 533 papae
2761 461 3080 532 inquirenti
3108 460 3404 516 sententia:
3424 461 3555 516 dua:
3580 461 3640 516 in
3665 459 3760 515 illa

2121 554 2520 608 constituenda
2553 551 2704 607 inter
2727 565 2786 606 se
2811 549 3224 605 discredantes.
3248 548 3482 604 Asserat
3507 561 3620 604 una
3637 561 3763 603 cum

2124 641 2534 695 vetustissimis
2567 637 3048 710 inscriptionibus
3075 651 3140 692 ac
3161 637 3408 706 picturis
3433 635 3688 692 basilicae.
3711 637 3760 690 S.

2121 729 2308 794 Pauli,
2340 737 2394 783 et
2421 744 2548 784 cum
2579 728 2864 799 Catalogis
2895 726 3010 782 fere
3039 725 3330 792 omnibus,
3366 725 3688 794 historicis,
3715 729 3768 779 et

2121 816 2511 888 chronol0gis,
2542 818 2602 872 Β.
2629 819 2932 871 Damasum
2965 815 3182 870 sedisse
3210 827 3391 869 annos
3413 827 3579 882 xvnt,
3608 826 3769 868 men-

2123 917 2212 958 ses
2239 918 2300 970 ιι,
2329 904 2453 959 dies
2480 919 2559 958 ιιι.
2593 904 2782 959 Altera
2813 916 2942 958 vero
2972 902 3274 970 sententia,
3308 900 3556 956 subnixa
3594 898 3772 956 forsi-

2125 999 2237 1046 tam
2271 993 2442 1047 unico
2467 993 2556 1048 illi
2599 992 2884 1062 CataIOgo,
2927 1003 3092 1060 quem
3115 989 3558 1045 Sehelestratius
3580 1001 3775 1044 secun—

2127 1080 2264 1134 dum
2303 1081 2551 1150 appellat
2583 1082 2731 1135 inter
2761 1094 2856 1136 eos
2887 1093 3030 1150 quos
3075 1077 3349 1148 produxit
3389 1083 3540 1132 tomo
3590 1077 3776 1146 primo

2129 1169 2515 1238 Antiquitatis
2554 1169 2838 1233 Ecclesiae,
2865 1167 3264 1222 tribuitannos
3279 1179 3426 1234 ιιιιιι,
3444 1178 3668 1220 menses
3688 1177 3776 1231 ιιι,

2130 1257 2256 1312 dies
2287 1271 2368 1326 ιιι,
2421 1258 2506 1312 vel
2556 1271 2624 1312 ex
2661 1256 2893 1312 Baronii
2933 1254 3209 1325 suﬁ'ragio
3267 1267 3488 1310 menses
3535 1268 3606 1320 ιι,
3653 1253 3779 1308 dies

2134 1359 2293 1400 xxvu
2323 1359 2494 1414 supra
2525 1359 2705 1400 annos
2736 1359 2876 1414 xvn,
2904 1357 3046 1415 quos
3077 1343 3167 1398 illi
3201 1343 3383 1414 placet
3413 1344 3493 1398 ita
3523 1341 3782 1396 breviare

2134 1448 2204 1490 ex
2238 1448 2375 1488 xvtu
2401 1433 2626 1496 solidis,
2658 1433 2970 1503 assignatis
2995 1445 3028 1486 a
3055 1431 3110 1486 S.
3139 1432 3483 1502 Hieronymo
3501 1436 3558 1486 et
3582 1443 3617 1485 a
3639 1430 3784 1484 Pro-

2137 1537 2320 1591 spero,
2353 1523 2672 1592 aaqualibus
2716 1524 2972 1590 Damaso,
3002 1525 3065 1576 ut
3097 1521 3156 1576 in
3204 1520 3435 1576 Maximi
3473 1517 3787 1588 praefectu—

2135 1625 2257 1664 ram
2278 1625 2463 1666 annus
2478 1609 3092 1678 initiationisejusdem
3106 1607 3331 1664 Damasi
3357 1608 3597 1676 incidat,
3621 1619 3788 1662 secus

2132 1699 2484 1768 judicaturo,
2532 1699 2582 1752 si
2628 1697 3040 1752 observavisset
3083 1695 3255 1767 (quod
3298 1695 3402 1750 alii
3438 1695 3610 1766 paulo
3660 1699 3788 1765 post

380 1797 630 1838 currere.
665 1785 870 1840 Verum
903 1797 967 1838 ex
1002 1783 1092 1837 his
1124 1784 1544 1853 Prolegomenis
1595 1783 1810 1838 nostris
1844 1781 2025 1850 placet
2059 1781 2111 1841 B
2138 1788 2486 1843 adnotarunt
2515 1787 2570 1840 in
2602 1786 2948 1841 membranis
2976 1783 3372 1856 prmfectorum
3404 1783 3576 1839 Urbis
3601 1797 3635 1838 a
3665 1784 3788 1838 Bu—

381 1873 701 1942 exemplum
736 1873 1011 1939 mutuari,
1042 1878 1104 1927 ut
1139 1872 1362 1940 judicet
1390 1872 1660 1926 cordatus
1687 1871 1864 1926 lector
1890 1883 2026 1923 num

383 1961 566 2016 tertize
587 1961 758 2030 hujus
774 1961 983 2032 regula:
999 1962 1235 2030 ejusque
1255 1962 1614 2016 corrollariis
1631 1959 1901 2016 assentiri
1922 1972 2034 2013 ne--

381 2063 535 2105 cosse
561 2050 658 2104 sit.

451 2139 634 2208 Hujus
678 2140 872 2209 itaque
897 2139 1106 2209 regula:
1138 2139 1320 2194 tertiae
1354 2140 1534 2194 ductu
1560 2151 1732 2208 supra
1775 2139 1830 2192 in
1877 2135 2030 2190 notis

381 2227 450 2282 ad
499 2227 930 2298 chronologiam
969 2227 1223 2298 Catalogi
1276 2227 1657 2282 Romanorum
1694 2227 2028 2296 pontiﬁcum

381 2317 692 2370 conciliare
731 2321 970 2371 conatus
997 2330 1119 2370 sum
1151 2328 1282 2370 cum
1312 2315 1566 2369 Victorio
1613 2315 1902 2384 Aquitano
1929 2326 2031 2367 ve—

382 2409 531 2458 teres
561 2405 772 2462 Patres.
805 2409 861 2456 et
890 2403 1134 2470 mqualia
1163 2403 1526 2468 documenta,
1561 2402 1620 2455 in
1651 2402 1862 2468 epocha
1895 2413 2034 2469 pas—

385 2491 571 2546 sionis
612 2490 828 2545 Christi
879 2489 1168 2559 alliganda
1227 2503 1357 2543 cum
1409 2503 1558 2543 anno
1613 2489 1870 2558 vulgaris
1907 2503 2034 2543 trra:

381 2579 724 2632 Christianae
753 2576 824 2631 28
853 2582 908 2631 et
952 2591 1081 2632 cum
1120 2576 1349 2632 duobus
1379 2577 1640 2631 Geminis
1669 2576 2027 2632 consulibus.

380 2665 495 2721 Cur
523 2666 677 2719 enim
732 2666 791 2718 in
845 2665 1094 2720 Romana
1142 2665 1540 2736 chronologia,
1584 2671 1694 2721 tam
1741 2667 2030 2721 consulari

384 2767 555 2825 quam
586 2754 858 2821 Caesarea,
883 2768 1101 2809 necnon
1135 2755 1448 2823 pontiﬁcia,
1475 2769 1570 2810 eos
1595 2757 1768 2812 duces
1791 2770 1901 2812 non
1934 2771 2030 2812 se—

387 2855 612 2912 querer,
644 2841 728 2896 vel
779 2843 1080 2912 Romanos,
1127 2843 1212 2897 vel
1261 2845 1658 2913 provinciales,
1705 2845 1802 2916 qui
1835 2859 2034 2915 :equa-

384 2930 530 2986 lium
558 2943 791 2986 suorum
810 2930 1035 2999 judicio
1064 2938 1394 3000 praestarent
1423 2933 1646 2988 caeteris
1669 2934 1726 2988 in
1753 2933 2037 3004 colligen-

383 3017 480 3074 dis
507 3024 678 3088 atque
708 3019 1048 3074 ordinandis
1073 3020 1506 3076 characteribus
1529 3027 1844 3090 temporum
1875 3022 1902 3075 ‘?
1922 3024 2037 3076 Aut

2138 1875 2336 1930 cherio
2366 1875 2558 1941 editis,
2591 1879 2646 1928 et
2684 1874 2752 1928 ad
2780 1874 3052 1929 saeculum
3083 1873 3309 1928 Damasi
3345 1868 3792 1943 pertinentibus)

2141 1963 2436 2034 praefectos
2455 1960 2591 2018 Urbi
2626 1976 2736 2018 non
2767 1977 2834 2017 ex
2861 1961 3134 2018 Kalendis
3160 1962 3420 2017 Januarii
3453 1974 3550 2031 per
3570 1971 3790 2014 annum

2139 2053 2412 2120 solidum,
2439 2052 2522 2108 uti
2550 2051 2814 2108 consules
2837 2053 3144 2122 ordinarii,
3176 2051 3271 2106 sed
3299 2065 3366 2106 ex
3389 2048 3652 2121 qualibet
3682 2060 3795 2103 an—

2141 2141 2201 2196 ni
2233 2143 2328 2197 die
2359 2141 2425 2196 ad
2459 2147 2701 2212 tempus,
2748 2156 2850 2212 pro
2883 2143 3168 2198 arbitratu
3201 2141 3610 2210 imperatorum
3644 2133 3799 2192 deﬁ-

2141 2229 2416 2283 niendum
2446 2230 2516 2284 ad
2550 2244 2769 2284 menses
2806 2229 2998 2298 plures
3038 2229 3122 2284 vel
3155 2229 3476 2298 pauciores,
3520 2225 3680 2280 intra
3710 2220 3798 2278 vel

2143 2316 2297 2371 ultra
2321 2317 2457 2372 anni
2489 2324 2684 2384 metas,
2721 2317 3118 2386 magistratum
3144 2317 3412 2385 gessisse.

2215 2404 2519 2458 Sententia
2551 2404 2746 2472 itaque
2771 2404 2919 2469 duae,
2947 2404 3033 2458 vel
3064 2403 3236 2457 etiam
3284 2402 3498 2472 plures,
3546 2401 3691 2457 licet
3739 2401 3799 2456 in

2143 2504 2366 2546 summa
2405 2492 2483 2546 ita
2512 2492 2829 2559 discordes,
2873 2497 3121 2546 attamen
3171 2491 3230 2546 in
3267 2503 3381 2546 uno
3411 2504 3479 2545 ex
3524 2491 3802 2547 terminis

2144 2593 2424 2636 summam
2467 2579 2788 2645 claudente,
2835 2579 2932 2634 die
2961 2579 3185 2634 scilicet
3213 2583 3270 2634 et
3298 2591 3448 2633 anno
3477 2577 3800 2634 emortuali

2143 2670 2199 2723 B.
2230 2669 2480 2738 Damasi,
2514 2683 2738 2725 necesse
2781 2673 2867 2723 est
2903 2675 2966 2724 ut
2995 2667 3376 2724 conveniant:
3411 2680 3537 2737 quae
3557 2666 3693 2722 dies
3719 2667 3799 2722 sit

2145 2757 2204 2813 Η
2253 2758 2598 2828 Decembris,
2649 2757 2939 2813 Recimere
2991 2763 3046 2811 et
3095 2757 3368 2812 Clearcho
3424 2769 3600 2824 coss.,
3672 2771 3800 2814 serae

2143 2848 2360 2903 Christi
2391 2849 2712 2904 communis
2741 2844 2863 2903 384.
2899 2848 3055 2902 Diem
3097 2847 3249 2902 enim
3281 2846 3657 2916 comprobant
3686 2848 3802 2902 Ec—

2145 2939 2334 2994 clesiae
2366 2937 2670 3003 tabularia,
2702 2943 2759 2992 et
2789 2937 3030 2992 rituales
3061 2935 3222 3004 libri,
3252 2935 3656 3006 Martyrologia
3689 2937 3800 2992 Be—

2146 3029 2251 3084 dae.
2285 3026 2550 3090 Usuardi,
2599 3024 2836 3086 Adonis,
2866 3024 3080 3094 quibus
3109 3024 3395 3079 consentit
3423 3024 3710 3080 Baronius
3739 3023 3800 3078 in

386 3121 493 3164 cur
548 3121 660 3163 non
713 3107 989 3163 deferrem
1051 3124 1164 3178 prae
1220 3111 1346 3166 suis
1407 3111 1727 3180 aequalibus
1780 3111 2034 3166 Victorio
2066 3101 2116 3167 Ο
2149 3116 2422 3183 Romano,
2458 3114 2593 3168 licet
2623 3127 2798 3169 unum
2849 3113 2934 3168 vel
2965 3112 3208 3168 alterum
3256 3111 3509 3167 retrahat
3541 3112 3610 3167 ad
3642 3112 3799 3167 diem

385 3195 676 3265 Aquitano
709 3196 767 3249 in
817 3210 929 3252 tera
971 3198 1264 3254 Paschatis
1303 3213 1367 3254 ac
1399 3199 1686 3268 passionis
1724 3199 2037 3253 Dominicae

388 3281 758 3352 stabilienda,
810 3298 938 3339 cum
990 3285 1142 3340 hunc
1187 3287 1375 3356 ipsum
1425 3287 1722 3341 videamus
1764 3286 2036 3340 selectum

384 3369 611 3439 judicio
647 3373 893 3428 duorum
939 3375 1272 3444 pontiﬁcum
1311 3376 1691 3430 Romanorum
1723 3373 1924 3444 (Hilari
1974 3385 2039 3426 ac

387 3459 592 3514 Leonis
617 3460 826 3532 Magni)
850 3462 918 3517 ad
968 3462 1244 3518 rationem
1292 3469 1611 3533 temporum
1657 3461 2036 3518 ordinandam

385 3546 440 3600 ei
475 3547 907 3604 instaurandam
937 3551 966 3603 ?

906 3693 1183 3748 REGULA
1212 3694 1511 3762 QUARTA.

455 3817 510 3874 9.
542 3817 755 3886 Quarta
785 3820 980 3890 regula
1024 3818 1412 3888 chronologiaa
1465 3819 1876 3874 concinnanda:
1930 3820 2045 3875 erit

391 3914 716 3963 commentus
765 3915 1080 3978 temporum,
1114 3907 1183 3960 ab
1215 3909 1487 3961 historicis
1518 3908 1854 3962 documentis
1888 3909 2046 3961 indi—

389 4005 652 4066 catorum,
702 4013 822 4050 cum
853 3997 1041 4049 diebus
1091 3997 1339 4062 legitimis
1384 4014 1417 4049 α
1441 3997 1574 4064 jure
1625 3999 1932 4051 constitutis
1973 3998 2049 4050 ad

392 4102 456 4140 ea
492 4086 810 4154 peragenda
841 4102 962 4154 qua
1003 4090 1155 4152 gesta
1183 4090 1568 4139 memorantur.
1617 4086 1890 4156 Regulam
1941 4086 2050 4139 de—

394 4174 574 4229 claret
601 4173 940 4242 exemplum.

464 4263 598 4318 Dies
646 4262 939 4333 legitimus
969 4275 1259 4318 sacrarum
1293 4262 1747 4330 ordinationum,
1807 4273 2052 4330 praeser—

396 4354 500 4408 tim
555 4351 990 4421 episcopalium,
1048 4350 1163 4405 fuit
1209 4351 1380 4404 etiam
1427 4349 1724 4418 prioribus
1781 4348 2051 4404 Ecclesia

2150 3201 2216 3257 40
2258 3201 2585 3256 Decembris
2627 3202 2778 3270 apud
2826 3201 3242 3257 Florentinum.
3292 3199 3520 3255 Annum
3561 3214 3700 3256 vero
3747 3205 3802 3255 et

2147 3291 2414 3345 consules
2443 3290 2786 3344 Recimerem
2817 3295 2873 3344 et
2891 3288 3226 3344 Clearchum
3247 3287 3447 3344 retulit
3475 3287 3533 3342 in
3561 3286 3803 3342 Chroni-

2149 3393 2278 3433 cum
2311 3392 2477 3434 suum
2505 3380 2762 3447 Prosper,
2796 3378 2898 3448 qui
2928 3383 3064 3433 tunc
3096 3376 3399 3432 scribebat.
3435 3378 3514 3432 Ex
3543 3376 3642 3432 die
3683 3374 3803 3445 igi-

2149 3472 2248 3522 tur
2305 3463 2362 3520 M
2407 3465 2734 3522 Decembris
2783 3467 2920 3521 anni
2973 3466 3190 3522 Christi
3244 3463 3350 3520 384
3402 3463 3803 3521 recedentibus

2150 3554 2317 3612 nobis
2363 3557 2420 3610 in
2453 3556 2752 3624 superiora
2780 3561 3030 3624 tempora
3058 3568 3157 3624 per
3175 3567 3356 3609 annos
3387 3553 3606 3609 solidos
3635 3563 3800 3619 xvut,

2151 3659 2371 3699 menses
2403 3659 2464 3711 ιι,
2499 3644 2625 3699 dies
2651 3657 2707 3709 x,
2737 3645 2903 3712 juxta
2936 3643 3188 3714 priorem
3219 3642 3561 3698 sententiam
3587 3641 3802 3697 Roma—

2154 3734 2248 3788 nis
2277 3733 2663 3788 monumentis
2697 3733 2977 3793 innixam.
3016 3731 3320 3802 colligitur
3347 3731 3473 3786 dies
3498 3729 3802 3798 susceptia

2154 3823 2392 3876 Damaso
2425 3822 2795 3890 pontiﬁcatus
2828 3820 3088 3876 incidens
3129 3820 3188 3874 in
3221 3819 3502 3875 Kalendas
3537 3815 3804 3872 Octobris

2154 3911 2370 3965 Christi
2397 3923 2547 3964 anno
2573 3907 2696 3976 366,
2737 3911 3015 3965 Gratiano
3057 3914 3115 3964 et
3136 3908 3454 3979 Daglaipho
3495 3919 3644 3962 coss.
3681 3905 3806 3960 Lit-

2160 4005 2278 4053 tera
2300 3997 2678 4052 Dominicalis
2703 3999 2747 4050 A
2775 3997 3030 4065 ejusdem
3059 3997 3197 4052 anni
3223 3996 3579 4051 demonstrat
3607 3993 3808 4048 Kalen-

2158 4089 2261 4143 das
2303 4085 2585 4144 Octobris,
2621 4084 2833 4154 quibus
2859 4085 3020 4140 aﬁixa
3051 4091 3157 4154 est,
3192 4085 3407 4154 pariari
3434 4097 3564 4139 cum
3603 4081 3806 4138 Domi-

2161 4176 2290 4229 nica
2319 4175 2454 4240 die;
2483 4187 2608 4242 quae
2634 4189 2761 4228 cum
2785 4174 2864 4228 sit
2886 4181 3016 4244 apta
3043 4172 3462 4230 consecrationi
3492 4166 3803 4240 episcopali

2156 4265 2320 4332 juxta
2354 4262 2502 4331 leges
2525 4275 2817 4318 sacrorum
2848 4276 3151 4330 canonum,
3177 4267 3394 4332 quarta:
3417 4261 3554 4316 huic
3575 4257 3804 4330 regulae,

2161 4350 2229 4404 ad
2281 4349 2712 4420 chronologiam
2757 4351 3124 4420 pontiﬁciam
3153 4348 3579 4420 dirigendama
3635 4344 3803 4402 nobis

393 4440 736 4496 Christiana:
761 4438 994 4493 saeculis
1033 4439 1158 4493 dies
1204 4437 1561 4503 Dominicus,
1611 4441 1738 4504 post
1761 4437 2048 4504 jejunium
2083 4441 2136 4500 D
2161 4439 2458 4506 adhibitae,
2488 4440 2905 4494 ﬁrmamentum
2931 4445 3180 4508 praestat.
3227 4440 3490 4494 Mutuum
3514 4449 3648 4492 vero
3674 4447 3808 4505 prte-

394 4535 451 4583 et
505 4529 739 4599 vigilias
790 4527 1043 4594 Sabbati,
1117 4525 1593 4594 quemadmodum
1667 4525 2050 4594 comperimus

395 4623 518 4672 tum
549 4631 616 4672 ex
663 4617 926 4672 doctrina
970 4628 1271 4680 canonum,
1319 4618 1442 4667 tum
1499 4627 1568 4668 ex
1612 4615 1817 4668 Leonis
1860 4615 2049 4685 Magni

398 4706 781 4762 sermonibus.
814 4705 871 4760 Si
908 4718 1020 4774 qua
1055 4704 1236 4774 igitur
1264 4703 1651 4771 discrepantia
1683 4704 1764 4758 sit
1793 4705 1852 4757 in
1879 4704 2054 4758 Cata—

399 4796 548 4866 logis
577 4795 846 4864 epocham
895 4793 1148 4862 alicujus
1179 4792 1472 4862 pontiﬁcis
1513 4791 1896 4846 diversimode
1927 4799 2054 4846 sta-

399 4885 717 4952 tuentibus,
766 4883 984 4938 indicio
1018 4884 1192 4951 hujus
1235 4882 1465 4952 regulae,
1509 4881 1665 4936 illam
1701 4883 2048 4950 praetulerim

398 4973 828 5037 chronologiam
886 4971 1130 5042 (caeteris
1157 4970 1410 5040 paribus)
1460 4983 1587 5038 quae
1626 4969 2048 5024 ordinationem

397 5062 598 5133 alliget
624 5063 883 5132 legitimo
913 5061 1192 5132 tempori;
1220 5059 1466 5128 reliquis
1487 5072 1638 5127 vero,
1667 5072 1792 5127 quae
1822 5059 2044 5112 consti-

398 5155 524 5206 tuta
543 5165 574 5206 a
608 5150 922 5220 majoribus
954 5157 1206 5220 tempora
1239 5151 1299 5206 in
1320 5147 1683 5205 ordinatione
1707 5153 2044 5217 pervertant,

399 5240 638 5294 minime
685 5239 876 5307 ﬁdam,
909 5239 1024 5294 nisi
1073 5237 1312 5294 aliunde
1354 5237 1682 5292 constiterit
1727 5236 2051 5307 perspicuis

397 5327 756 5382 documentis
776 5328 1107 5396 derOgatum
1128 5325 1308 5382 fuisse
1329 5325 1731 5380 consuetudini
1753 5332 1808 5380 et
1828 5325 2055 5396 legibus

396 5427 678 5470 canonum
712 5415 1048 5470 rationabili
1080 5428 1150 5468 ex
1171 5426 1345 5469 causa
1375 5427 1472 5482 per
1495 5427 1590 5468 eos
1613 5415 1710 5483 qui
1735 5413 2054 5485 derOgandi

399 5507 676 5570 potestate
703 5493 1006 5570 pollerent.

468 5586 554 5644 10.
577 5590 980 5657 Proponantur
998 5589 1192 5660 itaque
1221 5591 1364 5647 mihi
1391 5593 1461 5648 de
1490 5593 1704 5663 epocha
1731 5593 2052 5664 pontiﬁca-

2161 4528 2376 4582 sidium
2405 4529 2601 4598 regula
2621 4527 2844 4584 confert
2864 4529 2932 4583 ad
2958 4542 3077 4583 eam
3109 4527 3352 4596 priorem
3376 4524 3805 4596 chronol0giam

2162 4616 2528 4684 pontiﬁcatus
2573 4619 2801 4672 Damasi
2851 4615 3251 4686 praeferendam
3297 4613 3580 4681 secundae,
3627 4612 3807 4668 eidem

2160 4704 2478 4774 assignanti
2501 4718 2681 4760 annos
2704 4719 2844 4774 xvn,
2881 4719 3099 4760 menses
3127 4718 3213 4772 ιιι,
3242 4703 3368 4759 dies
3398 4716 3480 4772 ιιι,
3501 4714 3633 4756 cum
3655 4699 3807 4770 prior

2163 4793 2264 4848 illa
2294 4793 2444 4848 diem
2487 4794 2802 4864 legitimam
2834 4794 3092 4864 assignet
3127 4791 3484 4848 ordinationi
3516 4808 3531 4860 ;
3563 4787 3808 4866 secunda

2160 4896 2290 4939 vero
2315 4883 2510 4938 feriam
2536 4897 2613 4950 v1,
2639 4883 2744 4938 hoc
2761 4889 2845 4938 est
2869 4882 3288 4938 consecrationi
3326 4879 3563 4934 minime
3581 4885 3806 4948 aptam;

2161 4985 2286 5042 quae
2314 4965 2429 5026 fuit
2450 4971 2682 5028 Kalend.
2713 4970 3061 5040 Septembris
3085 4971 3223 5025 anni
3243 4965 3350 5024 367
3389 4985 3400 5021 :
3431 4967 3582 5023 unde
3609 4977 3809 5022 nume—

2100 5083 2108 5090 ε
2159 5069 2426 5117 rarentur
2453 5063 2521 5117 ad
2555 5062 2707 5117 diem
2737 5060 2796 5116 Η
2829 5061 3159 5116 Decembris
3183 5056 3290 5114 384
3312 5057 3450 5112 anni
3478 5069 3623 5124 xvu,
3651 5065 3808 5110 men—

2159 5163 2248 5205 ses
2278 5164 2364 5219 ιιι,
2411 5151 2536 5204 dies
2567 5163 2645 5204 χι.
2687 5151 2959 5205 Praeterea
2988 5149 3040 5204 si
3079 5153 3276 5204 octavo
3331 5145 3614 5201 Kalendas
3641 5142 3810 5198 Octo—

2163 5237 2284 5293 bris
2340 5239 2744 5293 mortalitatem
2788 5238 2954 5292 exuit
2999 5235 3262 5292 Liberius
3287 5233 3373 5306 (ut
3418 5235 3478 5288 in
3521 5230 3717 5288 libello
3742 5227 3806 5283 ad

2163 5327 2544 5382 Theodosium
2603 5331 2886 5382 testantur
2927 5325 3240 5381 Faustinus
3287 5329 3344 5379 et
3395 5319 3805 5387 Marcellinus),

2168 5415 2416 5486 profecto
2441 5417 2566 5471 dies
2594 5415 2853 5486 legitima
2882 5413 3238 5470 successoris
3279 5411 3530 5482 eligendi
3567 5420 3810 5478 praever—

2164 5512 2284 5560 tere
2304 5517 2415 5560 non
2444 5505 2633 5574 potuit
2661 5518 2782 5559 eam
2811 5509 3049 5559 mortem
3068 5501 3278 5559 diebus
3307 5513 3476 5556 mu.
3501 5499 3724 5554 Rursus
3753 5493 3808 5547 in

2163 5605 2228 5648 eo
2259 5591 2456 5648 libello
2486 5591 2862 5661 consignatur
2880 5589 3078 5646 obitus
3093 5586 3312 5645 Liberii
3334 5585 3614 5643 Gratiano
3629 5590 3686 5642 et
3699 5583 3810 5636 Da—
