3942 6404
355 353 474 412 975
1507 345 1920 407 ANASTASII
1964 346 2039 405 Bl
2055 342 2628 405 BLIO’I‘llECAllII.
3660 338 3802 403 976

439 487 476 545 5
520 503 671 546 cura
715 483 800 565 (α)
826 481 1179 555 commissa,
1207 479 1433 541 deinde
1456 476 1535 541 ad
1580 478 1952 541 diaconatus
1996 477 2279 540 ordinem
2327 481 2659 557 provectus
2707 477 2925 538 cst.Et
2966 487 3107 537 cum
3152 474 3286 538 viro
3331 481 3551 538 sancto
3595 474 3801 540 Cons-

525 602 770 663 tantino
803 600 1097 681 pontiﬁce
1129 598 1207 660 ad
1242 596 1480 677 regiam
1529 597 1848 677 profectus
1890 602 1985 657 est
2028 595 2274 667 urbem,
2300 599 2488 673 atque
2534 611 2571 652 a
2614 591 2973 654 Jastiniano
3018 592 3301 673 principe
3332 593 3671 673 inquisitos
3710 592 3804 653 de

526 716 906 798 quibusdam
953 713 1268 794 capitulis,
1299 713 1540 795 optima
1586 713 1993 793 responsione
2039 728 2559 791 unamquamque
2583 708 2771 769 solvit
2814 709 3258 790 quaestionem.
3292 710 3445 772 Erat
3483 708 3651 770 enim
3695 707 3809 770 vir

523 838 753 907 castus,
802 831 1031 892 divinae
1078 830 1422 912 Scriptarze
1466 830 1773 905 cruditas,
1821 828 2133 890 facundus
2175 827 2431 908 loquela
2473 832 2537 888 et
2579 830 2876 887 constans
2934 825 3174 900 animo,
3221 822 3803 887 ecclesiasticarum

521 968 731 1011 rerum
777 948 1069 1010 defensor
1111 952 1173 1009 et
1214 947 1550 1009 contrariis
1580 946 1659 1028 (ὁ)
1709 945 2087 1008 fortissimus
2130 944 2563 1024 impugnator.
2612 942 2724 1003 Hic
2758 941 3027 1003 'cxcrd‘io
3072 941 3480 1022 pontificatus
3518 942 3616 1002 sui
3654 940 3807 1002 cal-

404 1065 481 1127 lO
523 1063 725 1127 carias
768 1064 1037 1145 decoqui
1071 1062 1280 1144 jussit,
1330 1069 1393 1125 et
1436 1083 1475 1125 a
1516 1070 1703 1145 porta
1740 1062 1824 1143 (ε)
1866 1061 2067 1123 sancti
2105 1060 2433 1123 Laurentii
2475 1058 2791 1121 inchoaus
2834 1056 3026 1137 hujus
3086 1056 3356 1119 civitatis
3400 1077 3615 1120 muros
3656 1076 3805 1120 τοῦ-
3882 1078 3889 1081 ’

522 1187 775 1242 taurare
816 1180 1206 1255 decreverat,
1252 1185 1316 1241 ct
1360 1180 1640 1262 aliquam
1686 1184 1935 1262 partem
1983 1176 2241 1252 faciens,
2287 1175 2762 1255 cmergentibus
2807 1174 3178 1254 incongruis
3201 1174 3516 1256 variisque
3561 1172 3812 1235 ωωιιι-

523 1296 710 1370 tibus,
761 1296 1145 1378 praepeditus
1187 1302 1305 1359 est.

608 1420 771 1475 178
816 1412 903 1493 ((1)
948 1412 1153 1492 llajus
1196 1412 1588 1492 temporibus
1629 1412 1907 1476 Joannes
1965 1408 2704 1490 Constantinopolitanae
2762 1408 3024 1470 antistes
3080 1407 3445 1487 synodicam
3493 1409 3552 1470 ei
3595 1408 3808 1484 misit,

519 1534 715 1609 atque
758 1527 837 1589 ad
884 1547 1026 1589 eum
1082 1530 1404 1610 rescriptis
1460 1529 1627 1590 idem
1674 1546 1822 1590 usus
1866 1535 1959 1590 est
2020 1526 2328 1608 pontifex.
2374 1525 2487 1586 llic
2551 1525 2896 1586 maximam
2960 1528 3204 1606 partem
3270 1524 3546 1587 basilicae
3616 1526 3814 1589 beati

521 1643 709 1707 Pauli
754 1642 827 1725 (ρ)
873 1643 1163 1724 apostoli,
1211 1665 1356 1727 quae
1398 1645 1729 1721 ceciderat,
1780 1645 1990 1709 allatis
2033 1644 2109 1705 de
2153 1641 2444 1707 Calabria
2488 1640 2771 1703 trabibus
2816 1640 3167 1721 coeperuit,
3214 1646 3278 1702 et
3321 1642 3520 1704 altare
3551 1662 3592 1705 a
3622 1660 3812 1705 novo

525 1761 693 1836 fecit,
739 1765 801 1822 et
844 1761 1155 1823 ciboriam
1199 1767 1592 1842 argenteum,
1619 1762 1789 1843 quod
1832 1762 2041 1824 fuerat
2082 1758 2266 1821 ruina
2310 1763 2677 1839 quassatam
2706 1756 2829 1838 (χ).
2876 1755 2961 1839 (g)
3003 1757 3222 1819 Sancti
3264 1759 3586 1822 Laurentii
3628 1760 3816 1842 pari-

442 1882 481 1942 5
528 1884 625 1941 ter
667 1877 995 1939 ecclesiam
1038 1877 1191 1939 foris
1228 1896 1449 1940 muros
1490 1879 1701 1956 sitam,
1748 1896 1891 1958 qua:
1935 1875 2224 1937 trabibus
2262 1874 2603 1936 con‘fractis
2648 1873 2846 1935 ruinae
2883 1872 3020 1954 jam
3064 1879 3203 1936 erat
3250 1874 3486 1948 vicina,
3533 1890 3811 1957 repara-

527 1994 638 2068 vit,
676 1998 867 2074 atque
912 2012 1145 2074 aquam
1190 1992 1418 2055 ﬁstulis
1462 1993 1923 2075 compaginatis
1953 1996 2095 2072 post
2124 1989 2396 2052 multum
2444 1994 2692 2072 tempus
2736 1989 2799 2050 in
2831 1989 3120 2051 eamdem
3154 1986 3481 2052 ecclesiam
3515 1989 3804 2063 reduxit,

528 2110 934 2190 diversasque
979 2108 1274 2172 ecclesias
1316 2109 1381 2170 in
1426 2110 1626 2169 ruinis
1669 2109 1906 2190 positas
1950 2106 2299 2180 innovavit,
2346 2125 2505 2187 quas
2561 2124 2675 2188 per
2733 2105 3019 2167 ordinem
3084 2106 3291 2167 dicere
3351 2107 3613 2189 longum
3673 2115 3805 2170 est.

530 2227 643 2287 llic
685 2226 748 2286 in
796 2225 1133 2287 Germania
1178 2244 1290 2304 per
1332 2224 1727 2286 Bonifaeiam
1774 2223 2139 2303 episcopum
2186 2222 2448 2283 verbum
2512 2222 2732 2282 salutis
2777 2222 3166 2301 praedicavit,
3215 2229 3277 2284 et
3320 2230 3573 2302 gentem
3615 2225 3807 2286 illam

529 2340 849 2403 sedentem
895 2341 956 2400 in
998 2340 1279 2401 tenebris
1322 2340 1611 2400 doctrina
1652 2338 1811 2400 lucis
1854 2338 2165 2400 convertit
2209 2337 2287 2398 ad
2334 2338 2676 2398 Christum.
2723 2337 2836 2397 Ilic
2883 2339 3289 2413 monasteria,
3336 2360 3476 2420 qua:
3507 2360 3686 2402 secus
3711 2341 3806 2424 (Ιι)

409 2461 486 2519 10
528 2457 852 2517 basilicam
900 2455 1104 2516 sancti
1140 2455 1331 2515 Pauli
1383 2461 1586 2528 erant,
1630 2454 1713 2515 ad
1781 2454 2187 2515 solutidinem
2251 2453 2524 2513 deducta
2583 2452 2933 2526 innovavit,
2981 2458 3172 2532 atque
3234 2455 3542 2517 ordinatis
3598 2459 3812 2519 servis

529 2571 640 2633 Dei
684 2569 1037 2645 monachis,
1085 2568 1643 2648 congregationem
1692 2574 1835 2650 post
1876 2568 2141 2648 longum
2187 2574 2437 2648 tempus
2498 2567 2843 2642 constituit,
2890 2573 2963 2627 ut
3016 2566 3251 2629 ibidem
3314 2569 3413 2630 die
3473 2579 3814 2655 noctuque

532 2689 662 2748 Deo
706 2685 1047 2748 redderent
1088 2684 1329 2746 laudes.
1377 2685 1491 2746 llic
1535 2684 1966 2764 gerocomium
2011 2683 2105 2765 (ι’),
2157 2682 2328 2764 quod
2372 2690 2518 2762 post
2576 2682 2858 2743 absidem
2904 2687 3137 2744 sancta}
3181 2682 3294 2745 Dei
3338 2686 3675 2749 Ge‘nitricis
3721 2690 3814 2753 ad

538 2804 827 2881 Praasepe
868 2801 1058 2861 situm
1104 2805 1217 2873 est,
1267 2801 1718 2861 monasterium
1765 2799 1966 2861 sancti
2002 2799 2276 2860 Andreae
2322 2798 2610 2878 apostoli,
2662 2798 2835 2878 quod
2896 2797 3195 2859 Barbarae
3239 2808 3669 2880 nuncupatur,
3716 2808 3811 2868 ad

532 2917 793 2978 nimiam
843 2912 1184 2977 deductum
1230 2914 1672 2988 descrtionem,
1717 2914 1783 2975 in
1820 2933 1954 2995 quo
2002 2933 2119 2975 nec
2162 2933 2327 2975 unus
2370 2913 2727 2974 habebatur
2772 2912 2843 2994 (γ’)
2891 2912 3261 2987 monachus;
3310 2914 3523 2977 ascitis
3572 2938 3810 2985 mona-

414 3035 491 3094 15
538 3032 674 3094 chis
715 3030 1057 3103 ordinavit,
1104 3036 1172 3091 ut
1215 3036 1485 3112 utraque
1530 3029 1914 3093 monasteria
1957 3030 2037 3092 ad
2082 3035 2364 3093 sanctam
2409 3029 2521 3090 Dei
2582 3028 2961 3090 Genitricem
3018 3029 3284 3109 singulis
3341 3030 3563 3096 diebus
3604 3043 3810 3118 atque

532 3146 824 3210 noctibus
864 3147 992 3209 Deo
1036 3145 1254 3207 laudes
1296 3152 1621 3209 cauerent.

615 3269 782 3323 "9
823 3264 914 3323 Eo
960 3267 1247 3341 tempore
1289 3259 1717 3342 Luitprandus
1759 3278 1870 3323 rex
1915 3259 2321 3339 donationem
2366 3258 2732 3339 patrimonii
2773 3259 3027 3341 Alpium
3072 3260 3427 3324 Cotziarum
3460 3263 3565 3347 (Ic),
3598 3286 3804 3348 quam

529 3378 860 3459 Aripertus
890 3396 1014 3438 rex
1054 3379 1313 3451 fecerat,
1364 3376 1594 3457 hicque
1638 3377 1999 3458 repetierat,
2048 3375 2481 3438 admonitione
2543 3376 2707 3437 tanti
2762 3375 2905 3450 viri,
2952 3375 3053 3437 vel
3100 3376 3537 3458 increpatione
3574 3384 3803 3447 reddi-

535 3501 663 3556 tam
707 3492 1106 3557 confirmavit
1153 3490 1242 3575 (1).
1287 3492 1491 3573 liuius
1534 3492 1927 3574 temporibus
1970 3492 2221 3573 signum
2265 3492 2327 3552 in
2370 3492 2525 3554 luna
2567 3494 2802 3553 factum
2849 3498 2944 3554 est
2997 3491 3342 3556 indictione
3382 3513 3505 3570 xxv,
3553 3505 3618 3560 et
3660 3501 3806 3563 visa

535 3616 629 3672 est
673 3615 936 3672 cruenta
980 3629 1180 3690 usque
1222 3610 1301 3671 ad
1346 3609 1620 3670 mediam
1666 3615 1940 3671 noctem.
1988 3611 2076 3670 Eo
2121 3610 2335 3689 itaque
2380 3614 2667 3687 tempore
2710 3607 2926 3669 Teado
2969 3607 3099 3691 (m),
3146 3609 3273 3670 dux
3317 3613 3523 3690 gentis
3564 3614 3802 3696 Bajoa-

452 3732 489 3789 5
537 3727 775 3788 riorum
818 3725 931 3805 (η),
983 3726 1061 3786 ad
1125 3725 1400 3805 apostoli
1454 3725 1624 3786 beati
1674 3725 1845 3785 Petri
1904 3724 2147 3797 limina,
2198 3725 2440 3803 primas
2482 3723 2560 3784 de
2604 3729 2791 3802 gente
2852 3724 3098 3799 eadem,
3147 3728 3444 3802 occurrit,
3491 3732 3806 3795 orationis

534 3847 707 3903 voto.
755 3838 956 3919 Hujus
1002 3841 1393 3921 temporibus
1435 3839 1808 3902 Anastasius
1849 3839 2196 3919 imperator
2252 3839 2514 3901 classem
2578 3839 2835 3901 navium
2895 3846 3320 3921 prazparatam
3378 3843 3446 3904 in
3500 3848 3805 3925 partibus

534 3957 933 4020 Alexandriae
977 3956 1205 4020 direxit
1249 3962 1473 4018 contra
1515 3976 1551 4017 a
1596 3961 1723 4019 Deo
1784 3956 2135 4017 destructos
2170 3954 2254 4036 (ο)
2289 3958 2632 4034 Agarenos,
2681 3955 2792 4037 qui
2852 3957 2933 4016 ad
2977 3956 3150 4018 aliud
3209 3960 3373 4021 veisi
3436 3962 3800 4039 consilium,

533 4078 875 4153 antequam
924 4074 1360 4155 pervenissent
1401 4073 1482 4136 ad
1523 4072 1909 4134 destinatum
1954 4073 2187 4148 locum,
2235 4071 2316 4131 ab
2359 4071 2583 4132 itinere
2644 4072 2851 4135 medio
2912 4072 2996 4134 ad
3052 4074 3291 4154 regiam
3337 4079 3603 4156 regressi
3648 4086 3804 4142 sunt

530 4188 780 4268 urbem,
829 4188 1254 4268 Theodosium
1320 4188 1744 4251 orthodoxam
1788 4188 2180 4268 inquirentcs
2235 4186 2685 4267 imperatorem
2749 4187 3098 4268 elegerant,
3144 4195 3336 4271 atque
3396 4200 3684 4256 eoactum
3730 4197 3798 4259 in

530 4305 688 4366 solio
733 4303 984 4384 imperii
1024 4304 1582 4365 confirmaverunt.
1619 4302 1985 4365 Anastasius
2027 4302 2429 4383 itaquc‘cam
2474 4303 2739 4377 civibus,
2774 4305 2886 4364 vel
2930 4304 3159 4382 quibus
3206 4309 3418 4386 potuit
3474 4308 3555 4368 de
3607 4326 3794 4371 exer-

410 4422 490 4483 10
531 4420 657 4481 cita
719 4418 1029 4481 munitam
1094 4420 1408 4482 civitatem
1469 4422 1742 4481 Nicaeam
1800 4419 2083 4499 perrexit
2128 4436 2144 4479 :
2192 4416 2322 4479 illic
2362 4437 2509 4480 cum
2553 4416 2772 4493 classe,
2810 4418 2886 4479 in
2936 4438 3076 4499 qua
3135 4421 3526 4484 Theodosius
3584 4426 3798 4488 fuerat

534 4536 900 4616 imperator,
969 4535 1314 4609 dimicavit,
1362 4542 1425 4598 et
1484 4538 1614 4597 fere
1658 4542 1896 4617 septem
1946 4534 2144 4595 millia
2204 4534 2516 4596 exercitus
2576 4540 2722 4595 sunt
2777 4534 3179 4616 interempta.
3227 4535 3415 4617 Cujus
3474 4532 3797 4603 Anastasii

532 4658 830 4733 superata
874 4670 1020 4732 pars
1063 4653 1323 4715 verbum
1362 4652 1496 4732 jam
1541 4652 1960 4714 immanitatis
2003 4652 2286 4732 expetiit.
2335 4653 2620 4731 Datoquc
2662 4652 2783 4712 sibi
2824 4661 3226 4716 sacramento
3271 4654 3537 4717 clericus
3588 4658 3796 4719 factus

531 4773 722 4849 atque
765 4768 1095 4848 presbyter
1139 4774 1232 4829 est
1274 4775 1695 4829 consecratus.
1743 4768 2039 4830 Protinus
2083 4768 2272 4829 etiam
2321 4774 2389 4828 ut
2432 4768 2753 4847 ingressus
2795 4775 2890 4829 est
2951 4776 3338 4831 memoratus
3398 4771 3795 4835 Theodosius

528 4884 767 4964 regiam
814 4884 1060 4958 urbem,
1108 4884 1449 4964 imaginem
1494 4884 1670 4946 illam
1715 4885 2166 4959 venerandam,
2212 4884 2277 4945 in
2321 4902 2446 4964 qua
2491 4890 2723 4946 sanctae
2769 4891 2950 4948 erant
2995 4906 3102 4947 sex
3148 4886 3374 4968 synodi
3404 4887 3691 4968 depictas,
3728 4895 3794 4951 ct

447 5002 484 5059 5
529 5019 566 5060 a
610 5001 964 5081 Philippieo
1009 5018 1123 5061 nec
1166 5001 1431 5063 dicendo
1475 5003 1682 5063 fuerat
1723 5001 2033 5082 deposita,
2080 5002 2145 5063 in
2194 5002 2458 5082 pristino
2503 5002 2704 5063 erexit
2764 5002 2925 5077 loco,
2971 5001 3060 5084 (p)
3103 5002 3194 5064 ita
3255 5009 3327 5064 ut
3388 5002 3580 5083 huius
3640 5005 3789 5066 fidei

527 5108 772 5213 fervore
817 5117 1021 5178 omnis
1067 5117 1145 5178 ab
1189 5118 1471 5181 Ecclesia
1514 5125 1785 5181 cessaret
1827 5120 2116 5200 quaestio.

612 5239 778 5293 181)
820 5231 906 5313 (q)
952 5234 1039 5294 Eo
1107 5240 1319 5295 autem
1384 5241 1669 5315 tempore
1731 5235 1961 5298 ﬂuvias
2014 5236 2123 5316 qui
2184 5235 2544 5317 appellatur
2601 5234 2866 5310 Tiberis,
2915 5235 3164 5298 alveum
3231 5254 3415 5298 suam
3474 5255 3782 5316 egressus,

1545 5466 1803 5520 'NOTULEE
1846 5474 2229 5521 MAltGlNALES
2272 5475 2593 5521 FABROTTI.

361 5728 405 5785 Ρ
434 5660 511 5741 (η)
542 5663 603 5726 C,
634 5678 836 5754 curam
869 5666 1148 5745 suscepit.
1208 5666 1358 5737 (b):C,
1394 5669 1840 5725 contrariorum.
1900 5671 1971 5741 (c)
1998 5670 2059 5751 C,
2088 5672 2345 5754 porticu.
2406 5672 2483 5743 (ιι)
2520 5672 2658 5727 Vale
2688 5674 2891 5729 Daren.
2928 5670 2997 5728 ad
3026 5688 3158 5728 ann.
3188 5670 3318 5727 714.
3345 5680 3453 5728 tom
3480 5670 3571 5727 IX.
3630 5670 3778 5752 (ulc,

406 5736 536 5785 em-
597 5733 669 5800 (Ῐ)
698 5734 761 5797 (λς
789 5740 1064 5789 Γοεῑιίυιῑο
1123 5738 1201 5800 (Ω)
1232 5741 1435 5795 Barea.
1468 5758 1558 5796 an.
1591 5744 1717 5797 710.
1780 5741 1861 5800 H1)
1889 5745 1946 5800 (ἒ.
1981 5760 2155 5799 cn'ca.
2216 5750 2284 5800 (ι)
2315 5745 2837 5800 acrontecoaiiuui.
2899 5746 2964 5800 (ἰ)
2987 5744 3047 5800 C.
3074 5744 3399 5800 habitabat.
3458 5744 3534 5800 (Iri
3565 5743 3778 5798 Coctia-

302 5808 315 5825 Ι
361 5738 536 5785 Petri.
597 5738 669 5800 (f)
698 5738 761 5811 C,
789 5738 1064 5789 restituit.
1123 5738 1201 5810 (g)
1232 5741 1558 5823 Burmann.
1591 5744 1717 5797 710.
1780 5741 1861 5812 (Ii)
1889 5738 2155 5805 (Leitch.
2216 5738 2837 5813 (z'),gcrontecoaiiuai.
2936 5744 3047 5815 ')C,
3074 5744 3399 5801 habitabat.
3458 5744 3534 5815 (Ir)
3565 5743 3781 5798 Coctia-

359 5813 501 5893 ξξξᾟ
538 5801 1109 5893 ξξ)“ξζξίξςρξξςοζιεᾳίῖ
1142 5812 1677 5893 ιιιηῃκοηηιιη-ιῖΙ-β.
1740 5816 1837 5883 (m)
1869 5813 2124 5893 'I‘hchq.
2187 5816 2743 5890 (n)‘13augariorum.
2804 5817 2878 5890 (0)
2899 5750 3313 5875 gestruendos.
3374 5818 3452 5892 (ρ)
3485 5816 3547 5873 in
3586 5814 3783 5893 pristi-

360 5884 506 5928 num
536 5869 715 5926 erexit
738 5869 931 5928 locum
963 5880 1138 5945 atque
1170 5881 1431 5940 titulum.
1490 5886 1565 5960 (ιι)
1597 5869 1977 5944 Βανόηίαηη.
2007 5869 2137 5944 7177.
