3942 6408
357 347 476 408 979
1507 349 1924 411 ANASTASII
1966 350 2624 413 BIBLIOTHECARII.
3666 356 3790 418 980

399 483 479 543 20
521 483 718 562 ginta.
768 483 895 545 Illis
964 483 1207 544 interea
1265 483 1484 544 diebus
1544 484 2120 564 Constantinopolis
2189 485 2519 546 biennium
2581 491 2674 548 est
2717 505 2756 548 a
2811 506 2926 548 nec
2986 486 3266 550 dicendis
3327 487 3416 570 (a)
3475 490 3791 570 Agarenis

522 600 795 660 obsessa.
843 600 964 660 Sed
1025 603 1154 660 Deo
1217 600 1305 661 eis
1365 600 1682 661 contrario
1744 600 2021 660 maxima
2082 600 2211 661 illic
2263 620 2483 662 eorum
2552 608 2730 683 parte
2792 604 2959 666 fame
3021 623 3094 665 ac
3172 604 3340 667 bello
3400 605 3792 687 interempta

522 716 766 776 confusi
809 723 1202 778 recesserunt
1245 720 1450 778 Leone
1495 717 1822 797 principe;
1870 736 2018 777 nam
2064 723 2128 779 et
2170 717 2454 798 ejusdem
2509 719 2779 780 civitatis
2825 721 3131 801 populum
3194 728 3482 784 trecenta
3545 723 3792 785 dictum

522 839 613 893 est
659 831 858 892 millia
912 833 1142 894 diversi
1199 852 1383 894 sexus
1441 838 1503 893 et
1562 833 1763 894 aetatis
1819 834 2008 895 fuisse
2069 835 2441 896 necessitate
2499 840 2816 897 vastatum
2877 837 3251 917 pestilentiae
3283 837 3392 919 (b).

604 965 765 1016 183
811 953 887 1034 (ι’)
934 953 1022 1013 Eo
1084 970 1360 1031 namque
1407 957 1687 1030 tempore
1732 950 2013 1011 moribus
2067 956 2235 1012 certe
2299 953 2579 1012 Honesta
2637 956 2698 1012 et
2757 952 3013 1014 nomine
3073 954 3387 1033 pontiﬁcis
3445 958 3648 1016 mater
3709 955 3797 1015 ab

515 1073 637 1132 hac
691 1071 821 1132 vita
879 1069 1201 1130 subtracta
1259 1071 1371 1128 est.
1429 1069 1581 1127 Post
1636 1065 1815 1146 cujus
1876 1066 2123 1127 obitum
2201 1068 2536 1147 Gregorius
2613 1067 2873 1129 domum
2932 1071 3260 1149 propriam
3328 1070 3394 1131 in
3470 1069 3791 1133 honorem

513 1193 749 1249 sanctae
807 1185 1034 1248 Christi
1090 1183 1384 1263 martyris
1443 1181 1732 1261 Agathae.
1791 1182 2020 1243 additis
2077 1201 2115 1242 a
2171 1183 2586 1244 fundamento
2648 1185 3012 1257 coenaeulis,
3073 1185 3172 1247 vel
3249 1205 3390 1266 quae
3473 1193 3796 1248 monaste-

509 1305 605 1365 ria
650 1303 733 1384 (ἆ)
791 1307 971 1364 erant
1042 1300 1395 1362 necessaria
1451 1318 1489 1359 a
1547 1319 1710 1360 novo
1771 1298 2146 1360 construxit.
2207 1299 2457 1361 Praedia
2532 1301 2662 1362 illic
2737 1301 2810 1382 (θ)
2872 1302 3120 1362 urbana
3200 1301 3298 1364 vel
3375 1302 3609 1364 rustica
3669 1322 3792 1384 pro

428 1425 464 1483 5
512 1422 972 1483 monachorum
1033 1418 1266 1480 obtulit
1322 1416 1713 1478 necessitate.
1772 1417 1943 1478 Fecit
2001 1421 2212 1478 autem
2270 1417 2334 1477 in
2395 1418 2615 1479 eadem
2697 1418 2961 1480 ecclesia
3017 1418 3221 1480 beatae
3279 1419 3543 1499 Agatha:
3603 1419 3786 1480 cibo-

514 1539 679 1599 rium
738 1557 811 1599 ex
893 1539 1182 1615 argento,
1244 1532 1414 1612 quod
1489 1551 1665 1612 pens.
1727 1531 1921 1592 libras
1995 1532 2430 1612 septingentas
2504 1538 2568 1595 et
2638 1533 2862 1614 viginti
2919 1533 3044 1615 (f);
3105 1553 3289 1596 arcus
3360 1539 3612 1614 argent.
3674 1554 3796 1598 sex

509 1674 688 1736 pens.
751 1653 912 1732 sing.
978 1651 1087 1712 lib.
1149 1647 1532 1730 quindecim,
1593 1647 1867 1709 canistra
1923 1648 2163 1724 decem,
2227 1669 2404 1729 pens.
2467 1649 2629 1730 sing.
2691 1650 2803 1710 lib.
2856 1649 3214 1725 duodecim,
3275 1655 3339 1712 et
3414 1649 3542 1711 alia
3606 1650 3790 1713 dona

510 1771 711 1832 multa
765 1767 1030 1847 largitus
1085 1772 1198 1828 est.
1273 1766 1361 1826 Eo
1427 1770 1708 1846 tempore
1784 1770 2060 1826 castrum
2126 1772 2221 1827 est
2293 1767 2544 1828 Narniae
2605 1786 2644 1828 a
2699 1766 3134 1846 Longobardis
3211 1786 3572 1848 pervasum.
3649 1771 3794 1830 Rex

507 1905 658 1947 vero
715 1885 1281 1964 Longobardorum
1341 1880 1794 1972 Luitprandus,
1853 1881 2135 1961 generali
2196 1882 2474 1945 motione
2524 1884 2716 1956 facta,
2772 1885 3143 1945 Ravennam
3214 1902 3586 1964 progressus
3655 1891 3783 1960 est,

387 2007 466 2067 10
512 2009 703 2083 atque
760 2002 932 2063 illam
992 1999 1240 2062 obsedit
1297 2017 1408 2078 per
1482 1998 1614 2058 dies
1686 1998 1930 2078 aliquot
2001 2005 2064 2060 et
2139 2004 2415 2060 castrum
2478 1999 2850 2080 pervadens,
2914 2001 3145 2062 classes
3221 2006 3438 2081 captas
3518 2001 3794 2064 abstulit

507 2121 721 2200 plures
796 2122 857 2178 et
929 2135 1080 2196 opes
1159 2115 1421 2176 abstulit
1495 2113 1863 2174 innumeras
1941 2113 2049 2195 (g).
2129 2115 2281 2176 Post
2357 2116 2604 2196 alipuot
2677 2115 2811 2177 dies
2886 2116 3156 2178 Basilius
3233 2117 3384 2191 dux,
3463 2117 3787 2180 Jordanes

507 2233 953 2306 chartularius,
1013 2236 1076 2293 et
1125 2232 1402 2292 Joannes
1459 2228 1903 2302 subdiaconus,
1963 2238 2383 2310 cognomento
2440 2233 2700 2307 Lurion,
2762 2233 3096 2294 consilium
3153 2232 3434 2295 inierunt
3492 2238 3564 2295 ut
3617 2253 3790 2314 pon-

506 2351 740 2411 tificem
803 2347 1258 2408 interficerent.
1339 2344 1576 2416 Quibus
1642 2363 1968 2405 assensum
2045 2347 2350 2423 Marinus,
2410 2347 2758 2428 imperialis
2833 2349 3172 2429 spatarius,
3229 2349 3338 2430 qui
3416 2352 3786 2411 Romanum

502 2465 801 2525 ducatum
863 2462 1138 2535 tenebat,
1198 2479 1236 2520 a
1291 2460 1465 2538 regia
1512 2459 1736 2521 missus
1795 2459 1971 2534 urbe,
2032 2462 2415 2543 imperatore
2474 2464 2840 2538 mandante,
2877 2463 2999 2526 hoc
3051 2464 3388 2545 probavit;
3448 2466 3560 2528 sed
3617 2471 3793 2530 tem-

383 2585 456 2642 15
503 2598 622 2660 pus
673 2578 954 2638 invenire
1011 2595 1138 2635 non
1200 2580 1562 2654 potuerunt,
1625 2576 1777 2655 quia
1844 2578 1956 2638 Dei
2021 2577 2266 2657 judicio
2343 2579 2687 2640 dissolutus
2744 2585 2806 2641 et
2861 2585 3227 2642 contractus
3298 2585 3414 2655 est,
3475 2586 3540 2642 et
3595 2583 3692 2644 sic
3757 2601 3799 2644 a

501 2699 705 2757 Roma
761 2693 1072 2754 reccessit.
1133 2691 1546 2753 Postmodum
1602 2693 1838 2753 Paulus
1896 2694 2200 2772 patricius
2256 2701 2320 2756 et
2376 2695 2686 2758 exarchus
2746 2696 2972 2757 missus
3039 2697 3105 2756 in
3162 2695 3408 2758 Italiam
3485 2701 3600 2769 est,
3669 2698 3793 2778 qui

505 2813 738 2884 denuo,
799 2815 872 2869 ut
927 2809 1046 2868 hoc
1095 2807 1300 2868 scelus
1347 2808 1742 2886 perficerent,
1805 2809 2301 2870 meditabantur.
2357 2814 2636 2884 Quorum
2706 2811 3040 2873 consilium
3116 2811 3418 2873 Romanis
3494 2814 3788 2892 patefac—

504 2934 639 2989 tum
700 2932 816 2997 est,
873 2925 981 3004 qui
1039 2930 1240 2984 morte
1294 2922 1373 3002 (lz)
1435 2923 1646 2983 cuncti
1699 2922 2044 2984 Jordanem
2101 2925 2558 2988 interfecerunt
2613 2931 2676 2988 et
2731 2930 3048 2990 Joannem
3097 2926 3462 2988 Lurionem.
3508 2927 3788 2990 Basilius

504 3063 675 3116 vero,
738 3039 1087 3102 monachus
1145 3041 1372 3113 factus,
1432 3039 1497 3098 in
1555 3039 1695 3099 loco
1753 3039 2027 3118 quodam
2089 3045 2372 3102 retrusus
2430 3042 2624 3102 vitam
2683 3041 2908 3102 ﬁnivit.
2973 3040 3210 3102 Paulus
3263 3059 3411 3102 vero
3461 3041 3783 3103 exarchus

381 3163 462 3224 20
503 3158 902 3240 imperatoris
952 3155 1236 3234 jussione
1293 3154 1584 3215 eumdem
1645 3154 2006 3234 pontiﬁcem
2065 3158 2416 3218 conabatur
2475 3157 2852 3230 interﬁcere,
2911 3175 3112 3237 eoque
3178 3175 3437 3218 censum
3496 3155 3560 3218 in
3623 3177 3781 3238 pro-

501 3277 710 3338 vincia
767 3292 1003 3355 ponere
1058 3271 1510 3352 praepediebat,
1573 3276 1635 3331 et
1691 3271 2000 3350 cogitaret
2056 3273 2184 3332 suis
2242 3272 2469 3352 opibus
2528 3271 2820 3333 ecclesias
2877 3271 3225 3351 denudare,
3285 3271 3447 3333 sicut
3518 3271 3584 3333 in
3644 3291 3776 3334 cae-

499 3393 649 3455 teris
704 3395 914 3453 actum
977 3395 1069 3449 est
1121 3389 1293 3461 locis,
1357 3393 1547 3468 atque
1605 3387 1799 3448 alium
1857 3387 1920 3448 in
1979 3388 2115 3468 ejus
2173 3389 2498 3449 ordinaret
2554 3388 2726 3450 loco.
2786 3389 2939 3449 Post
2995 3386 3168 3449 hunc
3223 3387 3586 3468 spatharius
3625 3408 3776 3450 cum

487 3507 876 3589 jussionibus
933 3506 1157 3566 missus
1206 3510 1298 3565 est
1353 3505 1533 3577 alter,
1597 3509 1666 3564 ut
1721 3504 2010 3566 Pontifex
2067 3523 2105 3565 a
2161 3523 2275 3564 sua
2331 3503 2477 3566 sede
2534 3509 2956 3566 amoveretur.
3018 3506 3239 3566 Denuo
3286 3504 3520 3565 Paulus
3576 3502 3782 3585 patri.

494 3627 625 3687 cius
682 3625 762 3686 ad
831 3621 1284 3705 perficiendum
1360 3619 1486 3682 tale
1563 3622 1789 3695 scelus,
1849 3639 2008 3700 quos
2083 3621 2383 3682 seducere
2460 3621 2668 3702 potuit
2743 3641 2821 3682 ex
2895 3623 3199 3682 Ravenna
3271 3619 3342 3701 (τ’)
3423 3639 3565 3681 cum
3653 3641 3770 3683 suo

377 3746 452 3804 25
499 3742 749 3815 comite,
814 3745 1004 3820 atque
1061 3758 1141 3799 ax
1199 3736 1418 3798 castris
1491 3736 1744 3817 aliquos
1804 3736 1993 3798 misit.
2054 3736 2174 3798 Sed
2240 3737 2427 3798 motis
2508 3737 2825 3811 Romanis,
2894 3740 3083 3816 atque
3154 3734 3437 3816 undique
3509 3737 3769 3816 Longo-

492 3857 708 3918 bardis
766 3875 879 3936 pro
937 3854 1302 3916 defensione
1357 3853 1672 3934 pontificis
1747 3853 1812 3913 in
1885 3852 2129 3914 Salario
2209 3859 2404 3934 ponte
2479 3853 2812 3935 Spoletini,
2873 3859 3066 3934 atque
3140 3851 3289 3913 hinc
3366 3851 3511 3914 inde
3567 3852 3767 3915 duces

490 3970 1053 4050 Longobardorum
1115 3968 1576 4030 circumdantes
1636 3969 2066 4029 Romanorum
2124 3969 2281 4029 ﬁnes
2342 3967 2463 4030 hoc
2520 3969 3013 4050 praepedierunt.

577 4097 738 4148 184
797 4085 1194 4148 Jussionibus
1249 4084 1466 4163 itaque
1525 4084 1927 4164 postmodum
1991 4084 2194 4146 missis
2253 4085 2621 4147 decreverat
2677 4087 3026 4166 imperator
3086 4084 3194 4166 (j),
3242 4091 3314 4146 ut
3370 4085 3547 4146 nulla
3602 4085 3765 4147 ima-

491 4225 570 4284 go
645 4202 982 4282 cujuslibet
1057 4200 1280 4274 sancti,
1345 4203 1456 4260 aut
1533 4199 1850 4278 martyris,
1913 4205 2029 4261 aut
2101 4201 2312 4280 angeli
2393 4201 2752 4282 ubicunque
2831 4201 3174 4262 haberetur
3247 4199 3355 4281 (k),
3422 4199 3766 4262 maledicta

488 4320 654 4382 enim
714 4317 928 4379 omnia
983 4315 1324 4388 asserebat,
1389 4323 1450 4376 et
1506 4315 1556 4375 si
1615 4315 2042 4394 acquiesceret
2112 4317 2178 4376 in
2249 4316 2371 4377 hoc
2454 4317 2761 4398 pontifex,
2825 4317 3098 4396 gratiam
3173 4315 3575 4396 imperatoris
3644 4316 3760 4377 ha—

486 4437 700 4508 beret;
762 4434 813 4493 si
868 4438 932 4493 et
990 4431 1108 4492 hoc
1167 4431 1302 4491 ﬁeri
1362 4431 1767 4511 prrepediret,
1833 4450 1870 4491 a
1929 4451 2041 4494 suo
2099 4431 2300 4511 gradu
2375 4433 2714 4494 decideret.
2779 4432 3142 4513 Respiciens
3220 4450 3371 4511 ergo
3448 4431 3589 4511 pius
3665 4432 3761 4492 vir

401 4551 814 4638 5‘profanam
869 4547 1168 4627 principis
1218 4547 1595 4626 jussioncm,
1649 4546 1785 4625 jam
1847 4552 2062 4607 contra
2123 4548 2570 4628 imperatorem
2632 4548 2814 4629 quasi
2894 4553 3116 4609 contra
3189 4547 3437 4608 hostem
3517 4565 3582 4607 se
3644 4565 3749 4608 ar-

487 4667 703 4740 mavit,
764 4683 1033 4725 renuens
1093 4662 1383 4724 haeresim
1444 4662 1602 4739 ejus,
1665 4663 1944 4724 scribens
2022 4664 2256 4743 ubique
2331 4683 2552 4725 cavere
2630 4683 2694 4725 se
2773 4664 3186 4739 Christianos,
3245 4683 3319 4726 eo
3379 4661 3552 4742 quod
3611 4668 3755 4724 orta

479 4783 701 4843 fuisset
753 4781 1045 4860 impietas
1100 4779 1242 4839 talis
1298 4777 1394 4858 (Ι).
1454 4779 1652 4856 Igitur
1711 4780 1982 4859 permoti
2038 4799 2259 4841 omnes
2313 4780 2817 4860 Pentapolenscs
2874 4787 3065 4861 atque
3119 4779 3524 4843 Venetiarum
3567 4797 3748 4839 exer-

483 4900 644 4960 citus
719 4903 942 4958 contra
1024 4894 1425 4975 imperatoris
1493 4892 1844 4971 jussionem
1921 4896 2355 4970 restituerunt,
2408 4897 2709 4970 dicentes,
2774 4916 3100 4978 nunquam
3177 4913 3243 4956 se
3317 4895 3382 4955 in
3463 4893 3746 4973 ejusdem

481 5015 796 5095 pontiﬁcis
851 5010 1350 5073 condescendere
1407 5028 1582 5083 nece,
1643 5011 1753 5072 sed
1811 5030 1924 5090 pro
1980 5011 2116 5091 ejus
2175 5013 2376 5092 magis
2459 5012 2825 5074 defensione
2901 5012 3168 5074 viriliter
3239 5011 3586 5072 decertare.
3649 5011 3743 5070 Ita

361 5133 436 5190 lO
479 5136 548 5190 ut
604 5127 995 5191 anathemati
1053 5126 1325 5187 Paulum
1383 5125 1748 5199 exarchum,
1811 5127 1908 5187 vel
1983 5128 2092 5208 qui
2170 5147 2310 5188 eum
2372 5127 2692 5190 direxerat
2754 5129 2879 5208 (γη),
2938 5127 3204 5209 ejusque
3275 5129 3736 5187 consentaneas

478 5245 878 5316 submittunt,
930 5247 1296 5322 spernentes
1354 5242 1811 5303 ordinationem
1882 5244 2018 5323 ejus
2091 5244 2211 5304 sibi
2286 5263 2506 5305 omnes
2567 5244 2802 5324 ubique
2879 5245 2946 5305 in
3022 5243 3204 5305 Italia
3278 5242 3470 5302 duces
3536 5241 3742 5319 elege-

476 5366 625 5421 runt
674 5359 780 5439 (η),
840 5365 1029 5438 atque
1102 5358 1188 5417 sic
1264 5358 1342 5417 de
1419 5358 1734 5436 pontiﬁcis
1795 5358 1997 5439 deque
2075 5379 2189 5421 sua
2270 5359 2674 5421 immunitate
2753 5359 2963 5421 cuncti
3037 5359 3401 5421 studebant.
3477 5355 3742 5434 Cognita

473 5495 620 5536 vero
675 5475 1078 5555 imperatoris
1138 5473 1444 5552 nequitia,
1509 5475 1714 5534 omnis
1772 5475 1953 5536 Italia
2013 5477 2344 5537 consilium
2403 5475 2546 5536 iniit
2603 5481 2673 5537 ut
2729 5476 2849 5538 sibi
2905 5475 3213 5555 eligerent
3286 5473 3730 5552 imperatorem

1505 5623 1757 5669 NOTULJE
1799 5627 2190 5672 MARGINALES
2234 5626 2558 5673 FABROTTI.

384 5732 459 5813 (ιζ)
493 5735 550 5813 (ἶ,
586 5740 1116 5813 n0!l_n01nirianrlis.
1208 5741 1284 5808 (b)
1310 5741 1388 5794 De
1415 5758 1529 5811 quo
1563 5741 1776 5813 populo
1808 5761 1940 5796 vero
1969 5744 2229 5811 ejusdem
2265 5744 2516 5799 civitatis
2538 5760 2637 5798 ccc
2665 5743 2851 5798 millia
2903 5744 3140 5799 diversa:
3185 5741 3372 5796 aetatis
3402 5734 3734 5813 pestilentia

311 5805 578 5887 ξ’ξλῗξξίηίε
610 5807 924 5887 Ρφνίῡξᾞηξ.
986 5805 1292 5887 (0)1}ngjon.
1329 5805 1725 5887 ad'ainni77l7.
1786 5815 1859 5882 (τι)
1897 5805 2271 5870 monasterio.
2333 5822 2402 5880 (ε)
2439 5817 2500 5880 Β,
2535 5816 2639 5870 illi.
2706 5819 2774 5885 ff)
2805 5818 2865 5883 Ο,
2899 5820 2987 5871 22.
3047 5818 3122 5887 (g)
3161 5818 3376 5887 Baron.
3402 5805 3568 5865 'anaz.
3610 5808 3728 5887 72f).

307 5869 481 5959 QQ“,
505 5869 692 5959 FW“;
739 5879 830 5959 ,(ξ)
865 5869 1316 5959 Ravennatibus.
1379 5885 1440 5959 (λ)
1463 5869 1819 5959 Alfeuirnper.
1846 5869 1854 5882 Ι
1882 5887 2086 5959 (ίιῖλεθό
2123 5869 2634 5959 omnesvjusserat
2679 5869 2925 5959 deponi,
2945 5869 3002 5944 et
3035 5869 3288 5952 incendi,
3348 5885 3409 5953 (ι)
3437 5898 3567 5954 qua!
3613 5884 3733 5936 orla

313 5942 522 5996 fuisset
554 5942 935 6014 impietatem,
969 5953 1032 6004 Β.
1102 5951 1198 6017 (m)
1233 5952 1292 6018 Β,
1329 5942 1434 6021 ψῖῖ
1458 5954 1598 6009 illud
1634 5942 1895 6011 edictum
1923 5942 2228 6013 direxerat.
2291 5942 2456 6026 (-n)"B,
2493 5958 2637 6014 mori
2665 5942 2964 6031 eligerent.
