3942 6400
155 354 275 421 981
818 356 1190 420 HISTORIA
1233 355 1335 419 DE
1377 356 1582 420 VITIS
1630 354 1823 420 80M.
1865 355 2101 419 PONT.
2144 387 2222 400 —
2264 353 2329 417 S.
2378 353 2821 417 GREGORIUS
2864 353 2940 417 lI.
3468 358 3585 420 982

324 494 388 553 et
442 489 1057 571 Constantinopolim
1115 490 1440 552 ducerent.
1504 491 1627 553 Sed
1685 489 2120 571 compescunit
2172 489 2296 550 tale
2355 488 2684 550 consilium
2744 489 3053 568 pontifex,
3115 507 3377 571 sperans
3432 510 3581 552 con-

200 599 279 660 15
324 598 675 660 versionem
736 598 1064 679 principis.
1127 599 1283 678 ipsis
1338 599 1583 661 interea
1638 598 1860 659 diebus
1928 597 2357 671 Exhilaratus,
2417 596 2546 657 dux
2623 590 2936 675 Neapolis,
2997 596 3298 677 deceptus
3372 586 3591 661 diabo"

332 698 456 758 lica
512 697 920 776 instigatione
978 715 1119 758 cum
1192 696 1320 757 ﬁlio
1386 716 1499 758 suo
1557 696 1836 757 Adriano
1890 694 1978 776 (a)
2033 694 2395 774 Campania
2455 699 2665 774 partes
2733 693 2956 769 tenuit,
3018 694 3324 757 seducens
3381 716 3586 778 popu-

320 814 478 888 lum,
557 818 629 874 ut
710 812 1043 876 obedirent
1106 813 1479 895 imperatori
1551 818 1616 874 et
1687 812 2047 875 occiderent
2116 810 2499 891 pontiﬁcem.
2561 812 2736 872 Tunc
2808 811 3079 872 Romani
3148 831 3371 875 omnes
3440 833 3585 877 eum

318 930 518 991 secuti
573 929 1214 1011 comprehenderunt,
1276 935 1338 991 et
1387 948 1528 990 cum
1577 928 1704 991 ﬁlio
1763 948 1876 990 suo
1938 928 2409 989 interfecerunt.
2471 926 2619 986 Post
2677 925 2846 986 hunc
2904 924 2983 1006 (ὁ)
3040 933 3103 987 et
3160 929 3418 990 Petrum
3474 930 3585 993 du-

320 1064 482 1120 cem,
540 1045 856 1107 dicentem
914 1051 1138 1108 contra
1195 1045 1557 1126 pontiﬁcem
1615 1043 1989 1125 imperatori
2046 1042 2366 1123 scripsisse
2428 1040 2524 1122 (c),
2586 1041 3023 1103 turbaverunt.

406 1167 568 1221 183
615 1159 818 1239 Igitur
861 1159 1250 1221 dissensione
1294 1160 1461 1220 facta
1505 1159 1570 1220 in
1616 1159 1903 1240 partibus
1947 1160 2284 1232 Ravennae,
2332 1156 2439 1217 alii
2482 1156 2941 1219 consentientes
2984 1157 3295 1239 impietati
3336 1158 3427 1241 (ιΙ)
3469 1161 3581 1222 im-

319 1276 652 1357 peratoris,
714 1275 821 1337 alii
886 1295 1032 1338 cum
1093 1275 1391 1356 pontiﬁce
1454 1280 1517 1337 et
1577 1274 1868 1336 ﬁdelibus
1930 1293 1995 1335 se
2053 1278 2359 1347 tenentes,
2404 1273 2573 1333 intra
2618 1271 2685 1352 (ρ)
2741 1291 2849 1334 eos
2912 1274 3314 1336 contentione
3378 1282 3570 1351 mota,

322 1392 593 1455 Paulum
640 1392 976 1473 patricium
1021 1392 1409 1453 occiderunt.
1460 1391 1895 1471 Longobardis
1956 1409 2105 1452 vero
2166 1389 2450 1451 zEmelia:
2496 1394 2701 1450 castra
2742 1390 3137 1465 Ferorianus,
3187 1392 3571 1469 Montebelli,

320 1507 664 1568 Verablum
709 1508 797 1589 (f)
839 1527 981 1569 cum
1022 1507 1148 1568 suis
1192 1509 1443 1588 oppidis
1485 1494 1661 1569 Buxo
1707 1512 1770 1568 et
1815 1505 2169 1568 Pernicteta
2212 1504 2322 1586 (g),
2367 1505 2735 1585 Pentapolis
2795 1525 3045 1586 quoque
3108 1512 3169 1568 et
3222 1510 3577 1573 Auximana

235 1626 276 1685 5
323 1624 543 1685 civitas
585 1641 651 1684 se
696 1624 1117 1685 tradiderunt.
1164 1625 1314 1684 Post
1376 1623 1636 1703 aliquod
1680 1640 1829 1683 vero
1888 1626 2140 1699 tempus
2191 1620 2572 1700 Eutychium
2638 1621 2972 1701 patricium
3035 1624 3415 1702 eunuchum,
3466 1629 3576 1709 qui

316 1740 557 1801 dudum
604 1739 915 1801 exarchus
959 1740 1187 1815 fuerat,
1234 1739 1563 1820 Neapolim
1612 1737 1781 1798 misit
1822 1737 2191 1816 imperator,
2245 1741 2312 1796 ut
2353 1735 2512 1796 illud
2556 1737 2727 1816 quod
2771 1739 3079 1800 cxarchus
3120 1741 3375 1816 Paulus,
3426 1764 3573 1824 spa-

316 1854 512 1916 tharii
555 1874 808 1937 quoque
851 1861 915 1917 et
983 1856 1196 1918 caeteri
1258 1855 1571 1916 malorum
1637 1854 2073 1915 consiliatores
2136 1853 2343 1914 facere
2405 1852 2849 1932 nequiverunt,
2900 1856 3230 1934 perﬁceret
3270 1858 3417 1934 ille;
3465 1861 3571 1921 sed

312 1989 431 2032 nec
473 1971 584 2047 sic,
629 1972 930 2033 innuente
976 1970 1062 2051 (Ιι)
1103 1972 1257 2046 Deo,
1302 1970 1490 2031 latuit
1534 1969 1908 2031 miserabilis
1967 1967 2173 2041 dolus,
2220 1967 2329 2028 sed
2391 1967 2617 2029 claruit
2677 1969 2918 2029 cunctis
2976 1972 3316 2050 pessimum
3361 1976 3569 2037 consi—

314 2086 496 2161 lium,
542 2086 692 2167 quia
737 2086 806 2167 (ι)
852 2085 1084 2149 Christi
1142 2086 1381 2147 violare
1441 2085 1841 2147 conabantur
1903 2082 2216 2157 ecclesias,
2283 2088 2345 2144 et
2405 2084 2665 2163 perdere
2728 2089 2987 2146 cunctos
3048 2092 3239 2167 atque
3299 2089 3570 2171 diripere

190 2204 272 2264 10
314 2203 602 2265 omnium
646 2202 816 2264 bona
858 2202 955 2285 (ᾗ.
1004 2204 1287 2283 Cumque
1353 2202 1628 2264 mitteret
1689 2200 2016 2263 hominem
2079 2198 2406 2280 proprium
2466 2200 2732 2261 Romam
2795 2219 2939 2263 cum
3000 2204 3248 2285 scriptis
3307 2207 3456 2282 suis,
3504 2209 3569 2269 in

316 2318 548 2400 quibus
590 2317 1057 2393 continebatur,
1104 2324 1176 2380 ut
1220 2318 1506 2399 pontifex
1564 2318 1956 2380 occideretur
2017 2334 2162 2377 cum
2214 2316 2629 2396 optimatibus
2690 2320 2928 2391 Romae,
2996 2320 3213 2398 agnita
3267 2322 3569 2385 crudelis-

314 2433 479 2495 sima
519 2433 767 2495 insania
830 2434 1122 2514 protinus
1177 2434 1387 2515 ipsum
1450 2433 1822 2515 pratricium
1893 2432 2152 2493 missum
2201 2430 2280 2513 (lc)
2326 2431 2612 2494 occidere
2673 2433 3035 2512 voluerunt,
3102 2436 3221 2498 nisi
3289 2438 3569 2502 defensio

312 2549 635 2632 pontiﬁcis
677 2549 878 2611 nimia
919 2550 1319 2631 praepediset.
1366 2552 1600 2613 Verum
1663 2548 1955 2610 eumdem
2020 2545 2719 2609 anathematizaverunt
2772 2549 3153 2629 Eutycbium
3200 2554 3571 2631 exarchum,

310 2683 450 2727 sese
493 2665 708 2745 magni
752 2683 895 2728 cum
942 2666 1153 2747 parvis
1216 2665 1718 2745 constringentes
1779 2669 2179 2725 sacramento
2225 2682 2557 2744 nunquam
2602 2664 2963 2743 pontiﬁcem
3012 2667 3383 2731 Christiana:
3424 2671 3574 2733 ﬁdei

193 2782 266 2843 15
313 2781 578 2842 zelotem
624 2786 688 2842 et
741 2781 1163 2843 Ecclesiarum
1221 2782 1614 2843 defensorem
1678 2800 1743 2841 se
1806 2779 2170 2860 permittere
2231 2780 2471 2853 noceri,
2538 2785 2652 2840 aut
2711 2781 3014 2855 amoveri,
3061 2783 3170 2843 sed
3238 2786 3397 2847 mori
3458 2807 3572 2867 pro

311 2895 486 2956 illius
527 2896 731 2958 salute
792 2901 998 2958 essent
1059 2916 1280 2958 omnes
1326 2896 1555 2977 parati.
1611 2897 1876 2958 Munera
1937 2899 2086 2955 tunc
2147 2894 2297 2955 hinc
2362 2894 2509 2956 inde
2573 2895 2840 2957 ducibus
2900 2898 3463 2977 Longobardorum
3509 2910 3573 2964 et

311 3009 447 3088 regi
492 3010 861 3090 pollicentes
906 3012 975 3092 (ἱ)
1020 3012 1315 3093 plurima,
1367 3017 1438 3073 ut
1480 3012 1560 3073 ab
1597 3010 1925 3092 juvamine
1968 3008 2343 3071 desisterent
2386 3009 2705 3091 pontiﬁcis
2746 3030 2861 3090 per
2901 3030 3047 3073 suos
3088 3013 3330 3092 legatos
3372 3018 3568 3097 patri-

312 3125 447 3188 cius
487 3126 594 3188 ille
636 3127 967 3195 suadebat.
1013 3128 1130 3202 Qui
1177 3129 1494 3208 rescripsit
1541 3128 1646 3209 (m)
1700 3126 2138 3189 detestandam
2208 3125 2325 3187 viri
2384 3125 2785 3188 dolositatem
2849 3128 3287 3209 despicientes,
3336 3152 3462 3194 una
3504 3154 3570 3197 se

311 3240 493 3321 quasi
536 3242 762 3304 fratres
805 3243 953 3305 ﬁdei
996 3249 1223 3306 catena
1265 3244 1780 3306 constrinxerunt
1838 3242 2106 3305 Romani
2166 3248 2357 3322 atque
2416 3242 2835 3320 Longobardi,
2886 3244 3315 3309 desiderantes
3358 3251 3572 3312 cuncti

183 3358 267 3419 20
311 3360 579 3417 mortem
623 3376 740 3438 pro
784 3358 1147 3421 defensione
1209 3359 1528 3439 pontiﬁcis
1589 3359 1897 3421 sustinere
1941 3357 2303 3436 gloriosam,
2352 3376 2679 3437 nunquam
2742 3358 2920 3419 illum
2982 3363 3228 3441 passuri
3288 3366 3567 3445 perferre

310 3470 685 3545 molestiam,
735 3492 851 3553 pro
896 3474 1020 3536 ﬁde
1062 3493 1212 3536 vera
1256 3480 1317 3535 et
1337 3474 1838 3536 Christianorum
1896 3478 2245 3535 certantem
2293 3472 2383 3553 (η)
2441 3473 2666 3535 salute.
2728 3474 2837 3535 His
2890 3475 2980 3536 ita
3034 3495 3100 3538 se
3158 3477 3565 3556 habentibus,

307 3585 500 3666 elegit
569 3586 776 3667 majus
834 3588 1197 3669 praesidium
1258 3595 1439 3671 pater
1496 3590 1578 3671 (0)
1638 3589 1744 3650 ille
1813 3587 2204 3650 destribuere
2282 3587 2667 3668 pauperibus
2741 3589 3096 3669 largissima
3167 3611 3359 3656 manu
3429 3615 3573 3675 qua:

314 3701 691 3783 reperiebat,
738 3703 1111 3765 incumbens
1168 3705 1560 3766 orationibus
1617 3710 1680 3766 et
1728 3703 2013 3783 jejuniis,
2071 3708 2132 3763 et
2188 3703 2437 3764 letaniis
2493 3705 2694 3764 Deum
2750 3704 3028 3783 quotidie
3093 3706 3575 3788 deprecabatur.

303 3819 384 3880 Et
434 3836 546 3899 spe
597 3818 688 3879 ita
743 3820 1047 3881 manebat
1098 3839 1349 3900 semper
1405 3821 1601 3882 fultus
1660 3820 1803 3901 plus
1860 3838 2049 3899 quam
2111 3817 2466 3892 hominum,
2527 3818 2764 3897 gratias
2822 3825 3038 3882 tamen
3097 3823 3409 3887 voluntati
3467 3847 3586 3908 po-

196 3934 279 3994 25
318 3932 455 4014 puli
512 3933 790 3995 referens
847 3954 962 4015 pro
1022 3936 1251 3997 mentis
1305 3938 1658 4018 pr0posito,
1719 3935 1954 4001 blando
2011 3953 2232 3996 omnes
2289 3952 2602 4012 sermone,
2664 3939 2735 3994 ut
2802 3934 2984 3997 bonis
3052 3938 3118 3999 in
3178 3942 3377 4003 Deum
3434 3962 3588 4024 pro-

316 4049 581 4109 ﬁcerent
650 4049 897 4110 actibus
959 4056 1024 4112 et
1090 4051 1156 4112 in
1228 4051 1352 4113 ﬁde
1418 4052 1853 4132 persisterent,
1923 4048 2213 4129 rogabat,
2275 4049 2384 4110 sed
2455 4067 2533 4110 ne
2603 4049 2980 4113 desisterent
3049 4053 3131 4114 ab
3204 4074 3420 4118 amore
3487 4057 3590 4120 vel

311 4162 457 4223 ﬁde.
492 4164 761 4225 Romani
817 4165 1068 4246 imperii
1124 4168 1532 4230 admonebat.
1568 4168 1657 4249 (p)
1714 4167 1817 4229 Sic
1874 4171 2249 4228 cunctorum
2309 4164 2504 4226 corda
2573 4165 2924 4240 molliebat,
2990 4174 3053 4229 et
3128 4168 3378 4232 dolores
3444 4192 3589 4235 con-

315 4277 527 4338 tinuos
579 4278 943 4360 mitigabat.

400 4400 563 4454 186
622 4394 861 4456 Eodem
920 4400 1203 4477 tempore
1263 4418 1377 4479 per
1432 4416 1495 4460 χι
1572 4398 1794 4460 indict.
1871 4398 2018 4459 dolo
2093 4416 2132 4457 a
2190 4396 2620 4475 Longobardis
2680 4416 3015 4476 pervasum
3092 4406 3185 4462 est
3251 4403 3585 4466 Sueriense

307 4507 661 4583 castellum,
731 4510 902 4589 quod
960 4530 1074 4592 per
1128 4519 1382 4575 centum
1457 4514 1883 4594 quadraginta
1937 4512 2070 4573 dies
2132 4511 2218 4593 (ᾳ)
2274 4511 2353 4572 ab
2420 4510 2654 4572 eisdem
2724 4486 3160 4592 Longobardis
3228 4537 3584 4598 possessum

314 4628 434 4683 est.
487 4621 608 4684 Sed
666 4626 985 4705 pontiﬁcis
1045 4628 1261 4689 multis
1318 4630 1633 4691 continuis
1691 4628 1942 4709 scriptis
1999 4633 2188 4707 atque
2258 4618 2858 4689 commonitionibus
2924 4630 3004 4691 ad
3070 4651 3283 4711 regem
3358 4635 3583 4710 missis,

338 4738 631 4817 quamvis
686 4741 904 4803 multis
959 4742 1125 4804 datis
1206 4746 1594 4819 muneribus,
1660 4746 1865 4807 saltim
1920 4743 1999 4824 (r)
2055 4741 2349 4804 omnibus
2416 4742 2543 4803 suis
2614 4743 2925 4805 nudatum
2995 4747 3241 4827 opibus,
3312 4755 3587 4811 castrum

237 4854 275 4912 5
320 4852 731 4916 donationem
789 4857 1168 4923 beatissimis
1225 4862 1529 4942 apostolis
1583 4864 1769 4924 Petro
1842 4866 1906 4922 et
1970 4859 2170 4920 Paulo
2243 4858 2588 4919 antefatam
2657 4860 2949 4921 emittcns
3020 4865 3589 4942 Longobardorum

315 4987 425 5028 rex
482 4971 754 5033 restituit
809 4979 1001 5054 atque
1059 4976 1342 5038 donavit.
1401 4980 1490 5039 Eo
1565 4982 1777 5040 autem
1847 4983 2152 5056 tempore,
2214 4972 2559 5035 indictione
2629 4991 2738 5051 x11,
2803 4994 3016 5038 mense
3078 4979 3409 5055 Januario,
3477 4999 3591 5060 per

311 5083 529 5146 decem
590 5092 651 5148 et
712 5091 986 5171 amplius
1042 5092 1175 5155 dies
1246 5093 1451 5168 stella,
1525 5114 1667 5174 qua:
1739 5092 1983 5154 Antifer
2037 5090 2108 5171 (ε)
2168 5071 2503 5162 vocitatur,
2569 5109 2713 5151 cum
2787 5092 2979 5153 radiis
3036 5093 3100 5153 in
3162 5095 3325 5157 coelo
3383 5115 3585 5176 appa-

316 5199 445 5259 ruit
500 5201 565 5261 in
623 5205 919 5279 Occiduo,
984 5206 1054 5287 (l)
1111 5207 1293 5288 cujus
1352 5209 1514 5270 radii
1588 5215 1799 5291 partes
1866 5205 2194 5288 Aquilonis
2268 5203 2711 5284 respiciebant,
2772 5212 2834 5267 et
2896 5227 3094 5288 usque
3163 5210 3244 5270 ad
3307 5212 3585 5296 medium

312 5315 547 5377 coelum
604 5338 671 5381 se
730 5322 1179 5385 extendebant.
1240 5325 1329 5386 Eo
1387 5344 1535 5387 vero
1614 5331 1900 5405 tempore
1971 5322 2200 5401 saepius
2272 5320 2424 5380 dicti
2498 5322 2845 5401 Eutychius
2915 5324 3214 5404 patricius
3288 5333 3352 5388 et
3415 5328 3591 5388 Luit-

195 5428 272 5490 10
313 5431 595 5510 prandus
653 5454 763 5496 rex
835 5437 1115 5499 inierunt
1187 5441 1522 5502 consilium
1601 5441 1938 5514 nefarium,
2000 5442 2071 5498 ut
2143 5435 2543 5514 congregatis
2613 5437 2991 5499 exercitibus
3067 5460 3174 5502 rex
3248 5441 3592 5521 subjiceret

1343 5591 1597 5637 NOTULE
1639 5588 2028 5637 MVARGINALES
2069 5585 2390 5632 FABBOTTI.

218 5687 324 5771 (α)
358 5690 772 5771 3,.‘Audriano.
800 5769 805 5771 Α
862 5695 939 5763 (b)
974 5696 1110 5771 Pos_t
1140 5696 1270 5752 hoc.
1359 5700 1432 5765 (ιτ)
1460 5700 1520 5763 Β,
1555 5700 1775 5754 dicente

2034 5694 2088 5750 ιιί
2134 5692 2293 5771 ψιρά
2346 5694 2549 5771 contra
2586 5693 2931 5771 pontiﬁcem
2981 5714 3218 5771 quoque
3250 5698 3591 5771 scripsisset

170 5757 567 5843 (d)pravit§1ti.
630 5768 705 5843 (θλ
728 5757 928 5843 ἱῃῐθιλξ
962 5769 1031 5843 (Γ)
1064 5757 1376 5843 Ρνθηῐίιηᾳξ
1401 5757 1727 5843 Montella.‘

2046 5810 2057 5821 .
2233 5757 2629 5843 Persiceda,
2668 5766 2964 5843 Praecutio.
3002 5757 3404 5843 i(h)ijubentei
3457 5774 3600 5840 (0B,

157 5843 292 5912 quq.
327 5833 417 5913 ‘(j)
452 5832 515 5913 ΒΔ,
543 5835 749 5913 omnia
768 5836 914 5913 loca.
977 5832 1059 5905 (k)
1092 5841 1383 5895 sententia
1415 5842 1659 5897 Romani
1713 5841 1984 5913 protinus
2026 5832 2212 5913 ipsius
2246 5832 2789 5913 Patriciinmissurn.
2852 5841 2908 5906 (ι)
2945 5832 3246 5911 pollicens.
3298 5847 3398 5912 (m)
3431 5832 3604 5908 B,'ex

161 5902 422 5989 scriptis.
477 5908 561 5989 (γε)
592 5912 906 5989 certantes.
963 5902 1048 5977 (0)—
1070 5912 1381 5989 papa‘.‘_‘(p)
1410 5915 1622 5969 Baron.
1653 5902 1718 5967 ad

2042 5902 2059 5956 ι’
2081 5910 2139 5962 in
2166 5906 2304 5978 fine.
2366 5910 2442 5975 (q)
2476 5906 2540 5971 Β,
2572 5908 2643 5962 44.)
2669 5908 2812 5965 dies.
2858 5902 2960 5981 τω·
2974 5917 3193 5971 tamen.
3226 5902 3391 5989 (5ft),
3438 5902 3599 5970 auri-

158 5968 338 6045 farff.
368 5968 623 6037 Lue'ifer.
684 5979 748 6052 (ι)
773 5968 991 6040 Βανοηῖ
1020 5968 1168 6037 nitu:
1201 5968 1327 6040 729:
