  <div class='ocr_page' id='page_1' title='image "/cluster/home/n/w/nwhite01/storage/ocr_20150623/127-128/uc1.31175010226572/1299.png"; bbox 0 0 3942 6400; ppageno 0'>
   <div class='ocr_carea' id='block_1_1' title="bbox 362 323 3812 390">
    <p class='ocr_par' dir='ltr' id='par_1_1' title="bbox 362 323 3812 390">
     <span class='ocr_line' id='line_1_1' title="bbox 362 323 3812 390; baseline -0.001 -2"><span class='ocrx_word' id='word_1_1' title='bbox 362 323 479 388; x_wconf 60' lang='lat'><strong>9&amp;3</strong></span> <span class='ocrx_word' id='word_1_2' title='bbox 1510 324 1922 390; x_wconf 81' lang='lat' dir='ltr'><strong>ANASTASII</strong></span> <span class='ocrx_word' id='word_1_3' title='bbox 1965 323 2597 388; x_wconf 81' lang='lat' dir='ltr'><strong>BlBLIOTHECARll</strong></span> <span class='ocrx_word' id='word_1_4' title='bbox 2609 366 2622 380; x_wconf 95' lang='lat'><strong>.</strong></span> <span class='ocrx_word' id='word_1_5' title='bbox 3673 323 3812 386; x_wconf 63' lang='lat' dir='ltr'><strong>98L</strong></span> 
     </span>
    </p>
   </div>
   <div class='ocr_carea' id='block_1_2' title="bbox 524 455 3802 539">
    <p class='ocr_par' dir='ltr' id='par_1_2' title="bbox 524 455 3802 539">
     <span class='ocr_line' id='line_1_2' title="bbox 524 455 3802 539; baseline 0.001 -22"><span class='ocrx_word' id='word_1_6' title='bbox 524 457 716 519; x_wconf 91' lang='lat' dir='ltr'><strong>duces</strong></span> <span class='ocrx_word' id='word_1_7' title='bbox 772 457 1184 537; x_wconf 86' lang='lat' dir='ltr'><strong>Spoletanum</strong></span> <span class='ocrx_word' id='word_1_8' title='bbox 1242 463 1306 518; x_wconf 93' lang='lat' dir='ltr'><strong>et</strong></span> <span class='ocrx_word' id='word_1_9' title='bbox 1359 459 1901 532; x_wconf 74' lang='lat' dir='ltr'><strong>Beneventanum,</strong></span> <span class='ocrx_word' id='word_1_10' title='bbox 1960 463 2025 520; x_wconf 93' lang='lat' dir='ltr'><strong>ct</strong></span> <span class='ocrx_word' id='word_1_11' title='bbox 2074 455 2388 519; x_wconf 86' lang='lat' dir='ltr'><strong>exarehus</strong></span> <span class='ocrx_word' id='word_1_12' title='bbox 2447 459 2734 532; x_wconf 81' lang='lat' dir='ltr'><strong>Romam,</strong></span> <span class='ocrx_word' id='word_1_13' title='bbox 2797 461 2862 518; x_wconf 93' lang='lat' dir='ltr'><strong>et</strong></span> <span class='ocrx_word' id='word_1_14' title='bbox 2916 475 3068 538; x_wconf 63' lang='lat' dir='ltr'><strong>qua!</strong></span> <span class='ocrx_word' id='word_1_15' title='bbox 3119 455 3366 538; x_wconf 76' lang='lat' dir='ltr'><strong>pridem</strong></span> <span class='ocrx_word' id='word_1_16' title='bbox 3434 456 3516 520; x_wconf 87' lang='lat' dir='ltr'><strong>dc</strong></span> <span class='ocrx_word' id='word_1_17' title='bbox 3577 458 3802 539; x_wconf 88' lang='lat' dir='ltr'><strong>ponti-</strong></span> 
     </span>
    </p>
   </div>
   <div class='ocr_carea' id='block_1_3' title="bbox 526 570 3802 654">
    <p class='ocr_par' dir='ltr' id='par_1_3' title="bbox 526 570 3802 654">
     <span class='ocr_line' id='line_1_3' title="bbox 526 570 3802 654; baseline 0 -20"><span class='ocrx_word' id='word_1_18' title='bbox 526 573 663 636; x_wconf 81' lang='lat' dir='ltr'><strong>ﬁcis</strong></span> <span class='ocrx_word' id='word_1_19' title='bbox 720 591 991 654; x_wconf 85' lang='lat' dir='ltr'><strong>persona</strong></span> <span class='ocrx_word' id='word_1_20' title='bbox 1039 571 1255 652; x_wconf 87' lang='lat' dir='ltr'><strong>jussus</strong></span> <span class='ocrx_word' id='word_1_21' title='bbox 1313 573 1542 647; x_wconf 80' lang='lat' dir='ltr'><strong>fuerat,</strong></span> <span class='ocrx_word' id='word_1_22' title='bbox 1604 573 1918 654; x_wconf 90' lang='lat' dir='ltr'><strong>impleret.</strong></span> <span class='ocrx_word' id='word_1_23' title='bbox 1980 570 2098 644; x_wconf 86' lang='lat' dir='ltr'><strong>Qui</strong></span> <span class='ocrx_word' id='word_1_24' title='bbox 2151 590 2258 633; x_wconf 85' lang='lat' dir='ltr'><strong>rex</strong></span> <span class='ocrx_word' id='word_1_25' title='bbox 2317 571 2642 652; x_wconf 89' lang='lat' dir='ltr'><strong>Spoletam</strong></span> <span class='ocrx_word' id='word_1_26' title='bbox 2699 571 2982 645; x_wconf 86' lang='lat' dir='ltr'><strong>veniens,</strong></span> <span class='ocrx_word' id='word_1_27' title='bbox 3041 572 3350 652; x_wconf 74' lang='lat' dir='ltr'><strong>susceptis</strong></span> <span class='ocrx_word' id='word_1_28' title='bbox 3404 572 3802 654; x_wconf 77' lang='lat' dir='ltr'><strong>abutrisquc</strong></span> 
     </span>
    </p>
   </div>
   <div class='ocr_carea' id='block_1_4' title="bbox 527 687 3800 771">
    <p class='ocr_par' dir='ltr' id='par_1_4' title="bbox 527 687 3800 771">
     <span class='ocr_line' id='line_1_4' title="bbox 527 687 3800 771; baseline 0 -21"><span class='ocrx_word' id='word_1_29' title='bbox 527 690 790 751; x_wconf 89' lang='lat' dir='ltr'><strong>ducibus</strong></span> <span class='ocrx_word' id='word_1_30' title='bbox 848 689 1259 751; x_wconf 80' lang='lat' dir='ltr'><strong>sacramentis</strong></span> <span class='ocrx_word' id='word_1_31' title='bbox 1328 693 1518 770; x_wconf 90' lang='lat' dir='ltr'><strong>atque</strong></span> <span class='ocrx_word' id='word_1_32' title='bbox 1581 690 1928 764; x_wconf 84' lang='lat' dir='ltr'><strong>obsidibus,</strong></span> <span class='ocrx_word' id='word_1_33' title='bbox 1989 706 2132 751; x_wconf 89' lang='lat' dir='ltr'><strong>cum</strong></span> <span class='ocrx_word' id='word_1_34' title='bbox 2190 693 2326 748; x_wconf 90' lang='lat' dir='ltr'><strong>tota</strong></span> <span class='ocrx_word' id='word_1_35' title='bbox 2381 705 2497 748; x_wconf 88' lang='lat' dir='ltr'><strong>sua</strong></span> <span class='ocrx_word' id='word_1_36' title='bbox 2557 687 2817 749; x_wconf 84' lang='lat' dir='ltr'><strong>cohorte</strong></span> <span class='ocrx_word' id='word_1_37' title='bbox 2875 687 2955 769; x_wconf 91' lang='lat' dir='ltr'><strong>(a)</strong></span> <span class='ocrx_word' id='word_1_38' title='bbox 3013 687 3080 749; x_wconf 91' lang='lat' dir='ltr'><strong>in</strong></span> <span class='ocrx_word' id='word_1_39' title='bbox 3179 688 3442 750; x_wconf 77' lang='lat' dir='ltr'><strong>Neronis</strong></span> <span class='ocrx_word' id='word_1_40' title='bbox 3499 707 3800 771; x_wconf 80' lang='lat' dir='ltr'><strong>campum</strong></span> 
     </span>
    </p>
   </div>
   <div class='ocr_carea' id='block_1_5' title="bbox 529 803 3806 888">
    <p class='ocr_par' dir='ltr' id='par_1_5' title="bbox 529 803 3806 888">
     <span class='ocr_line' id='line_1_5' title="bbox 529 803 3806 888; baseline 0.001 -22"><span class='ocrx_word' id='word_1_41' title='bbox 529 807 804 868; x_wconf 86' lang='lat' dir='ltr'><strong>secessit.</strong></span> <span class='ocrx_word' id='word_1_42' title='bbox 861 807 956 866; x_wconf 86' lang='lat' dir='ltr'><strong>Ad</strong></span> <span class='ocrx_word' id='word_1_43' title='bbox 1016 825 1202 886; x_wconf 88' lang='lat' dir='ltr'><strong>quem</strong></span> <span class='ocrx_word' id='word_1_44' title='bbox 1264 825 1553 885; x_wconf 84' lang='lat' dir='ltr'><strong>egressus</strong></span> <span class='ocrx_word' id='word_1_45' title='bbox 1609 807 1922 888; x_wconf 79' lang='lat' dir='ltr'><strong>pontifex,</strong></span> <span class='ocrx_word' id='word_1_46' title='bbox 1982 804 2164 884; x_wconf 83' lang='lat' dir='ltr'><strong>eique</strong></span> <span class='ocrx_word' id='word_1_47' title='bbox 2221 808 2664 883; x_wconf 75' lang='lat' dir='ltr'><strong>praesentatus,</strong></span> <span class='ocrx_word' id='word_1_48' title='bbox 2721 803 2962 866; x_wconf 87' lang='lat' dir='ltr'><strong>studuit</strong></span> <span class='ocrx_word' id='word_1_49' title='bbox 3017 808 3088 865; x_wconf 82' lang='lat' dir='ltr'><strong>ut</strong></span> <span class='ocrx_word' id='word_1_50' title='bbox 3143 804 3353 885; x_wconf 82' lang='lat' dir='ltr'><strong>potuit</strong></span> <span class='ocrx_word' id='word_1_51' title='bbox 3419 805 3585 886; x_wconf 88' lang='lat' dir='ltr'><strong>regis</strong></span> <span class='ocrx_word' id='word_1_52' title='bbox 3641 807 3806 868; x_wconf 89' lang='lat' dir='ltr'><strong>mol-</strong></span> 
     </span>
    </p>
   </div>
   <div class='ocr_carea' id='block_1_6' title="bbox 412 917 3806 1002">
    <p class='ocr_par' dir='ltr' id='par_1_6' title="bbox 412 917 3806 1002">
     <span class='ocr_line' id='line_1_6' title="bbox 412 917 3806 1002; baseline 0 -18"><span class='ocrx_word' id='word_1_53' title='bbox 412 927 484 985; x_wconf 80' lang='grc'>15</span> <span class='ocrx_word' id='word_1_54' title='bbox 533 922 647 983; x_wconf 90' lang='lat' dir='ltr'><strong>lire</strong></span> <span class='ocrx_word' id='word_1_55' title='bbox 707 920 988 983; x_wconf 90' lang='lat' dir='ltr'><strong>animum</strong></span> <span class='ocrx_word' id='word_1_56' title='bbox 1047 921 1542 983; x_wconf 90' lang='lat' dir='ltr'><strong>commonitione</strong></span> <span class='ocrx_word' id='word_1_57' title='bbox 1601 921 1727 1002; x_wconf 90' lang='lat' dir='ltr'><strong>pia,</strong></span> <span class='ocrx_word' id='word_1_58' title='bbox 1788 921 1876 981; x_wconf 92' lang='lat' dir='ltr'><strong>ita</strong></span> <span class='ocrx_word' id='word_1_59' title='bbox 1937 925 2006 980; x_wconf 90' lang='lat' dir='ltr'><strong>ut</strong></span> <span class='ocrx_word' id='word_1_60' title='bbox 2062 938 2128 980; x_wconf 92' lang='lat' dir='ltr'><strong>se</strong></span> <span class='ocrx_word' id='word_1_61' title='bbox 2193 925 2624 1000; x_wconf 88' lang='lat' dir='ltr'><strong>prosterneret</strong></span> <span class='ocrx_word' id='word_1_62' title='bbox 2693 917 2829 999; x_wconf 88' lang='lat' dir='ltr'><strong>ejus</strong></span> <span class='ocrx_word' id='word_1_63' title='bbox 2903 919 3192 1000; x_wconf 87' lang='lat' dir='ltr'><strong>pedibus,</strong></span> <span class='ocrx_word' id='word_1_64' title='bbox 3269 924 3332 980; x_wconf 83' lang='lat' dir='ltr'><strong>et</strong></span> <span class='ocrx_word' id='word_1_65' title='bbox 3397 920 3806 1000; x_wconf 84' lang='lat' dir='ltr'><strong>promitteret</strong></span> 
     </span>
    </p>
   </div>
   <div class='ocr_carea' id='block_1_7' title="bbox 533 1034 3806 1118">
    <p class='ocr_par' dir='ltr' id='par_1_7' title="bbox 533 1034 3806 1118">
     <span class='ocr_line' id='line_1_7' title="bbox 533 1034 3806 1118; baseline 0 -19"><span class='ocrx_word' id='word_1_66' title='bbox 533 1057 598 1099; x_wconf 86' lang='lat' dir='ltr'><strong>se</strong></span> <span class='ocrx_word' id='word_1_67' title='bbox 656 1035 816 1098; x_wconf 88' lang='lat' dir='ltr'><strong>nulli</strong></span> <span class='ocrx_word' id='word_1_68' title='bbox 873 1037 1106 1098; x_wconf 80' lang='lat' dir='ltr'><strong>inferre</strong></span> <span class='ocrx_word' id='word_1_69' title='bbox 1163 1037 1537 1099; x_wconf 82' lang='lat' dir='ltr'><strong>laesionem:</strong></span> <span class='ocrx_word' id='word_1_70' title='bbox 1601 1043 1792 1118; x_wconf 91' lang='lat' dir='ltr'><strong>atque</strong></span> <span class='ocrx_word' id='word_1_71' title='bbox 1859 1035 1948 1098; x_wconf 90' lang='lat' dir='ltr'><strong>sic</strong></span> <span class='ocrx_word' id='word_1_72' title='bbox 2019 1034 2099 1096; x_wconf 89' lang='lat' dir='ltr'><strong>ad</strong></span> <span class='ocrx_word' id='word_1_73' title='bbox 2161 1039 2404 1097; x_wconf 88' lang='lat' dir='ltr'><strong>tantam</strong></span> <span class='ocrx_word' id='word_1_74' title='bbox 2463 1036 3014 1117; x_wconf 80' lang='lat' dir='ltr'><strong>compunctionem</strong></span> <span class='ocrx_word' id='word_1_75' title='bbox 3086 1035 3206 1116; x_wconf 89' lang='lat' dir='ltr'><strong>piis</strong></span> <span class='ocrx_word' id='word_1_76' title='bbox 3276 1037 3533 1099; x_wconf 85' lang='lat' dir='ltr'><strong>monitis</strong></span> <span class='ocrx_word' id='word_1_77' title='bbox 3597 1038 3806 1100; x_wconf 64' lang='lat' dir='ltr'><strong>ﬂ’cxus</strong></span> 
     </span>
    </p>
   </div>
   <div class='ocr_carea' id='block_1_8' title="bbox 535 1151 3803 1233">
    <p class='ocr_par' dir='ltr' id='par_1_8' title="bbox 535 1151 3803 1233">
     <span class='ocr_line' id='line_1_8' title="bbox 535 1151 3803 1233; baseline 0.002 -21"><span class='ocrx_word' id='word_1_78' title='bbox 535 1156 652 1228; x_wconf 89' lang='lat' dir='ltr'><strong>est,</strong></span> <span class='ocrx_word' id='word_1_79' title='bbox 710 1157 781 1213; x_wconf 91' lang='lat' dir='ltr'><strong>ut</strong></span> <span class='ocrx_word' id='word_1_80' title='bbox 836 1172 979 1232; x_wconf 76' lang='lat' dir='ltr'><strong>quae</strong></span> <span class='ocrx_word' id='word_1_81' title='bbox 1035 1153 1246 1214; x_wconf 81' lang='lat' dir='ltr'><strong>fuerat</strong></span> <span class='ocrx_word' id='word_1_82' title='bbox 1301 1153 1582 1228; x_wconf 89' lang='lat' dir='ltr'><strong>indutus,</strong></span> <span class='ocrx_word' id='word_1_83' title='bbox 1638 1157 1921 1227; x_wconf 80' lang='lat' dir='ltr'><strong>exueret,</strong></span> <span class='ocrx_word' id='word_1_84' title='bbox 1977 1157 2037 1212; x_wconf 88' lang='lat' dir='ltr'><strong>et</strong></span> <span class='ocrx_word' id='word_1_85' title='bbox 2097 1156 2243 1212; x_wconf 86' lang='lat' dir='ltr'><strong>ante</strong></span> <span class='ocrx_word' id='word_1_86' title='bbox 2300 1169 2532 1232; x_wconf 88' lang='lat' dir='ltr'><strong>corpus</strong></span> <span class='ocrx_word' id='word_1_87' title='bbox 2587 1151 2860 1232; x_wconf 82' lang='lat' dir='ltr'><strong>apostoli</strong></span> <span class='ocrx_word' id='word_1_88' title='bbox 2912 1156 3177 1233; x_wconf 81' lang='lat' dir='ltr'><strong>poneret</strong></span> <span class='ocrx_word' id='word_1_89' title='bbox 3234 1158 3544 1228; x_wconf 72' lang='lat' dir='ltr'><strong>manta-11,</strong></span> <span class='ocrx_word' id='word_1_90' title='bbox 3603 1155 3803 1217; x_wconf 88' lang='lat' dir='ltr'><strong>armi-</strong></span> 
     </span>
    </p>
   </div>
   <div class='ocr_carea' id='block_1_9' title="bbox 537 1267 3806 1350">
    <p class='ocr_par' dir='ltr' id='par_1_9' title="bbox 537 1267 3806 1350">
     <span class='ocr_line' id='line_1_9' title="bbox 537 1267 3806 1350; baseline 0.002 -23"><span class='ocrx_word' id='word_1_91' title='bbox 537 1267 803 1330; x_wconf 89' lang='lat' dir='ltr'><strong>lausiam</strong></span> <span class='ocrx_word' id='word_1_92' title='bbox 859 1267 972 1349; x_wconf 78' lang='grc' dir='ltr'><strong>(ὁ),</strong></span> <span class='ocrx_word' id='word_1_93' title='bbox 1035 1269 1342 1344; x_wconf 87' lang='lat' dir='ltr'><strong>balteum,</strong></span> <span class='ocrx_word' id='word_1_94' title='bbox 1408 1275 1654 1350; x_wconf 73' lang='lat' dir='ltr'><strong>spetam</strong></span> <span class='ocrx_word' id='word_1_95' title='bbox 1721 1273 1913 1349; x_wconf 89' lang='lat' dir='ltr'><strong>atque</strong></span> <span class='ocrx_word' id='word_1_96' title='bbox 1979 1284 2192 1329; x_wconf 89' lang='lat' dir='ltr'><strong>ensem</strong></span> <span class='ocrx_word' id='word_1_97' title='bbox 2259 1267 2661 1342; x_wconf 89' lang='lat' dir='ltr'><strong>deauratum,</strong></span> <span class='ocrx_word' id='word_1_98' title='bbox 2733 1285 2981 1330; x_wconf 86' lang='lat' dir='ltr'><strong>necnon</strong></span> <span class='ocrx_word' id='word_1_99' title='bbox 3050 1285 3348 1330; x_wconf 80' lang='lat' dir='ltr'><strong>coronam</strong></span> <span class='ocrx_word' id='word_1_100' title='bbox 3421 1285 3680 1331; x_wconf 80' lang='lat' dir='ltr'><strong>auream</strong></span> <span class='ocrx_word' id='word_1_101' title='bbox 3738 1277 3806 1334; x_wconf 92' lang='lat' dir='ltr'><strong>et</strong></span> 
     </span>
    </p>
   </div>
   <div class='ocr_carea' id='block_1_10' title="bbox 537 1381 3812 1465">
    <p class='ocr_par' dir='ltr' id='par_1_10' title="bbox 537 1381 3812 1465">
     <span class='ocr_line' id='line_1_10' title="bbox 537 1381 3812 1465; baseline 0.001 -19"><span class='ocrx_word' id='word_1_102' title='bbox 537 1401 789 1446; x_wconf 90' lang='lat' dir='ltr'><strong>crucem</strong></span> <span class='ocrx_word' id='word_1_103' title='bbox 846 1390 1236 1465; x_wconf 81' lang='lat' dir='ltr'><strong>argenteam.</strong></span> <span class='ocrx_word' id='word_1_104' title='bbox 1299 1388 1452 1448; x_wconf 90' lang='lat' dir='ltr'><strong>Post</strong></span> <span class='ocrx_word' id='word_1_105' title='bbox 1505 1385 1867 1448; x_wconf 88' lang='lat' dir='ltr'><strong>orationem</strong></span> <span class='ocrx_word' id='word_1_106' title='bbox 1926 1385 2160 1446; x_wconf 79' lang='lat' dir='ltr'><strong>factam</strong></span> <span class='ocrx_word' id='word_1_107' title='bbox 2221 1381 2576 1444; x_wconf 81' lang='lat' dir='ltr'><strong>obsecravit</strong></span> <span class='ocrx_word' id='word_1_108' title='bbox 2632 1382 2997 1464; x_wconf 81' lang='lat' dir='ltr'><strong>pontificem</strong></span> <span class='ocrx_word' id='word_1_109' title='bbox 3055 1388 3129 1444; x_wconf 90' lang='lat' dir='ltr'><strong>at</strong></span> <span class='ocrx_word' id='word_1_110' title='bbox 3171 1391 3592 1448; x_wconf 87' lang='lat' dir='ltr'><strong>memora-tum</strong></span> <span class='ocrx_word' id='word_1_111' title='bbox 3625 1405 3812 1448; x_wconf 81' lang='lat' dir='ltr'><strong>exar-</strong></span> 
     </span>
    </p>
   </div>
   <div class='ocr_carea' id='block_1_11' title="bbox 416 1498 3815 1581">
    <p class='ocr_par' dir='ltr' id='par_1_11' title="bbox 416 1498 3815 1581">
     <span class='ocr_line' id='line_1_11' title="bbox 416 1498 3815 1581; baseline 0.001 -21"><span class='ocrx_word' id='word_1_112' title='bbox 416 1499 497 1560; x_wconf 82' lang='grc'><strong>20</strong></span> <span class='ocrx_word' id='word_1_113' title='bbox 538 1498 727 1561; x_wconf 85' lang='lat' dir='ltr'><strong>chum</strong></span> <span class='ocrx_word' id='word_1_114' title='bbox 791 1499 868 1560; x_wconf 90' lang='lat' dir='ltr'><strong>ad</strong></span> <span class='ocrx_word' id='word_1_115' title='bbox 927 1500 1103 1580; x_wconf 87' lang='lat' dir='ltr'><strong>pacis</strong></span> <span class='ocrx_word' id='word_1_116' title='bbox 1159 1501 1564 1563; x_wconf 88' lang='lat' dir='ltr'><strong>concordiam</strong></span> <span class='ocrx_word' id='word_1_117' title='bbox 1623 1500 1941 1581; x_wconf 82' lang='lat' dir='ltr'><strong>suscipere</strong></span> <span class='ocrx_word' id='word_1_118' title='bbox 1996 1499 2391 1579; x_wconf 78' lang='lat' dir='ltr'><strong>dignaretur,</strong></span> <span class='ocrx_word' id='word_1_119' title='bbox 2451 1498 2621 1580; x_wconf 89' lang='lat' dir='ltr'><strong>quod</strong></span> <span class='ocrx_word' id='word_1_120' title='bbox 2677 1504 2742 1562; x_wconf 90' lang='lat' dir='ltr'><strong>et</strong></span> <span class='ocrx_word' id='word_1_121' title='bbox 2797 1499 3036 1560; x_wconf 84' lang='lat' dir='ltr'><strong>factum</strong></span> <span class='ocrx_word' id='word_1_122' title='bbox 3093 1504 3210 1562; x_wconf 85' lang='lat' dir='ltr'><strong>est.</strong></span> <span class='ocrx_word' id='word_1_123' title='bbox 3269 1501 3346 1562; x_wconf 82' lang='lat' dir='ltr'><strong>Et</strong></span> <span class='ocrx_word' id='word_1_124' title='bbox 3403 1500 3491 1563; x_wconf 85' lang='lat' dir='ltr'><strong>sic</strong></span> <span class='ocrx_word' id='word_1_125' title='bbox 3546 1503 3815 1565; x_wconf 83' lang='lat' dir='ltr'><strong>recessit</strong></span> 
     </span>
    </p>
   </div>
   <div class='ocr_carea' id='block_1_12' title="bbox 539 1614 2956 1698">
    <p class='ocr_par' dir='ltr' id='par_1_12' title="bbox 539 1614 2956 1698">
     <span class='ocr_line' id='line_1_12' title="bbox 539 1614 2956 1698; baseline 0 -22"><span class='ocrx_word' id='word_1_126' title='bbox 539 1633 686 1696; x_wconf 80' lang='lat' dir='ltr'><strong>rege</strong></span> <span class='ocrx_word' id='word_1_127' title='bbox 743 1615 1102 1679; x_wconf 88' lang='lat' dir='ltr'><strong>declinante</strong></span> <span class='ocrx_word' id='word_1_128' title='bbox 1159 1635 1198 1678; x_wconf 91' lang='lat' dir='ltr'><strong>a</strong></span> <span class='ocrx_word' id='word_1_129' title='bbox 1257 1618 1462 1693; x_wconf 92' lang='lat' dir='ltr'><strong>malis,</strong></span> <span class='ocrx_word' id='word_1_130' title='bbox 1520 1618 1752 1698; x_wconf 86' lang='lat' dir='ltr'><strong>quibus</strong></span> <span class='ocrx_word' id='word_1_131' title='bbox 1807 1617 2058 1690; x_wconf 86' lang='lat' dir='ltr'><strong>inierat,</strong></span> <span class='ocrx_word' id='word_1_132' title='bbox 2120 1614 2402 1676; x_wconf 88' lang='lat' dir='ltr'><strong>consiliis</strong></span> <span class='ocrx_word' id='word_1_133' title='bbox 2459 1633 2602 1678; x_wconf 92' lang='lat' dir='ltr'><strong>cum</strong></span> <span class='ocrx_word' id='word_1_134' title='bbox 2661 1615 2956 1677; x_wconf 80' lang='lat' dir='ltr'><strong>cxarcho.</strong></span> 
     </span>
    </p>
   </div>
   <div class='ocr_carea' id='block_1_13' title="bbox 633 1730 3815 1813">
    <p class='ocr_par' dir='ltr' id='par_1_13' title="bbox 633 1730 3815 1813">
     <span class='ocr_line' id='line_1_13' title="bbox 633 1730 3815 1813; baseline 0.001 -20"><span class='ocrx_word' id='word_1_135' title='bbox 633 1740 791 1794; x_wconf 74' lang='grc'>18³1</span> <span class='ocrx_word' id='word_1_136' title='bbox 854 1733 1054 1813; x_wconf 85' lang='lat' dir='ltr'><strong>Igitur</strong></span> <span class='ocrx_word' id='word_1_137' title='bbox 1110 1733 1386 1796; x_wconf 80' lang='lat' dir='ltr'><strong>exarcbo</strong></span> <span class='ocrx_word' id='word_1_138' title='bbox 1447 1737 1662 1796; x_wconf 67' lang='lat' dir='ltr'><strong>Romae</strong></span> <span class='ocrx_word' id='word_1_139' title='bbox 1736 1732 2035 1807; x_wconf 88' lang='lat' dir='ltr'><strong>moranti,</strong></span> <span class='ocrx_word' id='word_1_140' title='bbox 2095 1731 2270 1793; x_wconf 83' lang='lat' dir='ltr'><strong>venit</strong></span> <span class='ocrx_word' id='word_1_141' title='bbox 2333 1731 2399 1792; x_wconf 88' lang='lat' dir='ltr'><strong>in</strong></span> <span class='ocrx_word' id='word_1_142' title='bbox 2459 1730 2745 1812; x_wconf 88' lang='lat' dir='ltr'><strong>partibus</strong></span> <span class='ocrx_word' id='word_1_143' title='bbox 2799 1731 3044 1794; x_wconf 70' lang='lat' dir='ltr'><strong>Tusciae</strong></span> <span class='ocrx_word' id='word_1_144' title='bbox 3100 1731 3165 1793; x_wconf 83' lang='lat' dir='ltr'><strong>in</strong></span> <span class='ocrx_word' id='word_1_145' title='bbox 3224 1738 3500 1796; x_wconf 88' lang='lat' dir='ltr'><strong>castrum</strong></span> <span class='ocrx_word' id='word_1_146' title='bbox 3557 1735 3815 1797; x_wconf 81' lang='lat' dir='ltr'><strong>Mantu-</strong></span> 
     </span>
    </p>
   </div>
   <div class='ocr_carea' id='block_1_14' title="bbox 543 1847 3815 1931">
    <p class='ocr_par' dir='ltr' id='par_1_14' title="bbox 543 1847 3815 1931">
     <span class='ocr_line' id='line_1_14' title="bbox 543 1847 3815 1931; baseline 0.001 -21"><span class='ocrx_word' id='word_1_147' title='bbox 543 1848 942 1931; x_wconf 87' lang='lat' dir='ltr'><strong>riancnse(c)</strong></span> <span class='ocrx_word' id='word_1_148' title='bbox 999 1850 1256 1931; x_wconf 91' lang='lat' dir='ltr'><strong>quidam</strong></span> <span class='ocrx_word' id='word_1_149' title='bbox 1316 1851 1629 1925; x_wconf 91' lang='lat' dir='ltr'><strong>seductor,</strong></span> <span class='ocrx_word' id='word_1_150' title='bbox 1687 1849 1976 1913; x_wconf 84' lang='lat' dir='ltr'><strong>Tiberius</strong></span> <span class='ocrx_word' id='word_1_151' title='bbox 2033 1847 2311 1925; x_wconf 86' lang='lat' dir='ltr'><strong>nomine,</strong></span> <span class='ocrx_word' id='word_1_152' title='bbox 2373 1847 2472 1908; x_wconf 91' lang='lat' dir='ltr'><strong>cui</strong></span> <span class='ocrx_word' id='word_1_153' title='bbox 2532 1863 2884 1928; x_wconf 87' lang='lat' dir='ltr'><strong>cognomen</strong></span> <span class='ocrx_word' id='word_1_154' title='bbox 2941 1853 3076 1908; x_wconf 86' lang='lat' dir='ltr'><strong>erat</strong></span> <span class='ocrx_word' id='word_1_155' title='bbox 3146 1848 3454 1924; x_wconf 81' lang='lat' dir='ltr'><strong>Petasius,</strong></span> <span class='ocrx_word' id='word_1_156' title='bbox 3517 1849 3627 1931; x_wconf 84' lang='lat' dir='ltr'><strong>qui</strong></span> <span class='ocrx_word' id='word_1_157' title='bbox 3685 1851 3815 1913; x_wconf 87' lang='lat' dir='ltr'><strong>sibi</strong></span> 
     </span>
    </p>
   </div>
   <div class='ocr_carea' id='block_1_15' title="bbox 545 1963 3822 2048">
    <p class='ocr_par' dir='ltr' id='par_1_15' title="bbox 545 1963 3822 2048">
     <span class='ocr_line' id='line_1_15' title="bbox 545 1963 3822 2048; baseline 0.001 -22"><span class='ocrx_word' id='word_1_158' title='bbox 545 1983 812 2046; x_wconf 88' lang='lat' dir='ltr'><strong>regnum</strong></span> <span class='ocrx_word' id='word_1_159' title='bbox 872 1967 1141 2028; x_wconf 81' lang='lat' dir='ltr'><strong>Romani</strong></span> <span class='ocrx_word' id='word_1_160' title='bbox 1193 1967 1446 2048; x_wconf 90' lang='lat' dir='ltr'><strong>imperii</strong></span> <span class='ocrx_word' id='word_1_161' title='bbox 1501 1984 1810 2047; x_wconf 84' lang='lat' dir='ltr'><strong>usurpare</strong></span> <span class='ocrx_word' id='word_1_162' title='bbox 1869 1965 2242 2027; x_wconf 86' lang='lat' dir='ltr'><strong>conabatur.</strong></span> <span class='ocrx_word' id='word_1_163' title='bbox 2303 1963 2593 2025; x_wconf 85' lang='lat' dir='ltr'><strong>Leviores</strong></span> <span class='ocrx_word' id='word_1_164' title='bbox 2663 1981 2922 2044; x_wconf 83' lang='lat' dir='ltr'><strong>quoque</strong></span> <span class='ocrx_word' id='word_1_165' title='bbox 2987 1963 3316 2046; x_wconf 85' lang='lat' dir='ltr'><strong>decipiens</strong></span> <span class='ocrx_word' id='word_1_166' title='bbox 3363 1965 3453 2028; x_wconf 90' lang='lat' dir='ltr'><strong>ita</strong></span> <span class='ocrx_word' id='word_1_167' title='bbox 3509 1969 3582 2028; x_wconf 86' lang='lat' dir='ltr'><strong>ut</strong></span> <span class='ocrx_word' id='word_1_168' title='bbox 3635 1965 3822 2030; x_wconf 87' lang='lat' dir='ltr'><strong>Man-</strong></span> 
     </span>
    </p>
   </div>
   <div class='ocr_carea' id='block_1_16' title="bbox 546 2079 3825 2162">
    <p class='ocr_par' dir='ltr' id='par_1_16' title="bbox 546 2079 3825 2162">
     <span class='ocr_line' id='line_1_16' title="bbox 546 2079 3825 2162; baseline 0.001 -20"><span class='ocrx_word' id='word_1_169' title='bbox 546 2081 964 2156; x_wconf 89' lang='lat' dir='ltr'><strong>turiancnscs,</strong></span> <span class='ocrx_word' id='word_1_170' title='bbox 1023 2085 1346 2144; x_wconf 89' lang='lat' dir='ltr'><strong>Lunenscs</strong></span> <span class='ocrx_word' id='word_1_171' title='bbox 1400 2087 1591 2162; x_wconf 89' lang='lat' dir='ltr'><strong>atque</strong></span> <span class='ocrx_word' id='word_1_172' title='bbox 1645 2081 1910 2144; x_wconf 80' lang='lat' dir='ltr'><strong>Bledani</strong></span> <span class='ocrx_word' id='word_1_173' title='bbox 1967 2079 2054 2162; x_wconf 81' lang='lat' dir='ltr'><strong>(d)</strong></span> <span class='ocrx_word' id='word_1_174' title='bbox 2114 2080 2170 2142; x_wconf 88' lang='lat' dir='ltr'><strong>ei</strong></span> <span class='ocrx_word' id='word_1_175' title='bbox 2245 2084 2643 2141; x_wconf 87' lang='lat' dir='ltr'><strong>sacramenta</strong></span> <span class='ocrx_word' id='word_1_176' title='bbox 2715 2079 3188 2161; x_wconf 69' lang='lat' dir='ltr'><strong>praestitissent.</strong></span> <span class='ocrx_word' id='word_1_177' title='bbox 3235 2081 3565 2144; x_wconf 78' lang='lat' dir='ltr'><strong>Exarebus</strong></span> <span class='ocrx_word' id='word_1_178' title='bbox 3634 2099 3825 2159; x_wconf 82' lang='lat' dir='ltr'><strong>vero,</strong></span> 
     </span>
    </p>
   </div>
   <div class='ocr_carea' id='block_1_17' title="bbox 465 2195 3838 2280">
    <p class='ocr_par' dir='ltr' id='par_1_17' title="bbox 465 2195 3838 2280">
     <span class='ocr_line' id='line_1_17' title="bbox 465 2195 3838 2280; baseline 0.001 -22"><span class='ocrx_word' id='word_1_179' title='bbox 465 2199 502 2258; x_wconf 79' lang='grc'><strong>5</strong></span> <span class='ocrx_word' id='word_1_180' title='bbox 548 2195 685 2258; x_wconf 69' lang='grc' dir='ltr'><strong>Ι]ωο</strong></span> <span class='ocrx_word' id='word_1_181' title='bbox 745 2197 1032 2271; x_wconf 87' lang='lat' dir='ltr'><strong>audiens,</strong></span> <span class='ocrx_word' id='word_1_182' title='bbox 1091 2197 1386 2258; x_wconf 82' lang='lat' dir='ltr'><strong>turbatus</strong></span> <span class='ocrx_word' id='word_1_183' title='bbox 1443 2201 1558 2272; x_wconf 89' lang='lat' dir='ltr'><strong>est,</strong></span> <span class='ocrx_word' id='word_1_184' title='bbox 1620 2213 1808 2276; x_wconf 85' lang='lat' dir='ltr'><strong>quem</strong></span> <span class='ocrx_word' id='word_1_185' title='bbox 1867 2195 2296 2259; x_wconf 86' lang='lat' dir='ltr'><strong>sanctissimus</strong></span> <span class='ocrx_word' id='word_1_186' title='bbox 2354 2213 2522 2276; x_wconf 88' lang='lat' dir='ltr'><strong>papa</strong></span> <span class='ocrx_word' id='word_1_187' title='bbox 2578 2196 2968 2270; x_wconf 72' lang='lat' dir='ltr'><strong>confortans,</strong></span> <span class='ocrx_word' id='word_1_188' title='bbox 3027 2201 3094 2258; x_wconf 87' lang='lat' dir='ltr'><strong>ct</strong></span> <span class='ocrx_word' id='word_1_189' title='bbox 3156 2211 3300 2258; x_wconf 81' lang='lat' dir='ltr'><strong>cum</strong></span> <span class='ocrx_word' id='word_1_190' title='bbox 3380 2216 3458 2260; x_wconf 89' lang='lat' dir='ltr'><strong>eo</strong></span> <span class='ocrx_word' id='word_1_191' title='bbox 3525 2215 3838 2280; x_wconf 78' lang='lat' dir='ltr'><strong>proceres</strong></span> 
     </span>
    </p>
   </div>
   <div class='ocr_carea' id='block_1_18' title="bbox 548 2311 3838 2393">
    <p class='ocr_par' dir='ltr' id='par_1_18' title="bbox 548 2311 3838 2393">
     <span class='ocr_line' id='line_1_18' title="bbox 548 2311 3838 2393; baseline 0.001 -19"><span class='ocrx_word' id='word_1_192' title='bbox 548 2312 844 2374; x_wconf 82' lang='lat' dir='ltr'><strong>Ecclesiae</strong></span> <span class='ocrx_word' id='word_1_193' title='bbox 901 2312 1158 2374; x_wconf 89' lang='lat' dir='ltr'><strong>mittens</strong></span> <span class='ocrx_word' id='word_1_194' title='bbox 1211 2318 1406 2393; x_wconf 91' lang='lat' dir='ltr'><strong>atque</strong></span> <span class='ocrx_word' id='word_1_195' title='bbox 1461 2312 1772 2374; x_wconf 83' lang='lat' dir='ltr'><strong>exercitus</strong></span> <span class='ocrx_word' id='word_1_196' title='bbox 1830 2311 2097 2393; x_wconf 77' lang='lat' dir='ltr'><strong>profecti</strong></span> <span class='ocrx_word' id='word_1_197' title='bbox 2153 2316 2321 2372; x_wconf 89' lang='lat' dir='ltr'><strong>sunt.</strong></span> <span class='ocrx_word' id='word_1_198' title='bbox 2385 2311 2503 2384; x_wconf 76' lang='lat' dir='ltr'><strong>Qui</strong></span> <span class='ocrx_word' id='word_1_199' title='bbox 2560 2311 2905 2386; x_wconf 79' lang='lat' dir='ltr'><strong>venientes,</strong></span> <span class='ocrx_word' id='word_1_200' title='bbox 2965 2311 3032 2372; x_wconf 81' lang='lat' dir='ltr'><strong>in</strong></span> <span class='ocrx_word' id='word_1_201' title='bbox 3087 2312 3638 2376; x_wconf 79' lang='lat' dir='ltr'><strong>Mantuarianensi</strong></span> <span class='ocrx_word' id='word_1_202' title='bbox 3691 2333 3838 2378; x_wconf 87' lang='lat' dir='ltr'><strong>cas-</strong></span> 
     </span>
    </p>
   </div>
   <div class='ocr_carea' id='block_1_19' title="bbox 555 2426 3842 2511">
    <p class='ocr_par' dir='ltr' id='par_1_19' title="bbox 555 2426 3842 2511">
     <span class='ocr_line' id='line_1_19' title="bbox 555 2426 3842 2511; baseline 0.001 -23"><span class='ocrx_word' id='word_1_203' title='bbox 555 2427 703 2489; x_wconf 91' lang='lat' dir='ltr'><strong>tello</strong></span> <span class='ocrx_word' id='word_1_204' title='bbox 772 2427 1008 2488; x_wconf 89' lang='lat' dir='ltr'><strong>ibidem</strong></span> <span class='ocrx_word' id='word_1_205' title='bbox 1071 2428 1357 2489; x_wconf 89' lang='lat' dir='ltr'><strong>Petasius</strong></span> <span class='ocrx_word' id='word_1_206' title='bbox 1429 2429 1849 2510; x_wconf 87' lang='lat' dir='ltr'><strong>interemptus</strong></span> <span class='ocrx_word' id='word_1_207' title='bbox 1921 2433 2037 2489; x_wconf 89' lang='lat' dir='ltr'><strong>est.</strong></span> <span class='ocrx_word' id='word_1_208' title='bbox 2114 2426 2309 2506; x_wconf 86' lang='lat' dir='ltr'><strong>Cujus</strong></span> <span class='ocrx_word' id='word_1_209' title='bbox 2374 2427 2720 2492; x_wconf 88' lang='lat' dir='ltr'><strong>abscissum</strong></span> <span class='ocrx_word' id='word_1_210' title='bbox 2786 2433 2980 2508; x_wconf 86' lang='lat' dir='ltr'><strong>caput</strong></span> <span class='ocrx_word' id='word_1_211' title='bbox 3041 2429 3662 2511; x_wconf 62' lang='lat' dir='ltr'><strong>Constantinopolim</strong></span> <span class='ocrx_word' id='word_1_212' title='bbox 3744 2431 3842 2494; x_wconf 88' lang='lat' dir='ltr'><strong>ad</strong></span> 
     </span>
    </p>
   </div>
   <div class='ocr_carea' id='block_1_20' title="bbox 553 2541 3745 2625">
    <p class='ocr_par' dir='ltr' id='par_1_20' title="bbox 553 2541 3745 2625">
     <span class='ocr_line' id='line_1_20' title="bbox 553 2541 3745 2625; baseline 0.002 -22"><span class='ocrx_word' id='word_1_213' title='bbox 553 2542 906 2623; x_wconf 90' lang='lat' dir='ltr'><strong>principem</strong></span> <span class='ocrx_word' id='word_1_214' title='bbox 966 2543 1224 2605; x_wconf 89' lang='lat' dir='ltr'><strong>missum</strong></span> <span class='ocrx_word' id='word_1_215' title='bbox 1283 2550 1395 2618; x_wconf 89' lang='lat' dir='ltr'><strong>est,</strong></span> <span class='ocrx_word' id='word_1_216' title='bbox 1457 2550 1519 2606; x_wconf 91' lang='lat' dir='ltr'><strong>et</strong></span> <span class='ocrx_word' id='word_1_217' title='bbox 1578 2563 1695 2605; x_wconf 89' lang='lat' dir='ltr'><strong>nec</strong></span> <span class='ocrx_word' id='word_1_218' title='bbox 1749 2545 1837 2605; x_wconf 90' lang='lat' dir='ltr'><strong>sic</strong></span> <span class='ocrx_word' id='word_1_219' title='bbox 1895 2543 2202 2606; x_wconf 75' lang='lat' dir='ltr'><strong>Romanis</strong></span> <span class='ocrx_word' id='word_1_220' title='bbox 2254 2543 2513 2623; x_wconf 88' lang='lat' dir='ltr'><strong>plenam</strong></span> <span class='ocrx_word' id='word_1_221' title='bbox 2567 2541 2836 2622; x_wconf 81' lang='lat' dir='ltr'><strong>gratiam</strong></span> <span class='ocrx_word' id='word_1_222' title='bbox 2896 2541 3165 2620; x_wconf 76' lang='lat' dir='ltr'><strong>largitus</strong></span> <span class='ocrx_word' id='word_1_223' title='bbox 3220 2549 3317 2605; x_wconf 82' lang='lat' dir='ltr'><strong>est</strong></span> <span class='ocrx_word' id='word_1_224' title='bbox 3366 2544 3745 2625; x_wconf 84' lang='lat' dir='ltr'><strong>imperator.</strong></span> 
     </span>
    </p>
   </div>
   <div class='ocr_carea' id='block_1_21' title="bbox 643 2657 3844 2740">
    <p class='ocr_par' dir='ltr' id='par_1_21' title="bbox 643 2657 3844 2740">
     <span class='ocr_line' id='line_1_21' title="bbox 643 2657 3844 2740; baseline 0.002 -21"><span class='ocrx_word' id='word_1_225' title='bbox 643 2668 806 2720; x_wconf 73' lang='lat'><strong>188</strong></span> <span class='ocrx_word' id='word_1_226' title='bbox 867 2661 1025 2720; x_wconf 89' lang='lat' dir='ltr'><strong>Nam</strong></span> <span class='ocrx_word' id='word_1_227' title='bbox 1085 2665 1228 2740; x_wconf 85' lang='lat' dir='ltr'><strong>post</strong></span> <span class='ocrx_word' id='word_1_228' title='bbox 1293 2660 1432 2721; x_wconf 72' lang='lat' dir='ltr'><strong>hmc</strong></span> <span class='ocrx_word' id='word_1_229' title='bbox 1488 2660 1717 2721; x_wconf 89' lang='lat' dir='ltr'><strong>claruit</strong></span> <span class='ocrx_word' id='word_1_230' title='bbox 1779 2658 2063 2738; x_wconf 86' lang='lat' dir='ltr'><strong>ejusdem</strong></span> <span class='ocrx_word' id='word_1_231' title='bbox 2134 2657 2534 2739; x_wconf 72' lang='lat' dir='ltr'><strong>imperatoris</strong></span> <span class='ocrx_word' id='word_1_232' title='bbox 2601 2657 2861 2732; x_wconf 91' lang='lat' dir='ltr'><strong>malitia,</strong></span> <span class='ocrx_word' id='word_1_233' title='bbox 2935 2675 3052 2738; x_wconf 91' lang='lat' dir='ltr'><strong>pro</strong></span> <span class='ocrx_word' id='word_1_234' title='bbox 3131 2675 3259 2738; x_wconf 82' lang='lat' dir='ltr'><strong>qua</strong></span> <span class='ocrx_word' id='word_1_235' title='bbox 3322 2661 3844 2740; x_wconf 83' lang='lat' dir='ltr'><strong>persequebatur</strong></span> 
     </span>
    </p>
   </div>
   <div class='ocr_carea' id='block_1_22' title="bbox 553 2772 3841 2862">
    <p class='ocr_par' dir='ltr' id='par_1_22' title="bbox 553 2772 3841 2862">
     <span class='ocr_line' id='line_1_22' title="bbox 553 2772 3841 2862; baseline 0.002 -27"><span class='ocrx_word' id='word_1_236' title='bbox 553 2774 939 2854; x_wconf 81' lang='lat' dir='ltr'><strong>pontificem,</strong></span> <span class='ocrx_word' id='word_1_237' title='bbox 1019 2775 1110 2836; x_wconf 91' lang='lat' dir='ltr'><strong>ita</strong></span> <span class='ocrx_word' id='word_1_238' title='bbox 1180 2780 1251 2836; x_wconf 90' lang='lat' dir='ltr'><strong>ut</strong></span> <span class='ocrx_word' id='word_1_239' title='bbox 1320 2775 1730 2856; x_wconf 91' lang='lat' dir='ltr'><strong>compelleret</strong></span> <span class='ocrx_word' id='word_1_240' title='bbox 1797 2793 2021 2837; x_wconf 91' lang='lat' dir='ltr'><strong>omnes</strong></span> <span class='ocrx_word' id='word_1_241' title='bbox 2088 2772 2701 2852; x_wconf 86' lang='lat' dir='ltr'><strong>Constantinopolim</strong></span> <span class='ocrx_word' id='word_1_242' title='bbox 2771 2772 3154 2848; x_wconf 87' lang='lat' dir='ltr'><strong>habitantes,</strong></span> <span class='ocrx_word' id='word_1_243' title='bbox 3231 2779 3360 2836; x_wconf 90' lang='lat' dir='ltr'><strong>tam</strong></span> <span class='ocrx_word' id='word_1_244' title='bbox 3438 2775 3674 2838; x_wconf 77' lang='lat' dir='ltr'><strong>virtute</strong></span> <span class='ocrx_word' id='word_1_245' title='bbox 3755 2777 3841 2862; x_wconf 63' lang='grc' dir='ltr'><strong>ξε)</strong></span> 
     </span>
    </p>
   </div>
   <div class='ocr_carea' id='block_1_23' title="bbox 551 2887 3839 2972">
    <p class='ocr_par' dir='ltr' id='par_1_23' title="bbox 551 2887 3839 2972">
     <span class='ocr_line' id='line_1_23' title="bbox 551 2887 3839 2972; baseline 0.002 -21"><span class='ocrx_word' id='word_1_246' title='bbox 551 2908 876 2970; x_wconf 89' lang='lat' dir='ltr'><strong>quamque</strong></span> <span class='ocrx_word' id='word_1_247' title='bbox 935 2890 1412 2965; x_wconf 85' lang='lat' dir='ltr'><strong>blandimentis,</strong></span> <span class='ocrx_word' id='word_1_248' title='bbox 1472 2897 1542 2952; x_wconf 92' lang='lat' dir='ltr'><strong>ut</strong></span> <span class='ocrx_word' id='word_1_249' title='bbox 1597 2891 2011 2972; x_wconf 86' lang='lat' dir='ltr'><strong>deponerent,</strong></span> <span class='ocrx_word' id='word_1_250' title='bbox 2072 2889 2436 2969; x_wconf 85' lang='lat' dir='ltr'><strong>ubicunque</strong></span> <span class='ocrx_word' id='word_1_251' title='bbox 2492 2887 2900 2962; x_wconf 88' lang='lat' dir='ltr'><strong>haberentur,</strong></span> <span class='ocrx_word' id='word_1_252' title='bbox 2961 2889 3272 2969; x_wconf 88' lang='lat' dir='ltr'><strong>imagines</strong></span> <span class='ocrx_word' id='word_1_253' title='bbox 3303 2896 3431 2952; x_wconf 85' lang='lat' dir='ltr'><strong>tam</strong></span> <span class='ocrx_word' id='word_1_254' title='bbox 3475 2893 3839 2957; x_wconf 79' lang='lat' dir='ltr'><strong>Sal&#39;vatoris</strong></span> 
     </span>
    </p>
   </div>
   <div class='ocr_carea' id='block_1_24' title="bbox 554 3005 3834 3086">
    <p class='ocr_par' dir='ltr' id='par_1_24' title="bbox 554 3005 3834 3086">
     <span class='ocr_line' id='line_1_24' title="bbox 554 3005 3834 3086; baseline 0.002 -20"><span class='ocrx_word' id='word_1_255' title='bbox 554 3024 874 3086; x_wconf 91' lang='lat' dir='ltr'><strong>quamque</strong></span> <span class='ocrx_word' id='word_1_256' title='bbox 931 3005 1070 3086; x_wconf 89' lang='lat' dir='ltr'><strong>ejus</strong></span> <span class='ocrx_word' id='word_1_257' title='bbox 1127 3007 1460 3070; x_wconf 86' lang='lat' dir='ltr'><strong>Genitricis</strong></span> <span class='ocrx_word' id='word_1_258' title='bbox 1514 3013 1748 3070; x_wconf 68' lang='lat' dir='ltr'><strong>sanctae</strong></span> <span class='ocrx_word' id='word_1_259' title='bbox 1825 3008 1923 3069; x_wconf 85' lang='lat' dir='ltr'><strong>vel</strong></span> <span class='ocrx_word' id='word_1_260' title='bbox 1997 3005 2284 3068; x_wconf 86' lang='lat' dir='ltr'><strong>omnium</strong></span> <span class='ocrx_word' id='word_1_261' title='bbox 2353 3011 2738 3080; x_wconf 87' lang='lat' dir='ltr'><strong>sanctorum,</strong></span> <span class='ocrx_word' id='word_1_262' title='bbox 2815 3023 3051 3086; x_wconf 86' lang='lat' dir='ltr'><strong>easque</strong></span> <span class='ocrx_word' id='word_1_263' title='bbox 3113 3007 3178 3068; x_wconf 89' lang='lat' dir='ltr'><strong>in</strong></span> <span class='ocrx_word' id='word_1_264' title='bbox 3248 3007 3458 3070; x_wconf 73' lang='lat' dir='ltr'><strong>medio</strong></span> <span class='ocrx_word' id='word_1_265' title='bbox 3525 3008 3834 3085; x_wconf 86' lang='lat' dir='ltr'><strong>civitatis,</strong></span> 
     </span>
    </p>
   </div>
   <div class='ocr_carea' id='block_1_25' title="bbox 475 3119 3840 3204">
    <p class='ocr_par' dir='ltr' id='par_1_25' title="bbox 475 3119 3840 3204">
     <span class='ocr_line' id='line_1_25' title="bbox 475 3119 3840 3204; baseline 0.001 -24"><span class='ocrx_word' id='word_1_266' title='bbox 475 3123 512 3180; x_wconf 80' lang='grc'><strong>5</strong></span> <span class='ocrx_word' id='word_1_267' title='bbox 557 3121 730 3202; x_wconf 88' lang='lat' dir='ltr'><strong>quod</strong></span> <span class='ocrx_word' id='word_1_268' title='bbox 787 3121 994 3184; x_wconf 88' lang='lat' dir='ltr'><strong>dicere</strong></span> <span class='ocrx_word' id='word_1_269' title='bbox 1055 3123 1307 3185; x_wconf 91' lang='lat' dir='ltr'><strong>crudele</strong></span> <span class='ocrx_word' id='word_1_270' title='bbox 1363 3129 1479 3198; x_wconf 88' lang='lat' dir='ltr'><strong>est,</strong></span> <span class='ocrx_word' id='word_1_271' title='bbox 1539 3123 1672 3204; x_wconf 88' lang='lat' dir='ltr'><strong>igni</strong></span> <span class='ocrx_word' id='word_1_272' title='bbox 1749 3127 2124 3199; x_wconf 88' lang='lat' dir='ltr'><strong>cremarent,</strong></span> <span class='ocrx_word' id='word_1_273' title='bbox 2187 3128 2252 3184; x_wconf 89' lang='lat' dir='ltr'><strong>et</strong></span> <span class='ocrx_word' id='word_1_274' title='bbox 2318 3141 2538 3184; x_wconf 89' lang='lat' dir='ltr'><strong>omnes</strong></span> <span class='ocrx_word' id='word_1_275' title='bbox 2601 3119 2977 3184; x_wconf 86' lang='lat' dir='ltr'><strong>dealbarcnt</strong></span> <span class='ocrx_word' id='word_1_276' title='bbox 3029 3119 3314 3203; x_wconf 80' lang='lat' dir='ltr'><strong>depictas</strong></span> <span class='ocrx_word' id='word_1_277' title='bbox 3371 3123 3684 3185; x_wconf 83' lang='lat' dir='ltr'><strong>ecclesias.</strong></span> <span class='ocrx_word' id='word_1_278' title='bbox 3751 3126 3840 3187; x_wconf 87' lang='lat' dir='ltr'><strong>Et</strong></span> 
     </span>
    </p>
   </div>
   <div class='ocr_carea' id='block_1_26' title="bbox 554 3237 3837 3320">
    <p class='ocr_par' dir='ltr' id='par_1_26' title="bbox 554 3237 3837 3320">
     <span class='ocr_line' id='line_1_26' title="bbox 554 3237 3837 3320; baseline 0.002 -22"><span class='ocrx_word' id='word_1_279' title='bbox 554 3238 704 3318; x_wconf 89' lang='lat' dir='ltr'><strong>quia</strong></span> <span class='ocrx_word' id='word_1_280' title='bbox 771 3237 1057 3319; x_wconf 88' lang='lat' dir='ltr'><strong>plerique</strong></span> <span class='ocrx_word' id='word_1_281' title='bbox 1105 3257 1204 3318; x_wconf 85' lang='lat' dir='ltr'><strong>ex</strong></span> <span class='ocrx_word' id='word_1_282' title='bbox 1271 3238 1554 3318; x_wconf 88' lang='lat' dir='ltr'><strong>ejusdem</strong></span> <span class='ocrx_word' id='word_1_283' title='bbox 1623 3239 1895 3302; x_wconf 85' lang='lat' dir='ltr'><strong>civitatis</strong></span> <span class='ocrx_word' id='word_1_284' title='bbox 1951 3238 2190 3320; x_wconf 90' lang='lat' dir='ltr'><strong>populo</strong></span> <span class='ocrx_word' id='word_1_285' title='bbox 2264 3239 2390 3301; x_wconf 76' lang='lat' dir='ltr'><strong>tale</strong></span> <span class='ocrx_word' id='word_1_286' title='bbox 2459 3238 2664 3300; x_wconf 89' lang='lat' dir='ltr'><strong>scelus</strong></span> <span class='ocrx_word' id='word_1_287' title='bbox 2734 3238 2873 3300; x_wconf 81' lang='lat' dir='ltr'><strong>ﬁeri</strong></span> <span class='ocrx_word' id='word_1_288' title='bbox 2945 3239 3447 3318; x_wconf 68' lang='lat' dir='ltr'><strong>praepediebant.</strong></span> <span class='ocrx_word' id='word_1_289' title='bbox 3509 3239 3837 3320; x_wconf 84' lang='lat' dir='ltr'><strong>aliquanti</strong></span> 
     </span>
    </p>
   </div>
   <div class='ocr_carea' id='block_1_27' title="bbox 553 3353 3837 3437">
    <p class='ocr_par' dir='ltr' id='par_1_27' title="bbox 553 3353 3837 3437">
     <span class='ocr_line' id='line_1_27' title="bbox 553 3353 3837 3437; baseline 0.002 -23"><span class='ocrx_word' id='word_1_290' title='bbox 553 3353 761 3434; x_wconf 90' lang='lat' dir='ltr'><strong>capite</strong></span> <span class='ocrx_word' id='word_1_291' title='bbox 816 3355 1114 3430; x_wconf 89' lang='lat' dir='ltr'><strong>truncati,</strong></span> <span class='ocrx_word' id='word_1_292' title='bbox 1174 3355 1282 3417; x_wconf 91' lang='lat' dir='ltr'><strong>alii</strong></span> <span class='ocrx_word' id='word_1_293' title='bbox 1338 3361 1583 3436; x_wconf 83' lang='lat' dir='ltr'><strong>partem</strong></span> <span class='ocrx_word' id='word_1_294' title='bbox 1636 3355 1722 3437; x_wconf 61' lang='grc' dir='ltr'><strong>(μ’)</strong></span> <span class='ocrx_word' id='word_1_295' title='bbox 1777 3356 2060 3437; x_wconf 85' lang='lat' dir='ltr'><strong>corporis</strong></span> <span class='ocrx_word' id='word_1_296' title='bbox 2134 3355 2350 3433; x_wconf 88' lang='lat' dir='ltr'><strong>excisi,</strong></span> <span class='ocrx_word' id='word_1_297' title='bbox 2421 3373 2676 3436; x_wconf 69' lang='lat' dir='ltr'><strong>poenam</strong></span> <span class='ocrx_word' id='word_1_298' title='bbox 2753 3354 3172 3434; x_wconf 78' lang='lat' dir='ltr'><strong>pertulerunt.</strong></span> <span class='ocrx_word' id='word_1_299' title='bbox 3251 3357 3374 3416; x_wconf 82' lang='lat' dir='ltr'><strong>Pro</strong></span> <span class='ocrx_word' id='word_1_300' title='bbox 3439 3373 3571 3437; x_wconf 89' lang='lat' dir='ltr'><strong>qua</strong></span> <span class='ocrx_word' id='word_1_301' title='bbox 3634 3372 3837 3419; x_wconf 84' lang='lat' dir='ltr'><strong>causa</strong></span> 
     </span>
    </p>
   </div>
   <div class='ocr_carea' id='block_1_28' title="bbox 551 3470 3840 3552">
    <p class='ocr_par' dir='ltr' id='par_1_28' title="bbox 551 3470 3840 3552">
     <span class='ocr_line' id='line_1_28' title="bbox 551 3470 3840 3552; baseline 0.001 -20"><span class='ocrx_word' id='word_1_302' title='bbox 551 3470 740 3532; x_wconf 86' lang='lat' dir='ltr'><strong>etiam</strong></span> <span class='ocrx_word' id='word_1_303' title='bbox 801 3471 1206 3545; x_wconf 87' lang='lat' dir='ltr'><strong>Germanum,</strong></span> <span class='ocrx_word' id='word_1_304' title='bbox 1267 3478 1500 3534; x_wconf 63' lang='lat' dir='ltr'><strong>sanctae</strong></span> <span class='ocrx_word' id='word_1_305' title='bbox 1559 3473 2283 3552; x_wconf 58' lang='lat' dir='ltr'><strong>Constantinopolitanae</strong></span> <span class='ocrx_word' id='word_1_306' title='bbox 2339 3472 2634 3534; x_wconf 61' lang='lat' dir='ltr'><strong>Ecclesia</strong></span> <span class='ocrx_word' id='word_1_307' title='bbox 2683 3470 3058 3544; x_wconf 84' lang='lat' dir='ltr'><strong>antistitem,</strong></span> <span class='ocrx_word' id='word_1_308' title='bbox 3120 3489 3198 3533; x_wconf 90' lang='lat' dir='ltr'><strong>eo</strong></span> <span class='ocrx_word' id='word_1_309' title='bbox 3251 3471 3425 3552; x_wconf 89' lang='lat' dir='ltr'><strong>quod</strong></span> <span class='ocrx_word' id='word_1_310' title='bbox 3453 3472 3512 3534; x_wconf 91' lang='lat' dir='ltr'><strong>ei</strong></span> <span class='ocrx_word' id='word_1_311' title='bbox 3569 3489 3840 3535; x_wconf 83' lang='lat' dir='ltr'><strong>consen-</strong></span> 
     </span>
    </p>
   </div>
   <div class='ocr_carea' id='block_1_29' title="bbox 549 3585 3837 3668">
    <p class='ocr_par' dir='ltr' id='par_1_29' title="bbox 549 3585 3837 3668">
     <span class='ocr_line' id='line_1_29' title="bbox 549 3585 3837 3668; baseline 0.001 -22"><span class='ocrx_word' id='word_1_312' title='bbox 549 3604 688 3646; x_wconf 89' lang='lat' dir='ltr'><strong>sum</strong></span> <span class='ocrx_word' id='word_1_313' title='bbox 749 3585 1032 3666; x_wconf 67' lang='lat' dir='ltr'><strong>przebcre</strong></span> <span class='ocrx_word' id='word_1_314' title='bbox 1085 3587 1412 3662; x_wconf 89' lang='lat' dir='ltr'><strong>noluisset,</strong></span> <span class='ocrx_word' id='word_1_315' title='bbox 1471 3587 1843 3668; x_wconf 78' lang='lat' dir='ltr'><strong>pontificatu</strong></span> <span class='ocrx_word' id='word_1_316' title='bbox 1903 3585 2176 3668; x_wconf 88' lang='lat' dir='ltr'><strong>privavit</strong></span> <span class='ocrx_word' id='word_1_317' title='bbox 2227 3587 2425 3648; x_wconf 89' lang='lat' dir='ltr'><strong>isdem</strong></span> <span class='ocrx_word' id='word_1_318' title='bbox 2479 3585 2844 3666; x_wconf 85' lang='lat' dir='ltr'><strong>imperator,</strong></span> <span class='ocrx_word' id='word_1_319' title='bbox 2907 3585 3154 3666; x_wconf 84' lang='lat' dir='ltr'><strong>sibique</strong></span> <span class='ocrx_word' id='word_1_320' title='bbox 3211 3586 3588 3668; x_wconf 83' lang='lat' dir='ltr'><strong>complicem</strong></span> <span class='ocrx_word' id='word_1_321' title='bbox 3632 3589 3837 3651; x_wconf 70' lang='lat' dir='ltr'><strong>Anas-</strong></span> 
     </span>
    </p>
   </div>
   <div class='ocr_carea' id='block_1_30' title="bbox 429 3700 3806 3783">
    <p class='ocr_par' dir='ltr' id='par_1_30' title="bbox 429 3700 3806 3783">
     <span class='ocr_line' id='line_1_30' title="bbox 429 3700 3806 3783; baseline 0 -17"><span class='ocrx_word' id='word_1_322' title='bbox 429 3702 506 3766; x_wconf 82' lang='grc'>10</span> <span class='ocrx_word' id='word_1_323' title='bbox 550 3700 778 3762; x_wconf 88' lang='lat' dir='ltr'><strong>tasium</strong></span> <span class='ocrx_word' id='word_1_324' title='bbox 837 3702 1275 3783; x_wconf 86' lang='lat' dir='ltr'><strong>presbyterum</strong></span> <span class='ocrx_word' id='word_1_325' title='bbox 1329 3703 1393 3764; x_wconf 95' lang='lat' dir='ltr'><strong>in</strong></span> <span class='ocrx_word' id='word_1_326' title='bbox 1454 3702 1591 3782; x_wconf 90' lang='lat' dir='ltr'><strong>ejus</strong></span> <span class='ocrx_word' id='word_1_327' title='bbox 1649 3704 1790 3764; x_wconf 93' lang='lat' dir='ltr'><strong>loco</strong></span> <span class='ocrx_word' id='word_1_328' title='bbox 1849 3702 1934 3783; x_wconf 84' lang='lat' dir='ltr'><strong>(g)</strong></span> <span class='ocrx_word' id='word_1_329' title='bbox 1991 3701 2339 3763; x_wconf 85' lang='lat' dir='ltr'><strong>constituit.</strong></span> <span class='ocrx_word' id='word_1_330' title='bbox 2403 3700 2524 3774; x_wconf 89' lang='lat' dir='ltr'><strong>Qui</strong></span> <span class='ocrx_word' id='word_1_331' title='bbox 2583 3700 2773 3762; x_wconf 86' lang='lat' dir='ltr'><strong>missa</strong></span> <span class='ocrx_word' id='word_1_332' title='bbox 2831 3703 3098 3763; x_wconf 78' lang='lat' dir='ltr'><strong>Romam</strong></span> <span class='ocrx_word' id='word_1_333' title='bbox 3159 3702 3464 3782; x_wconf 82' lang='lat' dir='ltr'><strong>synodica</strong></span> <span class='ocrx_word' id='word_1_334' title='bbox 3525 3703 3675 3764; x_wconf 75' lang='lat' dir='ltr'><strong>dum</strong></span> <span class='ocrx_word' id='word_1_335' title='bbox 3709 3706 3806 3768; x_wconf 88' lang='lat' dir='ltr'><strong>tal</strong></span> 
     </span>
    </p>
   </div>
   <div class='ocr_carea' id='block_1_31' title="bbox 552 3815 3836 3898">
    <p class='ocr_par' dir='ltr' id='par_1_31' title="bbox 552 3815 3836 3898">
     <span class='ocr_line' id='line_1_31' title="bbox 552 3815 3836 3898; baseline 0.002 -22"><span class='ocrx_word' id='word_1_336' title='bbox 552 3815 782 3878; x_wconf 68' lang='lat' dir='ltr'><strong>haeresi</strong></span> <span class='ocrx_word' id='word_1_337' title='bbox 839 3835 982 3878; x_wconf 90' lang='lat' dir='ltr'><strong>eum</strong></span> <span class='ocrx_word' id='word_1_338' title='bbox 1040 3819 1538 3882; x_wconf 88' lang='lat' dir='ltr'><strong>consentientem</strong></span> <span class='ocrx_word' id='word_1_339' title='bbox 1602 3818 1928 3898; x_wconf 86' lang='lat' dir='ltr'><strong>reperiret,</strong></span> <span class='ocrx_word' id='word_1_340' title='bbox 1990 3817 2086 3878; x_wconf 89' lang='lat' dir='ltr'><strong>vir</strong></span> <span class='ocrx_word' id='word_1_341' title='bbox 2141 3821 2397 3878; x_wconf 84' lang='lat' dir='ltr'><strong>sanctus</strong></span> <span class='ocrx_word' id='word_1_342' title='bbox 2423 3833 2551 3876; x_wconf 91' lang='lat' dir='ltr'><strong>non</strong></span> <span class='ocrx_word' id='word_1_343' title='bbox 2610 3815 2856 3878; x_wconf 87' lang='lat' dir='ltr'><strong>censuit</strong></span> <span class='ocrx_word' id='word_1_344' title='bbox 2911 3833 3057 3878; x_wconf 88' lang='lat' dir='ltr'><strong>eum</strong></span> <span class='ocrx_word' id='word_1_345' title='bbox 3113 3817 3375 3880; x_wconf 75' lang='lat' dir='ltr'><strong>fratrem</strong></span> <span class='ocrx_word' id='word_1_346' title='bbox 3433 3821 3546 3879; x_wconf 84' lang='lat' dir='ltr'><strong>aut</strong></span> <span class='ocrx_word' id='word_1_347' title='bbox 3601 3835 3836 3882; x_wconf 90' lang='lat' dir='ltr'><strong>consa-</strong></span> 
     </span>
    </p>
   </div>
   <div class='ocr_carea' id='block_1_32' title="bbox 552 3929 3833 4013">
    <p class='ocr_par' dir='ltr' id='par_1_32' title="bbox 552 3929 3833 4013">
     <span class='ocr_line' id='line_1_32' title="bbox 552 3929 3833 4013; baseline 0.002 -20"><span class='ocrx_word' id='word_1_348' title='bbox 552 3932 870 3995; x_wconf 92' lang='lat' dir='ltr'><strong>cerdotcm</strong></span> <span class='ocrx_word' id='word_1_349' title='bbox 929 3935 1113 3996; x_wconf 91' lang='lat' dir='ltr'><strong>solito</strong></span> <span class='ocrx_word' id='word_1_350' title='bbox 1166 3935 1398 4010; x_wconf 85' lang='lat' dir='ltr'><strong>vocari,</strong></span> <span class='ocrx_word' id='word_1_351' title='bbox 1456 3934 1563 3995; x_wconf 92' lang='lat' dir='ltr'><strong>sed</strong></span> <span class='ocrx_word' id='word_1_352' title='bbox 1625 3933 1946 4013; x_wconf 85' lang='lat' dir='ltr'><strong>rescriptis</strong></span> <span class='ocrx_word' id='word_1_353' title='bbox 2002 3929 2504 3994; x_wconf 90' lang='lat' dir='ltr'><strong>commonitoriis</strong></span> <span class='ocrx_word' id='word_1_354' title='bbox 2567 3931 2688 3994; x_wconf 88' lang='lat' dir='ltr'><strong>nisi</strong></span> <span class='ocrx_word' id='word_1_355' title='bbox 2755 3931 2836 3993; x_wconf 91' lang='lat' dir='ltr'><strong>ad</strong></span> <span class='ocrx_word' id='word_1_356' title='bbox 2903 3932 3283 3994; x_wconf 79' lang='lat' dir='ltr'><strong>catholicam</strong></span> <span class='ocrx_word' id='word_1_357' title='bbox 3349 3939 3833 3998; x_wconf 71' lang='lat' dir='ltr'><strong>converteretur</strong></span> 
     </span>
    </p>
   </div>
   <div class='ocr_carea' id='block_1_33' title="bbox 551 4047 3832 4130">
    <p class='ocr_par' dir='ltr' id='par_1_33' title="bbox 551 4047 3832 4130">
     <span class='ocr_line' id='line_1_33' title="bbox 551 4047 3832 4130; baseline 0.001 -20"><span class='ocrx_word' id='word_1_358' title='bbox 551 4047 740 4111; x_wconf 82' lang='lat' dir='ltr'><strong>ﬁdem</strong></span> <span class='ocrx_word' id='word_1_359' title='bbox 801 4050 990 4111; x_wconf 89' lang='lat' dir='ltr'><strong>etiam</strong></span> <span class='ocrx_word' id='word_1_360' title='bbox 1049 4056 1364 4112; x_wconf 87' lang='lat' dir='ltr'><strong>extorrem</strong></span> <span class='ocrx_word' id='word_1_361' title='bbox 1424 4067 1462 4110; x_wconf 89' lang='lat' dir='ltr'><strong>a</strong></span> <span class='ocrx_word' id='word_1_362' title='bbox 1517 4047 1896 4110; x_wconf 86' lang='lat' dir='ltr'><strong>sacerdotali</strong></span> <span class='ocrx_word' id='word_1_363' title='bbox 1950 4047 2160 4110; x_wconf 82' lang='lat' dir='ltr'><strong>ofﬁcio</strong></span> <span class='ocrx_word' id='word_1_364' title='bbox 2219 4065 2354 4108; x_wconf 90' lang='lat' dir='ltr'><strong>esse</strong></span> <span class='ocrx_word' id='word_1_365' title='bbox 2410 4047 2756 4108; x_wconf 83' lang='lat' dir='ltr'><strong>mandavit.</strong></span> <span class='ocrx_word' id='word_1_366' title='bbox 2819 4049 3199 4128; x_wconf 73' lang='lat' dir='ltr'><strong>Imperatori</strong></span> <span class='ocrx_word' id='word_1_367' title='bbox 3248 4068 3505 4130; x_wconf 88' lang='lat' dir='ltr'><strong>quoque</strong></span> <span class='ocrx_word' id='word_1_368' title='bbox 3553 4052 3832 4116; x_wconf 82' lang='lat' dir='ltr'><strong>suadens</strong></span> 
     </span>
    </p>
   </div>
   <div class='ocr_carea' id='block_1_34' title="bbox 555 4162 3212 4244">
    <p class='ocr_par' dir='ltr' id='par_1_34' title="bbox 555 4162 3212 4244">
     <span class='ocr_line' id='line_1_34' title="bbox 555 4162 3212 4244; baseline 0 -19"><span class='ocrx_word' id='word_1_369' title='bbox 555 4163 882 4242; x_wconf 89' lang='lat' dir='ltr'><strong>salutaria,</strong></span> <span class='ocrx_word' id='word_1_370' title='bbox 943 4171 1015 4228; x_wconf 92' lang='lat' dir='ltr'><strong>ut</strong></span> <span class='ocrx_word' id='word_1_371' title='bbox 1071 4185 1109 4227; x_wconf 89' lang='lat' dir='ltr'><strong>a</strong></span> <span class='ocrx_word' id='word_1_372' title='bbox 1172 4163 1283 4226; x_wconf 90' lang='lat' dir='ltr'><strong>tali</strong></span> <span class='ocrx_word' id='word_1_373' title='bbox 1343 4163 1710 4226; x_wconf 87' lang='lat' dir='ltr'><strong>exsecrabili</strong></span> <span class='ocrx_word' id='word_1_374' title='bbox 1766 4163 2022 4226; x_wconf 88' lang='lat' dir='ltr'><strong>miseria</strong></span> <span class='ocrx_word' id='word_1_375' title='bbox 2077 4163 2446 4238; x_wconf 85' lang='lat' dir='ltr'><strong>declinaret,</strong></span> <span class='ocrx_word' id='word_1_376' title='bbox 2507 4162 2757 4244; x_wconf 86' lang='lat' dir='ltr'><strong>scriptis</strong></span> <span class='ocrx_word' id='word_1_377' title='bbox 2799 4164 3212 4226; x_wconf 72' lang='lat' dir='ltr'><strong>commonuit.</strong></span> 
     </span>
    </p>
   </div>
   <div class='ocr_carea' id='block_1_35' title="bbox 640 4278 3830 4365">
    <p class='ocr_par' dir='ltr' id='par_1_35' title="bbox 640 4278 3830 4365">
     <span class='ocr_line' id='line_1_35' title="bbox 640 4278 3830 4365; baseline 0.001 -23"><span class='ocrx_word' id='word_1_378' title='bbox 640 4289 806 4342; x_wconf 73' lang='grc'>189</span> <span class='ocrx_word' id='word_1_379' title='bbox 873 4281 986 4342; x_wconf 86' lang='lat' dir='ltr'><strong>Hic</strong></span> <span class='ocrx_word' id='word_1_380' title='bbox 1055 4281 1204 4342; x_wconf 87' lang='lat' dir='ltr'><strong>fecit</strong></span> <span class='ocrx_word' id='word_1_381' title='bbox 1276 4280 1533 4342; x_wconf 93' lang='lat' dir='ltr'><strong>calicem</strong></span> <span class='ocrx_word' id='word_1_382' title='bbox 1613 4297 1876 4341; x_wconf 90' lang='lat' dir='ltr'><strong>aureum</strong></span> <span class='ocrx_word' id='word_1_383' title='bbox 1951 4279 2343 4360; x_wconf 65' lang='lat' dir='ltr'><strong>praecipuum</strong></span> <span class='ocrx_word' id='word_1_384' title='bbox 2420 4278 2682 4340; x_wconf 88' lang='lat' dir='ltr'><strong>diversis</strong></span> <span class='ocrx_word' id='word_1_385' title='bbox 2751 4285 3046 4341; x_wconf 85' lang='lat' dir='ltr'><strong>ornatum</strong></span> <span class='ocrx_word' id='word_1_386' title='bbox 3120 4279 3441 4362; x_wconf 87' lang='lat' dir='ltr'><strong>lapidibus</strong></span> <span class='ocrx_word' id='word_1_387' title='bbox 3513 4281 3830 4365; x_wconf 88' lang='lat' dir='ltr'><strong>pretiosis,</strong></span> 
     </span>
    </p>
   </div>
   <div class='ocr_carea' id='block_1_36' title="bbox 558 4393 3830 4478">
    <p class='ocr_par' dir='ltr' id='par_1_36' title="bbox 558 4393 3830 4478">
     <span class='ocr_line' id='line_1_36' title="bbox 558 4393 3830 4478; baseline 0 -20"><span class='ocrx_word' id='word_1_388' title='bbox 558 4416 735 4478; x_wconf 90' lang='lat' dir='ltr'><strong>pens.</strong></span> <span class='ocrx_word' id='word_1_389' title='bbox 796 4397 908 4458; x_wconf 90' lang='lat' dir='ltr'><strong>lib.</strong></span> <span class='ocrx_word' id='word_1_390' title='bbox 970 4415 1136 4470; x_wconf 83' lang='lat' dir='ltr'><strong>xxx;</strong></span> <span class='ocrx_word' id='word_1_391' title='bbox 1196 4395 1482 4457; x_wconf 88' lang='lat' dir='ltr'><strong>similiter</strong></span> <span class='ocrx_word' id='word_1_392' title='bbox 1533 4401 1596 4457; x_wconf 91' lang='lat' dir='ltr'><strong>et</strong></span> <span class='ocrx_word' id='word_1_393' title='bbox 1653 4399 1949 4476; x_wconf 89' lang='lat' dir='ltr'><strong>patcnam</strong></span> <span class='ocrx_word' id='word_1_394' title='bbox 2009 4413 2292 4468; x_wconf 84' lang='lat' dir='ltr'><strong>auream,</strong></span> <span class='ocrx_word' id='word_1_395' title='bbox 2367 4411 2546 4474; x_wconf 88' lang='lat' dir='ltr'><strong>pens.</strong></span> <span class='ocrx_word' id='word_1_396' title='bbox 2601 4393 2714 4454; x_wconf 86' lang='lat' dir='ltr'><strong>lib.</strong></span> <span class='ocrx_word' id='word_1_397' title='bbox 2759 4409 2959 4458; x_wconf 81' lang='lat' dir='ltr'><strong>xxvm</strong></span> <span class='ocrx_word' id='word_1_398' title='bbox 3015 4399 3079 4457; x_wconf 87' lang='lat' dir='ltr'><strong>et</strong></span> <span class='ocrx_word' id='word_1_399' title='bbox 3164 4395 3374 4458; x_wconf 80' lang='lat' dir='ltr'><strong>semis.</strong></span> <span class='ocrx_word' id='word_1_400' title='bbox 3438 4395 3552 4458; x_wconf 86' lang='lat' dir='ltr'><strong>Hic</strong></span> <span class='ocrx_word' id='word_1_401' title='bbox 3643 4398 3830 4459; x_wconf 88' lang='lat' dir='ltr'><strong>dimi-</strong></span> 
     </span>
    </p>
   </div>
   <div class='ocr_carea' id='block_1_37' title="bbox 558 4509 3834 4586">
    <p class='ocr_par' dir='ltr' id='par_1_37' title="bbox 558 4509 3834 4586">
     <span class='ocr_line' id='line_1_37' title="bbox 558 4509 3834 4586; baseline 0.001 -13"><span class='ocrx_word' id='word_1_402' title='bbox 558 4515 639 4574; x_wconf 89' lang='lat' dir='ltr'><strong>sit</strong></span> <span class='ocrx_word' id='word_1_403' title='bbox 695 4513 869 4573; x_wconf 90' lang='lat' dir='ltr'><strong>omni</strong></span> <span class='ocrx_word' id='word_1_404' title='bbox 921 4512 1112 4586; x_wconf 90' lang='lat' dir='ltr'><strong>clero,</strong></span> <span class='ocrx_word' id='word_1_405' title='bbox 1173 4511 1594 4584; x_wconf 90' lang='lat' dir='ltr'><strong>monasteriis,</strong></span> <span class='ocrx_word' id='word_1_406' title='bbox 1659 4511 1967 4574; x_wconf 80' lang='lat' dir='ltr'><strong>diaconiae</strong></span> <span class='ocrx_word' id='word_1_407' title='bbox 2027 4515 2090 4572; x_wconf 89' lang='lat' dir='ltr'><strong>et</strong></span> <span class='ocrx_word' id='word_1_408' title='bbox 2145 4509 2587 4572; x_wconf 87' lang='lat' dir='ltr'><strong>mansionariis</strong></span> <span class='ocrx_word' id='word_1_409' title='bbox 2629 4509 2864 4571; x_wconf 90' lang='lat' dir='ltr'><strong>solidos</strong></span> <span class='ocrx_word' id='word_1_410' title='bbox 2919 4510 3046 4572; x_wconf 88' lang='lat' dir='ltr'><strong>duo</strong></span> <span class='ocrx_word' id='word_1_411' title='bbox 3101 4511 3307 4573; x_wconf 84' lang='lat' dir='ltr'><strong>millia</strong></span> <span class='ocrx_word' id='word_1_412' title='bbox 3355 4517 3606 4574; x_wconf 89' lang='lat' dir='ltr'><strong>centum</strong></span> <span class='ocrx_word' id='word_1_413' title='bbox 3657 4533 3834 4576; x_wconf 81' lang='lat' dir='ltr'><strong>sexa-</strong></span> 
     </span>
    </p>
   </div>
   <div class='ocr_carea' id='block_1_38' title="bbox 560 4625 3827 4711">
    <p class='ocr_par' dir='ltr' id='par_1_38' title="bbox 560 4625 3827 4711">
     <span class='ocr_line' id='line_1_38' title="bbox 560 4625 3827 4711; baseline 0.001 -23"><span class='ocrx_word' id='word_1_414' title='bbox 560 4628 762 4709; x_wconf 82' lang='lat' dir='ltr'><strong>ginta,</strong></span> <span class='ocrx_word' id='word_1_415' title='bbox 809 4633 872 4688; x_wconf 91' lang='lat' dir='ltr'><strong>et</strong></span> <span class='ocrx_word' id='word_1_416' title='bbox 914 4628 996 4690; x_wconf 88' lang='lat' dir='ltr'><strong>ad</strong></span> <span class='ocrx_word' id='word_1_417' title='bbox 1041 4629 1391 4690; x_wconf 88' lang='lat' dir='ltr'><strong>luminaria</strong></span> <span class='ocrx_word' id='word_1_418' title='bbox 1433 4627 1618 4690; x_wconf 90' lang='lat' dir='ltr'><strong>beati</strong></span> <span class='ocrx_word' id='word_1_419' title='bbox 1663 4627 1835 4689; x_wconf 88' lang='lat' dir='ltr'><strong>Petri</strong></span> <span class='ocrx_word' id='word_1_420' title='bbox 1881 4626 2158 4708; x_wconf 80' lang='lat' dir='ltr'><strong>apostoli</strong></span> <span class='ocrx_word' id='word_1_421' title='bbox 2201 4626 2438 4687; x_wconf 84' lang='lat' dir='ltr'><strong>solidos</strong></span> <span class='ocrx_word' id='word_1_422' title='bbox 2479 4625 2650 4686; x_wconf 88' lang='lat' dir='ltr'><strong>mile.</strong></span> <span class='ocrx_word' id='word_1_423' title='bbox 2695 4625 2810 4688; x_wconf 85' lang='lat' dir='ltr'><strong>Hic</strong></span> <span class='ocrx_word' id='word_1_424' title='bbox 2851 4626 2992 4688; x_wconf 77' lang='lat' dir='ltr'><strong>fecit</strong></span> <span class='ocrx_word' id='word_1_425' title='bbox 3037 4626 3471 4690; x_wconf 80' lang='lat' dir='ltr'><strong>ordinationes</strong></span> <span class='ocrx_word' id='word_1_426' title='bbox 3526 4628 3827 4711; x_wconf 90' lang='lat' dir='ltr'><strong>quinque,</strong></span> 
     </span>
    </p>
   </div>
   <div class='ocr_carea' id='block_1_39' title="bbox 559 4742 3828 4826">
    <p class='ocr_par' dir='ltr' id='par_1_39' title="bbox 559 4742 3828 4826">
     <span class='ocr_line' id='line_1_39' title="bbox 559 4742 3828 4826; baseline 0 -20"><span class='ocrx_word' id='word_1_427' title='bbox 559 4746 861 4806; x_wconf 86' lang='lat' dir='ltr'><strong>diaconos</strong></span> <span class='ocrx_word' id='word_1_428' title='bbox 918 4751 1215 4826; x_wconf 89' lang='lat' dir='ltr'><strong>quatuor,</strong></span> <span class='ocrx_word' id='word_1_429' title='bbox 1291 4745 1619 4826; x_wconf 89' lang='lat' dir='ltr'><strong>episcopos</strong></span> <span class='ocrx_word' id='word_1_430' title='bbox 1676 4763 1790 4823; x_wconf 91' lang='lat' dir='ltr'><strong>per</strong></span> <span class='ocrx_word' id='word_1_431' title='bbox 1836 4743 2090 4806; x_wconf 87' lang='lat' dir='ltr'><strong>diversa</strong></span> <span class='ocrx_word' id='word_1_432' title='bbox 2142 4742 2284 4803; x_wconf 84' lang='lat' dir='ltr'><strong>loca</strong></span> <span class='ocrx_word' id='word_1_433' title='bbox 2335 4748 2587 4804; x_wconf 89' lang='lat' dir='ltr'><strong>centum</strong></span> <span class='ocrx_word' id='word_1_434' title='bbox 2655 4742 3142 4822; x_wconf 80' lang='lat' dir='ltr'><strong>quinquaginta.</strong></span> <span class='ocrx_word' id='word_1_435' title='bbox 3176 4742 3514 4816; x_wconf 73' lang='lat' dir='ltr'><strong>Qui‘ctiam</strong></span> <span class='ocrx_word' id='word_1_436' title='bbox 3547 4747 3828 4826; x_wconf 83' lang='lat' dir='ltr'><strong>sepultus</strong></span> 
     </span>
    </p>
   </div>
   <div class='ocr_carea' id='block_1_40' title="bbox 561 4858 3818 4940">
    <p class='ocr_par' dir='ltr' id='par_1_40' title="bbox 561 4858 3818 4940">
     <span class='ocr_line' id='line_1_40' title="bbox 561 4858 3818 4940; baseline -0.001 -16"><span class='ocrx_word' id='word_1_437' title='bbox 561 4869 656 4924; x_wconf 88' lang='lat' dir='ltr'><strong>est</strong></span> <span class='ocrx_word' id='word_1_438' title='bbox 711 4862 790 4924; x_wconf 89' lang='lat' dir='ltr'><strong>ad</strong></span> <span class='ocrx_word' id='word_1_439' title='bbox 844 4861 1099 4923; x_wconf 82' lang='lat' dir='ltr'><strong>beatum</strong></span> <span class='ocrx_word' id='word_1_440' title='bbox 1157 4863 1412 4922; x_wconf 89' lang='lat' dir='ltr'><strong>Petrum</strong></span> <span class='ocrx_word' id='word_1_441' title='bbox 1473 4860 1826 4940; x_wconf 87' lang='lat' dir='ltr'><strong>apostolum</strong></span> <span class='ocrx_word' id='word_1_442' title='bbox 1883 4860 2000 4921; x_wconf 89' lang='lat' dir='ltr'><strong>sub</strong></span> <span class='ocrx_word' id='word_1_443' title='bbox 2057 4859 2158 4920; x_wconf 86' lang='lat' dir='ltr'><strong>die</strong></span> <span class='ocrx_word' id='word_1_444' title='bbox 2217 4875 2285 4919; x_wconf 83' lang='lat' dir='ltr'><strong>In</strong></span> <span class='ocrx_word' id='word_1_445' title='bbox 2344 4858 2492 4920; x_wconf 87' lang='lat' dir='ltr'><strong>Idus</strong></span> <span class='ocrx_word' id='word_1_446' title='bbox 2549 4859 2898 4934; x_wconf 86' lang='lat' dir='ltr'><strong>Februarii,</strong></span> <span class='ocrx_word' id='word_1_447' title='bbox 2961 4859 3026 4919; x_wconf 89' lang='lat' dir='ltr'><strong>in</strong></span> <span class='ocrx_word' id='word_1_448' title='bbox 3087 4859 3238 4921; x_wconf 89' lang='lat' dir='ltr'><strong>dict.</strong></span> <span class='ocrx_word' id='word_1_449' title='bbox 3297 4873 3422 4935; x_wconf 75' lang='lat' dir='ltr'><strong>xxv,</strong></span> <span class='ocrx_word' id='word_1_450' title='bbox 3485 4861 3692 4924; x_wconf 86' lang='lat' dir='ltr'><strong>Leone</strong></span> <span class='ocrx_word' id='word_1_451' title='bbox 3760 4865 3818 4923; x_wconf 92' lang='lat' dir='ltr'><strong>et</strong></span> 
     </span>
    </p>
   </div>
   <div class='ocr_carea' id='block_1_41' title="bbox 562 4973 3622 5058">
    <p class='ocr_par' dir='ltr' id='par_1_41' title="bbox 562 4973 3622 5058">
     <span class='ocr_line' id='line_1_41' title="bbox 562 4973 3622 5058; baseline -0.001 -17"><span class='ocrx_word' id='word_1_452' title='bbox 562 4978 973 5041; x_wconf 89' lang='lat' dir='ltr'><strong>Constantino</strong></span> <span class='ocrx_word' id='word_1_453' title='bbox 1033 4976 1544 5058; x_wconf 87' lang='lat' dir='ltr'><strong>imperatoribus.</strong></span> <span class='ocrx_word' id='word_1_454' title='bbox 1608 4978 1688 5038; x_wconf 90' lang='lat' dir='ltr'><strong>Et</strong></span> <span class='ocrx_word' id='word_1_455' title='bbox 1743 4977 2010 5040; x_wconf 86' lang='lat' dir='ltr'><strong>cessavit</strong></span> <span class='ocrx_word' id='word_1_456' title='bbox 2075 4975 2477 5056; x_wconf 88' lang='lat' dir='ltr'><strong>episcopatus</strong></span> <span class='ocrx_word' id='word_1_457' title='bbox 2530 4973 2664 5037; x_wconf 91' lang='lat' dir='ltr'><strong>dies</strong></span> <span class='ocrx_word' id='word_1_458' title='bbox 2719 4975 3004 5056; x_wconf 87' lang='lat' dir='ltr'><strong>quinque</strong></span> <span class='ocrx_word' id='word_1_459' title='bbox 3059 4993 3339 5038; x_wconf 80' lang='lat' dir='ltr'><strong>mensem</strong></span> <span class='ocrx_word' id='word_1_460' title='bbox 3399 4995 3622 5039; x_wconf 88' lang='lat' dir='ltr'><strong>unum.</strong></span> 
     </span>
    </p>
   </div>
   <div class='ocr_carea' id='block_1_42' title="bbox 1593 5141 2628 5192">
    <p class='ocr_par' dir='ltr' id='par_1_42' title="bbox 1593 5141 2628 5192">
     <span class='ocr_line' id='line_1_42' title="bbox 1593 5141 2628 5192; baseline -0.002 -2"><span class='ocrx_word' id='word_1_461' title='bbox 1593 5145 1842 5192; x_wconf 71' lang='lat' dir='ltr'><strong>NOTULE</strong></span> <span class='ocrx_word' id='word_1_462' title='bbox 1884 5144 2274 5192; x_wconf 69' lang='lat' dir='ltr'><strong>MABGINALES</strong></span> <span class='ocrx_word' id='word_1_463' title='bbox 2316 5141 2628 5189; x_wconf 78' lang='lat' dir='ltr'><strong>FABROT&#39;I‘I.</strong></span> 
     </span>
    </p>
   </div>
   <div class='ocr_carea' id='block_1_43' title="bbox 473 5277 3812 5351">
    <p class='ocr_par' dir='ltr' id='par_1_43' title="bbox 473 5277 3812 5351">
     <span class='ocr_line' id='line_1_43' title="bbox 473 5277 3812 5351; baseline 0 -15"><span class='ocrx_word' id='word_1_464' title='bbox 473 5285 548 5349; x_wconf 80' lang='lat' dir='ltr'><strong>(a)</strong></span> <span class='ocrx_word' id='word_1_465' title='bbox 580 5297 715 5336; x_wconf 88' lang='lat' dir='ltr'><strong>cum</strong></span> <span class='ocrx_word' id='word_1_466' title='bbox 749 5280 906 5336; x_wconf 86' lang='lat' dir='ltr'><strong>omni</strong></span> <span class='ocrx_word' id='word_1_467' title='bbox 941 5297 1046 5336; x_wconf 89' lang='lat' dir='ltr'><strong>suo</strong></span> <span class='ocrx_word' id='word_1_468' title='bbox 1078 5278 1384 5351; x_wconf 46' lang='lat' dir='ltr'><strong>exercitu,</strong></span> <span class='ocrx_word' id='word_1_469' title='bbox 1443 5279 1518 5350; x_wconf 73' lang='grc' dir='ltr'><strong>(ὁ)</strong></span> <span class='ocrx_word' id='word_1_470' title='bbox 1552 5279 1820 5339; x_wconf 81' lang='lat' dir='ltr'><strong>Armillas</strong></span> <span class='ocrx_word' id='word_1_471' title='bbox 1866 5279 1984 5351; x_wconf 84' lang='lat' dir='ltr'><strong>sive</strong></span> <span class='ocrx_word' id='word_1_472' title='bbox 2026 5279 2090 5336; x_wconf 89' lang='lat' dir='ltr'><strong>B.</strong></span> <span class='ocrx_word' id='word_1_473' title='bbox 2131 5278 2535 5341; x_wconf 87' lang='lat' dir='ltr'><strong>armillariam.</strong></span> <span class='ocrx_word' id='word_1_474' title='bbox 2616 5277 2684 5351; x_wconf 71' lang='grc' dir='ltr'><strong>(ιε)</strong></span> <span class='ocrx_word' id='word_1_475' title='bbox 2717 5277 3254 5339; x_wconf 79' lang='lat' dir='ltr'><strong>Mantuariancnse.</strong></span> <span class='ocrx_word' id='word_1_476' title='bbox 3286 5279 3354 5336; x_wconf 78' lang='grc' dir='ltr'><strong>Ο.</strong></span> <span class='ocrx_word' id='word_1_477' title='bbox 3385 5279 3812 5344; x_wconf 82' lang='lat' dir='ltr'><strong>Maturanense.</strong></span> 
     </span>
    </p>
   </div>
   <div class='ocr_carea' id='block_1_44' title="bbox 400 5349 2110 5424">
    <p class='ocr_par' dir='ltr' id='par_1_44' title="bbox 400 5349 2110 5424">
     <span class='ocr_line' id='line_1_44' title="bbox 400 5349 2110 5424; baseline 0 -18"><span class='ocrx_word' id='word_1_478' title='bbox 400 5353 478 5424; x_wconf 61' lang='lat' dir='ltr'><strong>(ii)</strong></span> <span class='ocrx_word' id='word_1_479' title='bbox 511 5352 739 5412; x_wconf 85' lang='lat' dir='ltr'><strong>Blerani</strong></span> <span class='ocrx_word' id='word_1_480' title='bbox 771 5353 832 5409; x_wconf 76' lang='grc' dir='ltr'><strong>Ο.</strong></span> <span class='ocrx_word' id='word_1_481' title='bbox 894 5353 964 5424; x_wconf 85' lang='lat' dir='ltr'><strong>(e)</strong></span> <span class='ocrx_word' id='word_1_482' title='bbox 994 5351 1070 5406; x_wconf 88' lang='lat' dir='ltr'><strong>vi.</strong></span> <span class='ocrx_word' id='word_1_483' title='bbox 1131 5354 1200 5422; x_wconf 74' lang='grc' dir='ltr'><strong>(ι’)</strong></span> <span class='ocrx_word' id='word_1_484' title='bbox 1222 5351 1280 5406; x_wconf 91' lang='lat' dir='ltr'><strong>in</strong></span> <span class='ocrx_word' id='word_1_485' title='bbox 1314 5349 1511 5424; x_wconf 85' lang='lat' dir='ltr'><strong>aliqua</strong></span> <span class='ocrx_word' id='word_1_486' title='bbox 1541 5356 1724 5424; x_wconf 89' lang='lat' dir='ltr'><strong>parte.</strong></span> <span class='ocrx_word' id='word_1_487' title='bbox 1787 5351 1862 5424; x_wconf 82' lang='lat' dir='ltr'><strong>(g)</strong></span> <span class='ocrx_word' id='word_1_488' title='bbox 1895 5350 2110 5408; x_wconf 88' lang='lat' dir='ltr'><strong>locum.</strong></span> 
     </span>
    </p>
   </div>
   <div class='ocr_carea' id='block_1_45' title="bbox 1762 5493 2460 5552">
    <p class='ocr_par' dir='ltr' id='par_1_45' title="bbox 1762 5493 2460 5552">
     <span class='ocr_line' id='line_1_45' title="bbox 1762 5493 2460 5552; baseline 0.003 -4"><span class='ocrx_word' id='word_1_489' title='bbox 1762 5494 2005 5551; x_wconf 76' lang='lat' dir='ltr'><strong>VARUE</strong></span> <span class='ocrx_word' id='word_1_490' title='bbox 2043 5493 2460 5552; x_wconf 79' lang='lat' dir='ltr'><strong>LECTIONES.</strong></span> 
     </span>
    </p>
   </div>
   <div class='ocr_carea' id='block_1_46' title="bbox 914 5609 3810 5737">
    <p class='ocr_par' dir='ltr' id='par_1_46' title="bbox 914 5609 3810 5737">
     <span class='ocr_line' id='line_1_46' title="bbox 914 5609 3810 5737; baseline -0.001 -73"><span class='ocrx_word' id='word_1_491' title='bbox 914 5612 998 5664; x_wconf 62' lang='lat' dir='ltr'><strong>Ex</strong></span> <span class='ocrx_word' id='word_1_492' title='bbox 1027 5609 1206 5667; x_wconf 76' lang='lat' dir='ltr'><strong>codice</strong></span> <span class='ocrx_word' id='word_1_493' title='bbox 1234 5611 1568 5666; x_wconf 77' lang='lat' dir='ltr'><strong>Famcsimzo</strong></span> <span class='ocrx_word' id='word_1_494' title='bbox 2087 5615 2144 5681; x_wconf 78' lang='grc' dir='ltr'><strong>Α</strong></span> <span class='ocrx_word' id='word_1_495' title='bbox 2173 5611 2382 5737; x_wconf 47' lang='lat' dir='ltr'><strong>pardos</strong></span> <span class='ocrx_word' id='word_1_496' title='bbox 2413 5627 2561 5737; x_wconf 74' lang='lat' dir='ltr'><strong>pone</strong></span> <span class='ocrx_word' id='word_1_497' title='bbox 2593 5613 2883 5667; x_wconf 85' lang='lat' dir='ltr'><strong>trecentos</strong></span> <span class='ocrx_word' id='word_1_498' title='bbox 2912 5626 3049 5666; x_wconf 87' lang='lat' dir='ltr'><strong>cum</strong></span> <span class='ocrx_word' id='word_1_499' title='bbox 3080 5627 3283 5667; x_wconf 89' lang='lat' dir='ltr'><strong>eorum</strong></span> <span class='ocrx_word' id='word_1_500' title='bbox 3324 5609 3621 5668; x_wconf 89' lang='lat' dir='ltr'><strong>Castaldio</strong></span> <span class='ocrx_word' id='word_1_501' title='bbox 3653 5610 3810 5674; x_wconf 53' lang='lat' dir='ltr'><strong>inter.</strong></span> 
     </span>
     <span class='ocr_line' id='line_1_47' title="bbox 2197 5700 2455 5737; baseline -0.004 0"><span class='ocrx_word' id='word_1_502' title='bbox 2197 5700 2407 5737; x_wconf 80' lang='lat' dir='ltr'><strong>eeerun</strong></span> <span class='ocrx_word' id='word_1_503' title='bbox 2444 5724 2455 5736; x_wconf 95' lang='lat'><strong>.</strong></span> 
     </span>
    </p>
   </div>
   <div class='ocr_carea' id='block_1_47' title="bbox 479 5688 3252 5818">
    <p class='ocr_par' dir='ltr' id='par_1_47' title="bbox 479 5688 3252 5818">
     <span class='ocr_line' id='line_1_48' title="bbox 2174 5688 2455 5738; baseline -0.007 0"><span class='ocrx_word' id='word_1_504' title='bbox 2174 5688 2455 5738; x_wconf 80' lang='lat' dir='ltr'><strong>fecerunt.</strong></span> 
     </span>
     <span class='ocr_line' id='line_1_49' title="bbox 479 5748 3252 5818; baseline 0.004 -20"><span class='ocrx_word' id='word_1_505' title='bbox 479 5748 641 5799; x_wconf 78' lang='lat' dir='ltr'><strong>Num.</strong></span> <span class='ocrx_word' id='word_1_506' title='bbox 676 5748 798 5812; x_wconf 73' lang='grc'>477,</span> <span class='ocrx_word' id='word_1_507' title='bbox 831 5752 914 5805; x_wconf 71' lang='lat' dir='ltr'><strong>lin</strong></span> <span class='ocrx_word' id='word_1_508' title='bbox 947 5753 997 5816; x_wconf 91' lang='grc'><strong>1,</strong></span> <span class='ocrx_word' id='word_1_509' title='bbox 1035 5753 1185 5806; x_wconf 79' lang='lat' dir='ltr'><strong>sedit</strong></span> <span class='ocrx_word' id='word_1_510' title='bbox 1213 5771 1398 5808; x_wconf 86' lang='lat' dir='ltr'><strong>annos</strong></span> <span class='ocrx_word' id='word_1_511' title='bbox 1451 5769 1544 5818; x_wconf 79' lang='lat' dir='ltr'><strong>xv,</strong></span> <span class='ocrx_word' id='word_1_512' title='bbox 1575 5769 1742 5806; x_wconf 84' lang='lat' dir='ltr'><strong>mens</strong></span> <span class='ocrx_word' id='word_1_513' title='bbox 1781 5769 1899 5817; x_wconf 78' lang='lat' dir='ltr'><strong>Vlll,</strong></span> <span class='ocrx_word' id='word_1_514' title='bbox 1935 5752 2060 5807; x_wconf 68' lang='lat' dir='ltr'><strong>dies</strong></span> <span class='ocrx_word' id='word_1_515' title='bbox 2241 5756 2402 5810; x_wconf 73' lang='lat' dir='ltr'><strong>Nam.</strong></span> <span class='ocrx_word' id='word_1_516' title='bbox 2437 5754 2668 5818; x_wconf 69' lang='lat' dir='ltr'><strong>185,1in</strong></span> <span class='ocrx_word' id='word_1_517' title='bbox 2694 5755 2722 5808; x_wconf 75' lang='grc'><strong>4</strong></span> <span class='ocrx_word' id='word_1_518' title='bbox 2757 5755 2916 5808; x_wconf 82' lang='lat' dir='ltr'><strong>BuxO</strong></span> <span class='ocrx_word' id='word_1_519' title='bbox 2948 5755 3252 5810; x_wconf 86' lang='lat' dir='ltr'><strong>Pcrsiceta.</strong></span> 
     </span>
    </p>
   </div>
   <div class='ocr_carea' id='block_1_48' title="bbox 407 5817 3807 5898">
    <p class='ocr_par' dir='ltr' id='par_1_48' title="bbox 407 5817 3807 5898">
     <span class='ocr_line' id='line_1_50' title="bbox 407 5817 3807 5898; baseline 0.004 -32"><span class='ocrx_word' id='word_1_520' title='bbox 407 5830 538 5898; x_wconf 47' lang='lat' dir='ltr'><strong>sxw</strong></span> <span class='ocrx_word' id='word_1_521' title='bbox 571 5831 583 5866; x_wconf 86' lang='lat'>:</span> <span class='ocrx_word' id='word_1_522' title='bbox 614 5829 732 5898; x_wconf 71' lang='lat' dir='ltr'><strong>post</strong></span> <span class='ocrx_word' id='word_1_523' title='bbox 760 5837 956 5888; x_wconf 63' lang='lat' dir='ltr'><strong>pem-os</strong></span> <span class='ocrx_word' id='word_1_524' title='bbox 987 5839 1173 5878; x_wconf 76' lang='lat' dir='ltr'><strong>versus</strong></span> <span class='ocrx_word' id='word_1_525' title='bbox 1205 5826 1265 5879; x_wconf 82' lang='lat' dir='ltr'><strong>in</strong></span> <span class='ocrx_word' id='word_1_526' title='bbox 1293 5823 1421 5881; x_wconf 83' lang='lat' dir='ltr'><strong>Cod.</strong></span> <span class='ocrx_word' id='word_1_527' title='bbox 1454 5817 1674 5887; x_wconf 68' lang='lat' dir='ltr'><strong>Fames,</strong></span> <span class='ocrx_word' id='word_1_528' title='bbox 1698 5824 1914 5880; x_wconf 72' lang='lat' dir='ltr'><strong>Folium</strong></span> <span class='ocrx_word' id='word_1_529' title='bbox 1972 5825 2057 5878; x_wconf 86' lang='lat' dir='ltr'><strong>z&#39;n-</strong></span> <span class='ocrx_word' id='word_1_530' title='bbox 2170 5894 2181 5898; x_wconf 91' lang='lat'><em>_</em></span> <span class='ocrx_word' id='word_1_531' title='bbox 2240 5823 2406 5882; x_wconf 72' lang='lat' dir='ltr'><strong>Nam.</strong></span> <span class='ocrx_word' id='word_1_532' title='bbox 2442 5817 2564 5891; x_wconf 73' lang='grc'>186,</span> <span class='ocrx_word' id='word_1_533' title='bbox 2597 5827 2686 5881; x_wconf 74' lang='lat' dir='ltr'><strong>lin</strong></span> <span class='ocrx_word' id='word_1_534' title='bbox 2717 5827 2765 5884; x_wconf 83' lang='grc'><strong>1,</strong></span> <span class='ocrx_word' id='word_1_535' title='bbox 2797 5842 3147 5898; x_wconf 81' lang='lat' dir='ltr'><strong>persuasum</strong></span> <span class='ocrx_word' id='word_1_536' title='bbox 3181 5825 3602 5898; x_wconf 80' lang='lat' dir='ltr'><strong>est,sutriense</strong></span> <span class='ocrx_word' id='word_1_537' title='bbox 3623 5817 3807 5884; x_wconf 64' lang='lat' dir='ltr'><strong>castel&#39;</strong></span> 
     </span>
    </p>
   </div>
   <div class='ocr_carea' id='block_1_49' title="bbox 408 5887 3809 5972">
    <p class='ocr_par' dir='ltr' id='par_1_49' title="bbox 408 5887 3809 5972">
     <span class='ocr_line' id='line_1_51' title="bbox 408 5887 3809 5972; baseline 0.001 -20"><span class='ocrx_word' id='word_1_538' title='bbox 408 5891 615 5972; x_wconf 53' lang='lat'><strong>199130&quot;</strong></span> <span class='ocrx_word' id='word_1_539' title='bbox 647 5887 864 5972; x_wconf 51' lang='lat' dir='ltr'><strong>df’pj-ft-H</strong></span> <span class='ocrx_word' id='word_1_540' title='bbox 940 5964 990 5972; x_wconf 42' lang='grc' dir='ltr'>η</span> <span class='ocrx_word' id='word_1_541' title='bbox 1201 5967 1209 5972; x_wconf 94' lang='lat'>_</span> <span class='ocrx_word' id='word_1_542' title='bbox 1525 5969 1558 5972; x_wconf 65' lang='lat'>_</span> <span class='ocrx_word' id='word_1_543' title='bbox 1795 5971 1799 5972; x_wconf 14' lang='grc' dir='ltr'><em>ν</em></span> <span class='ocrx_word' id='word_1_544' title='bbox 1829 5967 1850 5972; x_wconf 95' lang='lat'><em>_</em></span> <span class='ocrx_word' id='word_1_545' title='bbox 2169 5894 2432 5972; x_wconf 58' lang='lat' dir='ltr'><strong>lumth</strong></span> <span class='ocrx_word' id='word_1_546' title='bbox 2461 5899 2515 5963; x_wconf 83' lang='lat'><strong>5,</strong></span> <span class='ocrx_word' id='word_1_547' title='bbox 2548 5887 2842 5953; x_wconf 70' lang='lat' dir='ltr'><strong>antelatus</strong></span> <span class='ocrx_word' id='word_1_548' title='bbox 2864 5896 3142 5972; x_wconf 79' lang='lat' dir='ltr'><strong>amittens</strong></span> <span class='ocrx_word' id='word_1_549' title='bbox 3161 5887 3682 5972; x_wconf 72' lang='lat' dir='ltr'><strong>Langobardorum</strong></span> <span class='ocrx_word' id='word_1_550' title='bbox 3695 5909 3809 5972; x_wconf 57' lang='grc' dir='ltr'><strong>ναξ,</strong></span> 
     </span>
    </p>
   </div>
   <div class='ocr_carea' id='block_1_50' title="bbox 479 5953 3744 6039">
    <p class='ocr_par' dir='ltr' id='par_1_50' title="bbox 479 5953 3744 6039">
     <span class='ocr_line' id='line_1_52' title="bbox 479 5953 3744 6039; baseline 0.004 -32"><span class='ocrx_word' id='word_1_551' title='bbox 479 5953 638 6009; x_wconf 81' lang='lat' dir='ltr'><strong>Num.</strong></span> <span class='ocrx_word' id='word_1_552' title='bbox 682 5962 797 6025; x_wconf 79' lang='lat'><strong>[81,</strong></span> <span class='ocrx_word' id='word_1_553' title='bbox 820 5961 903 6015; x_wconf 78' lang='lat' dir='ltr'><strong>lin.</strong></span> <span class='ocrx_word' id='word_1_554' title='bbox 934 5964 1019 6016; x_wconf 82' lang='grc'>11.</span> <span class='ocrx_word' id='word_1_555' title='bbox 1054 5967 1494 6031; x_wconf 58' lang='grc' dir='ltr'><strong>,ςρίμιίιιινιυ-ιτηης</strong></span> <span class='ocrx_word' id='word_1_556' title='bbox 1516 5969 1724 6021; x_wconf 64' lang='lat' dir='ltr'><strong>Fames</strong></span> <span class='ocrx_word' id='word_1_557' title='bbox 1754 5971 1810 6022; x_wconf 89' lang='lat' dir='ltr'><strong>et</strong></span> <span class='ocrx_word' id='word_1_558' title='bbox 1829 5967 2054 6038; x_wconf 75' lang='lat' dir='ltr'><strong>Longo-</strong></span> <span class='ocrx_word' id='word_1_559' title='bbox 2166 5968 2243 6025; x_wconf 80' lang='lat' dir='ltr'><strong>lin</strong></span> <span class='ocrx_word' id='word_1_560' title='bbox 2277 5969 2362 6035; x_wconf 88' lang='grc'><strong>19,</strong></span> <span class='ocrx_word' id='word_1_561' title='bbox 2397 5953 2626 6039; x_wconf 72' lang='lat' dir='ltr'><strong>spetam</strong></span> <span class='ocrx_word' id='word_1_562' title='bbox 2657 5973 2832 6039; x_wconf 86' lang='lat' dir='ltr'><strong>atque</strong></span> <span class='ocrx_word' id='word_1_563' title='bbox 2861 5953 3065 6029; x_wconf 55' lang='lat' dir='ltr'><strong>ensem</strong></span> <span class='ocrx_word' id='word_1_564' title='bbox 3093 5953 3424 6032; x_wconf 48' lang='lat' dir='ltr'><strong>Mixtus.</strong></span> <span class='ocrx_word' id='word_1_565' title='bbox 3594 5953 3682 5962; x_wconf 15' lang='lat' dir='ltr'><strong>rh</strong></span> <span class='ocrx_word' id='word_1_566' title='bbox 3723 5979 3744 6015; x_wconf 73' lang='grc' dir='ltr'>ι</span> 
     </span>
    </p>
   </div>
  </div>
