3950 6418
110 354 197 412 245

856 352 1226 407 BLANCHINI
1278 350 1578 407 DISSERT.
1613 353 1704 406 DE
1759 352 1916 406 ANT.
1964 352 2076 405 RR.
2130 352 2327 410 PONT.
2370 355 2718 411 CATALOG.

3391 352 3501 412 246

113 478 312 549 glaipho
336 491 511 543 coss.;
542 490 646 531 vm
673 476 797 530 Kal.
833 474 1137 531 Octobris:
1169 475 1481 544 eodemque
1509 489 1732 530 consu-
1762 476 2105 537 Aconsules
2142 484 2517 548 aperuerunt,
2561 479 2892 534 ostenditur
2934 476 3116 533 fuisse
3157 478 3497 533 emortualis

111 568 210 622 latu
249 567 511 637 signatur
554 564 626 620 ab
653 566 992 635 Hieronymo
1016 564 1073 619 in
1118 564 1402 619 Chronico
1441 563 1735 619 ordinatio

110 656 305 710 Damasi
363 654 737 709 successoris.
802 654 1041 709 Eosdem
1110 652 1377 708 consules
1433 653 1736 721 aperuisse

108 757 291 799 annum
324 757 451 797 εει-ιθ
479 741 702 797 Christi
730 740 838 797 366
868 747 1085 797 certum
1119 749 1208 797 est
1238 741 1389 810 apud
1418 741 1736 797 chronolo-

112 847 209 907 gos,
251 837 303 886 et
342 832 639 887 evidenter
683 845 783 900 per
823 845 929 887 nos
978 830 1319 901 probabitur
1368 831 1427 885 in
1472 830 1733 899 exemplo

112 920 293 991 regula:
339 920 579 990 quinta‘,
627 933 739 990 qua
785 926 959 990 caput
991 920 1097 975 hoc
1127 919 1556 974 concludemus.
1588 919 1734 973 Sunt

109 1010 267 1079 igitur
293 1007 431 1062 anni
461 1008 635 1063 solidi
663 1023 825 1078 xvnt,
854 1023 956 1064 nec
986 1014 1208 1063 tantum
1233 1021 1374 1074 xvn,
1398 1006 1468 1061 ab
1498 1006 1731 1061 Octobri

106 1097 222 1151 anni
264 1094 367 1151 366
405 1096 474 1151 ad
522 1097 883 1152 Decembrem
922 1098 1058 1152 anni
1104 1093 1211 1151 384
1255 1110 1385 1151 cum
1436 1094 1732 1149 mensibus

104 1184 307 1240 duobus
345 1186 743 1249 enumerandi,
790 1191 847 1241 et
879 1186 1191 1256 pontiﬁcia:
1229 1184 1731 1241 administrationi

107 1273 155 1327 Β.
200 1274 419 1328 Damasi
472 1274 805 1329 tribuendi:
861 1288 965 1343 ope
1012 1276 1186 1341 hujus
1236 1273 1444 1345 regulae
1490 1279 1730 1342 quartae,

105 1375 254 1431 quam
283 1362 339 1416 in
366 1362 606 1418 criterio
633 1362 1042 1434 chronologico
1074 1362 1463 1418 successionis
1490 1367 1548 1416 et
1578 1360 1734 1415 sedis

106 1449 464 1506 Romanorum
500 1451 837 1520 pontiﬁcum
864 1451 1229 1507 adhibemus.

547 1595 891 1657 REGULA
931 1596 1271 1669 QUINTA.

163 1714 239 1771 Η.
265 1717 481 1787 Quinta
514 1720 732 1791 regula,
761 1734 863 1775 seu
906 1722 1101 1790 potius
1143 1720 1535 1774 demonstratio
1577 1717 1732 1771 chro-

1846 564 2067 619 Joviani
2100 572 2231 620 ante
2260 566 2409 620 diem
2444 581 2542 620 Vlll
2578 568 2713 621 Idus
2744 566 2902 635 Maii,
2935 580 3063 620 cum
3088 566 3361 619 Iovianus
3392 579 3496 621 vo-

1844 658 2008 709 cetur
2033 654 2205 709 divus
2234 655 2291 708 in
2320 667 2383 709 ea
2414 654 2815 723 inscriptione.
2850 653 3163 722 Eutropius
3191 652 3502 724 idegregie

1845 741 2164 809 conﬁrmat,
2191 742 2293 811 qui
2315 742 2420 797 hoc
2443 741 2881 811 ipsoconsulatu
2905 756 2971 797 ac
2994 741 3193 796 funere
3210 753 3372 795 suam
3396 740 3495 795 hi-

1845 830 2081 884 storiam
2109 830 2369 897 claudit;
2394 830 2492 886 ubi
2520 831 2590 885 de
2618 831 2852 885 Joviano
2880 829 3122 900 loquens
3148 830 3229 883 ita
3258 828 3496 897 prescri—

1844 917 1947 973 bit.
1987 938 2011 969 «
2039 919 2294 973 Decessit
2322 920 2552 988 imperii
2585 933 2776 973 mense
2805 919 3068 988 septimo,
3094 922 3300 987 quarto
3327 915 3496 971 deci—

1845 1020 1935 1061 mo
1969 1006 2090 1061 Kal.
2116 1007 2372 1075 Martias,
2400 1009 2607 1075 aetatis,
2636 1014 2698 1063 ut
2728 1008 2829 1077 qui
2866 1008 3182 1076 plurimum
3218 1019 3284 1060 ac
3326 1004 3495 1059 mini-

1846 1109 1998 1149 mum
2015 1096 2271 1164 tradunt,
2290 1096 2460 1151 tertio
2474 1104 2530 1151 et
2548 1097 2848 1165 trigesimo
2864 1109 3040 1151 anno:
3060 1108 3125 1149 ac
3139 1093 3496 1163 benignitate

1846 1183 2193 1252 principum,
2225 1184 2324 1253 qui
2358 1185 2409 1238 ei
2444 1191 2867 1251 successerunt,
2905 1184 3056 1238 inter
3081 1183 3247 1237 divos
3278 1181 3496 1236 relatus

1841 1281 1945 1326 est.
1977 1260 2044 1327 Et
2076 1274 2127 1327 Is
2166 1279 2350 1329 status
2379 1280 2502 1328 erat
2538 1275 2803 1328 Romana:
2836 1275 2914 1328 rei
2947 1273 3183 1327 Joviano
3212 1271 3407 1325 eodem
3438 1276 3496 1324 et

1842 1361 2196 1415 Varroniano
2243 1375 2415 1431 coss.,
2463 1374 2612 1416 anno
2662 1361 2834 1417 Urbis
2882 1361 3129 1416 condita:
3183 1357 3492 1413 millesimo

1843 1450 2153 1504 centesimo
2177 1456 2235 1503 et
2265 1464 2413 1505 nono
2442 1451 2683 1505 decimo.
2714 1468 2739 1499 »

1915 1546 2067 1601 Fasti
2108 1548 2438 1602 consulares
2471 1547 2618 1602 idem
2658 1547 2965 1618 collegium
3000 1545 3302 1601 consulum
3334 1556 3495 1599 eam—

1844 1635 2089 1704 demque
2136 1641 2373 1690 mortem
2419 1635 2675 1690 referunt
2720 1637 2791 1691 ad
2838 1648 3051 1690 annum
3102 1648 3229 1689 terte
3275 1632 3492 1687 Christi

1843 1723 2104 1794 vulgaris
2136 1720 2261 1794 364,
2295 1725 2394 1793 qui
2442 1723 2787 1779 bissextillis
2828 1722 2968 1779 fuit.
3007 1726 3069 1777 In
3112 1735 3326 1778 annum
3360 1735 3491 1777 vero

102 1807 301 1873 nologiae
335 1812 476 1861 recte
506 1812 810 1863 constitutae
838 1811 942 1863 erit
972 1810 1252 1864 character
1295 1808 1501 1876 aliquis
1543 1806 1735 1859 obser—
1764 1794 1816 1854 Β
1847 1811 2205 1867 bissextilem
2240 1812 2516 1866 incidisse
2557 1818 2795 1867 mortem
2827 1812 3214 1867 Valentiniani
3250 1816 3498 1865 testatur

100 1898 195 1948 vati
211 1902 382 1951 motus
416 1899 642 1951 caelestis
667 1898 823 1969 (puta
844 1897 1084 1967 eclipsis
1110 1897 1321 1952 solaris
1351 1901 1454 1950 aut
1484 1893 1730 1962 lunaris,

101 1983 169 2038 vel
191 1986 438 2042 aliorum
466 1987 721 2042 siderum
747 1988 1131 2041 inerrantium
1162 1985 1387 2055 positus
1410 1984 1561 2039 inter
1577 1995 1656 2049 se,
1681 1989 1737 2036 et

102 2072 361 2145 figuratio)
406 2078 509 2144 qui
548 2080 734 2128 exacte
776 2075 1104 2143 respondeat
1144 2072 1433 2126 intervallo
1481 2071 1735 2138 temporis

103 2165 331 2229 requisita
364 2165 446 2217 ad
478 2164 693 2217 eosdem
731 2168 903 2216 motus
939 2162 1232 2215 ccelestium
1259 2176 1543 2229 corporum
1571 2162 1733 2228 per/i-

101 2253 303 2306 dandos.

155 2341 469 2396 Axiomatis
498 2340 613 2395 vim
641 2339 811 2395 habet
839 2340 992 2408 apud
1021 2339 1406 2409 chronologos
1427 2350 1491 2393 ea
1521 2337 1591 2391 de
1622 2348 1734 2405 qua

102 2427 365 2497 loquimur
391 2428 618 2499 regula.
643 2430 819 2483 Nemo
843 2429 996 2483 enim
1027 2435 1113 2482 est
1141 2428 1221 2482 ita
1248 2428 1451 2482 leviter
1472 2434 1734 2481 versatus

102 2515 148 2568 in
173 2517 543 2589 chronologia
573 2522 629 2572 et
675 2517 940 2585 historia,
981 2518 1081 2587 qui
1117 2517 1337 2572 nesciat
1367 2528 1490 2569 esse
1520 2515 1733 2583 prazci—

100 2621 239 2675 puam
270 2610 461 2666 :etatis
490 2608 1040 2665 demonstrationem
1076 2608 1135 2661 in
1185 2606 1334 2662 bello
1374 2606 1732 2675 Peloponne-

97 2698 229 2754 siaco
258 2700 381 2755 suis
412 2697 778 2767 temporibus
807 2696 1158 2769 assignando
1184 2710 1305 2751 eam
1342 2708 1510 2765 quam
1547 2694 1732 2748 mini—

98 2794 257 2842 strant
284 2788 538 2857 eriipses
568 2800 599 2840 a
642 2786 975 2856 Thucydide
1008 2785 1328 2841 recensitze.
1359 2784 1729 2853 Assyriorum

97 2875 285 2941 pariter
312 2888 516 2947 regum
538 2875 677 2929 anni
700 2876 840 2929 certi
872 2874 1195 2929 redduntur
1214 2874 1272 2928 in
1300 2888 1413 2928 aera
1431 2873 1734 2927 Nabonas-

97 2963 191 3017 sari
211 2978 273 3019 ex
294 2965 419 3021 illis
442 2963 789 3034 eclipsibus,
816 2977 960 3034 quas
983 2962 1734 3033 PtolemamsinAlmagesto

96 3054 393 3108 recensuit:
434 3053 592 3123 quod
638 3051 875 3121 perinde
909 3056 1142 3121 aptatur
1185 3050 1487 3106 historicis
1518 3052 1735 3120 pariter

94 3145 139 3193 et
163 3122 533 3214 chronologis
558 3147 779 3196 aetatem
806 3155 871 3196 ac
900 3142 1201 3213 regionum
1235 3141 1638 3196 universarum
1665 3155 1733 3197 ex
1760 3122 1807 3183 Ο

94 3244 190 3297 quo
209 3218 686 3301 sapientissimus
704 3244 894 3286 rerum
911 3230 1190 3286 Conditor
1210 3231 1468 3287 ccelestia
1490 3243 1733 3300 corpora

96 3315 159 3370 ita
184 3317 383 3375 librata
405 3325 465 3375 et
489 3320 555 3374 in
581 3324 770 3375 motus
794 3319 988 3374 varios
1012 3332 1045 3373 a
1069 3332 1130 3374 se
1153 3319 1368 3389 percita
1401 3318 1582 3374 fuisse
1611 3332 1736 3387 pro-

92 3402 253 3461 fessus
310 3415 417 3472 est,
470 3414 542 3463 ut
594 3413 786 3462 essent
832 3408 1179 3463 documenta
1223 3408 1498 3477 temporis
1538 3412 1734 3462 exacte

95 3496 441 3551 mensurandi
472 3509 578 3565 per
603 3508 805 3561 annos,
845 3509 1067 3551 menses
1091 3509 1157 3551 ac
1187 3496 1335 3551 dies.

154 3579 230 3636 42.
274 3586 397 3639 Non
451 3584 649 3655 patiar
696 3583 871 3652 hujus
918 3584 1128 3655 regulae
1182 3591 1302 3639 tum
1355 3584 1728 3654 explicandae,

94 3674 196 3724 tum
216 3672 626 3729 conﬁrmanda:
642 3672 963 3742 exemplum
985 3672 1326 3727 desiderari.
1354 3673 1730 3728 Luculentum

92 3770 205 3814 vero
221 3769 481 3830 superest
507 3763 570 3817 in
597 3762 843 3832 antiquo
866 3760 1077 3830 lapide,
1106 3775 1175 3816 ex
1201 3760 1556 3817 suburbanis
1575 3762 1736 3816 Chri-

92 3845 389 3904 stianorum
450 3849 807 3905 cmmeteriis
866 3850 1122 3904 Romano
1183 3848 1438 3919 inagro
1504 3848 1729 3921 effosso,

90 3939 137 3986 et
172 3933 313 3993 dono
364 3938 512 3993 mihi
573 3936 898 3992 liberaliter
945 3938 1081 3993 dato
1111 3950 1144 3992 a
1177 3938 1237 3993 V.
1270 3937 1329 3992 C.
1374 3938 1448 3992 M.
1480 3937 1733 3994 Antonio

92 4021 323 4081 Boldetto
351 4025 621 4082 basilica:
650 4025 868 4082 Sancta:
898 4027 1091 4081 Maria:
1121 4027 1536 4083 Transtiberim
1569 4040 1735 4083 cano-

94 4110 239 4181 nico;
286 4121 347 4170 ut
399 4117 460 4171 in
517 4114 756 4171 erudito
801 4117 928 4185 ejus
968 4115 1390 4171 Commentario
1430 4115 1501 4170 de
1549 4116 1732 4171 sacris

94 4207 384 4271 martyrum
407 4203 778 4259 Cmmeteriis
809 4217 990 4273 nuper
1015 4204 1173 4259 edito
1195 4204 1366 4273 leges,
1401 4204 1503 4258 lib.
1533 4218 1571 4271 1,
1602 4219 1727 4274 cap.

93 4279 163 4355 l9,
196 4302 312 4361 pag.
346 4290 437 4347 84.
476 4292 664 4347 Verba
707 4297 899 4347 autem
944 4291 1194 4347 ﬁdeliter
1234 4292 1459 4347 reddita
1489 4306 1559 4347 ex
1605 4294 1731 4362 ipso

92 4387 346 4434 marmore
368 4381 491 4436 haec
511 4386 656 4436 sunt
678 4398 690 4433 :

314 4504 497 4560 PVE'R
535 4504 765 4559 NATVS
794 4503 841 4558 Α
877 4503 955 4557 ιν

314 4575 483 4631 DIVU
514 4576 809 4630 IOVIANO
841 4575 979 4629 AVG
1009 4575 1093 4629 ET

317 4645 785 4701 VARRONIANO
824 4646 989 4701 COSS

458 4718 612 4773 ΟΒΑ
654 4718 895 4771 NOCTIS
934 4721 1031 4775 llll

316 4789 388 4842 IN
418 4790 595 4844 VXlT
630 4790 748 4845 VIII
780 4789 933 4845 IDVS
963 4791 1223 4847 MADIAS

314 4860 431 4915 DIE
470 4860 817 4915 SATVRle
856 4861 1039 4917 LVNA
1083 4860 1404 4918 VIGESIMA

315 4931 529 4986 SIGNO
567 4932 687 4986 AP]
738 4931 930 4988 URNO
966 4933 1237 4989 NOMINE
1276 4932 1628 4988 SIMPLCIVS

88 5030 180 5089 Tot
196 5044 329 5094 sunt
353 5047 505 5096 note
534 5040 607 5094 ch
620 5039 993 5109 ronologicte,
1014 5053 1228 5096 annum
1250 5054 1316 5094 ac
1331 5039 1486 5094 diem
1508 5038 1738 5093 demon-

89 5126 335 5192 strantes,
362 5143 510 5199 quas
531 5128 846 5196 inscriptio
870 5127 979 5182 ista
996 5127 1401 5197 complectitur
1424 5144 1439 5195 ;
1461 5133 1523 5180 ut
1542 5124 1735 5180 eadem

93 5206 268 5271 haberi
327 5220 516 5287 possit
578 5215 877 5285 exemplar
941 5217 1417 5273 documentorum
1483 5218 1736 5269 veterum

91 5310 321 5375 tempora
350 5307 895 5378 comprobantium.
922 5306 1192 5377 Singulas
1223 5303 1473 5358 breviter
1499 5315 1740 5371 percen—

94 5392 248 5465 SPbo;
293 5397 389 5452 sed
439 5395 757 5467 potissimo
790 5394 991 5449 sistam
1032 5394 1093 5448 in
1136 5390 1391 5447 motibus
1420 5389 1739 5445 caelestium

93 5494 391 5555 cru-porum,
426 5487 532 5556 qui
570 5482 837 5552 reliquas
883 5482 1268 5537 indicationes
1302 5484 1457 5534 certo
1496 5477 1739 5547 tempori

98 5570 376 5643 aliigunte:
416 5577 478 5631 in
522 5570 1061 5629 demonstrationes
1092 5573 1450 5625 convertunt.

153 5663 337 5720 Annus
367 5678 544 5735 quem
573 5661 865 5718 Jovianus
890 5661 1206 5731 Augustus,
1249 5662 1306 5712 et
1349 5654 1745 5710 Varronianus

1845 1901 1998 1957 alius
2025 1900 2340 1956 historicus
2366 1900 2626 1969 aequalis,
2652 1900 2875 1954 scilicet
2898 1899 3236 1954 Ammianus
3254 1898 3501 1952 Marcel-

1847 1989 2026 2057 linus,
2063 1988 2313 2044 referens
2343 1980 2497 2043 circa
2529 1988 2697 2042 ﬁnem
2731 1987 2865 2041 libri
2903 2000 3015 2040 xxv
3054 1993 3112 2041 et
3153 1987 3326 2041 initio
3355 1998 3494 2039 xxvx

1843 2079 2066 2132 Joviani
2098 2077 2344 2149 Augusti
2378 2090 2708 2147 processum
2740 2075 3097 2130 consularem
3130 2087 3260 2129 cum
3285 2075 3502 2128 Varro—

1846 2168 2021 2223 niano
2054 2166 2175 2222 ﬁlio
2205 2167 2466 2237 vagiente
2495 2173 2551 2221 et
2591 2165 2964 2235 pertinaciter
2996 2163 3311 2218 reluctante
3341 2175 3411 2216 ne
3443 2163 3500 2215 in

1846 2256 1985 2311 sella
2030 2256 2333 2311 veheretur
2371 2268 2439 2309 ex
2482 2267 2655 2321 more,
2700 2252 3007 2308 subsecuta
3051 2252 3273 2306 Joviani
3302 2242 3503 2306 ‘morte

1848 2344 2018 2414 paulo
2051 2350 2177 2413 post
2202 2343 2590 2409 funestatum;
2617 2348 2674 2396 et
2697 2350 2823 2411 post
2848 2343 2973 2395 dies
2997 2341 3188 2395 decem
3217 2339 3288 2394 ab
3308 2353 3373 2395 eo
3392 2339 3503 2393 de—

1843 2448 2028 2503 cessu,
2061 2434 2275 2504 quibus
2308 2446 2470 2487 nemo
2498 2430 2687 2487 ten'uit
2715 2431 2943 2500 imperii
2975 2428 3364 2500 gubernacula
3388 2428 3499 2483 ad—

1841 2524 2065 2578 venisse
2090 2521 3001 2591 Valentinianum,universorum
3020 2517 3318 2589 suffragiis
3338 2517 3500 2572 acci—

1844 2619 1962 2668 tum
1995 2614 2064 2668 ad
2100 2614 2495 2682 imperandum
2520 2630 2535 2678 ;
2558 2610 2863 2667 distulisse
2887 2598 3073 2664 tamen
3096 2608 3164 2663 ad
3193 2608 3346 2662 diem
3368 2606 3499 2662 bis-

1844 2704 2037 2759 sextili
2096 2703 2411 2773 proximam
2467 2713 2831 2771 progressum
2893 2700 2951 2753 in
3012 2698 3286 2765 medium,
3345 2715 3371 2748 ‹‹
3432 2701 3499 2752 ut

1844 2795 2161 2850 bissextum
2186 2795 2375 2848 vitans
2398 2790 2696 2846 Februarii
2725 2788 2938 2844 mensis
2964 2794 3103 2844 tunc
3131 2787 3494 2856 illucescens,

1846 2886 1994 2955 quod
2024 2883 2341 2954 aliquoties
2372 2880 2453 2935 rei
2487 2880 2753 2934 Romanae
2784 2878 2965 2934 fuisse
2995 2881 3271 2948 cognorat
3296 2873 3499 2931 infau-

1847 2980 2019 3043 stum,
2056 2992 2083 3023 »
2120 2974 2468 3043 pertingeret
2493 2972 2562 3026 ad
2591 2970 2742 3024 diem
2776 2970 3131 3039 proximam:
3164 2986 3189 3018 «
3216 2980 3328 3037 qua
3357 2979 3499 3035 pro-

1846 3078 2077 3134 gressus
2094 3063 2152 3117 in
2172 3076 2291 3117 cam
2305 3075 2457 3131 pum,
2476 3060 2906 3130 permissusque
2922 3055 3177 3111 tribunal
3195 3054 3503 3110 ascendere

1844 3152 2057 3207 celsius
2104 3156 2410 3218 structum,
2459 3149 2824 3204 comitiorum
2874 3146 3063 3216 specie
3106 3151 3161 3201 et
3203 3143 3507 3201 voluntate,

1848 3242 2213 3310 praesentium
2236 3239 2679 3307 secundissima,
2710 3243 2773 3291 ut
2801 3237 2892 3290 vir
2923 3235 3115 3289 serius
3142 3236 3328 3288 rector
3359 3245 3500 3300 pro-

1845 3331 2150 3385 nuntiatur
2175 3328 2425 3397 imperii.
2446 3328 2573 3381 Mox
2597 3324 2907 3394 principali
2937 3322 3140 3377 habitu
3162 3318 3499 3376 circumda-

1844 3423 1939 3473 tus
1968 3424 2023 3473 et
2053 3431 2282 3483 corona,
2316 3418 2613 3485 Augustus
2644 3418 3033 3481 nuncupatur,
3066 3428 3091 3459 »
3123 3414 3231 3464 etc.

1913 3515 2241 3571 Bissextilis
2273 3520 2425 3582 nota,
2462 3526 2632 3583 quam
2678 3510 2944 3565 historici
2976 3511 3263 3577 asserunt,
3304 3506 3496 3562 locum

1844 3604 2073 3673 quidem
2096 3603 2234 3658 anni
2261 3603 2544 3657 indicaret
2568 3602 2625 3656 in
2649 3598 3037 3670 quadriennio
3062 3597 3159 3651 sed
3183 3605 3499 3663 suspensos

1842 3693 2031 3747 adhuc
2058 3692 2332 3745 retineret
2356 3688 2580 3743 animos
2611 3701 2859 3758 quonam
2892 3686 2951 3739 in
2984 3682 3373 3754 quadriennio
3404 3679 3498 3736 bis

1845 3778 2075 3834 sextilis
2094 3791 2127 3832 a
2148 3776 2550 3831 Valentiniano
2565 3776 2814 3831 evitatas
2837 3772 3205 3840 reperiretur,
3224 3767 3496 3822 nisicha-

1846 3871 2092 3922 racteres
2128 3863 2359 3919 Sabbati
2394 3864 2452 3917 in
2492 3864 2643 3918 diem
2685 3875 2791 3917 VIII
2830 3862 2964 3915 ldus
3010 3858 3188 3912 Maias
3226 3855 3501 3910 inciden-

1844 3958 1943 4024 tis,
1983 3969 2049 4010 ac
2086 3954 2238 4009 luna:
2285 3952 2509 4021 positus
2555 3952 2612 4007 in
2655 3953 2821 4021 signo
2863 3946 3199 4018 Capricorni
3237 3945 3376 4000 dum
3423 3944 3494 4000 ad

1844 4046 2095 4101 ortivum
2124 4042 2482 4097 Horizontem
2513 4039 2832 4094 deferretur
2870 4038 3025 4092 circa
3067 4038 3264 4092 horam
3307 4033 3499 4089 noctis

1843 4139 2105 4205 quartam
2138 4130 2506 4198 eamdemque
2539 4127 2779 4181 natalem
2802 4126 2967 4194 pueri
2993 4124 3307 4193 Simplicii.
3341 4123 3400 4177 in
3430 4135 3497 4177 eo

1843 4234 2124 4278 marmore
2146 4218 2381 4288 sculpti,
2414 4224 2601 4271 certos
2622 4229 2726 4269 nos
2752 4213 3051 4268 redderent
3080 4210 3348 4267 consules
3374 4223 3497 4264 me-

1844 4315 2093 4379 moratos
2123 4315 2179 4365 et
2216 4307 2639 4363 successionem
2680 4302 3072 4357 Valentinitni
3108 4299 3396 4370 pertinere
3422 4298 3493 4355 ad

1843 4414 2057 4456 annum
2088 4397 2317 4468 epocbae
2339 4395 2555 4451 Christi
2588 4392 2915 4449 communis
2938 4388 3061 4445 364.

1761 4482 1817 4543 D
1915 4498 2120 4567 Cyclus
2140 4496 2401 4551 decimus
2427 4494 2778 4553 Latinorum,
2802 4490 2972 4546 annis
2991 4488 3243 4545 Julianis
3260 4482 3331 4541 84
3351 4498 3495 4542 con-

1846 4593 2023 4655 stans,
2057 4600 2088 4641 a
2117 4587 2177 4639 R.
2211 4588 2264 4639 P.
2295 4584 2576 4640 Bucherio
2605 4582 2820 4648 editus,
2847 4585 2903 4635 et
2931 4578 3001 4634 ab
3031 4575 3494 4634 eminentissimo

1846 4676 2005 4732 card.
2045 4676 2116 4731 de
2164 4673 2335 4730 Noris
2377 4672 2719 4743 explicatus,
2754 4676 3001 4738 coeperat
3044 4682 3195 4725 anno
3235 4666 3496 4739 vulgaris

1846 4780 1971 4821 aera:
2001 4764 2346 4820 Christiana:
2372 4760 2498 4832 298,
2528 4763 2738 4817 Fausto
2764 4762 2812 4814 ll
2835 4766 2892 4813 et
2921 4759 3085 4814 Gallo
3115 4753 3494 4822 consulibus;

1849 4867 2026 4924 quare
2049 4867 2199 4908 anno
2229 4866 2354 4908 sane
2378 4852 2722 4906 Christiana:
2747 4844 2853 4904 364
2873 4847 3175 4902 labebatur
3197 4843 3324 4909 ejus
3347 4837 3495 4908 cycli

1847 4958 2036 4999 annus
2056 4940 2145 5012 64,
2174 4940 2506 5010 ferebatque
2531 4939 2805 4996 Kalendis
2827 4933 3123 4989 Januariis
3143 4928 3294 4984 diem
3319 4925 3497 4989 Jovis,

1847 5047 1947 5089 seu
1977 5032 2177 5088 feriam
2204 5044 2235 5082 v
2263 5036 2321 5085 et
2351 5031 2546 5097 lunam
2602 5042 2705 5097 xu,
2737 5026 2824 5079 uti
2842 5023 3221 5092 consignatur
3247 5018 3307 5073 in
3337 5016 3499 5072 anti—

1849 5123 1985 5191 quis
2016 5119 2365 5176 membranis
2406 5132 2439 5172 a
2469 5116 2702 5170 Norisio
2740 5118 2797 5165 et
2841 5109 3122 5163 Bucherio
3163 5104 3495 5159 illustratis.

1846 5212 1982 5264 Dies
2006 5209 2176 5279 igitur
2210 5204 2598 5260 Kalendarum
2618 5200 2779 5266 Maii,
2805 5210 2932 5267 qua:
2956 5196 3014 5250 in
3041 5207 3191 5249 anno
3210 5192 3501 5249 bissextili

1850 5304 1939 5353 est
1970 5294 2092 5363 122,
2130 5292 2423 5349 incidebat
2454 5290 2510 5343 in
2553 5289 2706 5343 diem
2750 5285 3022 5339 Saturni:
3061 5294 3278 5337 necnon
3305 5286 3501 5336 octava

1851 5389 1978 5444 dies
2017 5383 2231 5439 mensis
2285 5378 2541 5447 ejusdem
2571 5374 2718 5445 (qua:
2747 5372 2971 5427 dicitur
3018 5383 3123 5425 vm
3165 5370 3300 5425 Idus
3348 5370 3483 5425 Maii

1852 5472 2090 5531 Saturni
2124 5469 2355 5525 nomine
2383 5463 2727 5519 donabatur.
2772 5461 2997 5515 Rursus
3025 5459 3076 5514 si
3112 5458 3383 5515 Kalendis
3405 5461 3506 5515 Ja—

1856 5562 2050 5620 nuarii
2103 5560 2230 5628 ejus
2276 5553 2413 5610 anni
2460 5554 2626 5622 juxta
2674 5550 2895 5618 cyclum
2950 5548 3306 5616 Latinorum,
3362 5548 3508 5604 satis

1862 5655 2059 5709 exacte
2088 5656 2154 5703 eo
2184 5642 2395 5701 saeculo
2438 5638 2857 5710 procedentem,
2906 5636 2993 5693 uti
3039 5637 3195 5693 card.
3239 5636 3511 5693 Norisius
