3950 6424
407 403 514 463 247

1177 414 1272 468 ΑΙ)
1324 414 1756 470 ANASTASIUM
1806 413 2319 471 PROLEGOMENA
2367 417 2541 470 EDIT.
2597 413 3008 471 ROM-VATIC.

3711 414 3811 474 248

413 531 686 600 ostendit,
719 531 854 589 luna
885 540 1008 590 erat
1035 535 1396 603 duodecima,
1439 542 1566 607 post
1594 538 1718 593 dies
1749 535 1842 592 424
1888 551 2054 594 coui—
2083 533 2142 590 A
2239 551 2339 592 vm
2377 539 2508 594 ldus
2529 539 2663 594 Maii
2697 538 2834 594 luna
2861 538 2974 594 tuit
2997 539 3105 608 jux

412 618 690 690 pletos(in
711 620 1022 688 bissextili,
1048 623 1148 678 ubi
1171 624 1297 679 dies
1315 625 1738 694 dissimulatur,
1766 630 2056 681 remanent

414 704 555 778 420),
579 708 716 764 luna
736 715 858 764 erat
875 711 1045 765 tertia
1064 711 1283 767 decima
1301 721 1356 768 et
1374 721 1500 782 post
1515 715 1641 770 dies
1663 710 1698 769 7
1723 714 1898 770 fuerit
1919 714 2056 770 luna

411 795 704 866 vicesima,
736 799 820 852 uti
854 805 1190 854 numeratur
1217 800 1278 855 in
1307 801 1706 870 inscriptione.

480 901 748 972 Tandem,
782 909 848 958 ut
870 905 939 959 ad
963 903 1112 960 luna:
1133 905 1376 962 orientis
1403 908 1652 976 positum
1679 909 1736 963 in
1759 909 1924 980 signo
1943 909 2057 962 Ca-

381 989 667 1058 pricorni
695 990 835 1046 hora
861 993 1048 1048 noctis
1069 1001 1271 1064 quarta
1296 996 1549 1064 ejusdem
1575 997 1691 1052 diei
1715 1003 1768 1052 et
1795 997 1931 1052 anni
1948 997 2057 1052 de—

411 1079 883 1133 monstrationem
899 1088 1006 1134 tem
1019 1081 1173 1149 poris
1187 1083 1484 1152 exigamus
1505 1098 1600 1153 per
1617 1085 1843 1140 tabulas
1863 1089 2055 1140 astro—

413 1164 690 1234 nomicas,
739 1165 818 1222 ita
847 1167 960 1222 erit
1001 1170 1445 1238 procedendum.
1485 1173 1648 1228 Anno
1675 1187 1800 1228 tera:
1839 1172 2052 1228 Christi

413 1253 736 1308 communis
800 1252 924 1320 364,
979 1256 1074 1311 die
1138 1255 1175 1311 8
1238 1258 1397 1324 Maii,
1454 1259 1538 1314 sol
1603 1260 1938 1315 versabatur
1994 1262 2054 1316 in

415 1339 598 1409 gradu
651 1341 826 1396 Tauri
882 1342 1379 1412 duodevicesimo;
1434 1352 1490 1400 et
1543 1347 1640 1401 die
1696 1348 1937 1416 septima
1996 1349 2055 1401 in

417 1426 658 1482 meridie
728 1431 1097 1497 percurrebat
1152 1447 1235 1500 gr.
1314 1429 1382 1488 47
1435 1434 1630 1488 Tauri.
1703 1435 1805 1488 Die
1877 1435 2060 1504 igitur

414 1513 658 1582 septima
687 1517 980 1572 occidente
1008 1519 1128 1574 sole
1153 1519 1448 1576 oriebatur
1467 1522 1679 1591 gradus
1708 1517 1773 1575 47
1797 1523 2058 1590 Scorpio-

417 1601 529 1656 nis.
563 1603 697 1658 Post
727 1605 896 1660 boras
919 1612 1169 1676 quatuor
1190 1607 1274 1677 (ea
1289 1615 1376 1664 est
1396 1609 1533 1664 hora
1551 1615 1754 1678 quarta
1779 1611 1965 1664 noctis
2000 1611 2057 1664 in

414 1688 724 1760 epigraphe
777 1695 1104 1765 memorata)
1132 1696 1426 1751 oriebatur
1470 1699 1682 1768 gradus
1723 1694 1789 1750 48
1825 1697 2061 1752 circiter

415 1778 768 1850 Capricorni.
802 1782 958 1836 Luna
998 1796 1128 1838 vero
1156 1783 1310 1838 circa
1339 1785 1599 1840 eumdem
1631 1785 1870 1855 gradum
1903 1785 2056 1855 signi

2236 632 2294 679 ta
2335 631 2521 681 motus
2557 627 2774 681 medios
2811 627 2870 680 in
2915 627 3098 697 gradu
3211 624 3294 682 46.
3371 625 3462 683 24.
3543 624 3629 682 44.
3706 626 3814 682 Ca-

2166 713 2467 784 pricorni;
2522 715 2830 784 eademque
2879 715 3020 770 hora
3069 715 3282 786 gradus
3333 714 3431 770 ille
3479 715 3811 784 Capricorni

2164 815 2292 856 cum
2326 801 2462 857 luna
2505 802 2775 874 surgebat
2803 802 2874 858 ab
2907 803 3204 859 horizonte
3244 803 3430 859 ortivo
3470 802 3812 858 consulibus

2164 889 2298 943 divo
2353 889 2588 944 Joviano
2651 895 2706 944 et
2771 891 3149 959 Varroniano,
3221 905 3420 960 nempe
3483 903 3636 946 anno
3693 904 3816 945 atrae

2163 975 2375 1031 Christi
2422 979 2747 1033 communis
2787 975 2913 1047 364,
2961 980 3275 1050 eodemque
3318 978 3634 1049 bissextili,
3679 978 3816 1034 dum

2167 1079 2306 1134 puer
2334 1065 2668 1134 simplicius
2699 1065 3064 1126 nascebatur.

2235 1154 2760 1209 Demonstrationes
2803 1155 2986 1225 igitur
3018 1161 3334 1225 temporum
3384 1155 3455 1211 ab
3489 1156 3647 1212 hisce
3675 1155 3820 1211 cha—

2169 1240 2489 1295 racteribus
2507 1241 2822 1296 observatis
2841 1243 3161 1298 cmlestium
3179 1251 3462 1312 motuum,
3483 1245 3563 1299 ita
3576 1257 3820 1312 respon-

2166 1327 2427 1382 dentium
2461 1329 2786 1384 intervallis
2819 1343 3125 1396 annorum,
3163 1333 3443 1386 mensium
3475 1345 3542 1386 ac
3569 1331 3818 1399 dierum,

2172 1414 2384 1484 quibus
2404 1415 2474 1470 ab
2491 1424 2654 1471 aetate
2677 1423 2870 1472 nostra
2898 1417 3140 1484 distant,
3169 1424 3231 1474 ut
3257 1419 3464 1473 elicere
3484 1418 3820 1474 studeamus

2168 1514 2236 1554 ex
2262 1501 2586 1570 aequalibus
2617 1504 3003 1574 documentis,
3037 1507 3242 1574 quinta
3273 1506 3390 1560 haec
3422 1505 3619 1576 regula
3643 1504 3823 1559 chro—

2170 1589 2413 1658 n010gize
2447 1589 2613 1644 nobis
2656 1593 2962 1660 prol-ositae
2993 1594 3318 1648 constituit.

2244 1675 2328 1730 43.
2362 1675 2648 1744 Quantum
2681 1692 2813 1733 vero
2848 1681 3028 1734 valeat
3057 1681 3123 1735 ad
3157 1682 3405 1750 epochas
3433 1683 3822 1737 Romanorum

2172 1764 2506 1832 pontiﬁcum
2539 1765 2916 1820 stabiliendas
2942 1782 3009 1822 ex
3035 1769 3138 1824 hoc
3164 1769 3290 1838 ipso
3315 1769 3621 1824 consulatu
3641 1768 3830 1824 Jovia-

415 1869 668 1938 ejusdem
692 1877 829 1926 tunc
854 1870 1186 1926 versabatur
1205 1873 1371 1940 juxta
1401 1878 1589 1928 motus
1613 1852 1851 1940 πλωίοεῖ
1882 1852 2058 1927 mi'ex
2089 1853 2139 1914 Β
2172 1852 2229 1905 ιιί
2262 1857 2318 1905 et
2347 1853 2688 1909 Varroniani
2733 1861 2788 1907 et
2819 1855 3043 1910 Joviani
3095 1863 3293 1926 morte,
3335 1857 3626 1912 evidenter
3670 1856 3830 1910 refe-

413 1955 632 2012 tabulis
657 1959 1062 2014 astronomicis
1088 1965 1278 2028 patere
1305 1961 1518 2030 cuique
1541 1965 1740 2030 potest.
1768 1963 1848 2014 Ne
1879 1960 2061 2030 quid—

412 2044 564 2114 piam
583 2045 945 2102 desideretur
968 2047 1027 2102 in
1051 2049 1288 2104 criterio
1310 2053 1423 2103 tam
1449 2048 1772 2105 illustrium
1794 2057 2058 2104 notarum

413 2133 705 2202 temporis,
762 2133 1057 2191 afﬁxarum
1111 2136 1456 2192 consulibus
1504 2137 1742 2192 Joviano
1797 2137 1941 2206 Aug.
2003 2142 2060 2192 et

411 2221 787 2291 Varroniano,
810 2228 866 2278 et
885 2237 1034 2279 anno
1048 2225 1271 2279 Joviani
1297 2224 1629 2291 emortuali,
1660 2238 1786 2293 qua:
1805 2225 2058 2280 collecta:

413 2308 686 2380 leguntur
717 2311 775 2364 in
801 2311 1155 2366 memorabili
1181 2312 1287 2366 hoc
1313 2311 1522 2381 lapide,
1549 2317 1782 2380 praestat
1805 2312 2056 2381 experiri

412 2410 514 2466 per
537 2397 826 2468 quaslibet
855 2397 1083 2453 tabulas
1108 2397 1358 2466 lunares,
1391 2399 1563 2452 etiam
1598 2399 1914 2454 mediorum
1947 2412 2059 2452 mo-

411 2490 578 2539 tuum
607 2485 692 2554 (ut
723 2483 989 2538 facilitati
1023 2485 1394 2539 consulamus
1425 2485 1524 2540 ubi
1554 2486 1867 2540 necessitas
1900 2484 2054 2538 nulla

412 2575 500 2625 est
527 2571 894 2625 consectandi
919 2584 1094 2626 unum
1116 2576 1218 2626 aut
1236 2571 1478 2626 alterum
1507 2572 1745 2641 gradum
1774 2571 2062 2640 aequatio-

414 2657 528 2726 nis,
563 2670 674 2728 qua
703 2671 773 2712 ex
804 2657 1010 2714 mediis
1042 2659 1298 2714 motibus
1325 2660 1670 2730 colligamus
1699 2659 1878 2729 veros)
1909 2659 2060 2714 lunae

414 2745 666 2816 positum
695 2745 755 2800 in
786 2745 1066 2816 signifero
1097 2746 1317 2802 circulo
1346 2747 1415 2802 ad
1441 2754 1668 2817 tempus
1693 2747 1752 2802 in
1781 2761 2060 2803 marmore

413 2835 728 2906 signatum,
757 2847 957 2904 nempe
982 2835 1050 2890 ad
1085 2835 1281 2890 horam
1313 2842 1576 2904 quartam
1613 2837 1820 2905 noctis,
1852 2850 2061 2892 conse-

411 2927 559 2978 cuta:
575 2935 839 2978 occasum
857 2922 1000 2977 solis
1019 2923 1116 2978 die
1143 2925 1384 2992 septima
1412 2924 1626 2979 mensis
1649 2925 1803 2989 Maii,
1829 2925 2058 2994 quando

413 3015 542 3080 post
563 3009 761 3065 horam
791 3009 1226 3079 sesquialteram
1249 3024 1282 3065 a
1309 3017 1514 3080 quarta
1542 3018 1841 3079 nocturna,
1874 3011 2057 3066 media

412 3103 580 3152 nocte
605 3097 916 3152 dirimente
939 3097 1104 3166 juxta
1127 3098 1409 3153 Romanas
1439 3098 1590 3169 leges
1617 3099 1767 3154 diem
1795 3095 1831 3152 7
1860 3098 1931 3152 ab
1956 3112 2059 3152 oc—

2169 1940 2342 1994 renda
2373 1940 2441 1995 ad
2476 1955 2691 1997 annum
2723 1956 2850 1998 tera:
2877 1943 3096 2000 Christi
3129 1944 3386 2015 vulgaris
3416 1942 3540 2012 364,
3573 1944 3830 2000 breviter

2169 2029 2486 2083 ostendam.
2854 2092 2858 2096 ,

2239 2116 2480 2171 Sanctus
2523 2119 2921 2194 Hieronymus,
2964 2125 3103 2176 tunc
3148 2127 3312 2175 aetate
3355 2122 3584 2192 ﬂorens,
3621 2121 3680 2175 in
3711 2121 3834 2176 ad—

2167 2202 2486 2259 ditamento
2519 2205 2788 2261 Chronici
2823 2207 2915 2262 sui
2957 2208 3025 2262 ad
3064 2208 3473 2273 Eusebianum,
3522 2215 3761 2263 mortem
3794 2223 3832 2264 a

2167 2291 2402 2345 Joviano
2432 2291 2670 2360 obitam,
2707 2295 2842 2349 dum
2891 2296 3254 2350 consulatum
3285 2311 3415 2352 cum
3465 2297 3834 2354 Varroniano

2171 2383 2411 2447 gereret,
2446 2378 2615 2433 refert
2647 2382 2715 2435 ad
2747 2394 2962 2436 annum
2995 2388 3265 2452 quartum
3315 2383 3662 2453 Olympiadis
3691 2381 3829 2454 284,

2171 2478 2286 2518 una
2315 2479 2442 2520 cum
2485 2469 2852 2522 successione
2891 2468 3305 2524 Valentiniani.
3350 2471 3590 2526 Biennio
3629 2477 3835 2527 autem

2172 2558 2318 2622 post,
2343 2566 2494 2607 anno
2524 2553 2750 2610 scilicet
2781 2556 3033 2610 secundo
3062 2555 3408 2625 Olympiadis
3437 2555 3562 2626 285,
3595 2558 3834 2616 obitum

2171 2639 2386 2694 Liberii
2416 2655 2570 2710 papae
2595 2647 2652 2696 et
2675 2643 3096 2698 successionem
3124 2645 3349 2698 Damasi
3375 2645 3702 2715 consignat,
3728 2648 3834 2703 cui

2174 2728 2295 2796 ipse
2332 2728 2404 2782 ab
2433 2729 2700 2797 epistolis
2731 2729 2844 2786 fuit
2878 2731 2936 2785 in
2985 2731 3329 2800 apostolatu.
3364 2733 3604 2788 Biennio
3647 2735 3834 2792 etiam

2168 2816 2390 2870 distant
2428 2831 2460 2871 a
2499 2818 2736 2874 Joviano
2775 2825 2830 2872 et
2858 2820 3213 2874 Varroniano
3254 2819 3615 2890 consulibus,
3653 2822 3834 2890 juxta

2168 2903 2574 2960 Cassiodornm
2606 2911 2662 2960 et
2687 2912 2922 2961 caeteros
2954 2905 3230 2963 fastorum
3273 2906 3628 2976 collectores,
3675 2922 3832 2964 con—

2170 2991 2326 3046 sules
2349 2992 2664 3048 Gratianus
2691 2999 2746 3047 et
2771 2993 3146 3064 Daglaiphus,
3181 2993 3396 3064 quibus
3427 2994 3636 3048 Liberii
3666 3010 3830 3052 mors

2169 3081 2501 3150 assignatur
2516 3081 2573 3134 in
2595 3079 2790 3136 libello
2810 3095 3039 3150 precum
3057 3082 3320 3136 Faustini
3339 3088 3394 3136 et
3415 3081 3735 3138 Marcellini
3750 3086 3826 3140 ad

413 3191 562 3255 tam,
613 3184 813 3241 ίηαιη
851 3157 1046 3240 eodm,
1087 3186 1212 3241 dies
1246 3187 1404 3250 Maii.
1440 3157 1564 3257 (υἷε
1595 3187 1918 3257 appellatur
1954 3201 2054 3242 νηί
2087 3157 2138 3235 G
2167 3169 2570 3238 Theodosium,
2606 3184 2782 3238 supra
2813 3169 2992 3224 relato
3037 3170 3096 3224 in
3143 3169 3339 3240 regula
3371 3178 3594 3240 quarta.
3635 3173 3827 3228 Semel

415 3273 550 3328 ldus
573 3273 732 3344 Maii,
764 3273 996 3329 ineunte
1015 3273 1282 3344 Sabbato,
1305 3274 1637 3344 Quiritibus
1660 3276 1816 3331 dicto
1835 3275 1931 3330 die
1950 3275 2057 3329 Sa—

413 3363 598 3419 turni.

482 3469 588 3525 Die
610 3466 646 3525 7
675 3469 812 3525 Maii
841 3468 926 3524 sol
955 3469 1290 3525 versabatur
1315 3469 1374 3524 in
1401 3471 1582 3541 gradu
1607 3470 1780 3524 Tauri
1810 3466 1894 3537 47,
1925 3469 2056 3525 urbi

415 3572 611 3616 arcum
642 3559 1132 3616 seminocturnum
1157 3558 1393 3614 Romani
1418 3559 1670 3614 climatis
1690 3557 1860 3613 efﬁcit
1883 3559 2060 3614 hora-

419 3661 548 3706 rum
579 3647 889 3718 aequalium
923 3647 1197 3716 quinque.
1235 3648 1381 3702 Hora
1420 3647 1602 3716 igitur
1637 3653 1838 3716 quarta
1870 3647 2058 3701 noctis

416 3742 545 3809 post
564 3750 692 3792 eum
718 3748 980 3791 occasum
1002 3736 1148 3804 apud
1175 3736 1475 3805 Romanos,
1501 3745 1719 3791 noctem
1740 3735 2059 3806 quamlibet

413 3826 736 3883 dividentes
753 3825 811 3879 in
831 3823 1004 3880 horas
1016 3837 1121 3893 xu,
1142 3825 1446 3893 respondet
1465 3824 1624 3880 horis
1649 3825 2060 3881 astronomicis

415 3921 546 3984 post
575 3913 872 3969 meridiem
901 3911 1020 3967 diei
1047 3913 1304 3982 septima:
1332 3910 1418 3983 40,
1443 3927 1573 3969 οιιιιι
1607 3914 1850 3970 minutis
1883 3913 2060 3969 hora-

410 4001 524 4058 riis
545 3998 641 4062 20..

486 4105 671 4161 Radix
693 4104 1008 4161 mediorum
1039 4111 1298 4162 motuum
1325 4105 1477 4162 luna:
1502 4107 1560 4161 iu
1595 4107 1916 4162 meridiano
1940 4107 2060 4161 Ro-

417 4208 583 4250 mano
647 4191 920 4248 Kalendis
980 4193 1240 4250 Januarii
1308 4207 1422 4250 aera
1480 4193 1698 4248 Christi
1767 4193 2058 4249 communi

417 4281 654 4338 ineunte
681 4281 802 4338 dat.

1363 4384 1524 4454 Sign.
1555 4384 1731 4440 Grad.
1764 4384 1900 4439 Min.
1935 4385 2055 4440 Sec.

411 4493 623 4547 Locum
658 4489 809 4545 lunae
835 4490 1086 4544 medium
1119 4489 1180 4543 in
1432 4487 1486 4542 4.
1601 4487 1688 4544 44.
1799 4489 1888 4545 55.

411 4577 550 4634 anni
586 4587 676 4629 ccc
709 4574 976 4644 completi
1007 4575 1146 4630 dant
1177 4579 1392 4630 motum
1431 4575 1483 4630 6.
1596 4575 1684 4632 23.
1799 4577 1889 4634 30.
2002 4577 2056 4634 3.

411 4664 670 4721 AnniLx
699 4663 966 4732 completi
1438 4662 1486 4718 4.
1605 4663 1687 4721 40.
1802 4664 1890 4722 42.
2007 4667 2053 4723 4.

409 4753 561 4810 Anni
604 4751 968 4822 tucompleti
1430 4751 1485 4807 0.
1596 4752 1686 4809 28.
1835 4753 1888 4808 9.
1969 4755 2056 4812 40.

408 4841 632 4912 Aprilis
655 4840 974 4910 completus
1003 4840 1140 4896 anni
1168 4839 1407 4895 bissext.
1427 4839 1482 4896 5.
1630 4839 1682 4896 4.
1795 4841 1884 4899 20.
1959 4842 2050 4900 57.

406 4930 544 4985 Dies
591 4943 688 4986 sex
727 4928 900 4985 solidi
940 4942 1010 4984 ex
1055 4928 1254 4984 merid.
1295 4928 1415 4983 Ka-

482 5018 781 5074 lendarum
853 5017 994 5072 Maii
1062 5019 1132 5074 ad
1206 5017 1410 5073 merid.

479 5103 816 5162 diei7Maii
1425 5104 1479 5161 2.
1596 5104 1682 5160 49.
1829 5107 1883 5164 3.
1959 5107 2046 5166 30.

405 5195 568 5250 Hora:
593 5196 787 5264 decem
819 5203 948 5265 post
976 5195 1178 5250 merid.
1201 5191 1257 5249 7.

477 5283 614 5339 Mali
1428 5280 1482 5338 0.
1629 5281 1683 5340 ὅ.
1793 5284 1881 5342 29.
1959 5287 2048 5344 25.

399 5370 626 5426 Minuta
659 5371 890 5426 horaria
919 5369 1012 5426 20.
1796 5374 1879 5430 40.
1956 5375 2046 5431 59.

404 5502 553 5556 Hora
619 5501 804 5570 igitur
883 5509 1086 5570 quarta
1161 5505 1370 5575 noctis,

476 5600 592 5658 qua
1425 5591 1477 5650 9.
1594 5593 1676 5651 46.
1787 5594 1879 5652 24.
1959 5595 2044 5653 44.

402 5681 566 5732 nocte
601 5672 972 5732 illucescebat
1005 5677 1310 5736 Sabbatum

2003 4490 2142 4565 6.1)

2171 3257 2372 3327 igitur,
2395 3257 2752 3313 demontrato
2773 3259 2924 3328 quod
2954 3258 3115 3327 paria
3142 3257 3357 3313 faciant
3382 3272 3569 3313 annus
3595 3272 3831 3314 consu-

2169 3344 2322 3399 latus
2347 3359 2412 3398 ac
2436 3345 2637 3400 mortis
2661 3346 2907 3415 Joviani,
2942 3346 3173 3418 collegre
3195 3345 3304 3401 ﬁlii
3327 3347 3420 3401 sui
3448 3347 3825 3416 Varroniani,

2169 3446 2298 3486 cum
2327 3445 2478 3488 anno
2508 3447 2632 3488 aera:
2661 3433 2882 3488 Christi
2910 3434 3234 3488 communis
3259 3431 3384 3502 364,
3415 3433 3625 3488 Liberii
3659 3448 3830 3503 papae

2168 3519 2361 3574 obitus
2406 3528 2532 3589 post
2563 3521 2866 3576 biennium
2913 3527 3257 3577 consecutus
3289 3521 3621 3576 testimonio
3660 3522 3831 3576 scri-

2169 3614 2395 3676 ptorum
2429 3610 2764 3678 mqualium,
2799 3624 2864 3664 ac
2895 3611 3121 3664 Damasi
3153 3610 3358 3666 electio
3385 3621 3612 3664 necesse
3641 3617 3734 3664 est
3758 3615 3832 3664 ut

2171 3695 2492 3751 referantur
2511 3710 2639 3751 cum
2669 3696 3012 3751 consulibus
3029 3698 3303 3752 Gratiano
3322 3703 3377 3752 et
3396 3696 3716 3768 Daglaipbo
3749 3697 3824 3751 ad

2168 3797 2381 3838 annum
2401 3799 2527 3838 EBI'EB
2555 3785 2771 3839 Christi
2804 3785 3060 3855 vulgaris
3083 3784 3208 3840 366.

2239 3872 2508 3942 Quinque
2541 3873 2698 3928 hisce
2738 3873 2958 3944 regulis
3001 3874 3223 3928 criterii
3255 3871 3650 3943 chronologici
3685 3886 3826 3942 pro-

2172 3961 2398 4030 positis,
2473 3961 2753 4029 expositis
2824 3975 2889 4016 ac
2966 3961 3240 4032 probatis,
3316 3960 3618 4030 procedere
3692 3966 3828 4016 tuto

2171 4061 2480 4116 possumus
2505 4049 2574 4103 ad
2609 4055 2860 4118 tempora
2895 4049 3228 4119 pontiﬁcum
3260 4049 3643 4103 Romanorum
3685 4048 3830 4103 sin—

2170 4136 2417 4206 gillatim
2441 4135 2761 4193 ordinanda
2789 4151 2855 4194 ac
2879 4137 3321 4194 demonstranda
3349 4135 3643 4207 capitibus
3669 4137 3832 4193 sub-

2170 4223 2562 4293 sequentibus.

2755 4332 3027 4403 CAPUT
3089 4335 3178 4402 III

2171 4435 2346 4488 Series
2385 4438 2700 4504 pontiﬁcum
2735 4439 3097 4492 Romanorum
3139 4453 3424 4507 eorumque
3466 4433 3832 4506 Chrenologia

2235 4508 2564 4574 proponitur
2593 4508 2911 4562 deducenda
2941 4515 2991 4562 et
3014 4509 3347 4563 stabilienda
3377 4525 3444 4562 ea)
3470 4515 3832 4563 monumento

2234 4577 2456 4650 publica
2485 4578 2735 4650 Ecclesia
2761 4581 3032 4650 Romanae,
3065 4581 3247 4633 adhuc
3283 4583 3585 4650 superstite
3617 4581 3676 4632 in
3711 4579 3832 4632 ba-

2239 4649 2396 4699 silica
2437 4649 2803 4716 patriarchali
2842 4652 2898 4704 S.
2945 4652 3108 4704 Pauli
3143 4652 3376 4718 apostoli
3419 4653 3511 4703 via
3554 4649 3830 4714 Ostiensi,

2237 4719 2436 4770 {Mirm
2473 4721 2650 4786 posito
2687 4737 2721 4772 (ι
2752 4721 2808 4773 S.
2842 4721 3016 4774 Leone
3057 4723 3258 4788 Magno
3287 4736 3400 4774 una
3429 4736 3550 4774 cum
3577 4723 3828 4783 musico,

2237 4789 2322 4840 uel
2358 4804 2391 4840 a
2421 4788 2736 4854 Symmacho
2759 4808 2912 4860 papa
2956 4793 3087 4845 dum
3124 4793 3281 4846 illam
3316 4793 3552 4860 picturis
3591 4799 3836 4846 ornaret

2237 4861 2425 4927 quinto
2455 4859 2658 4913 Christi
2680 4859 2892 4914 saeculo.

2673 4949 2992 5005 SYNOPSIS
3025 4950 3308 5006 CAPITIS.

2161 5016 2201 5064 Ι.
2227 5017 2400 5066 Series
2421 5023 2471 5066 et
2489 5018 2754 5078 catalogus
2773 5021 3082 5128 Eontiﬁcum
3115 5022 3496 5080 Romanorum,
3530 5023 3743 5083 pictura
3773 5031 3836 5076 et

2223 5081 2755 5128 litterisexnressusin
2810 5083 2983 5128 asilica
3008 5083 3067 5128 S.
3094 5083 3243 5128 Pauli
3262 5083 3346 5128 via
3365 5083 3609 5128 Ostiensi.
3630 5092 3833 5128 sancto

2223 5081 2404 5143 litteris
2417 5083 2755 5141 expressusin
2773 5081 2983 5128 basilica
3008 5083 3067 5130 S.
3094 5083 3243 5130 Pauli
3262 5083 3346 5130 via
3365 5081 3609 5143 Ostiensi,
3630 5092 3833 5137 sancto

2223 5142 2627 5207 LeoniMagng,
2661 5143 3086 5207 vclVSymrnacho
3117 5157 3263 5205 papae
3298 5142 3604 5194 tribuendus
3631 5151 3736 5207 est,
3775 5157 3836 5200 et

2223 5205 2285 5250 ad
2316 5205 2549 5264 quintum
2573 5204 2762 5253 Christi
2784 5204 3029 5252 saeculum
3061 5204 3380 5254 referendus.
3409 5232 3468 5242 —
3497 5207 3563 5255 Il.
3601 5210 3648 5256 A
3677 5204 3835 5260 non-

2223 5265 2374 5328 nullis
2395 5267 2553 5313 aatatis
2572 5271 2763 5328 nostras
2785 5267 3124 5328 scriptoribus
3145 5269 3418 5324 iudicatus,
3441 5269 3530 5316 sed
3553 5283 3583 5315 a
3604 5274 3834 5323 nemine

2219 5325 2461 5391 hactenus
2489 5329 2538 5374 in
2570 5327 2739 5375 lucem
2774 5325 2956 5391 datus,
2978 5333 3064 5375 aut
3100 5329 3371 5387 diligenter
3401 5329 3728 5391 observatus,
3779 5343 3838 5385 et

2220 5388 2434 5452 collatus
2455 5403 2572 5436 cum
2595 5391 2798 5450 scriptis
2819 5389 3092 5450 Catalogis,
3117 5405 3252 5438 nunc
3277 5392 3496 5452 primum
3513 5393 3702 5441 editur.
3717 5388 3835 5446 Si-

2219 5451 2354 5496 milis
2383 5452 2582 5514 videtur
2615 5452 2756 5498 alteri
2791 5452 3058 5510 tiatalogo,
3090 5467 3207 5500 cum
3240 5451 3374 5500 serie
3409 5455 3739 5514 pontiﬁcum,
3777 5466 3836 5508 et

2219 5524 2339 5576 cum
2363 5513 2592 5576 picturis,
2612 5514 2878 5576 utriusque
2899 5513 3213 5562 Tcstamenti
3238 5513 3476 5562 historias
3499 5513 3839 5576 periurio’re-

2219 5572 2517 5640 ferentibus,
2549 5575 2724 5640 posito
2744 5572 2833 5640 .vél
2866 5577 3275 5640 restitutotetate
3311 5572 3546 5640 Formosi
3580 5590 3734 5640 papae
3773 5586 3837 5633 in

2221 5633 2430 5702 basilica
2445 5635 2715 5702 Vaticana.
2744 5635 2802 5702 in
2824 5640 3036 5702 utraque
3055 5639 3208 5702 etiam
3227 5637 3438 5686 basilica
3459 5633 3620 5686 series
3643 5633 3834 5702 ponti-

2225 5693 2379 5742 ﬁcum
2413 5697 2670 5744 recentior
2699 5698 2899 5758 adjecta
2943 5693 3038 5746 fuit
3069 5699 3201 5746 infra
3228 5701 3552 5762 superiorem
3583 5693 3681 5750 sub
3719 5693 3834 5756 Nil.
