3942 6444
379 322 543 403 ιω
1529 330 1838 396 ANASTA
1848 333 1949 399 Sll
1987 335 2653 405 BIBIJOTHEGABII.
3647 345 3845 410 ιωι

380 454 569 586 ﬁgi-18.
587 455 866 541 facinoris
894 460 1177 544 memoria
1206 461 1515 536 deperiret,
1548 465 1859 548 Anastasio
1899 467 2033 525 huic
2063 470 2119 538 Α
2145 469 2456 541 Altissimi,
2489 490 2665 547 quem
2699 474 2758 533 in
2790 474 3053 550 apostolo
3084 493 3211 539 ,δυο
3258 481 3429 537 Petro
3472 478 3838 539 mirabilem

380 545 452 586 ΩΟ
500 546 572 586 lOl
600 531 972 586 inserendam
1004 532 1285 586 dUleUB
1331 536 1404 586 ad
1452 554 1734 586 maiorem
1786 537 2030 586 alnriam
2151 543 2537 586 nrmdinnmnq

380 531 572 587 codici
600 531 972 589 inserendam
1004 531 1300 593 duximus'
1331 536 1405 593 ad
1452 531 1735 609 majorem
1785 537 2033 612 gloriam
2063 531 2119 538 ”
2145 531 2555 615 praedicamus.

1438 880 1637 955 XCII.
1694 884 2067 959 SANCTUS
2117 887 2587 964 GREGORIUS
2638 893 2751 965 Ill.

1413 1051 1580 1099 anno
1623 1052 1861 1099 cunis'ri
1902 1036 2043 1110 73],
2092 1054 2299 1102 Laoms
2342 1058 2613 1107 ISAURICI
2660 1045 2760 1105 16.

631 1306 796 1361 190
840 1300 1175 1381 Gregorius
1218 1303 1462 1378 tertius,
1509 1304 1767 1369 natione
1831 1309 2048 1388 Syrus,
2094 1328 2173 1372 ex
2235 1317 2415 1392 patre
2458 1313 2728 1388 Joanne,
2776 1312 2939 1376 sedit
2998 1332 3201 1376 annos
3259 1311 3503 1387 decem,
3564 1333 3851 1376 menses

536 1419 709 1488 octo,
770 1414 907 1477 dies
960 1417 1183 1497 viginti
1242 1418 1353 1501 (α).
1416 1421 1527 1482 Vir
1591 1423 1961 1485 mitissimus
2020 1431 2085 1486 et
2154 1427 2337 1489 valde
2417 1428 2690 1509 sapiens,
2751 1415 3126 1491 in'divinis
3204 1429 3546 1511 Scripturis
3626 1430 3847 1491 sufﬁ—

541 1529 781 1593 cienter
836 1532 1203 1613 instructus,
1272 1540 1487 1601 Grzeca
1561 1541 1912 1623 Latineque
1991 1541 2211 1624 lingua
2291 1544 2594 1619 eruditus,
2666 1544 2947 1624 psalmos
3013 1554 3235 1607 Omnes
3324 1564 3437 1625 per
3516 1545 3844 1608 ordinem

540 1646 907 1708 memoriter
959 1652 1258 1728 retinens,
1322 1659 1385 1715 et
1443 1654 1509 1716 in
1570 1674 1789 1717 eorum
1852 1659 2139 1721 sensibus
2199 1659 2610 1722 subtilissima
2677 1659 3131 1722 exercitatione
3203 1659 3485 1733 limatus.
3557 1661 3849 1742 Lingua

460 1764 499 1822 ὅ
543 1782 796 1844 quoque
838 1765 902 1825 in
950 1767 1218 1829 lectione
1262 1770 1484 1850 polita,
1530 1772 1902 1835 exhortator
1943 1776 2226 1837 omnium
2285 1774 2597 1837 bonorum
2661 1793 2948 1855 operum,
3000 1776 3296 1857 plebique
3359 1776 3848 1840 florentissime

541 1878 846 1942 salutaria
906 1884 1275 1963 prmdicans,
1336 1886 1483 1949 fidei
1540 1889 1875 1952 catholicae
1938 1898 2003 1953 et
2059 1892 2425 1974 apostolicae
2487 1892 2865 1954 immutilale
2927 1898 3362 1969 conservator,
3440 1892 3850 1975 perenniter

541 2013 653 2056 sua
701 1998 959 2074 monita,
1007 2001 1199 2063 corda
1241 2002 1521 2065 fidelium
1563 2007 2003 2082 corroborans,
2052 2009 2428 2070 orthodoxze
2473 2008 2620 2070 fidei
2664 2008 3001 2069 aemulator
3044 2026 3117 2069 ac
3179 2008 3476 2070 defensor
3534 2008 3847 2071 fortissi-

543 2129 707 2177 mus.
753 2117 1146 2194 paupertatis
1207 2125 1476 2193 amator,
1521 2126 1589 2183 et
1643 2140 1799 2202 erga
1857 2122 2077 2204 inopes
2140 2124 2428 2204 provisor
2492 2124 2575 2206 (ὁ)
2638 2143 2763 2187 non
2828 2125 3033 2186 solum
3096 2124 3330 2185 mentis
3390 2125 3659 2206 pietate,
3714 2126 3845 2188 sed

541 2228 732 2292 studii
791 2231 888 2294 sui
948 2233 1165 2297 labore
1226 2236 1554 2311 sollicitus,
1616 2240 2012 2320 captivorum
2077 2240 2268 2302 etiam
2332 2241 2715 2322 redemptor,
2774 2239 3214 2322 orphanorum
3279 2260 3535 2323 quoque
3584 2248 3655 2304 et
3738 2241 3846 2302 vi-

420 2346 505 2407 40
539 2344 811 2409 duarum
877 2348 1162 2430 largitor,
1223 2354 1577 2415 necessaria
1657 2356 1962 2431 tribuens,
2026 2364 2277 2418 amator
2346 2356 2775 2436 religiositatis
2836 2358 2901 2417 in
2970 2356 3328 2417 Christiana
3400 2375 3627 2418 norma
3720 2358 3843 2438 (ς),

536 2464 606 2521 et
672 2462 961 2541 religiose
1030 2465 1387 2530 volentibus
1449 2470 1658 2531 vivere
1728 2476 1792 2533 et
1850 2472 1963 2532 Dei
2022 2472 2316 2535 timorem
2379 2472 2766 2534 habentibus
2810 2470 2919 2552 (ἄ),
2967 2472 3034 2534 in
3094 2471 3222 2533 suis
3285 2473 3660 2551 priscorst
3736 2474 3845 2535 die

539 2573 737 2637 lector
796 2576 874 2659 (e)
943 2580 1238 2656 existens,
1312 2585 1441 2646 Deo
1507 2586 1784 2663 favente,
1840 2588 2127 2668 pervenit
2195 2587 2275 2649 ad
2345 2606 2593 2650 sacrum
2666 2586 2958 2649 ordinem
3030 2585 3525 2668 presbyteratus.
3602 2591 3842 2662 Quem

541 2691 659 2753 viri
704 2695 967 2756 Romani
1010 2715 1119 2758 seu
1163 2717 1383 2762 omnes
1431 2702 1672 2783 populi,
1722 2720 1758 2765 a
1802 2722 2035 2785 magno
2078 2724 2279 2787 usque
2322 2707 2403 2766 ad
2449 2723 2738 2786 parvum,
2784 2702 3001 2765 divina
3042 2703 3455 2784 inspiratione
3499 2706 3839 2783 permoti,

541 2808 751 2871 subito
794 2830 963 2884 eum,
1010 2812 1160 2874 dum
1202 2814 1341 2895 ejus
1398 2818 1692 2881 decessor
1731 2820 1809 2882 de
1854 2819 1975 2883 hoc
2030 2820 2263 2883 saeculo
2326 2820 2680 2901 migrasset,
2728 2820 2879 2882 dum
2944 2824 3091 2882 ante
3154 2819 3454 2880 feretrum
3508 2818 3573 2880 in
3617 2819 3841 2884 obse-

425 2928 500 2991 l5
547 2928 697 3011 quio
742 2929 838 2991 sui
880 2934 1294 2994 antecesseris
1337 2939 1503 2996 esset
1543 2934 1825 2998 intentus
1871 2936 1967 3018 (ί),
2005 2937 2063 2998 vi
2106 2938 2517 2999 abstollentes
2565 2937 2627 2997 in
2675 2935 3081 3017 pontificatus
3124 2933 3409 2995 ordinem
3455 2934 3835 3014 elegerunt.

626 3055 782 3108 su
845 3047 993 3108 Fuit
1045 3054 1257 3110 autem
1333 3052 1722 3131 temporibus
1782 3054 2011 3115 Leonis
2094 3054 2159 3115 et
2216 3053 2615 3114 Constantini
2675 3051 3162 3132 imperatorum,
3224 3069 3303 3112 ea
3364 3052 3831 3130 persecutione

541 3169 870 3243 grassante
912 3183 1055 3244 quae
1098 3185 1212 3245 per
1252 3166 1423 3248 ipsos
1469 3175 1644 3230 mota
1699 3174 1792 3230 est
1850 3168 1932 3230 ad
2000 3169 2461 3250 depositionem
2524 3174 2590 3231 et
2649 3167 3144 3229 destructionem
3188 3184 3511 3229 sacrarum
3577 3167 3833 3248 imagi-

543 3297 693 3341 num
737 3280 986 3343 Domini
1032 3282 1229 3343 nostri
1287 3284 1433 3346 Jesu
1496 3283 1728 3347 Christi
1788 3290 1853 3348 et
1911 3290 2146 3347 sanctae
2188 3285 2299 3348 Dei
2345 3286 2696 3358 Genitricis,
2744 3290 3109 3346 sanctorum
3172 3283 3604 3363 apostolorum
3669 3302 3827 3345 om-

542 3396 845 3478 niumque
911 3404 1274 3461 sanctorum
1339 3407 1404 3462 et
1457 3403 1913 3477 confessorum,
1977 3422 2094 3484 pro
2160 3402 2391 3483 quibus
2458 3402 2659 3463 isdem
2725 3400 3161 3463 sanctissimus
3233 3399 3350 3473 vir,
3412 3404 3484 3459 ut
3542 3399 3625 3461 ab
3697 3399 3831 3461 hoc

463 3514 502 3575 8
544 3513 982 3596 resipiscerent
1025 3534 1099 3578 ac
1170 3535 1234 3579 se
1308 3524 1709 3581 removerent
1779 3538 2015 3594 errore,
2074 3518 2561 3582 commonitoria
2633 3518 2871 3599 scripta
2938 3516 3156 3597 vigore
3221 3515 3571 3597 apostolica
3644 3516 3829 3577 sedis

543 3630 831 3694 instituta
888 3632 993 3712 (g),
1055 3634 1591 3713 quemadmodum
1652 3641 1716 3698 et
1772 3641 2006 3698 sanctae
2061 3634 2386 3697 memoriae
2443 3635 2737 3697 decessor
2790 3633 2990 3715 ipsius
3062 3632 3403 3706 direxerat,
3465 3628 3641 3693 misit
3706 3648 3826 3714 per

544 3747 879 3827 Georgium
938 3748 1021 3829 (li)
1081 3750 1517 3831 presbyterum
1572 3752 1669 3831 (ρ).
1718 3753 1837 3825 Qui
1895 3753 2177 3814 humano
2229 3752 2456 3813 ductus
2514 3752 2763 3825 timore,
2826 3770 2953 3811 non
3022 3748 3241 3811 eadem
3308 3748 3543 3830 scripta
3598 3747 3824 3829 impe-

544 3862 739 3923 ratori
796 3864 1098 3944 porrexit.
1160 3865 1277 3939 Qui
1332 3874 1674 3942 revertens,
1734 3886 1948 3931 secum
2006 3869 2073 3929 in
2131 3866 2448 3930 civitatem
2513 3869 2865 3930 Romanam
2922 3865 3229 3927 reducens
3284 3864 3405 3948 ipsi
3479 3864 3824 3925 sanctissi-

544 3995 649 4038 mo
705 3980 991 4059 pontiﬁci
1048 3981 1364 4062 patefecit,
1424 3985 1749 4045 confessus
1802 4001 1869 4047 se
1924 3984 2160 4045 faciens
2215 4002 2393 4047 reum
2458 3983 2685 4065 culpis.
2745 3983 2941 4056 Quem
3017 3998 3252 4061 magna
3311 3980 3821 4042 comminatione

428 4092 504 4155 10
546 4092 831 4175 pontifex
893 4092 1030 4177 ipse
1102 4096 1303 4160 voluit
1375 4097 1456 4160 ab
1527 4099 1750 4163 ordine
1826 4100 2207 4164 sacerdotali
2279 4100 2555 4181 privare.
2611 4098 2726 4161 Cui
2804 4096 3117 4160 residente
3187 4096 3453 4159 concilio
3523 4092 3635 4178 (ﬂ,
3708 4094 3819 4157 sed

545 4210 917 4273 obsecrante
990 4217 1121 4274 tam
1197 4214 1465 4276 concilio
1542 4234 1734 4296 quam
1812 4216 2250 4299 optimatibus,
2311 4222 2383 4277 ut
2439 4236 2567 4277 non
2646 4215 3090 4295 deponeretur,
3152 4212 3263 4275 sed
3334 4212 3534 4292 magis
3608 4211 3815 4273 isdem

546 4328 876 4409 presbyter
934 4329 1325 4409 paenitentia;
1376 4331 1856 4394 submitteretur
1913 4353 1929 4394 :
1991 4332 2114 4409 cui,
2176 4331 2475 4412 imposita
2546 4331 2743 4411 digna
2799 4329 3198 4411 pmnitentia,
3250 4329 3478 4389 iterum
3533 4325 3818 4389 secundo

547 4462 691 4505 eum
747 4462 889 4505 cum
946 4442 1182 4508 eisdem
1244 4445 1469 4508 litteris
1524 4447 1777 4529 scriptis
1833 4447 2003 4527 apud
2062 4446 2299 4528 regiam
2359 4444 2587 4507 direxit
2646 4444 2891 4507 urbem.
2946 4444 3071 4507 Sed
3145 4443 3437 4523 nequiter
3502 4454 3816 4520 augmen-

548 4565 682 4621 tata
738 4559 821 4639 (Ic)
889 4560 1223 4641 dispositio
1286 4564 1663 4626 eorumdem
1739 4565 2224 4645 imperatorum,
2288 4563 2506 4624 eadem
2587 4560 2979 4623 venerabilia
3055 4560 3290 4642 scripta
3358 4559 3422 4620 in
3502 4552 3815 4620 Siciliensi

429 4677 505 4738 l5
548 4674 756 4738 insula
814 4675 1085 4740 retinere
1140 4678 1308 4752 fecit,
1363 4698 1481 4742 nec
1537 4680 1617 4742 ad
1680 4680 1898 4743 urbem
1961 4680 2199 4757 regiam
2257 4677 2641 4760 pertransire
2694 4677 3003 4759 permisit.
3062 4676 3185 4741 Sed
3239 4673 3534 4739 eumdem
3607 4670 3811 4755 porti-

549 4798 750 4854 torem
808 4810 970 4874 pene
1022 4811 1136 4874 per
1190 4812 1428 4855 annum
1487 4794 1806 4875 integrum
1866 4795 1930 4856 in
1985 4793 2277 4856 exsilium
2335 4788 2665 4871 relegavit.

634 4908 908 4991 ηιξμ)
968 4910 1151 4973 Unde
1208 4908 1435 4989 majori
1492 4909 1640 4972 fidei
1695 4911 1920 4972 ardore
1977 4915 2304 4991 permotus
2375 4908 2662 4989 pontifex
2736 4907 3041 4987 synodale
3112 4907 3439 4968 decretum
3514 4922 3661 4964 cum
3719 4917 3809 4961 sa-

549 5024 853 5087 cerdotali
938 5029 1253 5087 conventu
1332 5044 1545 5087 coram
1628 5032 2033 5089 sacrosancta
2107 5025 2503 5088 confessione
2576 5021 2955 5086 sanctissimi
3034 5021 3317 5103 corporis
3386 5017 3560 5083 beati
3644 5009 3806 5080 Petri

548 5140 829 5221 apostoli
887 5140 1327 5215 residentibus,
1388 5160 1530 5203 cum
1590 5143 1812 5205 eodem
1870 5160 2118 5206 summo
2177 5147 2239 5203 et
2296 5140 2645 5201 venerabili
2701 5156 2870 5221 papa
2926 5143 2991 5199 et
3046 5135 3556 5217 archiepiscopis,
3609 5130 3675 5194 id
3717 5132 3804 5190 est

548 5256 825 5321 Antonio
898 5256 1205 5321 Gradensi
1274 5256 1769 5339 archiepiscopo,
1828 5258 2075 5322 Joanne
2141 5257 2440 5339 episcopo
2516 5259 2906 5329 Ravennate,
2971 5274 3114 5318 cum
3191 5252 3437 5316 caeteris
3500 5243 3803 5331 episcopis

470 5374 509 5432 5
552 5372 731 5435 istius
799 5373 1119 5454 Hesperiae
1176 5374 1375 5455 partis
1431 5392 1695 5437 numero
1750 5390 1922 5452 xcm,
1982 5393 2091 5436 seu
2170 5370 2552 5455 presbyteris
2617 5378 2853 5434 sanctae
2927 5370 3119 5449 hujus
3193 5364 3555 5451 apostolicae
3625 5359 3796 5432 sedis.

552 5489 907 5552 astantibus
973 5489 1346 5551 diaconibus
1418 5508 1563 5551 cum
1646 5496 1874 5553 cuncto
1962 5490 2155 5565 clero,
2240 5489 2565 5551 nobilibus
2648 5487 2840 5550 etiam
2924 5485 3313 5559 consuli-bus,
3402 5488 3468 5546 et
3553 5473 3797 5559 reliqui!

1584 5640 1826 5687 NOTULE
1866 5640 2247 5687 IARGINALES
2290 5638 2612 5687 FABBOTTI.

468 5762 724 5849 gigni),
760 5763 846 5849 (1,.“
847 5764 934 5845 42,
969 5764 1030 5830 C,
1055 5766 1191 5849 dies
1217 5769 1325 5849 25._
1370 5768 1458 5849 (ὁ)
1478 5782 1617 5849 erga
1641 5767 1882 5849 inopum
1915 5784 2025 5839 pro

2232 5783 2327 5849 me:
2386 5768 2458 5849 (ρ)
2486 5769 2547 5821 ει
2573 5763 2919 5849 εδνίθβαιιω
2950 5780 3192 5849 eorm
3228 5745 3789 5849 nfelulzmjst‘li‘

402 5832 607 5883 rector.
641 5833 703 5886 Β.
777 5836 851 5901 (f)
880 5834 1147 5893 inventus
1180 5832 1385 5895 esset.‘
1428 5832 1519 5911 '(g)
1544 5832 1716 5911 juxta
1743 5832 2042 5911 'vigor'em,
2068 5843 2124 5893 et
2171 5832 2599 5894 institutiOnem
2632 5836 2791 5893 sedis
2820 5834 3181 5908 apostolicae.
3222 5834 3302 5908 (ἡ)
3338 5833 3403 5900 Β,
3449 5832 3789 5903 Gregorium-

396 5895 469 5974 (ί)
500 5902 704 5963 Βανοπ·
739 5916 874 5957 αππ-
904 5904 1033 5962 734·
1091 5909 1161 5985 (j)
1192 5910 1456 5973 residens
1474 5910 1545 5971 in
1566 5910 1829 5975 concilis.
1881 5911 1967 5982 (k)
1988 5914 2403 5983 argumentata
2454 5910 2521 5982 (ι)
2549 5912 2760 5967 ama.
2790 5925 2924 5965 mn.
2952 5908 3089 5965 732..
