3950 6424
184 421 296 479 249

985 425 1354 482 BLANCHINI
1402 426 1703 482 DISSERT.
1750 427 1842 482 DE
1894 426 2053 483 ANT.
2113 430 2226 485 RR.
2274 429 2476 486 PONT.
2519 426 2858 484 CATALOG.

3522 426 3628 487 250

248 543 399 620 cplso
423 544 520 620 Ill,
548 559 666 606 quae
684 546 746 620 in.
774 546 986 620 basilica
1009 547 1066 597 S.
1096 548 1249 595 Pauli
1273 547 1443 620 adhuc
1467 550 1716 620 superest.
1742 548 1851 610 plu-
1877 554 1939 612 Λ
1962 551 2185 607 ximum
2230 551 2394 607 navis
2443 551 2719 606 mediana
2739 550 2767 604 ‘2
2808 551 2986 606 Galla
3012 550 3282 605 Placidia
3316 552 3544 620 pietate,
3572 557 3629 605 et

252 606 441 671 rimam
473 610 651 671 tamen
684 607 1001 671 labefactata,
1036 624 1192 671 supra
1220 610 1451 671 epistylia
1473 606 1848 658 columnarum.

248 693 316 733 :—
352 668 438 733 lll.
465 668 643 733 Syrios
669 669 755 717 illa
782 674 1047 727 vetustior,
1071 668 1267 720 saculo
1288 668 1468 733 quinto
1488 674 1689 733 pictain
1716 673 1851 721 basi-

259 730 361 777 lica
390 730 447 778 S.
482 730 655 789 Pauli,
688 734 931 792 pertingit
964 749 993 782 a
1015 734 1070 782 S.
1112 735 1265 782 Petro
1296 730 1357 781 ad
1396 734 1456 782 S.
1490 730 1851 782 Innocentium

250 794 476 857 primum
494 793 545 857 in
572 794 766 853 pariete
782 796 989 842 australi
1015 797 1151 843 navis
1175 797 1852 853 mediana;cumimagines

253 856 705 919 etinscriptiones,
731 871 845 917 qua:
870 860 1097 917 proxime
1110 858 1565 919 consequebantur
1585 859 1637 906 in
1660 859 1852 919 pariete

252 916 577 982 occidentali,
602 916 759 982 hodie
779 916 881 982 sint
898 916 1355 982 inconspicuaf—
1378 920 1463 968 IV.
1490 916 1853 968 Series'recen-

249 981 371 1044 tior,
420 978 620 1044 Sicolai
678 980 759 1044 ΙΙῌΙΔ
795 980 946 1040 jussu
982 978 1202 1044 depicta,
1244 983 1315 1029 uti
1353 985 1556 1029 narrant
1594 982 1848 1041 Veggins,

252 1041 554 1092 Grimaldus
605 1044 653 1104 et
706 1040 1025 1103 Ciampinus,
1048 1040 1413 1103 —distinguitur
1444 1058 1473 1091 a
1512 1045 1767 1104 superiori
1803 1047 1854 1090 et

254 1103 899 1178 multoantiquioril,.prout
915 1106 965 1152 in
991 1106 1177 1178 tabulis
1201 1105 1568 1178 Ciampinianis
1585 1103 1852 1153 ’observari

290 1167 444 1219 otcst,
481 1178 594 1225 qua:
624 1164 926 1213 V'aticanam
959 1167 1205 1215 exhibent
1232 1172 1280 1215 et
1316 1164 1399 1214 hic
1435 1168 1747 1214 inseruntur.
1790 1192 1854 1202 —

290 1181 444 1219 οιρει,
481 1181 594 1225 qua:
637 1181 926 1213 vaucanam
959 1181 1205 1215 CXlllDenI
1232 1181 1280 1215 υῐ
1318 1181 1399 1214 HIC
1435 1181 1747 1214 mserumur.
1790 1192 1854 1202 -·

251 1181 328 1275 BI.
368 1227 561 1275 Prater
590 1227 718 1273 duas
742 1228 1000 1276 ordinatas
1023 1232 1182 1277 series
1214 1233 1360 1277 atate
1386 1228 1576 1276 Leonis
1603 1229 1779 1288 Magni
1802 1231 1854 1276 et

250 1288 460 1352 Nicolai
508 1289 643 1335 tertii
694 1290 940 1349 depictas,
1001 1292 1239 1338 visuntur
1286 1292 1337 1338 in
1396 1292 1610 1338 adverso
1659 1292 1852 1352 pariete

250 1350 450 1398 boreali
465 1352 607 1396 navis
621 1352 869 1399 mediana
888 1352 942 1400 S.
964 1352 1109 1400 Pauli
1127 1354 1380 1411 imagines
1395 1354 1630 1414 quadarn
1650 1350 1852 1413 pontifi-

252 1426 375 1460 cum
414 1414 663 1475 repetita,
686 1416 735 1459 et
769 1414 987 1460 confuso
1010 1417 1191 1463 ordine
1223 1420 1413 1463 temere
1449 1416 1691 1475 appicta,
1719 1429 1852 1474 opus

252 1430 375 1460 cum
414 1430 663 1472 repetitae,
686 1430 735 1459 Cl
769 1430 987 1460 CODIUSO
1010 1430 1191 1463 Ol‘lllne
1223 1430 1413 1463 temere
1449 1430 1512 1475 ἂρ
1555 1430 1691 1473 ιοιω,
1719 1430 1852 1474 opus

250 1474 437 1546 incerti
464 1475 732 1546 temporis.
759 1490 976 1546 quarum
1001 1482 1274 1546 propterea
1295 1478 1423 1546 ratio
1444 1430 1583 1546 nulla
1609 1478 1857 1546 in‘dispo-

252 1538 442 1583 sitione
477 1536 832 1596 chronologia
874 1536 1115 1586 habenda
1136 1543 1228 1586 est.
1261 1566 1317 1573 ——
1354 1539 1445 1585 Vl.
1480 1539 1855 1586 Describuntur

250 1599 368 1645 dua
393 1597 493 1644 illa
515 1600 673 1644 series
696 1601 958 1655 o~dinatze,
987 1602 1037 1646 in
1065 1601 1278 1647 basilica
1298 1601 1543 1648 Vaticana
1569 1600 1690 1647 olim
1717 1602 1856 1647 colo-

250 1665 376 1723 rata
398 1661 672 1723 (vetustior
690 1662 893 1722 quidem
918 1662 1013 1708 sub
1042 1663 1293 1710 Formosa
1316 1676 1461 1723 papa,
1485 1663 1741 1709 recentior
1758 1661 1854 1709 sub

252 1722 477 1770 Nicolao
502 1721 617 1786 ll_l),
640 1725 688 1786 et
720 1737 811 1783 per
835 1723 1154 1771 Grimaldum
1177 1721 1396 1786 publicis
1419 1724 1605 1771 tabulis
1630 1725 1854 1781 inserta,

249 1788 529 1848 antequam
546 1783 755 1848 basilica
772 1789 916 1832 vetus
930 1787 1003 1846 pri
1012 1788 1089 1848 nci
1097 1783 1543 1848 pis'apostolorum
1567 1786 1857 1833 diruerctur

248 1846 347 1917 sub
392 1845 570 1931 .Paulg
610 1844 824 1900 Quinto.
868 1844 943 1931 τί
972 1844 1200 1931 ΥΙΙῘῌΟ
1222 1844 1547 1931 auctoritgte
1584 1848 1856 1931 utriusque
1886 1871 1939 1931 B

249 1907 407 1954 seriei
465 1908 705 1968 antiqua,
743 1908 944 1955 saculis
996 1911 1187 1956 Leonis
1223 1910 1418 1967 Magni,
1455 1907 1779 1969 Symmachi
1805 1912 1856 1956 et

246 1969 492 2016 Formosi
516 1970 665 2028 picta
699 1971 749 2015 in
772 1970 999 2017 basilicis
1028 1972 1125 2019 SS.
1162 1972 1297 2019 Petri
1321 1976 1371 2019 et
1406 1972 1571 2028 Pauli,
1610 1975 1657 2017 et
1683 1984 1856 2017 recen—

244 2031 397 2078 tioris
427 2030 619 2093 ibidem
634 2032 825 2093 reddita
846 2045 940 2092 per
961 2033 1239 2080 Nicolaum
1262 2032 1355 2083 ΙΙΙ.
1388 2032 1537 2089 Quod
1560 2033 1776 2093 pertinet
1793 2033 1857 2080 ad

244 2093 441 2140 seriem
469 2092 568 2139 sub
596 2092 815 2139 Nicolao
841 2094 1156 2140 eﬁormatam
1178 2109 1191 2151 ς
1216 2108 1335 2140 cum
1364 2092 1573 2141 numeri
1586 2093 1860 2141 chronolo-

245 2154 371 2214 gici,
406 2154 464 2200 in
490 2153 587 2200 bac
608 2153 857 2214 expressi,
878 2153 1072 2216 fuerint
1095 2156 1352 2215 desumpti
1375 2155 1435 2201 ab
1455 2155 1540 2202 illa
1564 2155 1855 2216 antiquiori,

245 2229 401 2263 suam
436 2216 795 2261 auctoritatem
845 2215 907 2262 ab
962 2217 1142 2263 eadem
1192 2221 1508 2264 mutuantur.
1549 2215 1860 2265 Ornamenta

244 2290 373 2326 vero
393 2275 730 2333 pontificalia,
747 2290 837 2337 pro
859 2277 1101 2325 arbitratu
1124 2279 1331 2338 pictoris
1346 2279 1863 2338 superadditaimagi-

246 2340 402 2387 nibus
423 2338 732 2397 pontiﬁcum
763 2353 792 2385 a
829 2338 882 2387 S.
910 2339 1238 2387 Silvestroad
1260 2344 1659 2401 consequentes,
1683 2345 1862 2387 contra

247 2401 405 2449 ﬁdem
418 2402 472 2446 et
488 2412 663 2457 usum,
677 2403 775 2446 tam
808 2401 959 2447 seriei
980 2402 1258 2460 superioris
1276 2416 1334 2448 ac
1354 2403 1647 2449 vetustioris
1666 2401 1859 2449 ibidem

249 2461 563 2524 superstitis,
584 2474 740 2524 quam
759 2463 1079 2509 musivorum
1102 2467 1150 2509 et
1171 2464 1483 2523 picturarum
1512 2463 1684 2519 Urbis,
1704 2466 1753 2509 et
1773 2478 1862 2510 nu-

249 2522 552 2572 mismatum
578 2524 630 2586 in
656 2522 792 2571 Urbe
823 2537 1068 2586 cnsorum
1099 2522 1263 2586 usque
1294 2524 1356 2571 ad
1380 2525 1632 2571 saeculum
1671 2524 1857 2572 Christi

251 2598 469 2636 nonum,
504 2598 562 2631 ac
586 2585 842 2631 decimum
870 2585 1190 2639 inchoatum,
1216 2587 1477 2633 declarant
1499 2587 1855 2633 tantummodo

252 2661 403 2696 usum
429 2647 598 2694 atatis
619 2646 838 2704 Nicolai,
867 2646 964 2693 sub
986 2660 1089 2707 quo
1107 2648 1467 2707 pingebantur.
1501 2674 1563 2683 —
1588 2646 1732 2695 Vlll.
1764 2647 1857 2697 01·-

251 2712 555 2757 namentum
587 2708 663 2755 vel
684 2708 887 2766 insigne
919 2710 1219 2769 quadratum
1262 2711 1313 2756 in
1342 2710 1493 2756 unica
1518 2709 1706 2757 Liberii
1734 2710 1859 2756 ima-

255 2773 369 2831 gine
393 2771 728 2817 observatum
752 2769 1064 2818 aGrimaldo
1090 2774 1141 2818 in
1173 2772 1306 2818 serie
1328 2771 1596 2827 Vaticana,
1621 2785 1724 2818 non
1751 2784 1859 2817 mo-

257 2835 322 2881 do
356 2834 581 2895 petitum
611 2832 708 2879 fuit
758 2845 787 2878 a
822 2834 982 2880 veteri
1017 2833 1215 2894 pictura
1245 2836 1292 2881 et
1328 2834 1727 2891 consuetudine,
1765 2834 1856 2881 sed

172 2950 184 2962 ,
255 2896 407 2962 etiam
420 2894 622 2962 indicat
641 2907 827 2962 sereni
854 2895 1078 2962 aliquam
1105 2895 1263 2942 fuisse
1287 2896 1568 2962 antiquitus
1599 2896 1854 2962 depictam

254 2960 393 3005 atate
421 2955 616 3005 Liberii
639 2956 689 3018 in
717 2969 779 3003 eo
799 2956 1062 3014 desinens,
1086 2971 1189 3004 non
1216 2970 1367 3004 secus
1386 2955 1444 3004 a‘c
1465 2958 1855 3018 antiquissimus

256 3018 536 3075 Catalogus
566 3017 921 3065 Bucberianus
946 3031 957 3076 ;
987 3032 1101 3066 cum
1122 3019 1376 3079 ejusmodi
1402 3017 1609 3079 insigne
1635 3020 1853 3081 quadra-

254 3085 355 3153 tum
369 3084 674 3153 constanter
686 3082 1251 3153 asseraturtestimtnnio
1274 3081 1599 3153 scriptorum,
1623 3084 1853 3153 veterum

252 3143 435 3215 pariter
462 3142 1222 3215 eturecentip'rum,habendum
1245 3142 1627 3215 esse‘indicium
1650 3142 1853 3203 pontiﬁ-

254 3194 325 3252 cis
352 3204 594 3252 viventis.
623 3228 677 3239 —
714 3203 801 3252 IX.
831 3194 1130 3253 Ostenditur
1177 3219 1235 3252 ex
1280 3194 1850 3253 historicorum-asser-
1881 3194 1929 3254 C

255 3267 389 3340 tione
411 3266 685 3340 concordi,
703 3266 887 3340 seriem
904 3268 1207 3340 pontilicum
1221 3267 1594 3340 Romanorum,
1612 3267 1664 3314 in
1686 3266 1850 3314 tribus

317 3327 681 3375 triarchalibus
718 3327 946 3377 basilicis
980 3331 1111 3376 intra
1138 3334 1187 3377 et
1234 3332 1373 3377 extra
1411 3328 1624 3381 Urbem.
1662 3341 1849 3389 nempe

328 3390 607 3438 teranensi.
639 3390 887 3438 Vaticana
909 3395 958 3438 et
985 3391 1217 3450 Paulina,
1240 3392 1494 3451 depictam
1519 3391 1802 3451 antiquitus
1824 3403 1853 3437 a

256 3451 463 3500 Nicolao
498 3452 651 3499 tertio
678 3451 834 3500 fuisse
862 3454 1115 3512 iteratam,
1138 3453 1295 3501 veteri
1322 3453 1510 3500 intacta
1534 3455 1853 3510 remanente,

255 3526 283 3560 ει
314 3528 411 3574 qua
445 3514 687 3562 ordinem
720 3514 1041 3573 singulorum
1074 3516 1373 3575 pontiﬁcum
1409 3517 1460 3562 et
1487 3513 1854 3572 Chronologia

262 3587 490 3623 numeros
532 3575 735 3623 desumi
766 3580 815 3623 et
840 3577 981 3623 redd.
1005 3576 1091 3624 ille
1126 3578 1321 3624 curavit
1344 3578 1397 3623 in
1432 3590 1525 3623 sua
1562 3575 1854 3634 recentiori,

258 3637 497 3699 disposita
536 3638 671 3685 infra
710 3638 962 3697 imagines
996 3647 1046 3685 ct
1097 3638 1403 3699 epigraphes
1456 3639 1855 3699 vetustioristr—

259 3696 325 3762 Χ,
356 3700 655 3746 Auctoritas
681 3702 902 3762 antiqua
924 3701 1062 3747 illius
1084 3696 1256 3759 seriei,
1277 3696 1397 3761 qua
1424 3702 1732 3760 archetypos
1753 3697 1858 3762 Cp.-

259 3759 453 3819 talogus
487 3765 538 3809 et
574 3761 692 3808 fons
724 3759 1020 3809 caterarum
1048 3763 1267 3810 dicenda
1295 3759 1388 3819 est,
1416 3764 1537 3808 satis
1572 3759 1741 3809 adhuc
1763 3760 1856 3807 ob-

262 3823 519 3871 servabilis
552 3826 605 3871 et
634 3828 941 3885 praservata
966 3827 1045 3872 est
1077 3825 1129 3871 in
1164 3823 1377 3871 basilica
1399 3824 1462 3871 S.
1497 3822 1664 3871 Pauli.

271 3943 315 3999 t.
336 3948 585 4003 Mirabar
604 3955 728 4003 tote
748 3947 1137 4017 scriptoribus
1151 3947 1253 4018 qui
1273 3948 1658 4002 Romanorum
1674 3946 1856 4015 ponti-

209 4031 359 4089 ﬁcum
388 4036 696 4107 Catalogos
728 4050 1046 4106 eorumque
1091 4043 1347 4112 tempora
1383 4043 1496 4091 tam
1543 4034 1855 4106 diligenter

208 4121 495 4192 inquirunt
518 4126 581 4180 in
608 4124 1002 4193 bibliothecis,
1038 4131 1159 4180 tum
1198 4125 1414 4180 Gracis
1438 4131 1557 4180 tum
1606 4124 1850 4194 Latinis,

206 4222 261 4263 ac
288 4214 525 4269 eruditis
555 4213 995 4269 commentariis
1018 4213 1336 4282 illustrant,
1363 4213 1666 4281 neminem,
1697 4212 1850 4282 quod

208 4300 365 4356 sciam
393 4304 675 4372 adjecisse
712 4304 973 4358 animum
1020 4303 1088 4357 ad
1125 4302 1475 4373 vulgandam
1518 4309 1574 4358 et
1611 4314 1854 4371 compa—

209 4389 428 4444 randum
458 4404 591 4446 cum
617 4391 857 4461 scriptis
880 4390 1171 4462 Catalogis
1195 4390 1359 4446 illum
1381 4390 1481 4461 qui
1519 4389 1700 4460 palam
1729 4403 1853 4459 pro-

210 4476 412 4541 positus
436 4478 506 4533 ab
535 4485 705 4534 atate
736 4479 941 4535 Leonis
962 4478 1173 4549 Magni,
1202 4479 1286 4534 vel
1314 4478 1635 4549 Symmachi
1666 4491 1843 4547 papa,

1964 637 2313 693 liberalitate
2348 639 2404 694 id
2441 637 2751 708 perfectum
2782 650 2847 692 ac
2878 637 3074 694 studio
3106 638 3291 692 sancti
3337 636 3628 705 pontiﬁcis

1963 727 2169 781 Leonis
2197 732 2442 781 testatur
2474 726 2802 796 inscriptio,
2833 739 2958 796 qua
2984 725 3158 781 etiam
3203 738 3357 781 nunc
3386 724 3627 796 legitur,

1965 815 2109 870 hanc
2149 816 2493 871 sententiam
2527 815 2791 870 versibus
2821 814 3152 883 complexa:

2068 916 2335 958 PLACIDIzE
2380 918 2469 958 PIA
2521 917 2669 958 MENS
2716 917 2910 959 OPERIS
2952 916 3121 957 DECVS
3171 915 3355 957 HOMNE
3404 903 3625 972 paterni

2067 1023 2275 1071 GAVDET
2306 1024 2608 1065 PONTIFICIS
2629 1024 2818 1065 STVDIO
2854 1022 3166 1064 SPLENDERE
3198 1022 3408 1064 LEONIS.

2033 1118 2312 1172 Proxima
2344 1117 2484 1172 huic
2517 1118 2741 1172 musivo
2784 1115 3075 1171 adhaerent
3108 1115 3371 1183 pictura,
3402 1115 3627 1170 Veteris

1960 1206 2340 1261 Testamentis
2368 1206 2670 1261 historiam
2700 1204 3028 1274 referentes,
3053 1217 3179 1274 qua
3200 1210 3408 1259 ornant
3432 1204 3629 1271 parie—

1962 1300 2072 1347 tem
2122 1294 2433 1349 australem
2478 1295 2642 1349 navis
2691 1295 2966 1349 mediana
2996 1294 3252 1362 ejusdem
3284 1291 3542 1348 basilica
3594 1304 3628 1346 a

1964 1383 2316 1453 presbyterio
2372 1385 2439 1439 ad
2490 1382 2756 1451 frontem,
2813 1382 3099 1438 occidenti
3161 1382 3270 1437 soli
3304 1381 3623 1437 obversam.

1963 1473 2065 1526 His
2093 1486 2161 1526 ex
2191 1473 2427 1528 adverso
2467 1473 2811 1542 respondent
2862 1472 2919 1527 in
2960 1472 3175 1541 pariete
3206 1470 3422 1525 boreali
3471 1476 3626 1540 gesta

1964 1560 2107 1615 Novi
2143 1562 2490 1616 Testamenti
2514 1561 2812 1617 coloribus
2840 1574 3128 1630 expressa.
3154 1559 3402 1629 Uterque
3434 1559 3626 1629 paries

1969 1648 2251 1703 innititur
2279 1650 2569 1705 columnis
2608 1650 2839 1721 viginti,
2881 1650 3115 1705 donatis
3147 1648 3291 1717 basi,
3323 1647 3622 1716 capitulis,

1966 1737 2258 1807 epistylio,
2300 1740 2549 1807 zophoro
2574 1746 2630 1795 et
2649 1740 2942 1794 coronide.
2966 1739 3149 1807 Supra
3178 1734 3509 1793 coronidem
3537 1737 3630 1791 de-

1968 1826 2163 1894 pictus
2192 1833 2281 1882 est
2309 1826 2641 1896 stylobates,
2670 1840 2767 1896 per
2806 1833 2981 1883 totam
3014 1828 3178 1882 navis
3202 1826 3626 1896 longitudinem

1968 1915 2306 1984 productus,
2365 1915 2532 1984 quasi
2566 1929 2837 1984 separans
2866 1916 3166 1985 tristegum
3204 1916 3518 1970 secundum
3556 1914 3629 1968 ab

1967 2002 2232 2059 inferiori
2260 2021 2275 2071 ;
2298 2004 2426 2058 etin
2449 2017 2514 2058 eo
2538 2003 2817 2073 stylobate
2836 2004 3050 2058 visitur
3067 2003 3631 2073 seriesetCatalogus

1968 2092 2306 2161 pontiﬁcum
2364 2092 2776 2153 Romanorum,
2820 2098 2876 2145 et
2934 2090 3298 2161 singulorum
3347 2090 3630 2161 imagines

1967 2181 2414 2249 conspiciuntur
2456 2194 2488 2235 a
2537 2181 2594 2234 B.
2632 2180 2782 2235 Petri
2817 2188 3074 2249 protome
3104 2178 3491 2245 numeranda;
3530 2178 3631 2232 di-

1970 2269 2163 2338 gniori
2196 2269 2320 2324 loco
2355 2275 2414 2324 et
2437 2282 2548 2324 ara
2585 2269 2831 2323 maxime
2866 2268 3155 2338 propriori
3186 2268 3318 2322 sita.
3375 2266 3631 2336 Singula

1971 2357 2255 2427 imagines
2297 2358 2564 2412 colorata
2613 2362 2750 2412 sunt
2809 2357 2867 2411 in
2919 2357 3128 2425 spatiis
3174 2354 3628 2420 orbicularibus,

1971 2457 2116 2512 quas
2149 2451 2443 2513 propterea
2470 2444 2708 2498 Romani
2743 2450 2963 2498 veteres
3002 2443 3279 2497 dixerunt
3307 2442 3627 2511 clypeatas;

1966 2536 2023 2584 et
2052 2529 2197 2584 duas
2225 2530 2374 2584 inter
2398 2530 2679 2600 imagines
2703 2536 2760 2584 et
2784 2529 3079 2584 orbiculos
3105 2529 3457 2584 tantumdem
3492 2542 3623 2597 spa-

1968 2618 2038 2673 tii
2097 2618 2360 2673 relictum
2412 2616 2547 2687 fuit,
2595 2623 2658 2674 ut
2688 2618 2923 2674 totidem
2962 2618 3156 2673 breves
3185 2617 3548 2689 epigrapbes,
3573 2622 3630 2671 et

1966 2706 2198 2777 quidem
2229 2705 2585 2775 palmaribus
2612 2700 2847 2775 litteris,
2878 2706 3041 2777 pingi
3067 2709 3123 2761 in
3150 2719 3281 2761 area
3310 2705 3624 2774 potuerint,

1966 2808 2095 2864 qua
2140 2809 2343 2850 nomen
2374 2794 2709 2865 exprimunt
2760 2795 2995 2851 illorum
3031 2795 3367 2864 pontiﬁcum
3409 2794 3628 2866 quibus

1964 2889 2358 2953 apponuntur,
2393 2897 2506 2940 una
2547 2898 2677 2940 cum
2711 2885 2970 2940 numeris
2999 2897 3302 2952 annorum,
3339 2884 3624 2939 mensium

1963 2982 2030 3024 ac
2060 2971 2310 3037 dierum,
2334 2972 2552 3041 quibus
2573 2974 2980 3043 unusquisque
3005 2974 3311 3027 Romanam
3340 2972 3529 3027 sedem
3554 2976 3629 3025 te-

1966 3061 2115 3127 nuit,
2162 3074 2259 3130 per
2288 3060 2513 3118 litteras
2564 3062 2887 3118 numerales
2918 3062 3174 3118 Romano
3232 3075 3388 3118 more
3420 3061 3623 3117 consi-

1962 3151 2176 3219 gnatis.

2030 3234 2085 3291 2.
2118 3238 2369 3293 Mirabar
2400 3239 2597 3310 itaque
2624 3240 2953 3311 Catalogum
2986 3246 3044 3295 et
3071 3240 3275 3295 seriem
3309 3237 3627 3294 chronolo—

1961 3328 2142 3397 gicam
2169 3328 2248 3382 ita
2270 3330 2660 3400 conspicuam,
2687 3330 2764 3385 ita
2783 3335 3086 3399 vetustam,
3116 3335 3229 3385 tam
3257 3329 3478 3385 illustri
3501 3328 3629 3383 loco

1963 3416 2208 3483 positam
2243 3417 2325 3471 vel
2351 3431 2383 3471 a
2419 3418 2473 3470 Β.
2506 3419 2688 3472 Leone
2719 3418 2921 3488 Magno
2948 3431 3059 3474 una
3088 3431 3219 3473 cum
3257 3418 3503 3485 musivo,
3536 3414 3628 3470 vel

1963 3516 1995 3556 a
2015 3504 2350 3573 Symmacho
2378 3518 2492 3559 una
2518 3519 2647 3560 cum
2678 3506 2945 3575 picturis,
2975 3513 3031 3560 et
3051 3506 3377 3575 unicuique
3407 3518 3626 3574 propo-

1965 3591 2133 3646 sitam
2161 3592 2230 3646 ad
2268 3593 2566 3662 legendum
2590 3608 2655 3647 ac
2694 3593 3161 3660 describendum,
3192 3593 3418 3648 nullius
3447 3593 3627 3647 chro-

1966 3679 2159 3749 nologi
2191 3679 2448 3734 calculos
2478 3679 2669 3734 adhuc
2693 3681 3043 3745 exercuisse,
3083 3680 3199 3735 imo
3231 3693 3332 3735 nec
3366 3680 3626 3735 animum

1964 3765 2244 3820 excitasse
2298 3766 2483 3820 ullius
2513 3767 2818 3834 scriptoris
2852 3767 2920 3820 ad
2977 3780 3100 3821 eam
3132 3773 3398 3820 accurate
3427 3767 3628 3835 expri-

1966 3851 2250 3918 mendam,
2303 3859 2360 3907 et
2410 3852 2770 3907 inserendam
2818 3854 3095 3915 historia,
3130 3866 3196 3909 ac
3244 3853 3627 3923 descriptioni

1965 3940 2241 4008 basilica,
2298 3947 2384 3996 tot
2426 3941 2822 3999 voluminibus
2873 3942 3187 3998 celebrata.
3235 3945 3426 4013 Neque
3471 3943 3626 3998 enim

1962 4032 2263 4096 Serranus,
2293 4032 2360 4085 de
2389 4036 2589 4100 septem
2616 4032 2773 4087 UI‘th
2812 4032 3067 4087 Ecclesiis
3109 4033 3266 4089 illam
3294 4034 3586 4089 recensuit
3610 4051 3622 4088 :

1965 4133 2149 4188 neque
2178 4122 2512 4187 Panvinius,
2544 4121 2603 4175 in
2634 4121 2786 4178 libro
2816 4122 3070 4187 ejusdem
3095 4124 3444 4193 argumenti,
3480 4137 3625 4178 con-

1962 4214 2156 4263 tentus
2201 4209 2477 4278 indicare,
2522 4223 2644 4280 pag.
2678 4206 2768 4277 73,
2803 4216 2977 4266 totam
3025 4212 3331 4267 Basilicam
3378 4212 3628 4281 picturis

1958 4298 2221 4367 antiquis
2255 4297 2464 4353 veteris
2515 4312 2579 4352 ac
2620 4300 2759 4353 Novi
2792 4299 3137 4354 Testamenti
3171 4305 3431 4357 ornatam
3474 4313 3615 4356 esse.

1956 4387 2312 4456 Ciampinus,
2354 4390 2608 4441 Veterum
2636 4390 3089 4441 monimentorum
3118 4395 3271 4444 tomo
3323 4388 3511 4457 primo
3540 4389 3623 4444 in-

1958 4481 2180 4545 tegrum
2231 4483 2405 4544 caput
2438 4474 2508 4529 24
2563 4476 2847 4546 impendit
2880 4477 2941 4531 in
2972 4477 3351 4533 describendo
3397 4477 3622 4534 musivo

210 4569 265 4616 ut
312 4567 473 4634 paqu
520 4566 675 4623 intra
724 4568 1041 4635 ostendam,
1080 4567 1139 4622 in
1188 4568 1559 4624 celeberrima
1604 4567 1847 4623 basilica
1878 4550 1933 4611 D
1958 4577 2129 4619 arcus
2162 4564 2418 4634 majoris,
2455 4578 2552 4634 per
2580 4566 2633 4621 S.
2684 4568 2920 4622 Leonem
2951 4569 3215 4639 Magnum
3246 4572 3619 4640 constructo;

208 4649 447 4708 Doctoris
469 4656 730 4727 gentium
750 4657 840 4710 via
865 4655 1141 4724 Ostiensi,
1168 4655 1347 4711 altero
1366 4656 1436 4711 ab
1464 4656 1610 4711 Urbe
1633 4655 1845 4726 lapide,

208 4742 444 4799 omnium
472 4746 733 4815 aspectui
773 4752 941 4814 patet,
986 4758 1118 4801 cum
1153 4746 1211 4801 in
1256 4746 1450 4801 eodem
1497 4744 1848 4815 praferendo

210 4831 410 4886 caeteris
440 4833 830 4890 monumentis
860 4835 1116 4904 ejusdem
1161 4836 1485 4906 argumenti
1516 4835 1851 4903 conspirant

213 4919 467 4975 universa
495 4923 866 4978 conditiones
892 4937 958 4979 ac
980 4923 1195 4995 regula
1211 4923 1500 4979 examinis
1520 4928 1575 4978 et
1596 4921 1845 4991 eriterit,

211 5009 458 5074 exposita
486 5023 552 5065 ac
583 5011 895 5066 vindicata
926 5012 1115 5082 capite
1165 5012 1475 5081 superiori.
1508 5011 1666 5067 Unde
1694 5011 1847 5067 enim

214 5105 574 5159 promeremus
596 5099 993 5170 probabiliora
1022 5101 1365 5155 documenta
1389 5100 1721 5170 pontificum
1754 5101 1852 5155 Ec-

212 5179 378 5239 clesia
419 5187 700 5259 Romana,
733 5204 901 5260 quam
953 5190 1082 5260 ejus
1105 5203 1173 5245 ex
1212 5188 1478 5245 basilicis
1506 5189 1851 5258 primariis?

212 5266 349 5326 Unde
379 5278 609 5343 petenda
640 5285 782 5333 sunt
804 5278 1020 5334 indicia
1055 5285 1175 5333 tum
1200 5278 1533 5345 vetustiora,
1571 5283 1688 5333 tum
1722 5280 1849 5334 evi—

211 5356 464 5427 dentiora,
488 5365 733 5433 publica
753 5367 1124 5422 auctoritatis
1140 5380 1205 5420 ac
1228 5366 1568 5433 testimonii,
1593 5380 1761 5438 quam
1789 5367 1847 5420 in

214 5441 320 5515 hac,
367 5451 623 5509 Doctoris
674 5456 931 5525 gentium
983 5456 1216 5511 nomine
1266 5461 1472 5519 erecta,
1509 5456 1606 5510 ubi
1664 5454 1851 5510 elucet

212 5536 440 5594 studium
470 5543 672 5598 Leonis
693 5544 879 5615 Magni
908 5545 963 5599 in
998 5559 1059 5599 ea
1097 5543 1479 5613 procuranda,
1516 5549 1637 5598 tum
1672 5543 1845 5597 etiam

215 5618 264 5674 in
290 5632 630 5686 ornamentis
648 5630 936 5703 eligendis
955 5646 1021 5687 ac
1039 5631 1437 5701 disponendis,
1466 5631 1843 5700 conspicuum

215 5707 266 5762 in
290 5725 444 5781 opere
471 5719 714 5790 musivo,
747 5719 939 5776 adhuc
960 5721 1275 5791 superstite
1304 5734 1475 5791 supra
1509 5732 1707 5776 arcum
1734 5734 1851 5777 ma-

1958 4667 2088 4709 cum
2121 4654 2242 4709 sola
2268 4655 2489 4709 musiva
2518 4668 2688 4724 opera
2723 4656 3003 4728 delegerit
3030 4658 3383 4727 exponenda.
3419 4656 3624 4713 Pictu-

1960 4757 2151 4798 rarum
2175 4743 2440 4814 equidem
2466 4745 2728 4800 meminit
2756 4746 2815 4801 in
2846 4746 2998 4801 libro
3017 4748 3088 4802 de
3117 4747 3311 4802 Sacris
3335 4745 3624 4802 zEdiﬁciis

1957 4846 1989 4887 a
2021 4833 2221 4903 Magno
2246 4834 2623 4889 Constantino
2644 4834 3020 4904 constructis,
3039 4835 3222 4889 simili
3251 4848 3488 4903 prorsus
3510 4847 3627 4889 mo-

1956 4921 2030 4976 do
2057 4920 2474 4991 dispositarum
2504 4922 2563 4976 in
2595 4922 2838 4978 basilica
2861 4922 3156 4989 Vaticana,
3190 4933 3317 4990 qua
3348 4921 3624 4987 supersti-

1960 5015 2044 5064 tes
2092 5011 2589 5080 praservabantur
2636 5026 2818 5080 usque
2852 5011 2922 5064 ad
2968 5009 3205 5062 initium
3234 5006 3431 5061 saculi
3475 5018 3618 5073 xvn,

1955 5100 2137 5155 donec
2159 5100 2269 5155 sub
2293 5099 2471 5155 Paulo
2496 5099 2540 5151 V
2571 5100 2820 5167 parietes
2848 5098 3225 5151 diruerentur
3259 5095 3318 5149 in
3347 5100 3623 5149 constru—

1956 5189 2147 5243 ctione
2176 5201 2330 5242 nova
2361 5186 2654 5251 basilica;
2686 5197 2929 5254 quarum
2970 5183 3140 5237 etiam
3178 5183 3371 5237 icones
3413 5183 3623 5239 incidit

1958 5275 2151 5329 tabula
2184 5290 2239 5343 x,
2275 5274 2374 5329 ubi
2428 5271 2667 5328 exhibet
2708 5270 3178 5341 orthographiam
3216 5270 3474 5341 parietis,
3509 5285 3620 5328 na—

1956 5377 2077 5417 vem
2125 5363 2443 5416 medianam
2479 5359 2645 5413 illius
2673 5358 2928 5413 ecclesia
2959 5358 3391 5427 constituentis,
3425 5360 3620 5416 eadem

1959 5451 2125 5523 plane
2147 5447 2465 5519 partitione
2490 5446 2802 5515 eodemque
2832 5453 3038 5501 ornatu
3070 5446 3309 5513 cultam,
3340 5461 3456 5517 quo
3486 5449 3623 5504 cul-

1960 5549 2070 5598 tam
2115 5544 2490 5604 ornatamque
2517 5533 2783 5590 videmus
2807 5534 3169 5604 superﬁciem
3207 5536 3512 5605 parietum,
3547 5538 3617 5592 ad

1958 5642 2151 5685 navem
2194 5624 2436 5681 mediam
2468 5621 2880 5692 pertinentium
2930 5622 2989 5677 in
3039 5622 3281 5681 basilica
3338 5624 3395 5680 S.
3429 5624 3613 5679 Pauli.

1953 5718 2105 5775 Ordo
2134 5716 2287 5773 enim
2316 5713 2717 5769 columnarum
2747 5729 2778 5771 e
2800 5713 3127 5786 pavimento
3150 5726 3395 5785 surgens
3428 5711 3621 5765 susti—
