3942 6422
104 369 267 434 tuas
752 369 1122 432 HISTORIA
1167 370 1269 432 DE
1312 369 1519 433 vrrIs
1564 370 1754 433 nom.
1804 370 2228 433 pommus.
2276 370 2725 435 essoonms
2771 371 2877 433 Ill.
3364 362 3521 437 10:6

252 502 644 566 Christianis
684 502 993 584 plebibus
1047 503 1417 577 astantibus,
1481 504 1755 565 dccrovit
1812 511 1880 564 ut
1937 504 1986 564 si
2046 504 2185 585 quis
2237 504 2555 585 deinceps,
2608 503 2884 585 antiquae
2933 507 3403 569 consuetudinis
3461 513 3526 569 et

265 620 637 701 apostolica
688 619 989 681 Ecclesiae
1044 624 1333 681 tenentes
1387 620 1635 681 fidelem
1693 638 1875 683 usum
1953 627 2386 693 contemnens,
2446 620 2747 682 adversus
2818 622 3106 683 eamdem
3166 625 3523 687 veneratio-

271 754 418 805 nem
475 754 799 800 sacrarum
858 737 1231 817 imaginum,
1293 737 1584 799 videlicet
1639 738 1751 799 Dei
1805 743 1871 798 et
1944 736 2195 797 Domini
2252 736 2451 797 nostri
2523 737 2667 799 Jesu
2742 736 2994 812 Christi,
3058 746 3121 800 et
3195 740 3526 811 Genitricis

142 855 228 915 10
270 853 412 933 ejus
488 868 749 934 semper
820 853 1085 934 virginis
1159 853 1586 914 immaculata)
1655 858 1846 933 atque
1922 853 2212 933 gloriosa:
2279 853 2511 927 Maria),
2573 854 2904 915 beatorum
2970 856 3408 935 apostolorum
3465 865 3529 921 et

271 970 556 1032 omnium
616 976 978 1031 sanctorum
1035 967 1357 1049 depositor
1401 975 1593 1049 atque
1642 969 2016 1043 destructor,
2080 973 2143 1029 et
2198 969 2571 1048 profanator
2625 970 2725 1029 vel
2784 970 3191 1051 blasphemus
3268 975 3524 1036 exstite-

273 1086 377 1159 rit,
436 1086 521 1148 sit
576 1085 847 1148 extorris
903 1104 943 1147 a
997 1104 1265 1167 corpore
1320 1091 1384 1147 et
1441 1084 1749 1165 sanguine
1816 1084 2069 1146 Domini
2126 1085 2326 1145 nostri
2378 1085 2529 1147 Jesu
2585 1084 2838 1159 Christi,
2906 1087 3002 1148 vel
3060 1088 3251 1149 totius
3307 1090 3525 1153 Eccle-

276 1204 385 1265 siae
444 1202 710 1279 unitate,
767 1207 960 1282 atque
1016 1220 1348 1283 compage,
1408 1202 1577 1282 quod
1633 1208 1699 1262 et
1750 1199 2182 1282 subcriptione
2258 1217 2372 1261 sua
2448 1200 2817 1263 solemnlter
2881 1202 3158 1265 universi
3230 1204 3525 1267 ﬁrmave-

277 1324 451 1394 runt,
507 1323 572 1380 et
626 1317 791 1381 inter
843 1323 1075 1379 cratera
1130 1318 1421 1378 instituta
1478 1316 1899 1397 probabilium
1960 1316 2517 1396 praedecessorum,
2577 1318 3079 1381 orlhodoxorum
3157 1321 3526 1401 pontiﬁcum

147 1436 235 1495 45
280 1432 679 1499 adnectenda
732 1438 1100 1495 sanxerunt.

365 1556 529 1613 ιρι
583 1551 732 1609 Post
790 1553 1110 1628 peractum
1187 1547 1380 1626 igitur
1454 1547 1575 1608 hoc
1630 1554 2050 1609 memoratum
2107 1550 2398 1629 superius
2446 1550 2746 1630 synodale
2813 1553 3244 1627 constitutum,
3298 1554 3528 1617 iterum

282 1666 454 1727 misit
508 1664 635 1727 alia
687 1664 918 1725 similia
974 1664 1209 1744 scripta
1264 1664 1749 1726 commonitoria
1794 1683 1912 1744 pro
1968 1665 2285 1743 erigendis
2338 1666 2530 1725 sacris
2584 1667 2989 1746 imaginibus,
3053 1689 3163 1749 per
3224 1671 3536 1733 Constan-

282 1782 487 1844 tinum
543 1780 963 1853 defensorem,
1023 1798 1166 1859 quas
1240 1780 1552 1853 similiter,
1611 1786 1681 1841 ut
1750 1780 2071 1841 anteriora
2143 1782 2401 1845 detenta
2472 1788 2640 1844 sunt.
2700 1785 2777 1844 Et
2855 1786 3224 1864 portitorem
3308 1806 3529 1849 eorum

282 1897 629 1961 fortissima
682 1896 969 1958 custodia
1023 1896 1536 1956 constrinxerunt
1594 1914 1755 1975 pene
1824 1914 1941 1977 per
2005 1914 2242 1957 annum
2314 1898 2656 1976 integrum.
2715 1900 3123 1961 Postmodum
3200 1908 3411 1964 autem
3470 1904 3534 1966 vi

200 2015 239 2073 5
283 2013 643 2073 auferentes
698 2011 755 2073 ei
805 2011 943 2091 ipsa
994 2012 1250 2091 scripta,
1311 2017 1373 2072 et
1447 2011 1905 2072 comminantes
1982 2010 2061 2085 ei,
2128 2018 2267 2091 post
2322 2013 2485 2073 tanti
2556 2016 2856 2093 temporis
2930 2018 3306 2092 custodiam,
3388 2039 3534 2082 eum

283 2129 690 2192 remisan
739 2130 896 2189 Nam
947 2133 1008 2188 et
1064 2134 1293 2188 cuncta
1348 2128 1728 2206 generalitas
1781 2128 1960 2187 istius
2015 2128 2353 2207 provincia:
2412 2129 2609 2190 Italiae
2664 2131 2955 2193 simil-iter
3028 2152 3143 2215 pro
3218 2135 3536 2216 erigendis

282 2245 673 2325 imaginibus
726 2244 1257 2324 supplicationum
1307 2244 1545 2323 scripta
1600 2242 1983 2303 unanimiter
2036 2242 2117 2303 ad
2174 2243 2424 2303 eosdem
2479 2244 2794 2325 principes
2847 2247 3241 2325 direxerant,
3285 2269 3427 2331 quae
3473 2259 3539 2316 et

281 2364 427 2444 ipsa
478 2361 770 2425 similiter
822 2365 893 2421 ut
946 2361 1264 2421 anteriora
1321 2360 1536 2421 ablata
1590 2366 1740 2420 sunt
1797 2378 1835 2419 a
1892 2359 2111 2436 Sergio
2171 2359 2462 2438 patricio,
2517 2363 2824 2424 extratico
2908 2364 2983 2444 (α)
3046 2366 3239 2446 ipsius
3311 2369 3534 2432 insulae

287 2478 545 2541 Sicilim.
601 2481 690 2539 Ac
744 2477 874 2537 fere
928 2494 1041 2556 per
1096 2483 1240 2536 octo
1284 2493 1539 2535 menses
1611 2474 1872 2546 detenti,
1937 2474 2181 2534 remissi
2253 2482 2424 2548 sunt,
2485 2476 2775 2538 similiter
2849 2498 2992 2540 cum
3068 2483 3543 2564 cxprobationis

167 2598 246 2659 tt)
288 2594 549 2674 injuria,
601 2592 963 2672 portitores.
1029 2593 1105 2652 Et
1160 2592 1389 2652 iterum
1452 2591 1689 2653 faciens
1744 2590 2017 2651 domnus
2076 2608 2239 2670 papa
2299 2592 2766 2655 adliortatorias
2822 2596 3067 2657 litteras
3121 2619 3235 2679 pro
3293 2601 3544 2680 erigen-

291 2712 392 2772 dis
446 2708 890 2791 suprascriptis
944 2708 1138 2769 sacris
1192 2708 1574 2786 imaginibus
1634 2712 1696 2769 et
1771 2706 2144 2767 orthodoxae
2224 2706 2367 2767 fidei
2426 2708 2744 2783 firmitate,
2805 2710 3039 2773 direxit
3112 2733 3223 2795 per
3286 2718 3543 2778 Petrum

293 2828 691 2895 defensorem
748 2824 915 2904 apud
975 2824 1051 2904 (ό)
1102 2825 1340 2901 regiam
1400 2824 1643 2897 urbem,
1709 2828 1837 2882 tam
1890 2822 2222 2883 Anastasio
2281 2823 2553 2883 invasori
2610 2824 2773 2885 sedis
2825 2829 3545 2911 Constantinopolitanaa

289 2960 612 3024 quamque
669 2939 1063 3020 principibus
1117 2940 1309 3001 Leoni
1366 2946 1430 3000 et
1485 2938 1923 3000 Constantino.

379 3067 541 3119 1'04
606 3057 719 3117 Hic
774 3072 1103 3117 concessas
1172 3056 1290 3115 sibi
1364 3055 1694 3115 columnas
1767 3072 1876 3115 sex
1931 3053 2280 3133 onychinas
2338 3054 2645 3115 volubiles
2700 3055 2781 3115 ab
2857 3058 3167 3137 Eutychio
3240 3064 3541 3140 exarcho,

286 3173 472 3235 duxit
516 3190 625 3234 eas
690 3172 757 3233 in
828 3171 1158 3235 ecclesiam
1238 3170 1403 3232 beati
1479 3170 1648 3231 Petri
1726 3169 2019 3249 apostoli,
2080 3188 2238 3248 quas
2313 3170 2534 3229 statuit
2611 3171 2779 3230 circa
2853 3173 3313 3253 presbyterium
3393 3185 3541 3242 ante

292 3288 774 3362 confessionem,
838 3292 966 3348 tres
1012 3304 1051 3347 a
1108 3285 1345 3347 dextris
1417 3291 1481 3345 et
1556 3291 1681 3345 tres
1754 3303 1792 3345 a
1844 3284 2133 3360 sinistris,
2184 3283 2372 3362 juxta
2448 3284 2606 3345 alias
2680 3285 2972 3366 antiquas
3040 3308 3147 3351 sex
3226 3293 3357 3355 filio
3424 3315 3543 3376 pa-

296 3423 396 3466 nes
451 3403 550 3484 (ε),
605 3421 797 3483 super
868 3419 1027 3481 quas
1101 3401 1311 3481 posuit
1369 3400 1599 3471 trabes,
1660 3407 1725 3459 et
1793 3399 2042 3460 vestivit
2105 3416 2211 3459 eas
2275 3405 2539 3478 argento
2612 3400 3051 3464 mundissimo.
3112 3405 3179 3466 In
3256 3426 3384 3489 quo
3460 3410 3547 3494 (d)

207 3523 246 3581 5
291 3524 441 3582 sunt
492 3534 805 3600 expressas
869 3517 950 3577 ab
1018 3535 1144 3581 uno
1196 3516 1392 3577 latere
1446 3515 1689 3593 efﬁgies
1763 3514 2112 3577 Salvatoris
2190 3520 2253 3574 et
2328 3514 2787 3594 apostolorum,
2845 3523 2912 3579 et
2983 3519 3066 3580 ab
3143 3521 3269 3584 alio
3347 3524 3545 3589 latere

296 3637 410 3699 Dei
462 3635 796 3697 Geuitricis
850 3640 915 3695 et
967 3640 1283 3694 saetarum
1335 3632 1677 3711 virginum.
1738 3630 2077 3710 Posuitque
2133 3647 2324 3710 super
2378 3647 2487 3690 eas
2542 3630 2675 3691 lilia
2752 3637 2812 3693 et
2890 3633 3125 3714 pharos
3183 3636 3256 3719 (e)
3317 3657 3546 3721 argen-

295 3758 455 3826 teos,
514 3768 692 3831 pens.
750 3749 812 3809 in
866 3765 1063 3811 unum
1118 3747 1229 3808 lib.
1286 3747 1689 3827 septuaginta
1746 3745 1850 3825 (Γ).
1904 3746 2013 3806 Hic
2064 3746 2207 3805 fecit
2262 3745 2609 3806 oratorium
2658 3747 2827 3809 intra
2875 3752 3162 3813 eamdem
3219 3752 3546 3820 basilicam

289 3870 479 3950 juxta
537 3884 751 3928 arcum
823 3865 1235 3946 principalem
1297 3871 1472 3944 parte
1552 3864 1858 3937 virorum,
1910 3863 1972 3924 in
2046 3881 2172 3943 quo
2248 3864 2600 3924 recondidit
2672 3864 2734 3924 in
2824 3865 3133 3931 honorem
3209 3871 3553 3939 Salvatoris

296 3991 660 4063 sanctisque
715 3982 853 4062 ejus
910 3981 1241 4043 Genitricis
1301 3980 1623 4059 reliquias,
1684 3984 2178 4058 sanctorumque
2248 3980 2704 4059 apostolorum,
2762 3983 3225 4068 vel’omnium
3297 3998 3551 4055 sancto-

178 4108 256 4168 10
306 4120 445 4164 rum
526 4106 874 4179 martyrum
952 4115 1025 4158 ac
1090 4097 1545 4169 confessorum,
1622 4094 2170 4175 perfectorumque
2236 4094 2554 4174 justorum
2641 4104 2775 4159 toto
2850 4100 2913 4160 in
3001 4102 3153 4163 orbe
3241 4111 3551 4172 terrarum

298 4214 851 4297 requiescentium.
914 4213 1195 4285 Quorum
1254 4212 1416 4272 festa
1473 4209 1832 4290 vigiliarum
1892 4228 1930 4271 a
1988 4210 2318 4271 monachis
2377 4212 2563 4272 trium
2625 4216 3154 4278 monasteriorum
3232 4220 3360 4282 illic
3429 4244 3555 4287 ser-

296 4332 603 4393 vientium
657 4329 943 4411 quotidie
1016 4346 1131 4408 per
1185 4327 1473 4388 ordinem
1548 4326 1882 4387 existentia
1938 4325 2051 4406 (g),
2118 4333 2311 4405 atque
2383 4327 2814 4390 natalitiorum
2896 4332 3114 4394 missas
3189 4335 3255 4397 in
3332 4340 3552 4403 eodem

298 4451 441 4517 loco
495 4446 817 4509 celebrare
874 4444 1210 4505 instituens
1266 4442 1375 4524 (h).
1436 4442 1500 4503 in
1548 4459 1786 4523 capone
1834 4442 2040 4503 missae
2100 4441 2176 4522 (τ’)
2234 4442 2354 4503 hoc
2410 4444 2642 4522 adjecit
2711 4446 2803 4506 ita
2854 4466 2893 4509 a
2949 4450 3275 4514 sacerdote
3349 4456 3559 4520 dicen-

297 4567 453 4626 dum
512 4580 530 4625 :
594 4561 859 4637 Quorum
913 4559 1247 4620 solcmmtas
1321 4556 1493 4619 hodie
1568 4559 1631 4618 in
1706 4567 2011 4641 conspectu
2089 4566 2206 4618 tuae
2254 4559 2585 4639 maiestatis
2656 4561 3019 4640 celebratur,
3090 4568 3336 4632 Domine
3400 4572 3559 4639 Deus

178 4684 257 4743 15
297 4689 519 4753 noster,
566 4679 634 4739 in
690 4685 811 4739 toto
867 4674 1010 4736 urbe
1067 4684 1383 4735 terrarum.

390 4801 554 4856 196
612 4795 814 4868 Quam
873 4790 1343 4854 institutionem
1403 4788 1468 4850 in
1524 4788 1745 4851 eodem
1805 4789 2083 4851 oratorio
2156 4790 2390 4851 tabulis
2462 4792 2727 4873 lapideis
2797 4798 3193 4861 conscribere
3262 4800 3429 4880 fecit,
3491 4805 3557 4870 in

301 4930 434 4993 quo
490 4908 729 4971 faciens
785 4909 1142 4989 pergulam,
1202 4905 1477 4968 contulit
1533 4904 1705 4965 dona
1758 4904 2149 4965 diversarum
2211 4906 2589 4986 specierum,
2651 4910 2715 4970 id
2790 4915 2884 4973 est
2950 4910 3283 4991 gabathas,
3335 4933 3561 4985 aureas

302 5028 487 5096 duas.
549 5024 707 5086 alias
762 5024 1003 5085 savicas
1064 5040 1325 5083 numero
1381 5020 1687 5100 quinque,
1749 5038 1966 5081 cruces
2024 5021 2368 5099 pendentes
2426 5042 2693 5087 numero
2766 5033 3060 5106 quatuor.
3120 5030 3277 5092 Item
3345 5048 3561 5101 cruces

304 5142 603 5204 similiter
655 5140 744 5222 (j)
798 5156 1062 5200 numero
1133 5136 1373 5210 decem,
1452 5135 1701 5196 amulas
1772 5142 2222 5218 superauratas
2297 5139 2475 5218 paria
2551 5140 2679 5202 duo
2749 5141 3118 5223 pendentes.
3202 5143 3562 5213 fibulatoria

221 5262 261 5321 5
309 5276 581 5320 numero
648 5257 957 5337 quinque.
1016 5258 1334 5317 Coronam
1407 5270 1667 5313 auream
1736 5270 1880 5313 cum
1960 5269 2143 5314 cruce
2220 5254 2601 5333 pendentem
2673 5259 2940 5338 gemmis
3013 5268 3303 5325 ornatam
3372 5285 3565 5347 super

304 5375 893 5464 attarekpatenam
952 5376 1015 5432 et
1071 5369 1329 5431 calicem
1386 5385 1649 5430 aureum
1710 5385 1826 5447 par
1881 5386 2081 5428 unum
2131 5368 2215 5450 (Ιε)
2263 5370 2327 5430 in
2376 5372 2663 5449 gemmis,
2713 5376 3137 5454 aqusemanile
3190 5384 3562 5459 argenteum

308 5508 428 5571 par
502 5506 726 5550 unum.
802 5490 883 5550 Et
955 5486 1299 5566 imaginem
1370 5490 1605 5546 sanctae
1683 5483 1796 5545 Dei
1871 5484 2202 5546 Geuitricis
2277 5486 2569 5549 diadema
2642 5502 2905 5550 aureum
2988 5489 3329 5556 habentem
3417 5515 3561 5559 cum

309 5604 603 5686 gemmis,
664 5610 728 5666 e‘t
775 5603 1007 5665 collare
1065 5621 1327 5664 aureum
1385 5620 1527 5662 cum
1603 5599 1868 5679 gemmis
1926 5601 2368 5679 pendentibus,
2429 5603 2683 5665 inaures
2756 5605 3062 5668 habentes
3118 5608 3563 5689 hyacinthinus

1334 5732 1583 5781 norum
1623 5730 2008 5804 Messianus
2050 5731 2371 5782 “sacrm.

217 5837 297 5909 (a)
323 5838 387 5920 ρ,
420 5841 481 5893 et
510 5839 708 5918 atrago
762 5833 841 5980 Sb)
872 5834 965 5915 ad.
1026 5834 1096 5915 (ε)
1128 5834 1187 5902 Β,
1220 5832 1604 5914 Lithoparias.
1628 5828 2136 5914 C,.Philopareas.‘
2172 5832 2252 5902 (ἀ)
2281 5832 2341 5888 in
2372 5833 2607 5906 quibus.
2658 5835 2728 5910 (θ)
2760 5835 2966 5911 phara.
3041 5838 3108 5915 (f)
3139 5840 3564 5919 septingentaa.

217 5911 655 5974 ienstentmm.
708 5906 775 5977 (li
815 5908 1098 5964 instituit.
1150 5905 1221 5980 (1)
1250 5921 1447 5963 missas
1477 5904 1586 5962 hoc
1615 5903 1849 5976 adjecit.
1905 5902 1970 5978 (λ)
2002 5902 2251 5963 ειωιιθε.
2304 5904 2383 5977 (k)
2413 5910 2707 5980 pamtum.

152 5902 668 5979 (giéxiﬂentiltm:
708 5902 795 5980 (li)
815 5902 1098 5964 instituit.
1150 5905 1221 5981 (1)
1250 5902 1447 5963 missis
1477 5904 1586 5962 hoc
1615 5902 1709 5976 adj

1150 5905 1221 5981 (1)
1250 5902 1447 5963 missis
1477 5904 1586 5962 hoc
1615 5902 1849 5976 adjecit.
1898 5902 1970 5978 (ἢ
2002 5902 2251 5963 similes.
2304 5902 2706 5983 (k)'paratum.
