3942 6412
412 342 566 410 1627
1575 339 1964 403 ANASTASI

2263 339 2667 402 )THECARII
3677 344 3820 409 1098

572 497 704 540 sex.
750 480 831 540 Et
871 476 1095 538 faciem
1141 473 1358 536 altaris
1402 479 1463 535 et
1504 473 1966 535 confessionem
2013 492 2156 534 cum
2200 473 2434 552 regulis
2477 474 2729 536 vestivit
2771 479 3058 554 argento,
3103 481 3170 538 et
3227 475 3292 538 in
3354 476 3557 539 tribus
3613 478 3820 542 lateri-

454 598 531 659 10
575 596 692 656 bus
734 592 950 654 altaris
1013 591 1221 672 posuit
1284 607 1499 651 cruces
1555 595 1891 668 argenteas
1937 595 2083 662 tres,
2132 597 2425 668 pensant.
2469 590 2534 650 in
2601 609 2795 650 unum
2860 591 3005 650 libr.
3053 591 3315 671 triginta
3365 611 3498 655 sex.
3543 595 3822 658 Canistra

572 714 876 789 argentea
916 707 1079 781 duo;
1129 705 1386 766 calicem
1432 710 1804 783 argenteum
1849 704 2330 784 quotidianum;
2375 705 2711 767 coronulas
2755 711 3127 785 argenteum
3172 727 3394 782 unum,
3442 709 3553 790 qui
3594 710 3824 792 pendet

569 827 632 887 in
679 823 894 886 abside
936 821 1136 902 ipsius
1177 820 1466 895 oratorii,
1513 825 1576 882 et
1638 839 1827 901 super
1885 821 2174 881 eamdem
2236 820 2516 882 absidem
2579 839 2796 882 cruces
2857 829 3192 901 argenteas
3252 830 3402 898 tres,
3448 831 3513 886 et
3573 831 3824 898 caetera,

570 959 712 1020 quae
753 939 820 1000 in
865 941 1241 1000 ornamento
1287 936 1592 1016 pergulae,
1637 953 1747 996 seu
1792 935 1872 996 ad
1916 940 2120 997 vestes
2160 935 2379 996 altaris
2421 934 2728 996 ordinata:
2773 941 2942 997 sunt.

656 1071 818 1124 106
863 1063 977 1124 Hic
1019 1062 1164 1123 fecit
1206 1061 1270 1122 in
1315 1062 1577 1123 ecclesia
1620 1067 1854 1122 sanctae
1898 1061 2010 1122 Dei
2055 1061 2386 1123 Genitricis
2429 1061 2506 1122 ad
2552 1063 2842 1142 Praesepe
2906 1080 3020 1142 per
3079 1063 3409 1125 circuitum
3469 1083 3666 1146 super
3721 1086 3827 1128 co-

567 1182 822 1244 lumnas
865 1179 1155 1258 regulare
1197 1179 1654 1239 candelabrum
1700 1176 1782 1258 (a)
1828 1177 1909 1238 ad
1951 1177 2153 1239 instar
2194 1177 2473 1239 ecclesiae
2515 1177 2686 1238 beati
2729 1178 2899 1239 Petri
2942 1180 3236 1258 apostoli.
3270 1180 3441 1241 Fecit
3473 1187 3548 1242 et
3588 1183 3825 1244 ibidem

564 1299 629 1360 in
674 1296 952 1360 oratorio
995 1300 1215 1356 sancto
1259 1294 1431 1375 quod
1474 1295 1765 1374 Praesepe
1807 1293 2037 1354 dicitur
2079 1293 2424 1372 imaginem
2469 1313 2729 1356 auream
2773 1294 2886 1356 Dei
2939 1295 3288 1370 Genitricis,
3339 1297 3829 1378 amplectentem

568 1415 962 1478 Salvatorem
1032 1411 1372 1474 Dominum
1442 1412 1640 1471 Deum
1696 1417 2006 1483 nostrum,
2055 1429 2198 1471 cum
2243 1411 2511 1490 gemmis
2555 1410 2639 1492 (ὁ)
2681 1411 2962 1486 diversis,
3020 1430 3198 1492 pens.
3265 1413 3458 1474 libras
3519 1415 3829 1496 quinque.

485 1536 522 1592 '5
567 1532 680 1594 Hic
725 1529 1052 1593 renovavit
1093 1533 1328 1588 tectum
1372 1527 1573 1588 sancti
1635 1526 2029 1606 Chrysogoni
2100 1527 2415 1606 martyris,
2463 1533 2529 1588 et
2588 1546 2904 1588 cameram
2970 1527 3100 1590 sive
3160 1528 3474 1607 parietum
3521 1529 3831 1610 picturas,

567 1647 874 1710 ciborium
907 1650 1118 1705 autem
1163 1645 1238 1704 de
1283 1647 1548 1722 argento
1591 1661 1700 1703 seu
1746 1660 1927 1703 arcus
1971 1642 2274 1724 quinque,
2323 1660 2501 1722 pens.
2548 1641 2614 1703 in
2684 1661 2881 1702 unum
2945 1642 3138 1703 libras
3182 1660 3379 1719 ccxx;
3428 1644 3536 1705 ubi
3593 1645 3836 1708 obtulit

566 1780 834 1827 coronas
895 1767 1228 1838 argenteas
1298 1765 1594 1840 quatuor,
1668 1758 2184 1840 pharacanthara
2244 1760 2396 1833 duo,
2461 1765 2756 1838 patenam
2848 1765 3214 1838 argenteam
3289 1779 3505 1837 unam,
3569 1763 3836 1824 calicem

565 1886 935 1960 argenteum
982 1895 1205 1950 unum,
1251 1895 1360 1937 seu
1404 1865 1593 1937 etiam
1639 1881 1701 1936 et
1743 1879 1944 1937 vestes
1987 1875 2227 1949 altaris,
2277 1893 2526 1937 necnon
2570 1881 2633 1936 et
2675 1874 2815 1935 vela
2859 1874 3060 1937 serica
3103 1875 3269 1950 alba,
3317 1883 3544 1939 ornata
3595 1878 3832 1953 blatto,

566 1997 1064 2074 circumquaque
1111 1991 1475 2073 pendentia.

653 2118 808 2171 nos
861 2107 1347 2186 Construxitque
1392 2107 1842 2168 monasterium
1877 2124 2028 2184 erga
2053 2106 2346 2168 eumdem
2395 2107 2646 2168 titulum
2687 2113 3050 2169 sanctorum
3099 2117 3445 2190 martyrum
3483 2109 3834 2191 Stephani,

566 2224 889 2290 Laurentii
931 2228 1121 2302 atque
1163 2221 1580 2300 Chrysogoni,
1629 2221 2018 2282 constituens
2061 2221 2296 2283 ibidem
2341 2222 2635 2284 abbatem
2671 2229 2733 2284 et
2765 2223 3222 2285 monachorum
3267 2225 3836 2305 congregationem

567 2344 643 2403 ad
693 2337 1139 2420 persolvendas
1182 2339 1310 2397 Deo
1354 2336 1574 2397 laudes
1617 2337 1680 2395 in
1725 2335 1945 2396 eodem
2019 2337 2202 2397 titulo
2266 2337 2508 2399 diurnis
2571 2345 2760 2418 atque
2807 2341 3136 2400 nocturnis
3192 2343 3607 2420 temporibus,
3653 2343 3838 2402 ordi-

565 2463 778 2517 natam
825 2451 1173 2514 secundum
1217 2451 1419 2510 instar
1459 2449 1536 2529 (ε)
1582 2450 1934 2510 ofﬁciorum
1979 2451 2257 2512 ecclesiae
2302 2451 2469 2513 beati
2509 2453 2679 2514 Petri
2723 2454 3016 2531 apostoli,
3063 2460 3462 2532 segregatum
3537 2457 3842 2517 videlicet

481 2575 519 2633 5
563 2591 601 2633 a
635 2570 781 2650 jure
826 2566 1151 2648 potestatis
1195 2565 1543 2644 presbyteri
1585 2566 1873 2644 praedicti
1919 2566 2108 2626 tituli.
2155 2568 2226 2627 In
2273 2585 2398 2645 quo
2445 2567 2825 2628 monasterio
2870 2587 2985 2647 pro
3055 2569 3512 2630 sustentatione
3585 2571 3843 2634 ibidem

562 2687 731 2747 idem
774 2684 908 2763 ipse
952 2679 1383 2741 sanctissimus
1428 2679 1521 2739 vir
1567 2680 1804 2759 praedia
1848 2687 1910 2740 et
1953 2680 2123 2741 dona
2171 2686 2361 2760 atque
2426 2681 2728 2741 familiam
2801 2681 3067 2760 largitus
3127 2688 3242 2742 est.
3292 2684 3367 2743 Et
3423 2683 3658 2742 diversi
3723 2687 3844 2746 alii

563 2800 780 2862 fideles
823 2803 886 2860 et
927 2801 1244 2858 amatores
1285 2795 1538 2855 Domini
1584 2795 1784 2856 nostri
1825 2797 1974 2858 Jesu
2020 2795 2254 2858 Christi
2296 2795 2361 2856 in
2405 2795 2625 2857 eodem
2674 2798 3056 2859 monasterio
3087 2803 3452 2859 sanctorum
3481 2797 3839 2879 Stephani,

561 2913 884 2977 Laurentii
929 2918 1119 2992 atque
1162 2910 1556 2990 Chrysogoni
1600 2910 1838 2990 praedia
1883 2916 1946 2971 et
1989 2911 2157 2972 dona
2198 2910 2585 2971 devotissimi
2642 2911 3069 2973 contulerunt.
3120 2913 3323 2974 Simili
3385 2913 3575 2974 etiam
3636 2917 3839 2978 modo

561 3030 888 3094 renovavit
945 3027 1396 3089 monasterium
1484 3031 1847 3087 sanctorum
1933 3026 2197 3088 Joannis
2262 3026 2700 3104 Evangelistae,
2757 3028 3022 3089 Joannis
3090 3028 3411 3109 Baptistae,
3487 3035 3552 3091 et
3621 3032 3841 3094 sancti

444 3151 520 3210 10
564 3145 880 3210 Pancratii
949 3162 1128 3205 secus
1189 3142 1516 3204 ecclesiam
1589 3141 1936 3203 Salvatoris
2005 3141 2355 3221 antiquitus
2423 3141 2782 3203 institutum
2854 3141 2964 3224 (d),
3012 3144 3182 3223 quod
3245 3143 3325 3204 ab
3370 3145 3544 3206 omni
3601 3146 3838 3208 ordine

561 3260 898 3324 monachio
944 3259 1016 3340 (ρ)
1063 3259 1389 3320 exstiterat
1431 3257 1626 3318 nimia
1685 3257 1932 3317 incuria
1994 3256 2390 3318 destitutum.
2435 3259 2504 3318 In
2567 3275 2694 3336 quo
2757 3257 2997 3338 praedia
3061 3263 3124 3320 et
3185 3257 3356 3342 dona
3420 3260 3716 3335 contulit,
3771 3269 3840 3324 et

563 3400 705 3461 qua:
750 3379 1078 3440 invenerat
1119 3375 1197 3436 de
1240 3375 1377 3455 ipso
1426 3375 1808 3436 monasterio
1854 3373 2154 3446 alienata,
2202 3373 2446 3434 reddito
2492 3373 2717 3452 pretio,
2765 3373 2828 3434 in
2873 3373 3166 3435 eumdem
3239 3374 3448 3437 locum
3495 3376 3831 3476 restituit;

564 3496 671 3558 ubi
715 3500 778 3556 et
819 3491 1374 3572 congregationem
1420 3488 1880 3551 monachorum
1925 3494 1987 3549 et
2029 3488 2324 3550 abbatem
2371 3488 2698 3550 constituit
2740 3488 2822 3550 ad
2866 3488 3282 3569 persolvendo
3313 3490 3596 3571 quotidie
3640 3510 3836 3553 sacra

562 3611 772 3674 ofﬁcia
815 3609 1019 3671 laudis
1081 3607 1310 3668 divinae
1353 3607 1419 3667 in
1464 3606 1723 3666 basilica
1766 3605 2112 3668 Salvatoris
2179 3605 2430 3666 Domini
2493 3605 2692 3666 nostri
2760 3607 2911 3668 Jesu
2965 3605 3214 3675 Christi,
3263 3627 3406 3688 quas
3449 3608 3834 3669 Constanti-

443 3731 517 3792 15
562 3728 755 3789 niana
823 3729 1228 3803 nuncupatur
1287 3722 1474 3802 juxta
1547 3721 1892 3794 Lateranis,
1959 3721 2200 3781 diurnis
2265 3721 2718 3802 nocturnisque
2792 3722 3184 3802 temporibus
3253 3723 3569 3797 ordinata,
3633 3722 3839 3802 juxta

562 3843 762 3903 instar
803 3840 1156 3902 officiorum
1203 3838 1480 3899 ecclesiae
1525 3838 1695 3898 beati
1741 3837 1910 3899 Petri
1953 3836 2250 3917 apostoli.

646 3966 806 4017 108
852 3957 1007 4017 Item
1053 3954 1394 4033 imaginem
1437 3961 1670 4015 sanctas
1714 3953 1823 4013 Dei
1867 3952 2195 4014 Genitricis
2238 3953 2565 4034 antiquam
2611 3955 3070 4033 deargentavit,
3119 3974 3192 4016 ac
3235 3955 3552 4016 investivit
3595 3974 3842 4036 argen-

562 4078 626 4134 to
699 4070 1129 4143 mundissimo,
1208 4087 1383 4149 pens.
1450 4067 1561 4128 lib.
1627 4067 2111 4148 quinquaginta.
2163 4069 2319 4128 Item
2393 4069 2541 4129 fecit
2603 4077 2900 4151 patenam
2971 4089 3231 4132 anream
3308 4089 3604 4150 magnam
3684 4091 3835 4133 cum

561 4187 824 4249 diversis
867 4185 1206 4267 lapidibus,
1253 4203 1430 4264 pens.
1479 4184 1565 4244 lib
1607 4200 1798 4254 xxvr;
1845 4189 1909 4244 et
1973 4183 2232 4244 calicem
2277 4185 2565 4246 similiter
2626 4204 2769 4247 cum
2833 4187 3124 4264 gemmis,
3171 4205 3350 4266 pens.
3405 4187 3515 4248 lib.
3563 4187 3838 4266 triginta

563 4310 835 4384 quatuor
881 4322 896 4364 :
945 4301 1233 4363 similiter
1275 4307 1337 4362 et
1381 4299 1726 4380 Evangelia
1770 4319 1963 4361 aurea
2023 4319 2167 4360 cum
2211 4301 2500 4379 gemmis,
2547 4321 2728 4381 pens.
2773 4303 2884 4371 lib,
2933 4303 3317 4382 quindecim.
3365 4303 3539 4365 Fecit
3609 4312 3835 4367 autem

481 4425 517 4483 5
562 4428 625 4484 et
668 4427 902 4483 tectum
951 4419 1194 4480 noviter
1237 4417 1424 4479 simul
1468 4423 1532 4479 et
1574 4435 1891 4478 cameram
1937 4417 2138 4478 sancti
2181 4418 2448 4480 Andreae
2494 4420 2765 4499 apostoli
2808 4420 2890 4481 ad
2933 4425 3223 4481 sanctum
3269 4424 3524 4482 Petrum
3570 4429 3836 4502 aposto-

561 4538 716 4609 lum,
766 4554 956 4616 quam
1019 4534 1327 4615 depinxit,
1375 4539 1438 4596 et
1498 4533 1646 4595 fecit
1705 4533 1770 4593 in
1835 4532 2055 4594 eadem
2129 4533 2390 4595 basilica
2460 4535 2802 4614 imaginem
2863 4555 3121 4597 auream
3183 4537 3248 4597 in
3322 4536 3592 4616 gemmis
3659 4538 3838 4600 beati

560 4653 827 4715 Andreae
871 4651 1162 4732 apostoli,
1212 4670 1388 4731 pens.
1436 4650 1546 4710 lib.
1593 4655 1759 4723 octo,
1805 4655 1867 4710 et
1910 4649 2079 4710 intra
2135 4650 2592 4712 confessionem
2638 4651 2889 4713 vestivit
2932 4657 3220 4731 argento,
3267 4652 3438 4732 quod
3493 4651 3839 4715 deauravit

563 4788 718 4830 auro
762 4767 1122 4850 purissimo.
1169 4766 1283 4828 Hic
1327 4767 1516 4828 etiam
1564 4765 1888 4826 basilicam
1932 4766 2134 4826 sancti
2177 4767 2404 4827 Calixti
2472 4767 2789 4846 pontificis
2831 4773 2896 4830 et
2939 4767 3258 4848 martyris,
3307 4786 3466 4848 pene
3510 4785 3548 4827 a
3593 4769 3836 4830 funda-

565 4885 791 4946 mentis
834 4884 1133 4957 dirutam,
1183 4882 1360 4944 novis
1405 4881 1658 4942 fabricis
1703 4900 1846 4942 cum
1917 4886 2083 4942 tecto
2153 4883 2508 4943 construxit
2573 4901 2647 4943 ac
2718 4887 2918 4944 totam
2992 4883 3303 4964 depinxit.
3367 4883 3489 4946 Ubi
3559 4885 3840 4945 contulit

444 5003 520 5062 l0
563 5005 860 5082 patenam
907 5004 1272 5078 argenteam
1318 4997 1508 5058 simul
1550 5003 1614 5057 et
1655 4996 1914 5058 calicem
1959 5001 2021 5057 et
2063 5002 2300 5058 vestem
2348 4997 2589 5059 altaris.

649 5132 814 5185 199
859 5127 1013 5185 Item
1060 5129 1296 5184 tectum
1358 5122 1633 5184 basilica:
1697 5127 2060 5182 sanctorum
2131 5122 2414 5183 Processi
2457 5129 2520 5183 et
2563 5123 2929 5184 Martiniani
2973 5142 3012 5184 a
3056 5142 3222 5185 novo
3281 5124 3637 5185 construxit
3681 5125 3833 5185 sub-

564 5241 771 5320 posita
813 5239 946 5319 pila
987 5238 1240 5299 fabricis
1283 5238 1666 5311 fortissimis,
1712 5242 1856 5317 post
1899 5236 2266 5300 earumdem
2310 5243 2674 5300 sanctorum
2719 5239 3082 5300 veneranda
3139 5257 3429 5319 corpora,
3477 5238 3558 5300 ad
3611 5239 3833 5301 firma-

564 5361 848 5416 mentum
922 5372 1250 5415 murorum
1321 5353 1601 5415 basilicae
1660 5359 1920 5416 sanctae.
1983 5355 2142 5416 Item
2204 5355 2270 5414 in
2333 5355 2597 5416 ecclesia
2658 5355 2826 5416 beati
2908 5355 3157 5417 Genesii
3227 5354 3521 5436 martyris
3591 5361 3828 5418 tectum

567 5471 812 5532 noviter
858 5471 1252 5545 restauravit,
1303 5470 1412 5531 ubi
1454 5476 1518 5532 et
1560 5470 1758 5532 altare
1801 5471 2002 5533 erexit
2042 5471 2104 5531 in
2153 5470 2409 5532 nomine
2455 5471 2800 5533 Salvatoris
2843 5471 3095 5532 Domini
3139 5471 3337 5532 nostri
3377 5471 3524 5532 Jesu
3568 5470 3825 5545 Christi,

1599 5703 1850 5749 NOTULE
1891 5703 2284 5750 HABGINALES
2327 5704 2640 5751 FABRO'I‘TI.

418 5867 434 5881 ’
482 5875 560 5948 (a)
591 5875 658 5948 D,
690 5879 1164 5949 candelaborum.
1219 5890 1296 5964 (ὁ)
1323 5896 1590 5953 ornatam
1621 5891 1894 5970 gemmis.
1956 5893 1974 5968 (

1986 5893 2024 5970 ς)
2057 5892 2121 5966 Β,
2144 5895 2217 5952 ad
2248 5893 2454 5954 instar.
2515 5893 2594 5972 (ἀ)
2619 5897 3044 5955 constructum.
3105 5898 3178 5972 (ο)
3201 5894 3543 5958 monastico.
