3942 6408
138 343 306 408 1029
791 343 1157 405 HISTORIA
1208 341 1308 404 DE
1351 339 1555 405 VITIS
1602 340 1790 403 ROM.
1839 339 2070 402 PONT.
2107 375 2182 386 -—
2214 341 2276 402 S.
2326 340 2773 406 GREGORIUS
2819 341 2922 405 IIl.
3411 342 3564 406 I030

221 483 260 540 5
309 479 374 539 in
419 495 545 559 quo
589 477 858 539 contulit
901 482 1195 557 patenum
1245 481 1604 555 argenteam
1652 482 1713 536 et
1759 474 2040 548 calicem,
2089 494 2194 535 seu
2261 494 2556 536 coronam
2624 482 2989 554 argenteam
3064 494 3206 537 cum
3251 474 3568 557 delphinis

309 614 444 667 sex,
493 612 738 655 necnon
785 599 848 653 et
890 593 1262 653 coronulam
1311 611 1566 651 auream
1613 610 1754 651 cum
1801 609 1984 650 cruce
2032 591 2409 670 pendentem
2456 610 2648 670 super
2692 591 2912 651 altare.

395 714 574 771 που
617 711 770 771 Item
819 708 881 769 in
928 708 1186 769 basilica
1231 714 1462 768 sancta:
1507 707 1618 768 Dei
1662 707 2013 779 Genitricis,
2061 726 2203 785 quae
2247 706 2325 766 ad
2371 707 2683 786 Martyres
2725 705 2974 780 dicitur,
3014 713 3271 778 tectum,
3320 713 3568 770 vetusta

315 825 562 886 incuria
604 824 1003 896 demolitum,
1050 823 1312 903 purgari
1374 822 1522 883 fecit
1583 823 1658 882 ad
1705 840 1958 902 purum,
2009 827 2073 881 et
2133 839 2274 882 cum
2343 821 2510 881 calce
2575 820 3118 883 abundantissima
3163 842 3268 882 seu
3333 823 3569 884 chartis

314 941 631 1022 plumbeis
672 959 713 1001 a
756 957 919 1002 novo
965 939 1366 1012 restauravit,
1412 943 1475 999 et
1517 955 1788 1017 quasque
1846 955 1958 1016 per
2014 936 2345 997 circuitum
2417 935 2695 1016 ejusdem
2762 939 2904 998 tecti
2968 939 3215 1000 fuerant
3267 943 3570 1024 dissipata

312 1076 480 1118 novo
537 1055 743 1117 nitore
787 1054 1160 1116 construxit.

399 1176 569 1232 θυι
623 1172 777 1232 Item
823 1173 1054 1229 sanctae
1098 1167 1208 1228 Dei
1265 1167 1614 1239 Genitricis,
1665 1185 1808 1246 quae
1861 1166 1924 1226 in
1997 1166 2237 1245 Aquiro
2310 1167 2560 1239 dicitur,
2620 1166 2682 1226 in
2747 1186 2872 1247 qua
2930 1174 3118 1230 antea
3177 1171 3445 1234 diacona
3507 1182 3572 1237 et

315 1305 581 1368 parvum
650 1285 998 1346 oratorium
1071 1283 1209 1355 fuit,
1267 1302 1406 1344 eam
1470 1301 1507 1343 a
1567 1282 1998 1343 fundamentis
2060 1282 2409 1360 longiorem
2472 1289 2535 1342 et
2593 1283 2882 1344 latiorem
2954 1288 3306 1347 construxit
3375 1296 3567 1371 atque

315 1402 624 1483 depinxit.
674 1402 828 1460 Item
874 1400 1227 1460 diaconiam
1273 1402 1633 1459 sanctorum
1681 1397 1882 1476 Sergii
1924 1403 1986 1458 et
2028 1397 2258 1476 Bacchi
2302 1398 2484 1458 sitam
2532 1398 2612 1459 ad
2675 1399 2930 1461 beatum
2994 1403 3251 1464 Petrum
3314 1413 3570 1486 aposto-

315 1519 476 1592 lum,
518 1516 582 1576 in
627 1535 755 1596 qua
798 1514 1038 1595 pridem
1100 1533 1363 1594 parvum
1425 1513 1770 1574 oratorium
1817 1519 1973 1586 erat,
2033 1532 2071 1573 a
2113 1514 2545 1574 fundamentis
2608 1515 2901 1595 ampliori
2977 1518 3214 1579 fabrica
3256 1520 3569 1585 dilatavit.

233 1636 271 1694 5
314 1635 395 1694 Et
436 1631 787 1694 concedens
829 1630 1044 1692 omnia
1085 1649 1228 1710 qua:
1274 1630 1336 1690 in
1383 1648 1564 1689 usum
1608 1628 1914 1690 diaconize
1958 1629 2255 1702 existunt,
2306 1630 2528 1690 statuit
2575 1637 2880 1710 perpetuo
2927 1637 3214 1713 tempore
3275 1656 3390 1717 pro
3433 1659 3570 1702 sus-

317 1749 667 1810 tentatione
711 1765 1063 1828 pauperum
1108 1746 1172 1805 in
1217 1745 1524 1806 diaconize
1570 1744 1919 1804 ministerio
1963 1745 2302 1805 deservire.

400 1872 564 1927 202
612 1865 767 1924 Item
813 1862 876 1922 in
923 1861 1282 1922 cmmeterio
1325 1866 1559 1921 sancta:
1607 1859 1962 1920 Petronillce
2006 1861 2342 1920 stationem
2387 1878 2664 1921 annuam
2709 1862 2846 1922 dari
2887 1863 3180 1940 instituit,
3233 1869 3340 1929 ubi
3392 1871 3573 1933 obtu-

317 1981 391 2040 lit
434 1995 732 2041 coronam
778 1995 1057 2049 auream,
1107 1976 1364 2036 calicem
1409 1980 1470 2037 et
1514 1980 1812 2055 patenam
1857 1978 2129 2053 argent.,
2177 1994 2284 2034 seu
2334 1975 2459 2036 alia
2501 1975 2749 2037 diversa
2793 1978 2871 2038 ad
2934 1987 3228 2044 ornatum
3295 1986 3572 2050 ecclesiae

318 2094 721 2176 pertinentia.
769 2095 926 2155 Item
975 2092 1264 2152 accubita
1309 2091 1388 2171 (α)
1436 2111 1577 2170 quae
1622 2097 1768 2151 sunt
1832 2091 1911 2151 ab
1981 2091 2235 2150 beatum
2282 2092 2536 2151 Petrum
2602 2091 2664 2151 in
2732 2093 2926 2153 ruinis
2984 2098 3214 2175 posita,
3261 2118 3300 2161 a
3343 2102 3571 2165 funda-

322 2209 552 2271 mentis
605 2209 851 2270 noviter
896 2207 1268 2268 restauravit
1310 2213 1500 2287 atque
1545 2205 1850 2286 depinxit.
1898 2206 2047 2266 item
2093 2205 2414 2265 basilicam
2461 2205 2627 2266 beati
2671 2207 2885 2282 Marci,
2935 2211 3118 2272 sitam
3167 2215 3317 2276 foris
3363 2236 3576 2280 muros

237 2328 274 2384 5
320 2325 513 2404 hujus
555 2325 824 2385 civitatis
868 2326 1192 2394 Romanae,
1239 2323 1339 2382 via
1384 2323 1609 2402 Appia,
1656 2321 1791 2400 ejus
1835 2327 2068 2381 tectum
2115 2322 2395 2381 dirutum
2442 2340 2480 2382 a
2524 2341 2686 2383 novo
2733 2325 2970 2386 refecit.
3005 2329 3158 2389 Item
3203 2331 3266 2391 in
3313 2335 3576 2397 ecclesia

321 2442 492 2503 beati
534 2440 717 2502 Pauli
760 2440 1030 2520 apostoli
1076 2439 1342 2500 mutavit
1389 2439 1595 2498 trabes
1641 2458 1902 2498 numero
1947 2439 2249 2518 quinque,
2300 2445 2488 2518 atque
2535 2444 2735 2500 totum
2784 2441 3064 2519 ejusdem
3125 2445 3402 2510 basilica:
3449 2458 3576 2512 tec-

323 2563 454 2618 tum
503 2557 583 2617 ab
626 2574 775 2616 arcu
821 2556 1037 2616 altaris
1084 2574 1275 2635 usque
1321 2555 1400 2616 ad
1435 2555 1638 2632 regias
1683 2554 2002 2614 resarcivit
2047 2573 2119 2615 ac
2183 2555 2581 2615 restauravit.
2631 2557 2894 2617 Mutavit
2962 2563 3172 2621 autem
3246 2565 3454 2628 trabes
3514 2568 3578 2628 in

328 2680 548 2734 sancta
591 2673 702 2733 Dei
747 2672 1056 2733 Genitrice
1101 2678 1163 2731 et
1206 2672 1372 2731 Petri
1410 2669 1598 2749 juxta
1640 2671 1986 2742 Lateranis,
2035 2671 2222 2730 etiam
2272 2676 2333 2731 et
2377 2672 2806 2732 cmmeterium
2856 2673 3184 2736 beatorum
3231 2686 3578 2761 martyrum

328 2789 637 2862 Januarii,
686 2788 949 2861 Urbani,
995 2788 1286 2863 'l‘iburtii,
1333 2787 1650 2848 Valeriani
1694 2792 1756 2847 et
1799 2785 2079 2858 Maximi,
2132 2793 2194 2847 et
2237 2806 2455 2848 eorum
2526 2793 2757 2848 tectum
2817 2789 2878 2848 in
2928 2793 3122 2854 ruinis
3180 2799 3452 2874 positum
3503 2802 3580 2884 (b)

207 2908 287 2968 10
332 2925 368 2967 a
415 2923 580 2966 novo
622 2903 882 2984 perfecit
927 2902 1026 2982 (c).
1073 2902 1274 2981 Hnjus
1318 2901 1708 2982 temporibus
1753 2901 2024 2982 plurima
2087 2921 2234 2981 pars
2302 2921 2626 2962 murorum
2691 2902 2882 2983 hujus
2944 2907 3212 2971 civitatis
3279 2919 3580 2980 Romanis

330 3026 684 3084 restaurata
727 3024 842 3080 est.
889 3017 1269 3080 Alimoniam
1324 3034 1578 3096 quoque
1635 3016 1945 3076 artificum
1992 3025 2054 3076 et
2097 3016 2369 3096 pretium
2415 3017 2495 3076 ad
2539 3019 2869 3080 emendam
2917 3023 3150 3085 calcem
3202 3027 3278 3089 de
3322 3035 3580 3115 prOprio

331 3135 575 3198 tribuit.

407 3256 584 3312 ωε
632 3249 833 3328 Hujus
918 3248 1307 3329 temporibus
1383 3247 1788 3337 Galliensium
1889 3252 2163 3307 castrum
2230 3252 2668 3328 recuperatum
2727 3254 2840 3326 est,
2915 3270 3030 3331 pro
3089 3273 3218 3336 quo
3301 3264 3580 3341 quotidie

325 3367 818 3448 expugnabatur
872 3366 1138 3426 ducatus
1197 3367 1516 3424 Romanus
1575 3382 1613 3423 a
1668 3363 1900 3424 ducatu
1961 3364 2312 3443 Spoletino,
2371 3363 2529 3425 duas
2585 3366 2885 3445 pecunias
2942 3387 3067 3430 non
3137 3392 3363 3453 parvas
3421 3383 3579 3445 Tra-

324 3483 621 3545 simundo
690 3481 832 3542 duci
911 3499 1154 3553 eorum,
1217 3486 1287 3540 ut
1359 3483 1678 3539 cessarent
1750 3479 1920 3540 bella
1991 3487 2053 3540 et
2127 3480 2532 3560 quazstiones,
2592 3483 2797 3561 potuit
2861 3503 3052 3547 causa
3134 3489 3333 3568 ﬁnire,
3398 3503 3461 3558 et
3518 3501 3580 3561 in

321 3618 630 3679 compage
686 3604 920 3659 sanctae
979 3596 1342 3677 reipublicae.
1402 3601 1590 3674 atque
1649 3595 1708 3655 in
1769 3613 2034 3676 corpore
2093 3596 2342 3658 Christo
2401 3595 2612 3657 dilecti
2675 3599 2983 3661 exercitus
3029 3605 3299 3671 Romani
3329 3615 3584 3678 annecti

246 3719 286 3777 5
335 3714 654 3798 praecepit.

412 3835 587 3892 ειη
635 3829 747 3890 Hic
805 3829 951 3890 fecit
1007 3832 1210 3889 vestes
1265 3827 1342 3888 de
1396 3826 1579 3887 altari
1638 3826 1698 3886 in
1755 3826 2018 3888 ecclesia
2089 3828 2431 3890 Salvatoris
2489 3829 2576 3911 (cl)
2635 3832 2748 3893 Dei
2813 3834 3162 3914 Genitricis,
3222 3851 3583 3909 sanctorum

327 3946 760 4028 apostolorum
816 3943 986 4005 Petri
1043 3950 1107 4005 et
1161 3942 1362 4014 Pauli,
1421 3947 1611 4022 atque
1666 3942 1933 4004 Andreae
1992 3949 2364 4004 caterorum
2424 3945 2486 4004 in
2537 3945 2798 4007 diversis
2857 3951 3158 4014 ecclesiis.
3221 3958 3370 4018 Narr
3431 3963 3586 4023 etin

324 4059 966 4124 Centumcellensium
1025 4059 1275 4120 civitate
1336 4077 1550 4119 muros
1607 4057 1851 4119 dirutos
1909 4077 2068 4138 pene
2129 4078 2167 4119 a
2222 4059 2650 4122 fundamentis
2700 4062 3039 4126 fortissime
3088 4074 3367 4133 construi
3416 4077 3584 4152 fecit,

327 4184 391 4238 et
445 4177 564 4238 hoc
624 4175 949 4237 constituit
1005 4181 1075 4235 ut
1128 4172 1476 4234 secundum
1535 4174 1945 4234 constitutum
2003 4173 2174 4254 quod
2230 4193 2266 4234 a
2321 4175 2586 4254 collegio
2643 4178 3041 4241 sacerdotum
3113 4201 3324 4247 coram
3403 4207 3585 4253 sacro

245 4296 283 4353 5
330 4310 595 4372 corpore
647 4291 817 4352 beati
870 4289 1041 4351 Petri
1099 4290 1334 4349 factum
1394 4293 1490 4349 est
1541 4308 1657 4369 pro
1714 4287 2108 4349 celebrandis
2163 4288 2486 4349 solemniis
2539 4290 2899 4368 vigiliarum
2980 4307 3172 4376 atque
3251 4302 3586 4366 missarum

327 4407 558 4470 Christi
612 4406 863 4467 Domini
920 4405 1117 4466 nostri
1170 4405 1316 4466 Jesu
1375 4405 1625 4479 Christi,
1687 4410 2044 4485 sanctasque
2098 4403 2234 4484 ejus
2291 4405 2638 4482 Genitricis,
2692 4415 3056 4472 sanctorum
3116 4418 3581 4496 apostolorum,

328 4523 429 4583 vel
486 4521 770 4583 omnium
827 4527 1188 4582 sanctorum
1251 4527 1624 4599 martyrum,
1686 4538 1758 4581 ac
1813 4521 2266 4593 confessorum,
2324 4521 2877 4604 perfectorumpue
2934 4525 3256 4606 justorum
3331 4533 3395 4594 in
3457 4541 3590 4598 toto

333 4637 486 4700 orbe
544 4643 857 4698 terrarum
915 4635 1463 4716 requiescentium,
1526 4643 1597 4698 ut
1653 4637 1714 4696 in
1775 4637 2053 4698 oratorio
2111 4637 2353 4697 nomini
2410 4657 2628 4699 eorum
2689 4639 2977 4704 dedicato
3034 4645 3203 4706 intra
3259 4651 3588 4713 ecclesiam

332 4754 502 4815 beati
584 4753 752 4814 Petri
837 4751 1107 4832 apostoli
1183 4752 1300 4812 sub
1383 4770 1568 4812 arccu
1649 4751 1985 4832 principali
2060 4770 2098 4812 a
2155 4751 2484 4814 monachis
2560 4751 2793 4831 vigiliae
2869 4757 3362 4840 celebrarentur,
3437 4771 3499 4826 et
3554 4785 3593 4828 a

213 4873 292 4932 10
337 4868 723 4951 presbyteris
803 4867 1318 4929 hebdomadariis
1404 4867 1736 4928 missarum
1810 4867 2118 4928 solemnia
2177 4887 2192 4928 :
2255 4867 2473 4928 iisdem
2578 4867 2882 4930 institutis
2982 4872 3290 4953 disposuit
3372 4883 3442 4939 ut
3525 4880 3589 4942 in

335 4983 709 5045 coemeteriis
792 4983 1284 5064 circumquaque
1362 4982 1581 5062 positis
1658 4982 1996 5043 Romaein
2073 4981 2174 5043 die
2255 4981 2700 5043 Natalitiorum
2789 5004 3007 5046 eorum
3087 4989 3427 5054 luminaria
3469 4984 3592 5057 “a'd

333 5100 578 5178 vigilias
633 5099 952 5160 faciendas
1007 5104 1070 5159 et
1125 5097 1480 5160 oblationes
1565 5099 1642 5159 de
1722 5097 2112 5178 patriarchio
2188 5115 2303 5176 per
2385 5097 2876 5160 oblationarium
2958 5101 3443 5182 deportarentur
3513 5110 3590 5170 ad

330 5214 738 5276 celebrandas
800 5214 1041 5288 missas,
1099 5233 1212 5294 per
1276 5232 1466 5292 quem
1543 5212 1906 5293 praeviderit
1981 5213 2287 5292 pontifex,
2351 5213 2463 5293 qui
2519 5233 2634 5293 pro
2693 5220 2977 5296 tempore
3032 5218 3222 5281 fuerit
3297 5225 3592 5288 sacerdo-

336 5337 488 5392 tem.

415 5449 592 5506 θυι
639 5446 752 5507 llic
831 5445 977 5507 fecit
1063 5443 1494 5505 ordinationes
1577 5449 1702 5504 tres
1784 5463 1898 5524 per
1983 5463 2262 5506 mensem
2359 5444 2791 5521 Decembrem,
2879 5449 3280 5531 presbyteros
3370 5455 3595 5537 viginti

333 5566 633 5641 quatuor,
692 5562 991 5624 diaconos
1068 5565 1216 5635 tres,
1287 5559 1616 5641 episcopos
1689 5579 1802 5641 per
1877 5561 2128 5624 diversa
2193 5561 2333 5623 loca
2411 5579 2672 5622 numero
2749 5565 3139 5645 octuaginta,
3216 5570 3327 5650 qui
3403 5573 3593 5635 etiam

1383 5736 1635 5784 NOTULE
1679 5737 2066 5784 MARGINALES
2109 5739 2428 5784 FABROTTI.

242 5863 318 5939 (α)
348 5862 677 5936 accubitus,
710 5862 812 5937 qui
843 5864 906 5920 Β.
965 5863 1043 5935 (b)
1073 5865 1227 5921 tecta
1255 5861 1315 5919 in
1344 5861 1531 5920 ruinis
1559 5861 1768 5938 posita.
1855 5864 1924 5942 (c)
1956 5864 2175 5922 refecit.
2250 5863 2365 5935 (d)'
2401 5864 2474 5921 ad
2505 5863 2715 5923 altaria
2743 5865 3005 5928 ecclesiis
3035 5873 3226 5932 sancti
3255 5875 3595 5938 Salvator'rs.
