3950 6396
318 363 416 422 251

1099 361 1190 415 ΑΙ)
1233 357 1668 415 ΑΝΑΞΤΑΞΙΠΜ
1725 356 1965 412 ΡΒΟΕΕ(

2153 355 2238 410 ΝΑ
2287 355 2467 410 EDIT.
2513 348 2948 407 ROM.-VATIC.

3625 345 3738 404 252

321 492 418 540 net
447 483 732 554 epistylia,
775 482 1084 552 zophorum
1125 487 1182 538 et
1205 480 1555 548 coronidem,
1589 479 1674 534 uti
1709 479 1768 533 in
1795 477 1962 532 Vati—
1996 478 2052 538 A
2080 467 2338 531 nentium
2371 475 2750 531 Romanorum
2784 473 3117 544 pontiﬁcum
3145 486 3541 530 successorum
3563 472 3617 526 S.
3649 474 3739 527 In-

322 585 462 627 cana
508 572 901 626 demonstrant
951 569 1161 624 tabula
1197 569 1612 638 Ciampiniana
1663 581 1698 620 x
1761 572 1815 620 et
1865 578 1962 634 x1;

325 673 466 729 quas
488 665 690 714 nactus
715 672 845 714 cum
877 659 1010 726 sim,
1054 658 1148 712 hic
1181 659 1387 713 iterum
1419 656 1771 712 exhibendas
1791 655 1960 724 duco,

323 759 436 816 quo
465 746 695 801 ﬁdelius
719 745 1110 816 subjiciantur
1133 745 1321 802 oculis
1351 745 1658 815 animoque
1689 743 1964 798 lector..m

319 847 384 889 ea
415 847 540 904 qua
568 834 639 889 de
659 835 1052 890 vetustissima
1069 835 1218 890 serie
1246 847 1598 890 summorum
1629 831 1962 902 pontiﬁcum

319 921 381 976 in
403 921 645 976 basilica
669 921 738 977 ad
758 923 907 977 viam
928 922 1243 978 Ostiensem
1263 923 1487 990 depicta
1513 921 1718 991 quinto
1745 919 1961 974 Christi

319 1009 548 1078 saculo,
581 1023 647 1066 ac
687 1011 757 1065 de
781 1011 961 1066 altera
1004 1009 1149 1065 serie
1180 1011 1362 1066 multo
1390 1009 1720 1074 recentiori,
1768 1012 1963 1076 utpote

319 1095 426 1152 sub
469 1097 706 1152 Nicolao
737 1100 826 1154 ‘IlI
875 1097 1146 1165 colorata,
1181 1097 1416 1152 tenenda
1451 1104 1622 1164 sunt;
1671 1103 1842 1164 atque
1883 1095 1962 1149 ita

318 1183 754 1256 chronologicas
795 1185 1138 1256 epigraphes
1188 1186 1245 1239 in
1273 1185 1574 1240 vetustiori
1625 1185 1962 1253 superstites

319 1271 575 1328 conferre
599 1287 728 1328 cum
768 1273 1058 1344 Catalogis
1089 1274 1273 1342 possit
1294 1273 1566 1343 quisquis
1589 1273 1958 1342 archetypum

318 1361 615 1416 observare
643 1362 891 1418 voluerit
933 1363 992 1416 in
1029 1362 1270 1417 basilica
1315 1363 1370 1416 S.
1405 1360 1590 1416 Pauli.
1626 1362 1685 1414 ln
1715 1360 1964 1428 zophoro

320 1451 570 1523 igitur,a
589 1451 1126 1507 columnissuﬁulto
1141 1452 1197 1506 in
1211 1451 1387 1506 veteri
1408 1449 1650 1505 basilica
1671 1449 1962 1515 Vaticana,

321 1541 516 1611 plures
539 1540 895 1597 orbiculares
915 1555 1057 1596 area
1087 1542 1134 1595 G
1164 1542 1208 1594 H
1236 1542 1284 1595 G
1313 1542 1357 1594 Η
1388 1539 1502 1594 tab.
1531 1553 1567 1593 χ
1594 1536 1967 1593 continebant

321 1630 602 1700 imagines
661 1631 994 1699 pontiﬁcum
1039 1631 1444 1698 Romanorum,
1493 1627 1813 1684 elaboratas
1857 1623 1965 1681 sub

320 1719 556 1774 Nicolao
587 1721 678 1788 ΙΙΙ,
721 1732 848 1788 qua
877 1719 1266 1774 vestiebantur
1313 1717 1727 1790 integumentis
1755 1715 1967 1784 capitis

2081 565 2357 620 nocentii.

2154 663 2326 718 Porro
2358 667 2618 718 sanctum
2647 661 3040 716 Innocentium
3071 660 3394 716 habendum
3425 673 3548 715 esse
3581 659 3738 714 inter

2083 751 2234 806 Petri
2253 765 2610 807 successores
2637 749 3131 820 quadragesimum
3154 749 3465 804 secundum
3487 753 3738 802 testatur

2081 840 2240 894 Beda
2261 841 2436 894 codex
2466 838 3073 894 Palatino-Vaticanus
3093 843 3222 892 ante
3252 850 3433 892 annos
3461 833 3570 891 865
3594 835 3738 890 scri-

2082 935 2236 997 ptus,
2257 929 2406 984 unde
2425 928 2729 998 Catalogus
2749 927 3088 995 desumptus
3107 931 3212 993 est,
3238 939 3404 996 quem
3422 924 3737 978 Schlestra-

2081 1020 2202 1074 tius
2221 1017 2406 1072 edidit
2437 1029 2671 1072 numero
2695 1013 2766 1069 22
2798 1015 2856 1069 in
2883 1013 3034 1069 libro
3061 1013 3447 1084 Antiquitatis
3464 1011 3736 1067 Ecclesia

2083 1107 2409 1174 illustrata,
2463 1112 2520 1162 et
2555 1119 2658 1161 nos
2701 1116 2873 1173 supra
2904 1102 3231 1158 retulimus.
3280 1100 3735 1172 Quadragesimo

2081 1195 2332 1250 secundo
2387 1194 2508 1249 loco
2555 1194 2726 1248 etiam
2780 1191 3036 1248 occurrit
3093 1192 3149 1246 in
3184 1191 3434 1246 secundo
3462 1188 3735 1258 Catalogo

2081 1282 2445 1338 bibliotheca
2507 1282 2717 1353 regina
2785 1282 3002 1336 Suecia
3054 1280 3245 1350 (hodie
3303 1277 3738 1333 Alexandrino-

2082 1370 2405 1440 Vaticana),
2437 1372 2586 1426 unde
2609 1370 2878 1439 pleraque
2902 1369 3069 1424 verba
3094 1369 3354 1423 Vitarum
3373 1365 3564 1434 operis
3588 1365 3738 1418 Ana-

2083 1460 2325 1515 stasiani
2351 1460 2648 1529 desumpta
2671 1465 2826 1524 sunt,
2850 1465 2904 1513 et
2931 1472 2963 1512 a
2986 1455 3410 1523 Schelestratio,
3429 1459 3486 1508 et
3505 1467 3538 1507 a
3561 1450 3737 1510 nobis

2083 1549 2238 1604 edito
2269 1562 2381 1604 una
2425 1562 2555 1603 cum
2582 1553 2741 1602 textu
2769 1546 2926 1602 Libri
2969 1544 3320 1600 Pontiﬁcalis
3345 1543 3585 1612 ejusque
3627 1551 3738 1594 va-

2083 1635 2374 1692 riantibus
2398 1636 2768 1692 lectionibus.

2152 1732 2202 1790 4.
2217 1735 2398 1804 Supra
2431 1736 2634 1789 seriem
2660 1733 2993 1802 pontiﬁcum
3023 1731 3081 1786 in
3107 1730 3388 1802 stylobate
3420 1727 3498 1782 ita
3527 1726 3739 1796 depic—

321 1807 506 1862 multo
535 1807 724 1863 serius
761 1807 1044 1862 adhibitis
1063 1809 1131 1862 ad
1151 1815 1414 1863 ornatum
1445 1805 1848 1876 pontiﬁcalem,
1867 1803 1965 1857 mi-

2153 1838 2221 1885 m,
2237 1829 2292 1878 et
2311 1837 2483 1892 supra
2505 1798 2736 1877 caeteras
2758 1821 3035 1890 picturas,
3060 1820 3120 1874 in
3147 1798 3299 1874 areis
3319 1815 3739 1886 quadrilateris

320 1902 410 1950 tra
453 1895 678 1951 scilicet
718 1896 929 1951 elevata
973 1901 1073 1950 aut
1110 1897 1280 1951 etiam
1333 1907 1540 1950 corona
1580 1899 1800 1960 ornata,
1833 1897 1964 1958 etc.,

321 1983 408 2038 uti
434 1983 796 2054 Ciampinius
817 1999 880 2041 ex
889 1986 1433 2056 pressitevidentius
1451 1984 1562 2040 tab.
1588 1997 1666 2053 xx,
1693 1985 1753 2038 in
1775 1981 1969 2035 eadem

319 2072 468 2127 serie
506 2087 679 2142 supra
714 2074 963 2131 litteram
993 2079 1056 2132 E.
1087 2076 1320 2132 Similes
1353 2075 1544 2130 icones
1573 2071 1826 2142 ejusdem
1858 2066 1975 2122 Ni-

318 2161 465 2216 colai
495 2165 566 2216 III
581 2165 749 2231 jussu
779 2165 838 2220 in
865 2165 1304 2221 basilicasancti
1335 2162 1496 2218 Pauli
1522 2156 1974 2230 depictascerni.
2008 2169 2016 2175 '

320 2265 448 2307 mus
470 2253 528 2309 in
564 2253 824 2311 inferiori
849 2257 1016 2324 serie,
1045 2255 1324 2324 capitulis
1351 2252 1749 2308 columnarum
1777 2249 1972 2316 impo-

319 2339 460 2394 sita:
505 2355 632 2410 qua
663 2348 866 2410 prater
893 2343 1174 2413 imagines
1201 2339 1558 2409 pontiﬁcum,
1591 2349 1788 2391 eorum
1823 2346 1974 2402 quo-

319 2443 430 2498 que
453 2431 684 2484 nomina
705 2431 972 2497 reddunt,
996 2435 1052 2483 et
1071 2427 1498 2496 chronologiam
1517 2425 1734 2479 litteris
1749 2435 1972 2490 expres-

318 2531 462 2586 sam,
514 2523 686 2586 atque
738 2519 1052 2573 ostendunt
1093 2517 1333 2586 ﬁguram
1379 2515 1771 2570 characterum
1830 2523 1970 2579 pro-

321 2604 503 2672 priam
532 2605 720 2659 atatis
743 2605 997 2672 ejusdem
1042 2602 1286 2657 Nicolai.
1321 2602 1474 2656 Hanc
1500 2599 1706 2655 seriem
1755 2597 1968 2652 imitati

317 2697 454 2750 sunt
484 2693 732 2760 pictores
791 2698 846 2746 et
883 2692 1194 2758 calatores,
1240 2691 1337 2760 qui
1384 2689 1584 2744 vultus
1634 2685 1969 2756 pontiﬁcum

317 2783 704 2836 Romanorum
725 2780 900 2835 aeneis
916 2787 1017 2834 aut
1035 2779 1242 2850 ligneis
1263 2779 1416 2848 typis
1437 2777 1610 2848 primi
1638 2776 1964 2842 ediderunt,

321 2882 432 2925 non
464 2868 822 2924 attendentes
851 2867 1054 2922 seriem
1097 2866 1277 2922 multo
1307 2865 1696 2936 antiquiorem
1725 2874 1971 2932 superne

319 2958 584 3028 positam,
632 2962 752 3012 tum
782 2957 840 3012 in
873 2957 1112 3012 Paulina
1138 2955 1398 3020 basilica,
1431 2961 1552 3010 tum
1585 2955 1644 3008 in
1677 2954 1967 3012 Vaticana.

317 3060 493 3116 supra
539 3046 868 3102 coronidem
910 3045 1306 3101 columnarum
1356 3045 1415 3100 in
1467 3042 1964 3112 parallelepipedo,

322 3115 425 3190 seu
455 3134 754 3204 stylobate.
778 3147 876 3204 per
895 3133 1350 3204 Ciampinianam
1373 3131 1624 3187 tabulam
1651 3145 1706 3186 χι
1739 3129 1969 3200 signato
2004 3115 2054 3177 Ο

323 3224 538 3278 litteris
561 3221 669 3277 ΑΒ.
703 3225 912 3292 Nempe
931 3221 1182 3278 artiﬁces
1209 3221 1298 3278 illi
1325 3220 1728 3290 compendium
1756 3217 1971 3273 laboris

324 3311 476 3366 nacti
498 3311 556 3365 in
591 3310 946 3381 imaginibus
969 3310 1348 3378 delineandis,
1384 3322 1510 3379 qua
1525 3306 1780 3377 aspectui
1809 3309 1974 3360 erant

324 3399 721 3470 proximiores,
752 3413 950 3468 parum
970 3397 1128 3454 fuere
1143 3397 1384 3454 solliciti
1410 3397 1480 3452 de
1504 3395 1852 3465 antiquitate
1875 3407 1976 3448 ve-

323 3487 592 3543 tustioris
640 3487 833 3554 seriei,
886 3487 945 3542 in
1000 3500 1112 3556 qua
1157 3491 1342 3540 tamen
1375 3484 1562 3538 elucet
1585 3489 1722 3538 atas
1766 3487 1824 3537 et
1853 3495 1975 3537 mos

326 3574 556 3629 illorum
609 3580 946 3643 temporum,
999 3587 1126 3644 qua
1179 3571 1296 3627 duo
1339 3571 1420 3626 ibi
1452 3571 1874 3640 exprimuntur,
1912 3575 1976 3624 ut

323 3661 494 3731 paulo
521 3668 649 3732 post
678 3663 1008 3718 observabo.

393 3747 448 3806 3.
481 3752 542 3805 In
570 3750 812 3805 basilica
839 3751 1022 3821 igitur
1059 3750 1113 3804 S.
1149 3749 1308 3804 Pauli
1337 3749 1516 3805 series
1549 3748 1660 3803 ista
1698 3747 1979 3802 vetustior

327 3853 679 3894 summorum
742 3839 1078 3908 pontiﬁcum
1127 3851 1238 3894 non
1290 3838 1612 3908 interrupta
1663 3835 1876 3907 legitur
1917 3835 1976 3888 in

325 3927 542 3995 pariete
571 3927 640 3982 ad
673 3927 1049 3982 meridianam
1083 3926 1304 3996 plagam
1337 3927 1502 3982 navis
1532 3926 1804 3982 mediana
1829 3937 1979 3978 con—

327 4015 554 4069 stituto.
582 4014 846 4068 Continet
875 4013 1230 4070 orbiculares
1282 4029 1443 4070 areas
1491 4012 1561 4069 42
1588 4022 1646 4070 et
1690 4013 1975 4084 imagines

329 4102 564 4158 totidem
618 4101 950 4170 pontiﬁcum
993 4116 1027 4157 a
1077 4103 1131 4158 S.
1179 4104 1340 4158 Petro
1387 4104 1457 4158 ad
1490 4103 1545 4156 S.
1575 4101 1973 4157 Innocentium

328 4190 454 4258 ejus
483 4189 734 4245 nominis
762 4191 1032 4258 primum,
1058 4189 1116 4244 in
1139 4191 1392 4260 singulis
1418 4190 1712 4260 singulas:
1741 4201 1842 4242 nec
1864 4199 1977 4241 non

329 4277 564 4332 totidem
586 4277 782 4333 breves
815 4278 1173 4350 epigraphes,
1211 4279 1270 4333 in
1295 4277 1576 4347 stylobate
1608 4275 1693 4330 uti
1723 4276 1978 4330 dixeram

329 4365 612 4422 coloratas
642 4368 996 4436 palmaribus
1039 4368 1274 4435 litteris,
1316 4379 1442 4434 qua
1485 4377 1689 4419 nomen
1735 4364 1984 4418 reddunt

2078 1911 2462 1980 exprimentes
2496 1909 2770 1964 historias
2812 1909 3032 1964 Veteris
3067 1906 3432 1973 Testamenti,
3468 1903 3737 1959 fenestra

2079 1999 2280 2068 ampla
2304 1999 2496 2054 lumen
2517 1999 2864 2053 admittunt:
2889 2011 3132 2068 quarum
3153 1995 3470 2051 interstitia
3492 1992 3740 2062 implent

2083 2089 2366 2160 imagines
2412 2087 2816 2158 pr0phetarum
2848 2087 3102 2142 colossea
3143 2085 3317 2142 ferme
3347 2087 3588 2151 statura,
3617 2094 3734 2136 non

2081 2191 2250 2232 secus
2303 2191 2370 2231 ac
2440 2178 2499 2231 in
2557 2176 2798 2231 basilica
2851 2176 3212 2231 Lateranensi
3266 2173 3478 2229 factum
3551 2184 3740 2241 nuper

2081 2265 2364 2327 videmus,
2397 2279 2499 2319 seu
2527 2265 2858 2319 restitutum
2896 2263 3078 2318 fuisse
3103 2268 3389 2329 ornatum,
3428 2273 3528 2330 pro
3553 2259 3738 2314 veteri

2083 2367 2258 2421 more,
2295 2354 2353 2406 in
2385 2351 2575 2406 tribus
2590 2352 2896 2420 pracipuis
2922 2351 3186 2405 basilicis
3206 2351 3394 2404 Roma
3417 2348 3736 2404 custodito.

2081 2441 2219 2495 Nam
2251 2445 2308 2494 et
2349 2439 2408 2492 in
2439 2439 2723 2492 Vaticana
2748 2438 2923 2492 veteri
2957 2443 3251 2491 structura
3286 2437 3492 2490 seriem
3521 2437 3742 2491 Roma-

2081 2543 2286 2584 norum
2298 2528 2628 2583 antistitum
2645 2526 2920 2580 similiter
2933 2525 3262 2593 coloratam,
3279 2523 3486 2592 illique
3502 2524 3746 2591 imposi-

2081 2623 2169 2671 tas
2191 2616 2467 2671 historias
2488 2615 2796 2684 utriusque
2820 2613 3188 2679 Testamenti,
3221 2612 3436 2682 quibus
3459 2611 3744 2665 immine-

2082 2713 2208 2763 rent
2247 2708 2444 2778 ﬁgura
2475 2708 2902 2776 prOphetarum,
2934 2701 3148 2756 diserte
3179 2703 3453 2755 memorat
3487 2698 3741 2754 Jacobus

2078 2797 2413 2852 Grimaldus
2429 2795 2709 2862 notarius,
2742 2792 2834 2848 cui
2865 2793 3202 2846 demandata
3216 2789 3477 2843 fuitcura
3492 2801 3742 2857 percen—

2080 2881 2718 2950 sendiacdescribendi,
2734 2887 2790 2936 et
2805 2875 3586 2949 publicistabulisinserendi
3601 2877 3742 2931 dis-

2081 2974 2427 3044 positionem
2459 2973 2862 3026 etornamenta
2887 2967 3096 3022 veteris
3122 2964 3533 3020 illiusaditicii
3563 2969 3741 3018 ante-

2081 3076 2250 3134 quam
2264 3076 2294 3116 a
2309 3059 2737 3116 camentariisd
2750 3058 3038 3112 irueretur
3051 3055 3109 3110 in
3123 3068 3278 3109 nova
3301 3053 3554 3108 basilica
3566 3065 3742 3122 amp-

2081 3151 2320 3207 liatione
2333 3147 2441 3204 sub
2454 3147 2628 3202 Paulo
2643 3147 2868 3217 quinto.
2889 3145 3217 3214 Quinetiam
3239 3142 3296 3196 in
3316 3141 3534 3211 cryptis
3567 3141 3742 3195 Vati—

2081 3239 2243 3294 canis
2260 3237 2538 3306 hodieque
2559 3236 2772 3290 visitur
2806 3233 3078 3305 graphice
3097 3231 3406 3296 delineata,
3435 3235 3492 3283 et
3511 3227 3741 3284 colori-

2083 3327 2192 3382 bus
2219 3329 2639 3396 reprasentata,
2671 3328 2788 3378 tum
2817 3319 3250 3392 ichnographia,
3282 3325 3402 3373 tum
3427 3316 3740 3386 orthogra-

2085 3415 2220 3486 phia
2233 3413 2488 3468 basilica
2509 3413 2737 3480 veteris,
2755 3424 2924 3480 quam
2951 3407 3156 3478 prasul
3171 3405 3538 3474 Ciampinius
3556 3405 3740 3459 aneis

2082 3503 2290 3559 deinde
2337 3500 2553 3556 tabulis
2601 3499 2859 3554 reddidit
2889 3498 2948 3552 in
2974 3496 3206 3552 laudato
3259 3493 3408 3549 libro
3450 3493 3520 3546 de
3550 3491 3744 3547 sacris

2084 3589 2393 3646 adiﬁciisa
2410 3589 2610 3658 Magno
2624 3585 3000 3642 Constantino
3011 3583 3379 3638 constructis.
3397 3579 3496 3633 His
3508 3591 3745 3648 quoque

2084 3677 2422 3734 auctoribus
2451 3675 2765 3746 (Grimaldo
2790 3680 2846 3728 et
2867 3671 3191 3741 Ciampino)
3210 3667 3482 3723 debemus
3509 3677 3747 3735 praser-

2087 3774 2271 3822 vatam
2327 3766 2496 3821 nobis
2527 3764 2858 3820 memoriam
2907 3769 3029 3817 tum
3078 3759 3305 3826 epocha
3352 3757 3740 3826 picturarum,

2087 3861 2208 3910 tum
2240 3855 2411 3909 seriei
2442 3853 2698 3922 duplicis
2739 3850 3072 3920 pontiﬁcum
3105 3849 3487 3902 Romanorum
3521 3841 3743 3896 ibidem

2085 3943 2385 4012 disposita
2407 3959 2420 3995 :
2442 3954 2686 4010 quorum
2715 3937 3045 3994 testimonia
3067 3948 3178 3990 non
3196 3932 3414 4004 pigebit
3431 3941 3741 4000 apponere,

2089 4038 2150 4086 ut
2182 4037 2443 4085 constare
2483 4030 2666 4098 possit
2695 4029 2766 4082 de
2818 4025 3167 4096 antiquitate
3196 4029 3367 4092 atque
3396 4023 3746 4074 auctoritate

2086 4119 2367 4189 ejusmodi
2405 4119 2904 4186 monimentorum,
2937 4129 3002 4170 ac
3025 4114 3096 4168 de
3115 4108 3476 4167 documentis
3501 4106 3746 4161 chrono-

2089 4209 2256 4278 IOgia
2271 4205 2598 4275 pontiﬁcia,
2613 4204 3044 4259 totsaculorum
3063 4193 3746 4268 incorruptotestimonio

2093 4296 2154 4350 in
2204 4296 2297 4350 his
2326 4302 2659 4349 asservata:
2696 4296 2866 4364 cujus
2914 4292 2996 4346 rei
3036 4289 3222 4362 gratia
3253 4287 3371 4342 hac
3393 4281 3746 4354 diligentius

2093 4384 2408 4454 expendere
2427 4389 2484 4438 et
2503 4383 2800 4438 observare
2828 4379 3131 4436 constitui.

332 4454 621 4553 pontificis
642 4455 1129 4553 δίδίέίάδπνίῖηίίξ
1143 4466 1274 4551 cu?“
1304 4453 1982 4553 ίἾδίΫῇξίοηθξηηθτυων
2013 4475 2068 4536 D
2163 4481 2500 4552 Ciampinus
2521 4483 2702 4553 igitur
2716 4483 2786 4538 de
2801 4477 3281 4536 sacris-Ediﬁciis
3299 4487 3421 4544 cap.
3446 4468 3500 4540 4,
3525 4482 3653 4540 pag.
3671 4462 3750 4522 34

333 4543 613 4596 mensium
650 4555 714 4596 ac
739 4543 963 4596 dierum
996 4543 1055 4596 in
1089 4541 1240 4596 Petri
1267 4541 1399 4596 sede
1430 4539 1520 4594 illi
1549 4539 1980 4595 attributorum-

333 4631 623 4684 Postrema
646 4641 715 4682 ex
742 4626 828 4696 42,
864 4629 1156 4697 pertinens
1186 4629 1255 4684 ad
1280 4634 1540 4684 sanctum
1567 4627 1982 4699 Innocentium,

332 4719 415 4774 ita
435 4724 710 4788 concepta
739 4722 860 4774 est:

941 4811 1005 4875 ᾧ
1038 4807 1341 4864 INNOCEN

1043 4895 1193 4950 CIVS
1217 4893 1344 4946 SED

1054 4974 1210 5049 Α’Νῑ
1230 4993 1327 5048 xv

1033 5074 1284 5150 Ῑιιιῑῑ
1301 5094 1354 5148 x
1383 5091 1438 5146 Χ

336 5208 488 5262 Hanc
516 5219 648 5261 vero
691 5202 1193 5274 consequebantur
1233 5199 1506 5270 praxima
1537 5203 1665 5268 post
1709 5199 1982 5256 flexuram

336 5294 535 5362 anguli
568 5294 627 5348 in
661 5293 879 5364 pariete
901 5291 972 5346 ad
1000 5290 1353 5345 occidentem
1375 5288 1508 5344 sito.
1535 5289 1736 5343 Verum
1771 5289 1851 5344 ibi
1888 5290 1986 5344 in—

333 5381 493 5450 juria
517 5381 793 5450 temporis
815 5379 1237 5434 interciderunt
1255 5381 1378 5432 tum
1411 5377 1708 5448 imagines,
1743 5383 1865 5433 tum
1894 5379 1982 5433 in-

339 5468 706 5536 scriptiones,
738 5467 973 5536 delapso
1004 5467 1396 5536 integumento
1425 5466 1601 5521 calcis
1631 5466 1728 5522 ubi
1761 5467 1987 5522 fuerant

339 5555 638 5621 colorata,
659 5567 761 5608 nec
781 5553 1080 5624 quidpiam
1102 5567 1168 5608 su
1178 5559 1438 5623 perestex
1454 5567 1516 5609 ea
1536 5555 1760 5624 pictura
1784 5561 1988 5623 prater

339 5643 567 5712 aliquas
593 5641 886 5710 portiones
909 5640 1282 5714 circulorum,
1314 5643 1612 5714 imagines,
1646 5642 1786 5698 olim
1817 5641 1997 5698 conti-

2095 4578 2152 4628 et
2199 4587 2390 4643 seqq.,
2440 4571 2770 4628 describens
2824 4576 3012 4641 partes
3055 4565 3318 4638 singulas
3361 4568 3534 4630 atque
3563 4568 3749 4613 orna-

2095 4669 2284 4719 menta
2318 4663 2600 4732 parietum
2643 4661 2852 4718 veteris
2904 4659 3159 4715 basilica
3207 4655 3510 4717 Vaticana,
3560 4653 3625 4702 ut
3670 4645 3748 4700 ad

2098 4753 2304 4808 seriem
2364 4752 2702 4822 pontiﬁcum
2750 4751 3031 4822 pervenit,
3074 4749 3190 4816 jam
3233 4743 3568 4807 indicatam,
3595 4741 3652 4790 et
3681 4734 3750 4790 in

2099 4842 2316 4898 tabulis
2353 4857 2389 4898 x
2437 4847 2492 4897 et
2521 4841 2972 4907 x1delineatam,
3005 4851 3100 4894 eas
3132 4838 3390 4906 picturas
3420 4828 3750 4885 aFormOso

2097 4946 2240 5002 papa
2251 4933 2478 4988 additas
2495 4945 2592 4986 seu
2609 4931 2906 4985 restitutas
2918 4928 3098 4984 fuisse
3109 4922 3402 4996 signiﬁcat
3417 4917 3510 4974 his
3521 4913 3715 4971 verbis
3730 4931 3747 4968 :

2097 5040 2124 5071 α
2165 5019 2420 5090 Reliqua
2450 5034 2579 5074 vero
2603 5019 2860 5088 pictura,
2885 5029 3125 5087 quarum
3152 5026 3264 5068 una
3287 5025 3418 5080 pars
3441 5005 3750 5062 historiam

2092 5109 2312 5164 Veteris
2333 5107 2676 5164 Testamenti
2706 5105 3064 5177 designabat,
3094 5108 3148 5159 et
3181 5103 3422 5158 istarum
3450 5095 3752 5153 nonnulla

2097 5197 2314 5266 injuria
2367 5197 2640 5266 temporis
2677 5202 2840 5250 erant
2889 5193 3108 5261 deleta,
3151 5197 3216 5247 ut
3244 5204 3313 5245 ex
3339 5188 3532 5244 eadem
3559 5183 3673 5240 tab.
3709 5197 3752 5239 ι

2095 5284 2371 5341 facillime
2414 5286 2579 5356 argui
2634 5290 2857 5355 potest;
2910 5281 3092 5338 altera
3139 5294 3272 5336 vero
3315 5291 3446 5348 pars
3477 5273 3753 5344 superius

2093 5374 2452 5429 diversorum
2475 5379 2801 5429 sanctorum
2835 5371 3118 5440 imagines
3161 5363 3618 5438 reprasentabat.
3651 5361 3755 5418 Ha

2098 5464 2336 5533 pictura
2365 5461 2790 5532 antiquissima
2817 5466 2981 5515 erant
3022 5465 3077 5513 et
3103 5458 3218 5527 jam
3247 5460 3531 5510 vetustate
3577 5451 3750 5522 quasi

2096 5558 2466 5620 consumpta,
2495 5551 2664 5620 jussu
2702 5548 2962 5604 Formosi
2996 5546 3168 5617 primi
3213 5543 3425 5600 summi
3455 5539 3756 5611 pontiﬁcis

2096 5637 2278 5709 facta,
2325 5639 2425 5709 qui
2471 5638 2671 5694 ﬂoruit
2698 5649 2850 5693 anno
2877 5633 3002 5691 890.
3049 5634 3302 5690 Aderant
3345 5631 3520 5686 etiam
3553 5630 3614 5686 in
3647 5641 3754 5686 zo-
