3942 6430
350 340 503 409 1051
1505 339 1921 405 ANASTASII
1965 341 2621 408 BIBLIOTHECARII.
3620 345 3809 410 1053

512 479 858 543 nitionibus
900 495 1043 538 eum
1088 481 1184 537 est
1225 474 1558 548 allocutus,
1608 476 1961 556 praedicans
2006 476 2062 537 ei
2106 475 2185 557 (α)
2234 476 2315 537 ab
2359 476 2573 538 hostili
2635 478 2915 540 motione
2977 484 3041 541 et
3095 477 3427 559 sanguinis
3469 479 3809 542 effusione

512 587 856 668 quiescere,
903 590 965 645 et
1007 602 1083 645 ea
1125 602 1266 663 quae
1312 583 1485 663 pacis
1527 588 1675 644 sunt
1718 602 1969 663 semper
2011 583 2259 644 sectari.
2294 583 2483 663 Cujus
2528 585 2646 664 piis
2689 586 2955 666 eloquiis
3001 586 3223 658 ﬂexus,
3249 591 3311 647 et
3353 587 3806 648 constantiam

511 693 712 755 sancti
774 691 892 751 viri
952 695 1017 751 et
1076 689 1575 751 admonitionem
1622 689 1994 763 admiratus,
2061 690 2279 751 omnia
2341 711 2737 772 quaecunque
2793 692 2875 754 ab
2938 711 3013 753 ro
3076 692 3278 771 petiit,
3348 712 3462 773 per
3503 692 3815 772 gratiam

430 804 467 861 5
512 800 782 881 Spiritus
827 796 1029 858 sancti
1073 796 1370 871 obtinuit,
1418 802 1481 857 et
1541 796 1878 875 praedictas
1938 801 2215 876 quatuor
2275 797 2579 871 civitates,
2647 818 2809 878 quas
2866 799 3001 877 ipse
3063 804 3209 860 ante
3277 799 3605 861 biennium
3672 818 3818 879 per

508 906 932 969 obsessionem
980 905 1213 964 factam
1260 921 1374 983 pro
1419 903 1722 983 praedicto
1766 903 2188 965 Trasimundo
2244 902 2404 964 duce
2467 905 2794 984 Spoletino
2857 904 3228 980 abstulerat,
3295 906 3495 968 eidem
3559 912 3818 967 sancto

508 1032 652 1075 cum
696 1032 915 1074 eorum
964 1010 1429 1091 habitatoribus
1494 1010 1825 1071 redonavit
1887 1011 2046 1071 viro.
2093 1011 2260 1083 Quas
2303 1017 2365 1072 et
2410 1031 2522 1091 per
2564 1012 2973 1073 donationem
3033 1013 3312 1074 ﬁrmavit
3370 1013 3432 1074 in
3496 1014 3816 1075 oratorio

510 1120 876 1191 Salvatoris,
925 1119 1044 1180 sito
1101 1119 1269 1178 intra
1312 1117 1641 1177 ecclesiam
1685 1117 1854 1177 beati
1914 1118 2083 1178 Petri
2125 1118 2416 1197 apostoli,
2480 1118 2543 1177 in
2611 1118 2749 1197 ejus
2810 1119 3065 1180 nomine
3123 1119 3459 1181 aedificato.
3506 1123 3667 1181 Nam
3734 1127 3815 1181 et

507 1227 853 1289 Sabinense
899 1225 1381 1306 patrimonium,
1429 1224 1601 1304 quod
1645 1242 1758 1303 per
1800 1243 2003 1284 annos
2048 1244 2244 1305 prope
2290 1226 2551 1305 triginta
2596 1226 2801 1287 fuerat
2842 1226 3152 1300 ablatum,
3193 1233 3384 1307 atque
3428 1227 3814 1289 Narniense

387 1337 465 1397 10
507 1334 696 1396 etiam
743 1340 807 1395 et
847 1332 1275 1395 Auximanum
1321 1338 1511 1411 atque
1579 1331 2122 1404 Anchonitanum,
2186 1351 2431 1392 necnon
2476 1338 2539 1394 et
2582 1334 3049 1394 Numanatense
3090 1332 3203 1413 (ὁ),
3247 1340 3311 1395 et
3353 1333 3580 1395 vallem
3626 1353 3813 1414 quae

506 1446 773 1503 vocatur
834 1442 1086 1519 Magna,
1154 1439 1338 1500 sitam
1402 1438 1467 1497 in
1530 1437 1849 1498 territorio
1905 1438 2185 1512 Sutrino,
2237 1457 2349 1518 per
2408 1438 2777 1499 donationis
2838 1439 3093 1500 titulum
3154 1439 3276 1520 ipsi
3338 1440 3523 1502 beato
3587 1442 3813 1501 Petro

508 1548 943 1629 apostolorum
989 1546 1258 1627 principi
1301 1545 1699 1618 reconcessit,
1748 1550 1812 1605 et
1855 1563 2076 1625 pacem
2121 1564 2262 1605 cum
2310 1545 2541 1606 ducata
2590 1548 2875 1607 Romano
2920 1547 3054 1627 ipse
3098 1566 3209 1607 rex
3251 1548 3315 1608 in
3362 1546 3585 1626 viginti
3628 1566 3815 1609 con-

507 1655 787 1716 ﬁrmavit
830 1673 1053 1715 annos.
1102 1653 1225 1715 Sed
1270 1658 1333 1713 et
1375 1651 1658 1732 captivos
1718 1670 1939 1712 omnes
1982 1670 2141 1732 quos
2201 1652 2525 1713 detinebat
2589 1672 2663 1713 cx
2727 1653 2989 1714 diversis
3051 1653 3394 1734 provinciis
3457 1657 3813 1717 Romano-

505 1783 670 1838 rum,
719 1762 924 1824 missis
967 1760 1190 1822 litteris
1234 1760 1363 1821 suis
1410 1765 1536 1820 tam
1582 1758 1644 1819 in
1691 1759 1985 1820 Tusciam
2030 1778 2208 1820 suam
2248 1779 2577 1840 quamque
2624 1766 2799 1821 trans
2840 1761 3107 1834 Padum,
3156 1780 3282 1823 una
3324 1780 3466 1823 cum
3525 1764 3811 1823 Raven-

384 1876 458 1935 15
505 1871 759 1933 natibus
802 1869 1087 1950 captivis,
1134 1870 1433 1940 Leonem,
1479 1865 1795 1945 Sergium,
1841 1865 2155 1928 Victorem
2203 1873 2265 1928 ct
2306 1866 2641 1947 Agnellum
2685 1866 2763 1949 (c)
2811 1868 3101 1929 consules
3146 1867 3231 1951 (d)
3278 1868 3574 1949 praadicio
3623 1868 3812 1931 bea-

505 1973 748 2041 tissimo
793 1977 1027 2039 redona
1044 1976 1131 2037 vit
1174 1974 1480 2056 pontifici.

586 2121 744 2176 zu
795 2114 866 2175 In
908 2111 1215 2193 praedicta
1256 2128 1406 2171 vero
1451 2107 1712 2169 basilica
1753 2106 2284 2170 beati-Valentini
2328 2126 2440 2188 per
2483 2106 2766 2186 ejusdem
2813 2108 2978 2188 regis
3020 2109 3391 2189 petitionem
3436 2109 3501 2169 in
3563 2109 3803 2170 locum

502 2220 976 2299 Consignenstis
1021 2218 1094 2299 (ε)
1139 2216 1475 2287 Antistitis,
1506 2215 1617 2295 qui
1661 2213 2020 2288 transierat,
2055 2213 2250 2275 alium
2295 2215 2611 2276 ordinavit
2654 2215 3046 2296 episcopum.
3092 2218 3161 2277 In
3209 2215 3389 2296 cujus
3431 2234 3800 2278 consecra-

501 2328 677 2388 tione
718 2325 868 2386 dum
916 2324 1163 2384 adesset
1204 2322 1339 2401 ipse
1383 2340 1493 2382 rex
1536 2338 1679 2381 cum
1724 2319 1852 2380 suis
1888 2318 2233 2397 judicibus,
2283 2321 2771 2400 compunctione
2814 2322 3248 2401 inspirationis
3290 2323 3521 2385 divina:
3579 2329 3806 2384 tanta:

501 2431 809 2495 orationis
868 2430 1200 2490 dulcedine
1265 2428 1345 2488 ab
1406 2446 1481 2488 eo
1538 2432 1687 2487 sunt
1750 2426 2019 2506 prolata,
2070 2432 2140 2487 ut
2180 2446 2324 2488 cum
2386 2433 2675 2505 sanctum
2740 2428 2944 2489 virum
3009 2429 3448 2510 conspicerent
3509 2430 3808 2493 fundere

419 2544 457 2603 5
505 2556 741 2620 preces,
792 2537 1007 2616 plures
1050 2554 1126 2596 ex
1172 2534 1403 2596 eisdem
1453 2532 1887 2611 Longobardis
1932 2533 2011 2593 ad
2054 2534 2368 2614 lacrymas
2410 2540 2559 2595 sunt
2602 2534 2896 2614 permoti.
2943 2534 3181 2595 Eodem
3230 2553 3378 2595 vero
3422 2536 3524 2597 die
3568 2538 3811 2599 Domi-

503 2644 671 2716 nico,
719 2647 861 2723 post
913 2646 1171 2721 peracta
1231 2639 1565 2700 missarum
1629 2638 1962 2713 solemnia,
2026 2639 2107 2700 ad
2173 2640 2508 2720 prandium
2574 2640 2868 2700 eumdem
2930 2657 3143 2719 regem
3207 2640 3287 2700 ad
3355 2642 3806 2721 apostolicam

501 2749 1009 2812 benedictionem
1055 2745 1521 2827 suscipiendam
1564 2745 1698 2825 ipse
1741 2745 2142 2806 beatissimus
2187 2746 2470 2827 pontifex
2511 2745 2826 2807 invitavit.
2874 2746 2996 2809 Ubi
3040 2764 3183 2806 cum
3240 2751 3421 2807 tanta
3463 2748 3806 2811 suavitate

501 2879 679 2923 esum
722 2858 1012 2940 sumpsit,
1063 2864 1125 2919 et
1164 2857 1486 2918 hilaritate
1541 2855 1768 2929 cordis,
1838 2862 1910 2917 ut
1968 2856 2208 2917 diceret
2251 2856 2384 2936 ipse
2431 2875 2539 2916 rex
2584 2862 2832 2917 tantum
2894 2874 2960 2917 se
3020 2874 3349 2937 nunquam
3416 2858 3804 2921 meminisse

500 2974 920 3032 comessatum
969 2966 1075 3048 (Γ).
1121 2965 1262 3027 Alia
1303 2982 1453 3025 vero
1497 2963 1624 3037 die,
1669 2982 1813 3043 quae
1874 2958 1994 3023 fuit
2037 2963 2314 3024 secunda
2356 2963 2535 3037 feria,
2583 2964 2722 3025 vale
2765 2963 3005 3025 faciens
3046 2963 3105 3024 ei
3150 2963 3285 3044 ipse
3332 2983 3461 3039 rex,
3511 2964 3688 3026 misit
3726 2966 3803 3026 in

385 3081 462 3142 l0
505 3076 642 3157 ejus
684 3074 1060 3155 obsequium
1102 3070 1540 3153 Agiprandum
1584 3069 1674 3150 (g)
1716 3070 1943 3132 ducem
1985 3069 2338 3144 Clusinum,
2385 3076 2682 3151 nepotem
2727 3087 2935 3144 suum,
2992 3088 3105 3130 seu
3164 3069 3569 3150 Tacipertum
3633 3090 3794 3133 cas-

500 3184 765 3247 taldium
808 3182 875 3243 in
918 3180 1055 3261 ejus
1114 3178 1518 3259 obsequium,
1584 3182 1645 3239 et
1709 3178 2090 3257 Ramingum
2140 3176 2219 3259 (Ιι)
2268 3178 2621 3240 castaldum
2663 3181 3156 3252 Tuscanensem,
3203 3183 3395 3257 atque
3457 3177 3791 3241 Grimoal-

502 3293 677 3366 dum,
726 3289 837 3371 qui
880 3289 1081 3351 eidem
1129 3296 1347 3349 sancto
1391 3286 1527 3347 viro
1573 3304 1771 3363 usque
1815 3286 1896 3346 ad
1939 3285 2275 3365 praedictas
2319 3285 2608 3346 civitates
2638 3285 3013 3365 obsequium
3058 3286 3360 3359 facerent,
3386 3285 3786 3367 easdemque

503 3398 788 3461 civitates
829 3415 974 3459 cum
1019 3395 1147 3457 suis
1190 3393 1657 3455 habitatoribus
1700 3392 2046 3467 traderent,
2095 3392 2268 3473 quod
2311 3398 2374 3455 et
2418 3394 2656 3454 factum
2739 3398 2818 3454 st.

587 3540 752 3595 ιη
800 3533 871 3593 In
916 3529 1137 3611 primis
1176 3528 1540 3589 Amerinam
1585 3526 1927 3600 civitatem,
1974 3525 2202 3588 deinde
2246 3529 2616 3603 Hortanam,
2666 3525 2945 3607 dumque
3007 3526 3071 3587 in
3130 3525 3497 3588 Polimartio
3559 3533 3783 3589 castro

510 3640 975 3712 convenissent,
1023 3654 1294 3716 eumque
1337 3634 1702 3715 recepisset,
1750 3640 1812 3695 et
1854 3633 2073 3695 fuisset
2113 3633 2354 3695 itineris
2397 3634 2728 3712 longitudo
2774 3653 2886 3714 per
2927 3633 3257 3694 circuitum
3303 3633 3523 3694 finium
3569 3634 3788 3715 reipu-

508 3749 690 3810 blicae
735 3745 927 3808 eundi
974 3763 1170 3824 usque
1214 3742 1295 3803 ad
1338 3742 1675 3804 Bleranam
1719 3740 2038 3801 civitatem
2083 3759 2196 3820 per
2240 3747 2449 3820 partes
2493 3740 2767 3801 Sutrinae
2825 3740 3093 3802 civitatis
3155 3758 3267 3820 per
3309 3740 3466 3802 ﬁnes
3517 3743 3783 3820 Longo-

509 3855 853 3917 bardorum
898 3852 1163 3925 Tusciae,
1210 3850 1361 3929 quia
1404 3849 1481 3909 de
1525 3847 1884 3928 propinquo
1929 3852 2084 3920 erat,
2133 3846 2198 3907 id
2242 3852 2338 3907 est
2380 3865 2493 3926 per
2533 3851 2809 3907 castrum
2854 3846 3205 3908 Viterbium
3252 3845 3344 3927 (ι),
3379 3846 3514 3927 ipse
3542 3846 3787 3907 missus

430 3967 467 4025 5
511 3962 676 4041 regis
718 3958 1119 4023 Grimoaldus
1162 3952 1452 4019 eumdem
1497 3954 1928 4015 beatissimum
1975 3952 2335 4033 pontificem
2366 3952 2661 4033 perduxit
2691 3971 2890 4033 usque
2934 3952 3014 4013 ad
3046 3953 3382 4015 Bleranam
3414 3952 3777 4030 civitatem,

507 4088 698 4151 quam
745 4073 809 4129 et
851 4067 973 4148 lpsi
1015 4070 1236 4128 sancto
1281 4063 1416 4124 viro
1462 4061 1961 4143 pramominatus
2005 4061 2352 4139 Ramingus
2394 4060 2735 4121 castaldius
2789 4065 2852 4121 et
2905 4061 3040 4140 jam
3103 4060 3309 4121 dictus
3373 4060 3786 4122 Grimoaldus

514 4179 739 4241 missus
781 4176 1329 4239 contradiderunt.
1377 4174 1455 4234 Et
1497 4171 1584 4231 sic
1632 4188 1949 4249 regressus
1992 4174 2108 4246 est,
2153 4170 2282 4231 Deo
2328 4169 2630 4250 propitio,
2676 4188 2819 4230 cum
2880 4168 3159 4231 victoriae
3222 4168 3437 4250 palma
3499 4169 3565 4231 in
3610 4168 3786 4231 hanc

513 4288 735 4349 urbem
781 4288 1069 4347 Romam.
1117 4281 1235 4354 Qui
1279 4279 1471 4342 etiam
1516 4296 1771 4339 omnem
1818 4277 2125 4357 pepulum
2171 4295 2548 4356 aggregans,
2594 4295 2701 4337 eos
2763 4282 2857 4338 est
2914 4277 3249 4349 allocutus,
3297 4282 3367 4338 ut
3408 4276 3487 4336 ad
3532 4275 3784 4356 persol-

511 4394 747 4456 vendas
790 4390 1215 4473 omnipotenti
1257 4392 1385 4450 Deo
1430 4386 1777 4466 gratiarum
1824 4383 2105 4446 actiones
2148 4384 2229 4445 ab
2282 4384 2547 4445 ecclesia
2588 4383 2701 4445 Dei
2768 4384 3120 4458 Genitricis,
3167 4403 3309 4465 qua:
3370 4389 3635 4446 vocatur
3697 4382 3783 4445 ad

393 4506 470 4565 10
513 4505 840 4582 Martyres,
889 4497 1122 4578 egressi
1165 4515 1387 4557 omnes
1430 4512 1574 4555 cum
1623 4492 1860 4553 letania
1900 4490 2284 4570 generaliter
2321 4497 2739 4572 properarent
2781 4491 2862 4552 ad
2905 4492 3162 4553 beatum
3211 4475 3565 4571 Principem
3596 4510 3787 4572 apos-

513 4610 830 4681 tolorum;
876 4612 940 4667 et
982 4605 1073 4666 ita
1115 4605 1351 4665 factum
1397 4606 1511 4663 est.

591 4751 769 4806 ιη
816 4741 899 4823 (λ)
943 4740 1052 4801 His
1094 4744 1306 4800 autem
1367 4734 1641 4816 expletis
1687 4733 1905 4794 indict.
1951 4749 2013 4807 Χ,
2060 4731 2126 4792 in
2184 4731 2594 4812 subsequenti
2643 4730 2864 4794 indict.
2925 4749 3013 4805 χι,
3077 4733 3226 4794 dum
3276 4732 3540 4794 nimium
3590 4731 3781 4814 oppri

515 4856 716 4914 meret
774 4848 1112 4931 praadictus
1174 4863 1286 4907 rex
1361 4841 1754 4924 provinciam
1835 4838 2320 4909 llavennatium,
2390 4838 2736 4919 fuissetque
2811 4846 3206 4921 praeparatus
3279 4839 3361 4901 ad
3427 4840 3779 4901 motionem

513 4957 869 5022 faciendam
923 4962 987 5017 et
1035 4951 1451 5015 obsidendam
1512 4947 1979 5010 Ravennatium
2035 4945 2279 5020 urbem,
2340 4945 2598 5025 cognita
2654 4948 2932 5010 motione
2989 4947 3273 5027 ejusdem
3341 4945 3530 5025 regis,
3588 4944 3782 5027 Eutyi

515 5065 694 5127 chius
751 5060 1317 5127 excellentissimus
1367 5057 1678 5139 patricius
1733 5061 1797 5118 et
1869 5054 2201 5124 exarchus,
2263 5071 2393 5115 una
2446 5071 2591 5115 cum
2648 5054 2897 5116 Joanne
2952 5054 3430 5136 archiepiscopo
3482 5054 3776 5116 Ecclesiae

1554 5420 1800 5469 NOTULE
1840 5418 2228 5467 IARGINALES
2268 5418 2583 5467 FABROTTI.
2642 5446 2668 5458 ς

323 5716 345 5729 ψ
433 5748 513 5812 (α)
542 5764 699 5805 eum.
776 5752 850 5824 (ὸ)
880 5758 947 5820 Β,
980 5752 1395 5809 Polimarense.
1473 5753 1541 5825 (c)
1571 5751 1860 5825 Agellum.

364 5815 404 5870 ε
431 5818 774 5870 comedisse.
809 5827 872 5870 B-
903 5840 939 5870 ιι
980 5839 1043 5870 se.
1089 5840 1412 5870 nnmnanm-
1490 5829 1567 5870 nn
1616 5830 1674 5870 Β-
1731 5822 1880 5870 Ᾱιιιρι

2214 5749 2503 5806 nsulares.
2581 5753 2652 5817 (ιε)
2684 5749 2742 5816 C,
2768 5749 3127 5806 Consentini.
3154 5750 3216 5819 Β,
3240 5746 3634 5806 Constantini.
3708 5745 3766 5814 (Ι)

2264 5824 2343 5870 (In
2380 5826 2443 5870 Β.
2496 5822 2851 5870 Ηιιῃὶηριιιῃ-
2930 5824 2994 5870 (ﬂ
3030 5822 3384 5870 Laternium.
3458 5821 3530 5870 (ὁ)
3576 5820 3765 5870 Βανοη.

364 5818 873 5943 ξηξειῐᾶἓὲξεδοξιζ,
903 5818 940 5878 a
980 5839 1043 5878 se
1089 5840 1414 5881 comesum.
1481 5818 1567 5897 (9)
1611 5818 1676 5893 Β,
1728 5822 1921 5894 Aldep:

2264 5824 2343 5891 (h)
2375 5826 2444 5888 Β,
2495 5822 2851 5894 Raningum.
2930 5824 2994 5894 (ὁ)
3027 5822 3384 5881 Laternium.
3458 5821 3530 5892 (j)
3576 5820 3764 5875 Barca.
