3942 6400
120 369 303 432 4053
823 351 1242 428 'HISTORIA
1286 366 1387 426 ne
1430 364 1636 426 VITIS

2004 365 2233 424 lNT.-—-
2265 364 2330 424 S.
2377 363 2840 423 ZACHARIAS.
2941 375 2950 378 '
3409 364 3561 426 1054

222 502 263 562 5
309 500 720 574 Ravennatis,
767 506 958 580 atque
1003 498 1294 559 universo
1342 499 1574 578 populo
1621 498 1935 577 praedictae
1981 496 2247 556 civitatis
2291 515 2364 556 ac
2407 496 2731 556 civitatum
2777 497 3196 576 Pentapoleos
3249 503 3312 558 et
3365 498 3562 558 Emi-

305 609 432 683 liaa,
480 611 648 670 facta
690 609 750 668 in
798 607 1046 687 scriptis
1091 606 1523 666 obsecratione
1569 604 1870 684 praedicto
1915 611 2132 663 sancto
2181 604 2486 663 miserunt
2530 603 2686 676 viro,
2737 609 3018 682 petentes
3068 609 3132 664 ut
3177 623 3291 684 pro
3346 625 3562 665 eorum

305 719 589 777 curreret
633 715 718 796 (α)
761 714 1154 775 liberatione.
1202 713 1317 784 Qui
1362 718 1614 772 sanctus
1657 711 1772 781 vir,
1825 711 2012 770 missa
2058 711 2369 788 legatione
2416 718 2478 770 et
2539 711 2899 770 muneribus
2961 711 3037 770 ad
3103 712 3563 772 obsecrandum

306 821 601 883 eumdem
649 839 860 899 regem
907 839 1018 899 per
1061 820 1468 880 Benedictum
1516 819 1880 897 episcopum
1925 824 1986 878 et
2033 817 2520 891 vicedominum,
2570 825 2758 896 atque
2821 818 3221 878 Ambrosium
3270 819 3564 898 primice-

308 929 472 988 rium
521 928 936 1000 notariorum,
986 926 1166 1006 petiit
1231 933 1380 986 uta
1442 927 1716 985 motione
1781 931 2071 996 cessaret,
2136 931 2197 984 et
2267 926 2678 984 Cesenatense
2738 925 3207 984 Ravennatibus
3279 925 3571 988 redderet

179 1036 264 1096 10
311 1041 633 1106 castrum;
680 1035 785 1094 sed
833 1052 1054 1113 passus
1098 1051 1221 1093 non
1270 1039 1384 1092 est.
1433 1032 1622 1110 Cujus
1671 1033 1820 1090 dum
1867 1032 2089 1104 duram
2138 1031 2668 1110 perseverantiam
2744 1031 3133 1110 conspiceret
3179 1031 3312 1111 jam
3361 1035 3566 1094 nomi-

309 1147 497 1201 natus
540 1141 970 1201 sanctissimus
1015 1140 1130 1208 vir,
1180 1145 1420 1219 tropico
1466 1139 1609 1198 ﬁdei
1657 1139 1956 1209 munitus,
2005 1138 2222 1198 relicta
2269 1141 2552 1198 Romana
2610 1138 2760 1197 urbe
2817 1137 2950 1216 jam
3015 1139 3182 1198 dicto
3244 1139 3569 1218 Stephano

311 1246 580 1327 patricio
625 1253 687 1306 et
729 1247 876 1307 duci
919 1246 999 1305 ad
1045 1247 1552 1325 gubernandum,
1604 1265 1727 1306 non
1775 1245 1934 1305 sicut
1980 1245 2423 1316 mercenarius,
2481 1245 2587 1304 sed
2646 1246 2807 1305 sicut
2867 1264 3010 1305 vere
3067 1251 3282 1324 pastor
3338 1247 3570 1308 relictis

313 1353 560 1425 ovibus,
609 1352 689 1413 ad
735 1372 839 1414 eas
883 1372 1023 1432 quze
1087 1353 1384 1432 periturae
1445 1359 1625 1413 erant
1693 1353 2087 1412 redimendas
2145 1353 2438 1412 occurrit.
2501 1354 2635 1423 Quo
2698 1371 2946 1431 egresso
3007 1353 3228 1413 itinere
3292 1354 3440 1413 dum
3505 1375 3571 1416 se

312 1459 711 1521 orationibus
755 1460 1230 1520 commendaret
1293 1461 1479 1519 beato
1551 1459 1980 1538 apostolorum
2045 1459 2314 1539 principi
2377 1461 2560 1519 Petro
2624 1478 2764 1518 cum
2830 1459 2955 1518 suis
3017 1460 3446 1521 sacerdotibus
3509 1467 3573 1522 et

184 1570 261 1630 15
309 1566 479 1628 clero
524 1585 667 1628 cum
715 1566 1078 1636 viatoribus,
1128 1572 1284 1627 nutu
1330 1567 1780 1646 omnipotentis
1833 1566 1964 1636 Dei,
2015 1573 2085 1625 ut
2146 1585 2271 1626 non
2331 1565 2537 1626 calore
2591 1571 2924 1626 urerentur
2966 1587 3076 1645 per
3136 1567 3324 1638 diem,
3376 1588 3572 1647 usque

315 1674 397 1734 ad
444 1673 651 1734 locum
700 1673 803 1733 ubi
853 1673 1124 1733 tentoria
1168 1673 1466 1750 ﬁgebant,
1515 1674 1715 1732 nubes
1759 1692 1864 1732 eos
1910 1673 2185 1751 tegebat,
2232 1691 2372 1751 quas
2417 1673 2493 1732 ad
2543 1692 2871 1752 vesperum
2918 1673 3234 1734 residebat
3279 1674 3383 1754 (b).
3433 1676 3571 1738 Alio

315 1785 530 1842 autem
575 1779 677 1841 die
721 1780 783 1840 in
831 1799 1047 1840 eorum
1095 1781 1484 1858 protectione
1529 1787 1663 1840 erat
1706 1780 2006 1840 divinitus
2067 1780 2375 1852 instituta,
2424 1780 2524 1839 cui
2581 1781 2832 1840 obviam
2878 1782 3150 1841 occurrit
3200 1783 3573 1845 denomina-

319 1894 424 1948 tus
467 1887 1028 1948 excellentissimus
1072 1888 1383 1948 exarchus
1428 1907 1623 1967 usque
1669 1888 1747 1947 ad
1793 1887 2116 1946 basilicam
2164 1887 2329 1947 beati
2376 1886 2835 1966 Christophori,
2885 1887 3150 1967 positam
3196 1889 3420 1950 inloco
3465 1892 3574 1971 qui

318 1999 583 2056 vocatur
625 1994 705 2054 ad
749 1994 1064 2074 Aquilam,
1114 1995 1639 2074 quinquagesimo
1685 1996 1814 2054 fere
1861 1994 2156 2054 milliario
2201 2013 2238 2053 a
2283 1992 2738 2053 Ravennatium
2787 1994 2962 2054 urbe.
3011 1996 3153 2074 Ipsa
3195 2014 3342 2056 vero
3375 1998 3574 2059 nubes

189 2105 272 2165 20
315 2120 461 2163 cum
508 2101 597 2162 eis
642 2119 837 2181 usque
881 2102 962 2162 ad
1008 2102 1326 2162 basilicam
1373 2103 1570 2162 sancti
1637 2101 2019 2182 Apollinaris
2072 2101 2136 2160 in
2195 2100 2654 2161 Ravennatium
2719 2101 2939 2161 urbem
3006 2104 3272 2182 tegendo
3316 2105 3571 2166 convia-

318 2208 432 2268 vit.
480 2208 721 2269 Exinde
764 2209 1003 2269 factum
1049 2215 1142 2269 est
1185 2209 1456 2287 signum,
1508 2215 1577 2286 ut
1629 2215 1917 2270 sanctum
1963 2209 2323 2288 pontiﬁcem
2397 2227 2522 2287 quo
2585 2215 2720 2268 erat
2779 2209 2982 2269 iturus
3045 2210 3106 2269 in
3153 2211 3572 2273 'l‘icinensium

319 2315 542 2376 urbem
590 2315 756 2375 acies
800 2315 1000 2393 igneae
1046 2313 1108 2374 in
1157 2315 1429 2375 nubibus
1491 2316 1936 2395 praecederent.
1991 2318 2292 2394 Egressus
2345 2321 2552 2375 autem
2627 2315 2704 2375 de
2766 2315 3018 2377 civitate
3083 2320 3568 2393 Ravennatensi,

320 2421 442 2482 viri
485 2440 558 2482 ac
603 2421 897 2482 mulieres
941 2421 1170 2481 diversi
1214 2440 1419 2491 sexus,
1469 2430 1531 2482 et
1575 2423 1778 2482 aetatis
1821 2428 2080 2500 agentes
2123 2422 2359 2500 gratias
2403 2421 2820 2502 omnipotenti
2865 2425 3016 2495 Deo,
3063 2424 3335 2503 profusis
3379 2425 3577 2506 lacry-

320 2527 442 2588 mis
486 2527 776 2588 eumdem
824 2534 1112 2588 sanctum
1159 2535 1569 2607 susceperunt
1613 2530 2000 2608 pontiﬁcem,
2047 2529 2394 2589 clamantes
2438 2535 2627 2608 atque
2689 2530 2968 2590 dicentes
3014 2546 3028 2588 :
3077 2532 3243 2591 Bene
3289 2532 3462 2592 venit
3504 2531 3577 2614 (c)

197 2637 277 2697 25
329 2640 546 2714 pastor
589 2640 821 2708 noster,
870 2635 978 2714 qui
1021 2653 1167 2695 suas
1211 2635 1464 2715 reliquit
1505 2655 1676 2709 oves,
1723 2642 1785 2696 et
1827 2635 1906 2695 ad
1971 2655 2110 2708 nos,
2158 2637 2266 2715 qui
2313 2637 2574 2716 perituri
2631 2655 2902 2712 eramus,
2954 2637 3316 2698 liberandos
3359 2657 3580 2700 occur-

319 2742 424 2802 rit.

409 2882 574 2936 ιη
621 2877 712 2936 Ex
757 2874 979 2935 eadem
1023 2893 1275 2954 quogue
1321 2875 1775 2936 Ravennatium
1823 2874 1976 2935 urbe
2023 2875 2191 2934 misit
2235 2893 2421 2954 papa,
2467 2875 2545 2934 ad
2592 2875 3123 2954 przenominatum
3169 2895 3404 2954 regem,
3439 2881 3580 2940 Ste-

323 2981 609 3062 phanum
655 2982 1091 3062 presbyterum
1139 2988 1201 3043 et
1241 2982 1642 3043 Ambrosium
1690 2982 2138 3062 primicerium,
2185 2981 2293 3061 qui
2359 2981 2801 3041 annuntiarint
2861 2981 2918 3041 ei
2962 3001 3146 3042 suum
3205 2984 3576 3047 adventum.

319 3088 440 3160 Qui
483 3088 596 3149 viri
643 3088 907 3167 ingressi
949 3088 1014 3148 in
1056 3089 1291 3149 finibus
1335 3088 1422 3168 (d)
1465 3089 2028 3167 Longobardorum
2075 3088 2137 3147 in
2185 3087 2496 3148 civitatem
2545 3106 2686 3166 qua:
2734 3093 2996 3148 vocatur
3037 3088 3259 3149 Imola.
3307 3108 3577 3168 cognos-

321 3200 536 3257 centes
579 3195 689 3275 qui
734 3195 1257 3276 praepoditionem
1306 3195 1380 3275 (c)
1425 3196 1791 3256 nitebantur
1833 3196 2037 3256 facere
2082 3194 2381 3274 praedicto
2440 3201 2657 3254 sancto
2717 3193 2870 3268 viro,
2922 3212 3034 3255 nec
3090 3195 3241 3255 illuc
3288 3197 3578 3257 ambula—

235 3306 276 3364 5
322 3309 442 3376 ret,
490 3322 603 3382 per
645 3303 973 3382 epistolam
1020 3303 1319 3382 scriptam
1366 3322 1478 3382 per
1519 3303 1720 3363 noctis
1782 3303 2099 3362 silentium
2147 3303 2621 3362 nuntiaverunt.
2669 3301 2804 3372 Quo
2863 3302 3114 3380 cognito
3170 3302 3306 3380 jam
3372 3304 3577 3364 nomi-

323 3415 512 3470 natus
555 3409 862 3490 pontifex,
913 3409 1264 3470 lucescente
1307 3409 1408 3470 die
1453 3409 1754 3478 Sabbato,
1804 3427 1929 3469 non
1979 3409 2196 3469 mortis
2241 3409 2462 3468 timore
2507 3407 2899 3486 perterritus,
2947 3408 3056 3468 sed
3101 3407 3331 3469 Christi
3383 3411 3582 3471 fretus

323 3515 586 3590 auxilio,
633 3517 936 3577 audacter
978 3535 1264 3594 egressus
1305 3516 1382 3576 de
1414 3517 1872 3576 Itavennatium
1917 3516 2070 3575 urbe
2115 3516 2178 3575 in
2225 3516 2455 3575 ﬁnibus
2499 3514 2580 3594 (Γ)
2620 3515 3178 3592 Langobardorum
3237 3516 3575 3594 ingressus,

322 3622 648 3704 sesquipes
692 3624 890 3684 factus
933 3628 1026 3683 est
1068 3622 1195 3682 suis
1241 3622 1465 3683 missis.
1515 3627 1683 3694 Quos
1739 3623 1994 3702 quidem
2062 3621 2485 3701 prmcedentes
2551 3627 2694 3682 ante
2757 3640 2924 3694 cum,
2982 3620 3118 3700 jam
3181 3621 3382 3684 dictus
3444 3643 3578 3696 rex,

323 3730 546 3790 dolore
591 3730 938 3809 perculsus,
985 3729 1301 3808 suscipere
1347 3729 1572 3789 noluit.
1621 3731 1759 3808 Ipse
1805 3748 1953 3789 vero
1997 3747 2279 3788 summus
2327 3728 2604 3808 pontifex
2649 3727 2948 3788 vicesima
2989 3733 3212 3789 octava
3256 3729 3358 3790 die
3404 3748 3580 3790 men-

201 3839 282 3898 10
325 3836 411 3897 sis
451 3836 624 3898 Junii
670 3836 750 3896 ad
792 3836 1034 3896 Padum
1079 3836 1394 3909 convenit,
1445 3836 1552 3895 ubi
1608 3842 1668 3896 et
1712 3836 1793 3896 ad
1837 3836 2308 3914 suscipiendum
2355 3855 2498 3896 eum
2543 3835 2674 3915 ipse
2739 3853 2846 3895 rex
2891 3855 3037 3896 suos
3098 3836 3267 3897 misit
3308 3838 3582 3918 optima-

323 3951 460 4017 tes;
506 3962 649 4005 eum
697 3943 926 4023 quibus
970 3943 1260 4006 Ticinuni
1303 3944 1704 4016 conveniens,
1753 3943 1862 4003 ubi
1904 3943 2036 4022 ipse
2084 3943 2398 4004 residebat
2442 3962 2568 4016 rex,
2621 3943 2771 4003 foris
2819 3961 3032 4004 muros
3093 3943 3375 4022 ejusdem
3431 3946 3584 4006 civi-

322 4051 473 4111 tatis
518 4050 970 4131 pertransiens,
1015 4051 1096 4110 ad
1137 4051 1359 4111 horam
1406 4050 1710 4111 orationis
1756 4069 1987 4110 nonam
2036 4069 2149 4129 pro
2194 4051 2553 4128 vigiliarum
2601 4050 2768 4111 beati
2814 4051 3248 4129 apostolorum
3281 4052 3585 4132 principis

320 4157 494 4218 Petri
536 4157 930 4219 celebrandis
971 4157 1290 4217 solemniis
1335 4157 1689 4231 missarum,
1737 4157 1801 4216 in
1848 4157 2169 4217 basilicam
2216 4155 2376 4235 ejus,
2425 4176 2566 4235 quae
2613 4163 2872 4217 vocatur
2901 4157 2980 4217 ad
3005 4158 3243 4218 Caelum
3290 4177 3579 4231 aureum,

295 4265 625 4344 perrexit.
674 4265 750 4324 Et
794 4269 935 4343 post
977 4264 1356 4343 completam
1401 4264 1786 4325 oblationem
1833 4262 1916 4343 (θ)
1962 4264 2024 4322 in
2069 4263 2356 4324 eamdem
2403 4264 2624 4324 urbem
2670 4263 3008 4342 ingressus,
3058 4270 3339 4325 moratus
3382 4272 3497 4326 est.

411 4405 578 4458 ιιι
627 4397 764 4458 Alio
810 4415 1063 4477 quoque
1107 4397 1206 4458 die
1251 4415 1364 4477 pro
1412 4397 1607 4457 natali
1651 4396 2028 4458 celebrando
2071 4396 2268 4476 ipsius
2313 4395 2616 4476 principis
2675 4397 3106 4476 apostolorum
3169 4399 3234 4458 in
3281 4398 3586 4478 praedicta

324 4505 591 4567 ecclesia
634 4524 668 4565 a
714 4504 1178 4584 praznominato
1224 4523 1369 4583 rege
1413 4505 1732 4577 invitatus,
1784 4505 2115 4564 missarum
2180 4503 2486 4564 solemnia
2549 4504 2909 4564 celebravit.
2958 4505 3178 4585 Ibique
3237 4511 3458 4568 mutuo
3520 4527 3586 4569 se

319 4613 592 4673 invicem
637 4611 983 4673 salutantes
1027 4612 1264 4691 pariter
1306 4617 1718 4691 susceperunt
1760 4612 1955 4684 cibos,
2003 4617 2065 4671 et
2109 4611 2195 4671 sic
2240 4611 2304 4670 in
2352 4611 2878 4691 praenominatam
2943 4613 3262 4675 civitatem
3319 4615 3586 4694 regressi

320 4725 494 4782 sunt.
541 4721 741 4792 Quem
785 4725 1074 4780 sanetum
1123 4719 1324 4778 virum
1370 4719 1492 4778 alio
1536 4718 1638 4779 die
1681 4718 1879 4778 isdem
1939 4737 2050 4778 rex
2119 4737 2230 4797 per
2272 4719 2608 4797 optimates
2669 4737 2817 4778 suos
2890 4720 2969 4779 ad
3032 4739 3215 4779 suum
3277 4722 3582 4800 palatium

237 4830 275 4888 5
321 4826 664 4908 procedere
705 4825 1014 4890 invitavit.
1060 4828 1138 4887 Et
1181 4824 1264 4906 (h)
1311 4826 1390 4886 ab
1435 4826 1654 4886 eodem
1702 4844 1846 4904 rege
1890 4825 2076 4885 nimis
2122 4824 2468 4887 honoriﬁce
2513 4832 2840 4904 susceptus
2896 4826 3282 4887 salutaribus
3328 4828 3584 4888 monitis

318 4953 463 4996 eum
510 4933 820 4995 allocutus
863 4938 980 5006 est,
1025 4933 1360 4994 obsecrans
1407 4952 1484 4994 ne
1528 4933 1798 5012 amplius
1844 4932 2304 4993 Ravennatium
2350 4933 2742 5012 provinciam
2787 4933 3174 5013 opprimeret.
3228 4935 3398 4994 facta
3443 4953 3580 4995 mo-

317 5043 514 5115 tione,
561 5040 671 5101 sed
715 5039 915 5118 magis
957 5045 1020 5101 et
1063 5039 1308 5100 ablatas
1351 5040 1812 5101 ltavennatium
1859 5039 2042 5100 urbes
2085 5038 2203 5098 sibi
2245 5038 2584 5100 redonaret
2627 5040 2812 5100 simul
2876 5045 2938 5101 et
3006 5045 3282 5100 castrum
3326 5040 3582 5102 Cesina-

315 5167 532 5212 cense.

1354 5516 1609 5563 NOTULE
1650 5514 2036 5563 HARGINALES
2080 5515 2401 5562 FABROTTI.

229 5836 306 5907 (α)
339 5834 700 5890 occurreret.
779 5831 852 5903 (b)
884 5831 1208 5888 recedebat.
1284 5834 1357 5901 (c)
1387 5829 1578 5899 Venit,
1611 5849 1718 5887 ven

162 5907 466 5965 libatione.
547 5903 626 5976 (h)
657 5902 785 5967 Qui.

2032 5850 2138 5890 ωε.
2217 5835 2288 5902 (c)
2320 5836 2386 5888 Β.
2422 5831 2830 5904 proditionem.
2907 5835 2975 5908 (1)
3026 5835 3181 5893 ﬁnis.
3259 5840 3336 5910 (θ)
3367 5836 3589 5908 expleta
