3942 6396
391 315 554 386 4055
1548 317 1967 383 ANASTASII
2012 321 2668 386 BIBLIOTHEGARII.
3653 320 3853 398 i056

641 461 807 516 216
851 449 968 525 Qui
1013 451 1350 530 prmdictus
1394 472 1503 514 rex
1549 461 1692 533 post
1737 456 1997 516 multam
2045 457 2335 518 duritiem
2383 458 2723 518 inclinatus
2767 461 2860 520 est
2900 455 3059 520 ﬁnes
3113 455 3583 530 Ravennatinm
3625 456 3854 536 ,uzhis

558 563 824 624 dilatare
867 559 1027 619 sicut
1072 560 1364 638 primitus
1407 559 1856 622 detinebantur
1899 563 2019 644 (a)r
2063 567 2137 623 lit
2182 564 2341 624 (luas
2387 570 2599 643 partes
2644 564 2946 626 territorii
2987 564 3260 626 Caesenaa
3303 563 3492 636 castri
3527 564 3635 640 ad
3682 582 3852 645 par-

561 678 684 732 tem
731 666 1112 746 Reipublicae
1159 668 1450 728 restituit.
1507 668 1785 728 Tertiam
1837 689 1980 730 vero
2028 676 2270 748 partem
2335 672 2411 731 de
2475 672 2695 731 eodem
2761 677 2968 733 castro
3031 673 3146 732 sub
3209 672 3473 735 obtentu
3536 671 3852 744 retinuit,

557 777 713 837 inito
757 773 1095 834 constituto
1141 780 1210 833 ut
1255 793 1455 853 usque
1501 775 1580 834 ad
1623 776 1938 835 Kalendas
1979 777 2170 850 Junii,
2221 777 2369 837 dum
2419 777 2555 856 ejus
2601 778 2772 838 missi
2817 797 2853 838 a
2897 778 3072 858 regia
3132 784 3598 848 reverterentur
3636 778 3852 848 urbe,

482 888 516 946 5
558 885 723 944 idem
770 887 1067 952 castrum,
1118 885 1178 941 et
1224 881 1472 940 tertiam
1522 888 1792 960 partem,
1839 902 2032 963 quam
2079 884 2360 963 pignoris
2407 902 2598 944 causa
2642 884 2990 958 detinebat,
3038 885 3204 965 parti
3236 883 3649 964 Reipublicae
3704 903 3856 943 res-

558 991 833 1050 titueret.
883 991 1029 1048 Post
1075 988 1208 1047 haec
1252 993 1463 1046 autem
1508 989 1560 1047 is
1605 989 1736 1067 ipse
1784 1008 1890 1048 rex
1936 1009 2221 1067 egressus
2266 991 2342 1051 de
2388 991 2527 1051 loco
2573 991 2634 1050 in
2679 991 2887 1052 locum
2936 1010 3134 1071 usque
3180 991 3259 1051 ad
3307 991 3569 1062 Padum,
3619 990 3858 1052 eidem

560 1101 774 1158 sancto
820 1094 950 1154 viro
996 1094 1322 1154 conviatus
1367 1093 1450 1174 (ὁ)
1496 1113 1638 1154 eum
1686 1095 1970 1156 deduxit.
2019 1098 2087 1156 In
2133 1115 2258 1175 quo
2305 1097 2442 1157 loco
2487 1097 2544 1156 ei
2578 1097 2714 1158 vale
2743 1097 2978 1158 faciens
3023 1116 3166 1158 cum
3198 1097 3394 1176 digna
3421 1097 3866 1157 ordinatione

527 1223 702 1265 eum
753 1201 823 1283 (ο)
873 1201 1303 1281 repedandum
1349 1201 1641 1274 absolvit,
1688 1202 1846 1263 dans
1903 1203 1966 1262 in
2029 1203 2403 1283 obsequium
2465 1203 2600 1284 ejus
2663 1205 2854 1265 duces
2911 1208 2973 1264 et
3035 1203 3334 1283 primates
3395 1222 3565 1278 suos,
3611 1203 3740 1264 sed
3795 1209 3863 1264 et

561 1311 718 1372 alios
760 1309 949 1383 viros,
997 1309 1108 1387 qui
1150 1327 1315 1388 saepe
1370 1308 1536 1369 dicta
1597 1310 2062 1371 Ravennatium
2108 1310 2425 1372 territoria
2484 1317 2545 1372 et
2606 1311 2926 1373 Caesenate
2987 1316 3264 1374 castrum
3325 1309 3731 1382 redderent;
3792 1315 3862 1371 et

441 1421 518 1481 10
559 1420 651 1482 ita
692 1419 928 1479 factum
975 1421 1089 1477 est.

644 1560 804 1614 2-17
867 1552 1175 1630 Operatus
1245 1555 1340 1611 est
1408 1554 1620 1611 autem
1678 1550 1844 1611 Deus
1901 1549 2294 1624 mirabiliter,
2361 1557 2421 1612 et
2489 1552 2949 1614 Ravennatium
3015 1557 3204 1631 atque
3264 1550 3859 1631 Pentapolensium

563 1661 832 1742 populos
875 1659 953 1718 ab
996 1658 1406 1737 oppressione
1450 1664 1513 1717 et
1555 1657 1915 1718 calamitate
1959 1678 2086 1737 qua
2128 1659 2206 1718 de
2259 1659 2618 1732 inebantur,
2669 1659 2983 1732 liberavit,
3030 1666 3093 1719 et
3155 1657 3422 1720 saturati
3482 1663 3632 1718 sunt
3699 1659 3864 1718 fru-

565 1775 798 1842 mento,
825 1767 963 1828 oleo
993 1773 1057 1826 et
1099 1766 1269 1826 vino.
1297 1768 1634 1842 Regressus
1678 1771 1890 1826 autem
1940 1765 1999 1825 in
2048 1766 2264 1826 urbem
2315 1769 2852 1839 Itomanam,cum
2897 1766 3192 1826 omnibus
3233 1765 3344 1845 qui
3387 1784 3601 1827 secum
3646 1770 3866 1826 erant

565 1877 799 1956 gratias
843 1879 1101 1952 agentes
1147 1872 1232 1952 (ά)
1271 1873 1422 1943 Deo,
1471 1872 1680 1932 denuo
1727 1871 1937 1933 natale
1983 1873 2312 1934 beatorum
2375 1873 2731 1953 principum
2794 1873 3226 1952 apostolorum
3263 1872 3459 1933 ‘vPetri
3487 1913 3490 1919 λ
3520 1879 3582 1932 et
3641 1871 3860 1933 Pauli

482 1990 520 2047 5
565 2003 708 2045 cum
737 1981 927 2042 .omni
972 1979 1206 2060 populo
1252 1977 1612 2050 celebravit,
1663 1984 1728 2039 et
1769 1997 1902 2040 sese
1964 1979 2030 2040 in
2093 1980 2488 2041 orationibus
2531 1980 2722 2054 dedit,
2791 1986 3012 2058 petens
3059 1981 3154 2040 .ab
3201 1978 3639 2059 .omnipotenti
3707 1980 3862 2040 Deo

567 2089 1058 2152 misericordiam
1107 2091 1166 2148 et
1211 2086 1705 2147 consolationem
1749 2085 1888 2146 ﬁeri
1932 2087 2168 2167 populo
2215 2087 2709 2148 Ravennatium.
2742 2093 2806 2148 et
2867 2091 3153 2148 Romano
3214 2087 3294 2147 ab
3355 2086 3737 2148 insidiatore
3790 2092 3862 2146 et

566 2203 966 2280 persecutore
1010 2195 1120 2256 illo
1164 2193 1554 2274 Luitprando
1601 2212 1770 2272 rege.
1817 2193 2012 2271 Cujus
2055 2213 2275 2274 preces
2320 2214 2445 2255 non
2491 2195 2842 2274 despiciens
2885 2194 3102 2254 divina
3129 2194 3488 2268 clementia,
3535 2193 3863 2254 eumdem

530 2325 778 2385 regem
824 2309 971 2367 ante
1013 2302 1180 2363 diem
1226 2301 1516 2382 superius
1559 2301 1974 2362 constitutum
2022 2302 2099 2363 de
2144 2301 2264 2362 hac
2308 2302 2623 2362 subtraxit
2661 2301 2826 2374 luce,
2875 2307 2937 2362 et
2999 2301 3237 2381 quievit
3283 2301 3864 2380 omnis-persecu-

565 2413 676 2474 tio.
725 2415 1114 2489 Factumque
1158 2415 1253 2470 est
1294 2408 1596 2487 gaudium
1644 2426 1772 2468 non
1817 2408 2020 2469 solum
2070 2409 2372 2470 Romanis
2416 2417 2476 2469 et
2523 2408 3014 2481 Ravennatibus,
3063 2407 3176 2467 sed
3213 2408 3406 2468 etiam
3452 2407 3628 2486 genti
3673 2410 3868 2468 Lon-

421 2525 524 2585 ΔΟ
565 2519 1018 2602 gobardorum,
1083 2515 1386 2596 quoniam
1452 2521 1516 2576 et
1571 2515 2056 2594 Aldeprandum
2119 2521 2412 2595 nepotem
2472 2533 2678 2588 suum,
2741 2533 2931 2594 quem
2995 2514 3130 2593 ipse
3187 2514 3537 2593 reliquerat
3598 2532 3868 2593 regem,

532 2627 937 2689 -malivolum
982 2623 1388 2705 projecerunt
1430 2623 1508 2683 de
1552 2641 1772 2702 regno,
1820 2629 1882 2684 et
1942 2622 2306 2694 Rachisum,
2353 2622 2462 2701 qui
2507 2623 2711 2681 fueret
2771 2621 2919 2694 dux,
2982 2621 3102 2680 sibi
3162 2620 3564 2698 Longobardi
3625 2622 3870 2701 elege-

569 2740 720 2796 runt
762 2733 826 2794 in
873 2751 1108 2811 regem.
1153 2730 1246 2790 Ad
1292 2749 1479 2809 quem
1528 2730 1718 2790 missa
1763 2729 2066 2790 relatione
2109 2728 2184 2808 (ε)
2230 2729 2361 2809 ipse
2408 2727 2803 2788 beatissimus
2851 2727 3135 2807 pontifex
3179 2725 3481 2787 continuo
3527 2726 3610 2786 ob
3661 2747 3868 2788 reve-

570 2842 837 2903 rentiam
884 2839 1186 2920 principis
1231 2837 1684 2918 apostolorum,
1735 2843 1798 2897 ct
1839 2836 1973 2916 ejus
2017 2836 2308 2916 precibus
2350 2835 2691 2897 inclinatus
2739 2833 2842 2915 (Γ),
2894 2853 3094 2914 usque
3138 2833 3219 2894 ad
3263 2833 3490 2912 viginti
3518 2852 3864 2895 annorum

568 2949 844 3031 spatium
887 2948 1055 3009 inita-
1090 2965 1244 3027 pace
1289 2945 1619 3007 universus
1661 2944 1857 3006 Italia:
1903 2944 2142 3024 quievit
2186 2942 2483 3023 populus.

641 3091 817 3144 πη
862 3081 974 3144 Hic
1016 3081 1082 3142 in
1124 3080 1535 3143 Lateranensi
1579 3078 1964 3158 patriarchio
2009 3083 2157 3138 ante
2214 3077 2541 3138 basilicam
2587 3077 2790 3136 beatas
2837 3073 3540 3138 memoriae'Theodori.
3573 3093 3773 3154 papa:
3823 3093 3864 3134 a

547 3210 736 3254 .novo
781 3190 930 3253 fecit
967 3189 1057 3270 (g)
1101 3188 1470 3255 triclinium.
1517 3186 1686 3267 quod
1752 3186 2014 3248 diversis
2076 3185 2497 3246 marmoribus
2540 3189 2604 3245 et
2646 3183 2826 3255 vitio,
2873 3183 3146 3244 metallis
3175 3188 3395 3262 .atque
3460 3183 3705 3243 musivo
3788 3188 3861 3242 et

553 3299 821 3381 pictura
861 3295 1137 3370 ornavit,
1184 3295 1293 3356 sed
1338 3300 1399 3356 et
1443 3293 1636 3355 sacris
1679 3292 2064 3371 imaginibus
2109 3297 2237 3352 tam
2282 3291 2630 3353 oratorium
2675 3290 2845 3351 beati
2888 3290 3176 3353 Silvestri
3216 3307 3539 3370 quamque
3581 3295 3646 3350 et
3691 3306 3861 3369 por-

571 3408 765 3469 ticum
810 3404 1153 3466 decoravit.
1201 3401 1324 3464 Ubi
1362 3399 1556 3461 .etiam
1603 3405 1666 3460 et
1708 3418 1961 3460 omnem
2006 3399 2428 3460 substantiam
2475 3417 2654 3460 suam
2699 3416 2813 3477 per
2857 3416 3083 3458 manus
3110 3396 3447 3463 .Ambrosii
3499 3394 3865 3476 primicerii

465 3517 537 3577 '5'
570 3513 964 3576 notariorum
1027 3507 1353 3570 introduci
1414 3506 1761 3568 mandavit.
1811 3507 1986 3567 Fecit
2028 3511 2240 3567 autem
2285 3524 2325 3565 a
2366 3506 2798 3566 fundamentis
2859 3513 3005 3565 ante
3048 3504 3350 3565 scrinium
3386 3505 3862 3575 .Lateranense

572 3620 888 3702 porticum
933 3621 1124 3694 atque
1167 3620 1426 3686 turrem,
1476 3613 1586 3672 ubi
1646 3618 1708 3672 et
1771 3618 1987 3691 portas
2031 3631 2227 3674 aereas
2280 3617 2469 3691 atque
2532 3611 2848 3672 cancellos
2905 3611 3202 3684 instituit,
3267 3616 3335 3673 et
3396 3610 3859 3690 perrﬁguram

549 3723 917 3788 Salvatoris
961 3721 1047 3802 (Ιι)
1089 3725 1236 3781 ante
1279 3721 1445 3780 fores
1492 3719 1763 3779 ornavit.
1812 3721 1890 3779 Et
1937 3737 2048 3797 per
2095 3718 2507 3778 ascendentes
2549 3718 2751 3778 scalas
2780 3719 2843 3778 in
2875 3717 3309 3797 superioribus
3338 3735 3527 3797 super
3545 3717 3860 3778 eamdem

531 3839 814 3894 .-turrem
859 3827 1226 3900 triclinium,
1273 3832 1337 3887 et
1379 3826 1694 3886 cancellos
1751 3843 1950 3885 aereos
2005 3824 2378 3885 construxit.
2427 3824 2550 3887 Ubi
2609 3831 2673 3885 et
2734 3825 2906 3886 orbis
2976 3831 3290 3886 terrarum
3351 3823 3858 3904 descriptionem

579 3936 888 4018 depinxit,
934 3940 1124 4015 atque
1166 3933 1428 3995 diversis
1471 3931 1794 3994 versiculis
1837 3931 2108 4004 ornavit,
2157 3936 2218 3991 et
2261 3949 2449 3991 omne
2493 3931 2950 4010 patriarchium
3020 3950 3268 4012 pene-a.
3305 3949 3469 3992 novo
3513 3937 3861 3994 .restaura-

421 4047 536 4110 τ10
579 4046 705 4119 vit;
755 4044 818 4104 in
881 4061 1112 4121 magna
1179 4041 1347 4102 enim
1417 4039 1687 4119 penuria
1746 4038 2040 4098 eumdem
2101 4037 2310 4099 locum
2374 4037 2726 4100 invenerat.
2787 4039 2898 4100 Hic
2959 4038 3027 4099 in
3087 4038 3355 4100 ecclesia
3410 4038 3857 4118 apostolorum

577 4151 936 4234 principum
980 4150 1153 4212 Petri
1193 4155 1259 4211 et
1300 4147 1482 4210 Pauli
1529 4145 1869 4227 pendentia
1912 4146 2053 4207 vela
2093 4145 2259 4207 inter
2301 4148 2630 4206 columnas
2689 4165 2770 4206 ex
2827 4146 3053 4226 palleis
3111 4146 3342 4226 Syricis
3387 4144 3687 4225 (z'):fecit.
3743 4143 3860 4204 Hic

572 4261 639 4322 in
669 4259 946 4322 ecclesia
990 4257 1276 4338 praedicti
1320 4254 1624 4335 principis
1665 4253 2099 4333 apostolorum
2166 4271 2386 4314 omnes
2447 4252 2695 4314 codices
2755 4252 2981 4316 domus
3038 4272 3168 4315 suae
3228 4251 3544 4332 proprios,
3609 4251 3731 4332 qui
3793 4250 3859 4310 in

576 4367 810 4430 circulo
855 4366 1006 4430 anni
1048 4365 1347 4444 leguntur
1389 4362 1470 4423 ad
1515 4361 1886 4436 matutinos,
1918 4360 1981 4420 in
2033 4359 2292 4420 armarii
2336 4378 2526 4438 opere
2569 4360 3046 4422 ordinavit..11ic
3088 4360 3346 4426 domum
3392 4359 3630 4434 cultam
3673 4361 3851 4420 Lau-

577 4483 783 4538 retum
826 4474 915 4555 (j)
963 4473 1209 4534 noviter
1267 4470 1608 4544 ordinavit,
1673 4468 1976 4548 adjiciens
2037 4473 2100 4528 et
2160 4485 2434 4528 massam
2493 4467 2906 4529 Fonteianam
2967 4467 3075 4549 (Ιί),
3137 4487 3284 4548 qum
3331 4465 3845 4546 cognominatur

459 4586 534 4645 15
575 4581 898 4646 Paunaria
917 4619 920 4622 ρ
941 4579 1034 4661 (1).

3600 4665 3616 4691 ἱ

664 4713 988 4778 ειθτΗίο
1030 4711 1254 4791 viginti
1295 4712 1435 4772 auri
1477 4709 1674 4770 libras
1721 4727 1832 4789 pro
1877 4707 2144 4769 emendo
2187 4706 2328 4767 oleo
2371 4724 2606 4784 annue,
2652 4713 2728 4768 ut
2765 4707 2844 4769 de
2886 4707 3066 4770 lucro
3107 4726 3328 4769 eorum
3383 4708 3448 4768 in
3484 4705 3851 4768 luminariis

577 4822 685 4905 (m)
729 4820 1094 4902 apostolicis
1139 4818 1452 4899 proﬁciat,
1499 4816 1790 4886 instituit,
1842 4821 1906 4876 et
1948 4815 2364 4876 constitutum
2409 4814 2526 4874 sub
2571 4815 2996 4878 anathematis
3038 4815 3291 4876 vinculo
3349 4813 3678 4893 obligavit.
3709 4813 3842 4875 llic

582 4931 732 4992 fecit
771 4933 1008 4990 vestem
1053 4944 1245 5007 super
1284 4925 1483 4985 altare
1527 4923 1696 4983 beati
1740 4922 1908 4984 Petri
1949 4941 2028 4983 ex
2073 4939 2228 4983 auro
2277 4927 2540 4999 textam,
2587 4921 2930 4984 habentem
2974 4923 3380 4984 Nativitatem
3441 4922 3694 4983 Domini
3740 4918 3848 4982 Dei

545 5043 647 5100 .et
689 5035 1035 5100 Salvatoris
1072 5033 1279 5094 {nostri
1318 5033 1469 5094 Jesu
1521 5030 1774 5102 Christi,
1839 5029 2243 5108 ornavitque
2274 5047 2413 5090 eam
2475 5029 2745 5107 gemmis
2813 5031 3122 5110 pretiosis.
3189 5030 3647 5109 Simulqueet
3710 5028 3842 5091 vela

503 5147 540 5206 5
583 5144 784 5206 serica
825 5142 1111 5222 alithyna
1153 5145 1450 5220 quatuor,
1497 5157 1640 5219 quae
1683 5143 1746 5198 et
1788 5137 2039 5198 ornavit
2081 5154 2224 5196 cum
2289 5137 2442 5198 rotis
2484 5135 2571 5217 (η)
2615 5142 2679 5198 et
2719 5139 3113 5201 ornamentis
3157 5138 3345 5200 variis
3411 5155 3568 5199 auro
3627 5135 3839 5198 textis.

1609 5472 1894 5524 ,NOTULE.
1913 5473 2304 5530 MRGINALES
2346 5473 2672 5524 FABBOTTI.

510 5746 588 5815 (a)
617 5762 768 5867 quos
799 5746 1072 5825 primitus
1104 5751 1419 5808 detinebat.
1498 5753 1576 5820 (b)
1598 5749 1872 5830 eumdem
1904 5753 2173 5805 sanctum
2195 5750 2384 5805 virum
2410 5749 3135 5818 convians,B.comitatus.
3214 5754 3285 5820 (ε)
3309 5753 3366 5808 C.
3383 5751 3476 5805 ad.
3556 5748 3636 5818 (ἀ)
3659 5760 3834 5821 agens.

510 5819 582 5867 (6.)
662 5855 675 5867 .
708 5814 1016 5867 Ιθεᾶῑιοηρ.
1095 5824 1165 5867 {ﬂ
1197 5840 1312 5867 rev-
1391 5823 1469 5867 (ni
1509 5823 1565 5867 ΙΊ-
1603 5826 1914 5867 mnnvavil.-
1992 5823 2072 5867 (In
2104 5821 2483 5867 (lnnrrrnlnm
2510 5822 2658 5867 Salv.
2740 5825 2807 5867 (ἢ
2827 5825 3028 5867 nar-inin
3125 5825 3192 5867 (ἢ
3211 5827 3267 5867 η
3288 5821 3576 5867 οινειιιὲλῐη
3605 5822 3834 5867 Lauren-

509 5819 582 5881 (θ)
617 5814 675 5878 C,
708 5814 1032 5934 lesigationc.‘
1089 5824 1165 5900 .(I')
1197 5840 1313 5878 rex.
1391 5823 1469 5894 (g)
1506 5814 1566 5888 C,
1603 5821 1914 5900 renovavit.
1992 5823 2066 5891 (ἡ)

511 5900 589 5934 m.
667 5881 743 5934 (Al
827 5883 1278 5934 .Fontmmnnm
1381 5896 1515 5934 mn
1573 5894 1878 5934 Dnnmmm,
1961 5895 2056 5934 {am

2279 5821 2487 5894 gulam
2510 5822 2661 5878 Salv.
2683 5814 2701 5888 ξ
2740 5825 2807 5895 (ἱ)
2826 5825 3048 5880 sericis.
3125 5825 3192 5896 (ί)
3211 5814 3581 5891 C,occultani
3604 5814 3836 5887 Lauren-

2279 5892 2668 5934 lnrninnrihnq
2769 5897 2851 5934 ln\
2886 5897 2932 5934 η
2974 5895 3030 5934 ςη
3063 5895 3341 5934 ριιηδςηίιι
3400 5898 3436 5934 n
3484 5893 3542 5934 in
3575 5892 3724 5934 rnlin

442 5888 589 5952 tum.
667 5881 743 5954 (k)
776 5881 839 5945 Β,
874 5881 1302 5949 Ροιιὶὶῐιὶἶιὶωῐη.
1381 5881 1882 5967 (‘lj'B,'Paunasia.
1961 5898 1999 5964 (φ

2187 5881 2242 5948 in
2275 5881 2690 5952 familiaribus.
2744 5881 2851 5966 ‘(n)
2885 5897 2950 5965 c,
2974 5895 3034 5952 in
3061 5881 3374 5964 ah'ddiéis.
3392 5898 3459 5961 Β,
3484 5893 3550 5951 in
3575 5881 3744 5951 rotis.
