3942 6408
144 348 320 435 αὔδῖ
817 372 1184 436 HISTORIA
1227 374 1330 437 ne
1370 372 1575 438 vms
1619 375 1810 438 nom.
1856 375 2085 439 pom'.
2117 412 2194 422 -
2225 378 2289 439 s.
2336 376 2795 442 ZACHARIAS.
3410 380 3569 450 mss

315 502 1013 568 ltem‘vfeeitworodam'
1052 506 1147 569 de
1192 515 1455 587 argento
1517 509 1854 591 purissimo
1912 530 2053 570 cum
2118 512 2435 591 delphinis
2496 533 2571 573 cx
2635 514 2890 595 proprio
2952 532 3088 591 suo,
3138 534 3316 598 peus.
3377 518 3566 581 libras

309 613 860 694 centum'viginti.
904 615 1017 676 Hie
1060 616 1464 677 beatisstmus
1519 616 1615 676 vir
1649 616 1837 695 juxta
1878 618 2067 678 ritum
2114 620 2599 679 ecclesiasticum
2647 627 2711 680 et
2756 622 2899 683 ﬁdei
2967 641 3097 683 suae
3164 625 3565 703 sponsionem

305 720 1172 802 orthodoxam,.synodicam
1219 724 1497 783 ecclesiae
1544 724 1713 783 misit
1754 727 2492 805 Constantinopolitanze,
2543 727 2858 808 simulque
2927 734 2995 789 et
3044 729 3232 790 aliam
3307 751 3567 811 sugges—

308 828 877 907 tionem-dirigens
934 829 1333 891 serenissimo
1395 833 1813 892 Constantino
1872 833 2166 912 principi.
2214 836 2292 894 Et
2334 835 2742 914 pergentibus
2809 836 3189 915 apostolica:-
3227 840 3392 899 sedis
3436 858 3568 901 res-

177 936 263 996 to
304 934 672 1015 ponsalibns
743 936 839 996 ad:
896 936 1133 1014 regiam
1200 936 1421 997 urbem
1492 930 1874 999 invenerunt
1933 939 2103 999 intra
2172 940 2476 1019 palatium
2544 941 2734 1018 regiae
2815 943 3140 1021 potestatis
3211 943 3566 1006 invasorem

305 1040 649 1121 quemdam
692 1048 758 1103 et
800 1042 1120 1117 rebellem,
1168 1045 1533 1105 Artaustum
1576 1044 1665 1124 (a)
1713 1046 1968 1106 nomine
2018 1064 2032 1105 :
2080 1046 2230 1106 dum
2277 1046 2443 1107 enim
2487 1046 2684 1107 isdem
2732 1048 3080 1127 imperator
3130 1048 3210 1110 ad
3255 1050 3566 1111 dimican-

308 1146 473 1209 demi
507 1152 739 1209 contra1
786 1151 1220 1229 Agarenorum
1287 1158 1691 1230 properasset
1750 1159 2027 1231 gentem,
2102 1153 2271 1213 illico
2331 1155 2633 1233 praefatus
2704 1156 3037 1215 Aitaustus
3105 1155 3271 1216 datis
3328 1157 3567 1237 populo

310 1254 527 1336 qui‘in
590 1255 767 1333 regia
832 1263 1275 1318 remanserunt
1346 1258 1526 1325 urbe.
1589 1260 1887 1337 praemiis,
1958 1260 2284 1338 imperiale
2352 1261 2622 1340 arripuit
2690 1261 2941 1321 solium.
3016 1262 3095 1323 Et
3164 1263 3565 1341 postmodum

314 1360 683 1441 aggregans’
730 1361 1145 1424 Orientalium
1210 1364 1596 1424 exercituum
1672 1365 2137 1425 multitudinem
2201 1366 2516 1427 antelatus
2587 1366 2669 1446 (ὁ)
2740 1368 3190 1428 Constantinus
3249 1368 3562 1450 princeps,

192 1470 271 1530 15
315 1484 710 1548 pergensque
794 1469 1430 1549 Constantinopolim,
1505 1472 1795 1533 eamdem
1883 1472 2147 1534 viriliter
2227 1491 2625 1553 expugnans,
2684 1479 2884 1554 ptque
2979 1475 3379 1536 extrinsecus
3446 1476 3567 1537 oin-

312 1575 726 1649 oumvallan’s,
813 1576 1297 1656 comprehendit
1368 1577 1711 1655 civitatem,
1797 1584 1862 1640 et
1944 1579 2282 1659 pristinum
2368 1580 2549 1659 regni
2631 1580 2728 1641 sui
2811 1580 3076 1661 adeptus
3183 1586 3279 1642 est
3384 1581 3568 1643 fasti-

309 1682 511 1760 gium.

391 1814 579 1876 ποι
616 1814 970 1895 Statimque
1024 1814 1159 1895 jam
1218 1815 1334 1877 fati
1394 1816 1676 1877 Artausti
1732 1816 1997 1896 ejusque
2060 1817 2334 1879 filiorum
2404 1819 2569 1880 eruit
2622 1819 2857 1894 oculos,
2907 1824 2969 1881 et
3031 1820 3244 1900 plures
3306 1839 3385 1881 ex
3439 1820 3568 1882 suis

307 1920 650 1982 rebellibus
694 1923 940 1982 exsules
985 1940 1023 1981 a
1066 1923 1337 2002 propriis
1382 1923 1523 1983 fecit
1572 1923 1969 1983 habitaculis.
2015 1926 2166 1984 Post
2215 1924 2352 1985 hinc
2396 1925 2721 2004 requirens
2783 1926 3038 1987 missum
3085 1925 3162 2007 (c)
3206 1927 3568 2006 apostolica:

302 2029 495 2103 sedis,
541 2029 651 2109 qui
692 2028 929 2090 ibidem
993 2029 1058 2089 in
1126 2034 1411 2109 tempore
1478 2030 1975 2110 perturbationis
2018 2032 2370 2109 contigerat
2412 2031 2762 2107 advenisse,
2808 2051 3079 2113 eumque
3123 2038 3441 2114 repertum
3488 2034 3570 2095 ad

304 2135 522 2196 sedem
566 2134 839 2196 absolvit
881 2136 1316 2215 apostolicam,
1366 2141 1430 2197 et
1489 2136 1675 2215 juxta
1732 2137 1902 2216 quod
1966 2138 2364 2198 beatissimus
2435 2138 2713 2218 pontifex
2777 2142 3229 2219 postulaverat,
3277 2140 3568 2201 donatio-

221 2248 260 2305 5
310 2262 457 2304 nem
501 2243 566 2304 in
610 2242 859 2323 scriptis
901 2242 980 2304 de
1024 2242 1270 2303 duabus
1322 2242 1558 2305 mansis
1600 2244 1687 2324 (d)
1734 2264 1875 2324 quae
1918 2244 2241 2325 Nymphas
2285 2249 2346 2304 et
2392 2246 2677 2307 Normias
2720 2246 3144 2326 appellantur,
3186 2245 3349 2325 juris
3402 2247 3567 2308 exis-

313 2355 519 2411 tentes
588 2348 849 2430 publici,
898 2349 1101 2410 eidem
1166 2351 1560 2411 sanctissimo
1624 2369 1696 2411 ac
1756 2351 2115 2412 beatissimo
2180 2370 2361 2431 papae
2426 2359 2657 2413 sanctae
2732 2355 3033 2414 Romanae
3097 2354 3375 2415 ecclesiae
3427 2354 3571 2433 jure

313 2462 625 2537 perpetuo
668 2454 900 2518 direxit
942 2456 1375 2538 possidendas.

399 2599 561 2654 221
612 2589 680 2672 (ε)
728 2590 929 2670 Hujus
976 2590 1365 2671 temporibus
1408 2589 1883 2667 Carolomanus,
1931 2590 2097 2651 ﬁlius
2141 2592 2349 2653 Caroli
2394 2596 2776 2655 Francorum
2824 2595 3006 2673 regis,
3057 2594 3383 2674 praesentis
3430 2594 3570 2673 vitae

310 2698 677 2777 relinquens
721 2697 986 2776 gloriam
1035 2704 1225 2777 atque
1270 2704 1644 2778 potestatem
1696 2699 2167 2770 terrenamrad
2212 2700 2467 2760 beatum
2516 2703 2769 2762 Petrum
2840 2702 3272 2781 apostolorum
3340 2701 3572 2781 princi-

315 2824 457 2888 pem
505 2805 769 2865 devotus
813 2824 953 2865 cum
996 2805 1339 2885 aliquantis
1383 2805 1510 2864 suis
1555 2805 1811 2865 advenit
1854 2805 2168 2880 ﬁdelibus,
2215 2826 2476 2887 seseque
2521 2808 2724 2868 eidem
2768 2808 2880 2869 Dei
2924 2809 3194 2869 contulit
3255 2808 3567 2888 apostolo,

314 2918 509 2992 atque
552 2910 615 2971 in
661 2911 916 2991 speciali
962 2911 1047 2991 (f)
1100 2910 1321 2971 habitu
1366 2930 1430 2971 se
1475 2911 1607 2970 fore
1652 2911 1969 2990 spondens
2014 2931 2525 2990 permansurum,
2584 2914 2916 2974 clericatus
2950 2913 3178 2993 jugum
3224 2910 3305 2973 ab
3348 2913 3571 2974 eodem

227 3022 268 3079 5
317 3018 712 3079 sanctissimo
755 3018 1029 3098 suscepit
1091 3017 1410 3097 pontifice.
1457 3018 1536 3078 Et
1604 3018 1769 3078 inter
1824 3016 1951 3077 alia
2018 3018 2217 3078 multa
2276 3017 2447 3079 dona
2508 3016 2739 3079 obtulit
2800 3019 2985 3079 beato
3029 3020 3216 3079 Petro
3277 3017 3569 3096 apostolo

310 3131 462 3187 ante
506 3125 960 3186 confessionem
1027 3143 1240 3185 aicum
1294 3131 1664 3203 argenteum
1727 3123 2058 3203 majorem,
2106 3130 2476 3204 pensantem
2549 3124 2741 3185 libras
2802 3124 3228 3204 septuaginta.
3281 3127 3355 3185 Et
3424 3130 3568 3204 post

310 3231 708 3312 aliquantum
756 3230 1059 3311 temporis
1103 3231 1180 3291 ad
1226 3230 1397 3291 beati
1439 3230 1780 3301 Benedicti,
1831 3230 2001 3310 quod
2047 3230 2109 3291 in
2160 3230 2615 3311 Aquinensium
2666 3230 2896 3292 finibus
2940 3231 3128 3292 situm
3171 3236 3266 3292 est
3309 3248 3564 3292 monas-

310 3342 568 3412 terium,
613 3337 677 3398 in
722 3356 849 3417 quo
894 3343 958 3399 et
1000 3355 1177 3398 suam
1223 3338 1404 3398 unire
1452 3337 1640 3397 vitam
1680 3336 1825 3416 jure
1870 3339 2189 3417 professus
2233 3343 2327 3398 est
2360 3337 2670 3417 jurando.

398 3478 564 3535 ηε
611 3473 807 3532 Porro
852 3470 1073 3532 eodem
1121 3476 1405 3550 tempore
1449 3469 1713 3548 contigit
1756 3469 1968 3549 plures
2012 3470 2454 3531 Veneticorum
2501 3470 2668 3531 hanc
2712 3472 3060 3531 Romanam
3133 3469 3462 3531 advenisse
3507 3470 3572 3530 in

312 3579 539 3640 urbem
584 3577 1033 3656 negotiatores,
1080 3582 1143 3637 et
1217 3570 1611 3637 mercimonii
1656 3568 1989 3637 nundinas
2052 3583 2500 3656 propagantes,
2552 3576 3018 3638 multitudinem
3085 3576 3570 3657 mancipiorum,

312 3684 514 3746 virilis
555 3684 794 3745 scilicet
836 3690 898 3744 et
939 3683 1157 3744 femini
1200 3686 1448 3761 generis
1492 3701 1701 3744 emere
1744 3682 1859 3743 visi
1902 3689 2072 3755 sunt,
2118 3702 2278 3762 quos
2322 3691 2384 3744 et
2438 3684 2502 3743 in
2547 3684 2821 3745 Africam
2882 3685 2963 3744 ad
3037 3702 3350 3764 paganam
3416 3702 3564 3762 gen-

307 3798 438 3853 tem
517 3790 886 3852 nitebantur
949 3789 1280 3861 deducere,
1330 3791 1466 3862 Quo
1511 3790 1763 3869 cognito
1834 3789 2031 3849 isdem
2106 3789 2535 3850 sanctissimus
2593 3792 2785 3851 Pater
2846 3790 2982 3850 ﬁeri
3053 3790 3401 3871 prohibuit,
3448 3789 3570 3851 hoc

229 3898 268 3956 5
304 3894 606 3977 judicans
648 3896 819 3976 quod
856 3895 1101 3973 justum
1148 3912 1274 3955 non
1347 3902 1509 3956 esset
1552 3900 1624 3956 ut
1685 3894 1917 3955 Christi
1977 3895 2179 3956 abluti
2241 3896 2556 3976 baptismo
2620 3896 2887 3976 paganis
2943 3897 3238 3975 gentibus
3310 3896 3579 3958 deservi-

307 4006 478 4066 rent.
539 4005 827 4083 Datoque
891 4002 1123 4063 eisdem
1195 4000 1509 4064 Veneticis
1574 4002 1795 4081 pretio,
1847 4002 2017 4081 quod
2079 4002 2145 4062 in
2219 4021 2439 4065 eorum
2506 4004 2825 4084 emptione
2889 4021 2955 4064 se
3024 4003 3269 4065 dedisse
3331 4003 3579 4084 probati

307 4116 482 4185 sunt,
528 4115 788 4172 cunctos
831 4128 869 4170 a
909 4110 1069 4187 jugo
1114 4109 1433 4171 servitutis
1478 4109 1745 4171 redemit
1789 4116 1979 4189 atque
2025 4128 2199 4171 more
2248 4111 2593 4172 liberorum
2637 4111 2959 4190 degendos
3002 4110 3294 4171 absolvit.

397 4244 566 4305 *ιε
615 4242 774 4325 Ipsis
816 4224 1031 4324 itaque
1090 4243 1483 4323 temporibus
1528 4241 1784 4305 Batchis
1846 4241 1925 4324 (g)
1972 4244 2539 4324 Longobardorum
2613 4264 2744 4319 rex,
2793 4244 2873 4305 ad
2920 4242 3292 4324 capiendam
3357 4242 3578 4305 civita-

316 4356 447 4413 tem
491 4351 890 4424 Perusinam,
933 4350 1097 4412 sicut
1139 4356 1367 4411 caetera
1407 4350 1829 4430 Pentapoleos
1872 4350 2131 4431 oppida,
2177 4351 2534 4413 vehementi
2580 4352 2898 4433 profectus
2942 4356 3036 4412 est
3089 4369 3231 4411 cum
3276 4350 3573 4432 indigna-

320 4458 518 4532 tione,
566 4475 760 4537 quam
802 4456 860 4517 ei
903 4454 1302 4517 circumdans
1346 4454 1592 4517 fortiter
1633 4456 2067 4536 expugnabat.
2117 4459 2251 4518 Hoc
2312 4458 2575 4520 audiens
2636 4457 3066 4518 sanctissimus
3125 4474 3315 4536 papa,
3376 4455 3579 4517 conti-

320 4582 451 4625 nuo
496 4582 605 4646 spe
649 4561 865 4624 divina
907 4563 1128 4636 fretus,
1177 4562 1515 4643 assumptis
1559 4562 1901 4642 aliquantis
1945 4582 2022 4624 ex
2068 4582 2181 4624 suo
2228 4565 2393 4625 clero
2437 4583 2579 4626 cum
2653 4564 3088 4645 optimatibus,
3137 4568 3377 4644 quanto
3421 4582 3580 4644 opus

239 4666 278 4731 5
325 4668 804 4752 (quantocius?)
845 4669 926 4731 ad
969 4668 1256 4731 eamdem
1303 4669 1591 4750 pervenit
1633 4668 1975 4743 civitatem,
2021 4670 2451 4750 impensisque
2496 4670 2699 4732 eidem
2762 4670 2897 4751 regi
2960 4670 3247 4751 plurimis
3298 4672 3578 4733 muneri-

323 4778 463 4851 bus,
511 4782 701 4858 atque
744 4775 981 4857 oppido
1025 4793 1168 4837 eum
1214 4774 1585 4856 deprecans,
1632 4775 1985 4856 opitulante
2030 4778 2322 4851 Domino,
2379 4778 2459 4838 ab
2520 4777 2981 4838 obsessessione
3041 4776 3122 4859 (ἡ)
3186 4778 3380 4859 ipsius
3423 4778 3578 4839 civi.

320 4882 472 4946 tatis
538 4902 684 4946 eum
756 4883 1016 4944 amovit.
1066 4881 1179 4944 Cui
1240 4888 1303 4943 et
1363 4882 1688 4944 salutifera
1752 4882 2124 4963 praedicans,
2173 4886 2317 4945 Deo~
2366 4890 2647 4958 auctore,
2695 4884 2893 4945 valuit
2959 4884 3244 4945 animum
3305 4883 3442 4962 ejus
3510 4882 3576 4944 in

319 4990 577 5072 speciali
619 4984 828 5052 studio
869 4988 1181 5050 inclinare
1223 4987 1323 5070 (τ).
1367 4990 1445 5050 Et
1486 4995 1632 5070 post
1674 4989 2037 5069 aliquantos
2081 4990 2212 5050 dies
2255 4990 2454 5051 isdem
2506 4990 2763 5052 Ratchis
2806 5009 2938 5062 rex,
2985 4990 3348 5070 relinquens
3391 5008 3574 5069 rega-

316 5097 443 5159 lem
488 5090 886 5177 dignitatem,
931 5095 1158 5158 decore
1203 5114 1346 5157 cum
1395 5114 1590 5158 uxore
1635 5101 1698 5157 et
1740 5095 1884 5156 ﬁliis
1928 5096 2009 5157 ad
2050 5096 2222 5157 beati
2263 5098 2434 5158 Petri
2478 5097 2781 5178 principis
2825 5096 3255 5177 apostolorum
3301 5095 3574 5175 conjun-

195 5207 275 5267 10
317 5203 412 5265 xit
450 5200 697 5278 limina,
744 5208 1130 5283 acceptaque
1174 5221 1212 5262 a
1254 5202 1520 5283 praefato
1565 5202 1956 5263 sanctissimo
2002 5221 2173 5283 papa
2213 5204 2499 5264 oratione
2571 5202 2959 5284 clericusque
3019 5202 3299 5279 effectus,
3350 5220 3571 5263 mona-

317 5311 500 5373 chico
544 5310 804 5372 indutus
834 5315 929 5373 est
969 5308 1192 5372 habitu
1237 5328 1380 5371 cum
1428 5328 1622 5371 uxore
1668 5313 1729 5371 et
1771 5309 1941 5370 ﬁliis.

1344 5617 1590 5665 NOTULE
1630 5618 2021 5666 HABGINALES
2064 5619 2382 5667 FABROTTI.

179 5858 187 5869 ’
218 5836 730 5927 (a)_krtaVRstug,
763 5836 825 5927 L';
856 5911 867 5923 .
902 5840 979 5913 (ὁ)
1008 5834 1074 5927 0',
1100 5840 1857 5927 apte‘fatus.m(c)‘mi‘ssos.
2042 5843 2278 5927 massis:
2354 5842 2423 5915 (ε)
2454 5840 2583 5927 Vide
2610 5844 3284 5927 Βανίζηλιζαῃῃίροτηίηἱ
3300 5847 3431 5911 747.

153 5911 470 5992 spirituali.
546 5914 625 5990 (9)
658 5911 999 5973 Rarohisus.
1029 5915 1097 5988 B,
1130 5912 1368 5989 Raohis,
1443 5912 1523 5988 (Ii)
1553 5912 1877 5972 obsidione.
1943 5911 2041 5989 '(i).
2075 5913 2204 5972 Vide
2227 5911 2430 5974 Barca.
2462 5915 2534 5973 ad
2561 5932 2695 5976 ann.
2729 5920 2957 5978 Domini
2980 5920 3109 5978 750.
