3942 6398
394 329 550 390 1059
1538 331 1952 394 ANASTASII
1997 329 2652 394 BIBLIOTHEGARII.
3662 330 3825 394 1060

635 475 800 550 2η
849 487 1048 567 Hujus
1109 487 1382 569 denique
1447 492 1838 571 temporibus
1902 512 2204 572 magnum
2276 492 2644 554 thesaurum
2712 488 3016 551 Dominus
3069 487 3235 549 Deus
3299 493 3514 551 noster
3583 489 3648 551 in
3699 489 3824 553 hac

551 601 836 659 Romana
881 595 1034 657 urbe
1079 615 1192 676 per
1250 598 1541 659 eumdem
1588 600 1930 660 almiticum
1995 602 2352 680 pontificem
2421 598 2756 680 propalare
2814 596 3112 673 dignatus
3173 601 3287 657 est.
3335 599 3404 658 In
3465 597 3822 659 venerabili

551 704 765 783 itaque
827 702 1212 783 patriarchio
1276 705 1771 767 sacratissimum
1835 707 2004 768 beati
2066 707 2316 787 Georgii
2377 705 2674 784 martyris
2746 703 2942 764 isdem
3016 703 3450 765 sanctissimus
3518 722 3695 785 papa
3757 705 3822 764 in

547 829 738 890 capsa
781 811 1178 871 reconditum
1227 813 1461 891 reperit
1504 819 1718 893 caput,
1766 814 1829 873 in
1875 833 2002 894 quo
2047 820 2109 876 et
2151 813 2489 895 pictacium
2534 812 2615 893 (a)
2647 811 2890 872 invenit
2932 809 3168 889 pariter
3210 809 3432 872 litteris
3475 819 3819 872 exaratum

467 921 503 978 5
550 917 799 991 Gracis,
847 917 1055 998 ipsum
1127 937 1262 979 esse
1324 918 1774 998 significantes.
1823 921 1940 993 Qui
2001 920 2431 982 sanctissimus
2495 937 2662 999 papa
2721 916 2981 979 omnino
3026 916 3245 978 hilaris
3315 923 3379 979 et
3419 918 3821 992 satisfactus,

547 1025 716 1085 illico
761 1031 1106 1104 aggregato
1155 1028 1455 1087 Romana
1501 1027 1674 1088 urbis
1719 1028 1980 1108 populo,
2029 1048 2170 1089 cum
2217 1027 2470 1108 hymnis
2513 1032 2576 1088 et
2617 1025 2875 1088 canticis
2919 1024 3353 1105 spiritualibus
3405 1025 3468 1086 in
3539 1044 3822 1087 venera-

542 1131 656 1192 bili
699 1131 991 1192 diaconia
1050 1131 1187 1211 ejus
1248 1133 1542 1208 nominis,
1592 1134 1716 1194 situ
1789 1134 1854 1194 in
1925 1135 2044 1196 hac
2112 1138 2400 1196 Romana
2461 1133 2733 1208 civitate,
2782 1131 3038 1210 regione
3083 1132 3382 1206 secunda,
3439 1132 3518 1193 ad
3579 1133 3824 1196 Velum

540 1241 839 1312 Aureum,
888 1238 1044 1299 illud
1089 1239 1315 1300 deduci
1378 1241 1564 1314 fecit;
1612 1242 1717 1302 ubi
1783 1242 2092 1302 immensa
2159 1242 2463 1302 miracula
2520 1247 2582 1301 et
2652 1239 2958 1301 beneficia
3025 1239 3430 1319 omnipotens
3498 1240 3671 1302 Deus
3739 1239 3823 1300 ad

539 1346 792 1408 laudem
843 1346 1114 1407 nominis
1157 1347 1253 1406 sui
1316 1366 1429 1428 per
1491 1348 1781 1409 eumdem
1846 1349 2340 1410 sacratissimum
2404 1353 2742 1428 martyrem
2788 1347 3039 1427 operari
3091 1346 3393 1426 dignatur
3452 1346 3556 1428 (ὁ).
3607 1347 3822 1427 Hujus

418 1459 496 1517 10
540 1453 931 1534 temporibus
982 1455 1314 1537 detunctqs
1358 1455 1728 1539 Theodorus
1759 1450 2000 1535 major,
2047 1457 2214 1516 ﬁlius
2276 1456 2521 1534 Megisti
2567 1456 2643 1535 (ε)
2686 1453 3041 1527 Cataxanti,
3087 1455 3170 1515 ob
3230 1453 3480 1515 veniam
3541 1473 3821 1516 suorum

541 1561 940 1632 delictorum.
990 1561 1300 1641 pradium
1346 1581 1473 1641 quo
1519 1581 1597 1624 ex
1640 1562 2010 1624 hareditate
2053 1564 2383 1625 fruebatur
2426 1569 2714 1643 paterna,
2764 1561 2950 1622 situm
2997 1561 3218 1640 quinto
3263 1561 3343 1622 ab
3405 1561 3524 1623 hac
3567 1564 3818 1624 Roma-

541 1688 622 1728 na
667 1669 820 1727 urbe
869 1669 1181 1741 milliaria,
1237 1669 1337 1728 via
1381 1669 1734 1737 Tiburtina.
1785 1670 1847 1730 in
1894 1690 2019 1749 quo
2065 1676 2127 1730 et
2169 1671 2517 1731 oratorium
2565 1675 2798 1731 sancta
2842 1668 3105 1729 Cacilia
3151 1667 3236 1749 (εἰ)
3281 1686 3415 1729 esse
3483 1669 3821 1747 dignosci-

544 1780 668 1850 tur,
713 1775 900 1836 beato
967 1778 1150 1836 Petro
1214 1776 1493 1855 reliquit.
1566 1776 1746 1849 Quod
1796 1776 1928 1856 ipse
1991 1777 2390 1838 beatissimus
2452 1795 2620 1858 papa
2686 1793 2935 1854 magna
3006 1775 3490 1836 constructionis
3549 1775 3820 1836 fabricis

541 1890 732 1963 atque
795 1882 1055 1963 picturis
1117 1882 1460 1956 decoravit,
1510 1884 1964 1963 ampliavitque
2033 1885 2098 1944 in
2166 1903 2240 1945 eo
2302 1885 2459 1944 fines
2519 1903 2596 1945 ex
2665 1883 2838 1943 omni
2899 1888 3100 1962 parte.
3159 1883 3546 1943 Data'enim
3611 1884 3818 1962 digna

418 1993 495 2050 15
539 1989 1127 2069 recompensatione
1171 1989 1268 2050 his
1313 1991 1422 2070 qui
1465 1991 1529 2050 in
1577 1991 1782 2051 vicino
1829 1990 2110 2070 ejusdem
2175 1990 2296 2050 loci
2358 1990 2782 2070 possessiones
2844 1994 3057 2050 tenere
3114 1975 3517 2059 videbantur,
3565 1988 3823 2049 nemini

539 2098 664 2157 vim
711 2098 1008 2169 inferens,
1057 2097 1162 2156 sed
1212 2096 1412 2174 magis
1456 2105 1527 2157 ut
1570 2099 1871 2158 condecet
1915 2097 2102 2177 patri,
2151 2103 2384 2158 cuncta
2426 2117 2604 2157 secus
2648 2096 2948 2156 eumdem
2984 2096 3193 2157 locum
3239 2096 3443 2156 amica
3513 2097 3820 2175 pactione

541 2204 740 2283 pretio
811 2204 962 2262 emit
1023 2202 1284 2282 pradia.
1355 2205 1428 2262 Et
1511 2203 1770 2263 domum
1836 2205 2094 2276 cultam,
2165 2206 2350 2273 beato
2422 2207 2606 2265 Petro
2679 2203 2968 2264 eumdem
3043 2204 3250 2264 locum
3305 2203 3450 2282 jure
3496 2209 3820 2283 perpetuo

537 2312 758 2370 statuit
803 2309 1327 2388 permanendum.
1377 2311 1526 2380 Qua
1571 2311 1797 2370 domus
1829 2311 1998 2371 culta
2041 2319 2274 2371 sancta
2329 2311 2591 2371 Cacilia
2639 2330 2836 2389 usque
2895 2311 2958 2370 in
3025 2311 3400 2371 hodiernum
3467 2311 3634 2371 diem
3698 2330 3817 2370 vo-

539 2423 738 2475 catur.
789 2415 1153 2475 Construxit
1195 2415 1429 2493 quippe
1474 2422 1536 2473 et
1579 2416 1641 2474 in
1690 2435 1763 2475 ea
1811 2418 2156 2476 oratorium
2202 2417 2403 2476 sancti
2447 2416 2762 2496 Abbacyri
2808 2415 2907 2495 (ε),
2957 2416 3063 2475 ubi
3125 2421 3187 2476 et
3248 2417 3481 2477 multas
3543 2423 3816 2476 sancto-

413 2526 494 2585 20
539 2541 677 2582 rum
723 2521 1006 2580 condidit
1053 2519 1375 2597 reliquias.
1423 2521 1621 2591 Quam
1676 2522 1968 2582 videlicet
2009 2523 2265 2582 domum
2314 2522 2548 2582 cultam
2608 2523 2749 2582 usui
2811 2523 3068 2601 proprio
3130 2521 3462 2582 dominica
3509 2523 3821 2583 videlicet

494 2627 893 2689 ‘traditionis
941 2626 1295 2704 descripsit.
1344 2627 1454 2686 Hic
1499 2629 1825 2688 constituit
1868 2629 2058 2689 aliam
2104 2629 2360 2688 domum
2410 2629 2644 2689 cultam
2688 2629 2751 2688 in
2799 2627 3041 2688 decimo
3087 2633 3314 2706 quarto
3376 2627 3677 2688 milliario
3735 2629 3819 2689 ab

535 2737 652 2795 hac
702 2737 984 2794 Romana
1028 2732 1180 2792 urbe
1225 2733 1676 2812 patrimonium
1725 2733 1818 2814 (f)
1863 2735 2131 2809 Tuscia,
2191 2741 2255 2795 et
2321 2735 2876 2795 constitutionibus
2938 2733 3242 2812 obligavit
3303 2734 3444 2793 usui
3503 2735 3817 2795 Ecclesia

532 2839 1055 2923 permanendum,
1107 2841 1297 2900 etiam
1349 2840 1487 2901 loca
1531 2860 1672 2920 qua
1719 2842 1797 2901 ab
1842 2845 2028 2903 Anna
2071 2842 2292 2903 relicta
2335 2842 2656 2922 quondam
2704 2842 2784 2923 (g)
2831 2841 3182 2920 Agathonis
3224 2840 3565 2920 primicerii
3610 2840 3812 2902 beato

530 2952 717 3010 Petro
765 2947 1057 3007 videntur
1100 2965 1257 3020 esse,
1306 2965 1624 3008 concessa.
1673 2949 1785 3008 Hie
1831 2968 2068 3010 massas
2111 2968 2253 3029 qua
2303 2954 2617 3010 vocantur
2680 2954 2877 3010 Antro
2941 2954 3003 3009 et
3065 2947 3349 3008 Formias
3411 2966 3524 3008 suo
3587 2949 3811 3009 studio

411 3059 487 3118 25
533 3057 671 3137 jure
715 3054 886 3116 beati
927 3054 1098 3114 Petri
1143 3054 1497 3134 acquisivit,
1547 3075 1704 3134 quas
1748 3062 1811 3118 et
1855 3057 2079 3117 domos
2125 3057 2327 3117 cultas
2371 3056 2612 3117 statuit.

618 3197 784 3250 225
830 3190 910 3249 Et
952 3187 1029 3248 de
1073 3187 1367 3246 omnibus
1411 3189 1699 3268 superius
1743 3189 2005 3250 adnexis
2049 3189 2426 3251 domocultis
2471 3188 2552 3270 (lc)
2599 3190 2962 3268 apostolica
3007 3187 3393 3249 exarationis
3453 3189 3806 3248 constituta

529 3297 787 3364 faciens,
838 3301 1027 3374 atque
1071 3295 1460 3355 sacerdotale
1504 3295 1839 3374 collegium
1884 3315 2258 3375 aggregans,
2306 3297 2422 3356 sub
2469 3296 2893 3356 anathematis
2954 3295 3503 3356 interdictionibus
3573 3295 3805 3356 statuit

529 3402 686 3462 nulli
731 3419 986 3481 quoquo
1034 3399 1219 3460 modo
1265 3419 1694 3460 successorum
1740 3401 1874 3480 ejus
1920 3403 2312 3481 pontificum,
2365 3402 2458 3462 vel
2520 3402 2627 3462 alii
2689 3402 2946 3462 cuilibet
3011 3420 3325 3482 persona,
3378 3400 3564 3461 licere
3624 3400 3800 3480 ipsas

527 3511 746 3570 domos
790 3509 991 3568 cultas
1035 3507 1115 3568 ab
1163 3527 1279 3567 usu
1343 3508 1636 3567 Ecclesia
1703 3509 2021 3588 quomodo
2085 3510 2384 3570 alienare.
2434 3509 2547 3569 Hic
2607 3509 2754 3570 fecit
2816 3514 3051 3569 vestem
3117 3528 3307 3588 super
3367 3507 3564 3568 altare
3623 3507 3799 3568 beati

442 3622 478 3678 5
526 3617 792 3678 Andrea
839 3615 1106 3694 apostoli
1153 3615 1227 3673 ad
1278 3615 1530 3674 beatum
1579 3617 1840 3675 Petrum
1889 3616 2076 3676 nimis
2120 3616 2452 3696 optimam.

609 3758 776 3813 226
823 3750 934 3809 llic
996 3749 1395 3809 beatissimus
1454 3769 1620 3828 papa
1692 3750 1912 3809 statuit
1959 3755 2028 3809 ut
2088 3750 2322 3811 crebris
2386 3751 2606 3810 diebus
2668 3750 3114 3810 alimentorum
3182 3755 3489 3829 sumptus,
3556 3749 3668 3829 qui
3729 3753 3792 3809 et

525 3858 926 3935 eleemosyna
972 3875 1168 3935 usque
1213 3876 1381 3917 nunc
1425 3857 1805 3935 appellatur,
1840 3857 1918 3918 de
1963 3857 2308 3917 venerabili
2370 3857 2750 3936 patriarchio
2795 3877 2834 3918 a
2877 3856 3306 3936 paracellariis
3370 3856 3440 3937 (ι’)
3485 3855 3789 3936 pauperi-

524 3963 642 4022 bus
687 3968 748 4022 et
795 3962 1139 4040 peregrinis
1185 3962 1292 4039 qui
1337 3963 1415 4020 ad
1461 3962 1717 4022 beatum
1767 3965 2022 4023 Petrum
2068 3968 2419 4035 morantur,
2467 3963 2786 4042 deportari
2843 3964 3058 4041 eisque
3102 3962 3374 4041 erogari.
3423 3963 3685 4022 Necnon
3731 3966 3793 4020 et

524 4069 816 4130 omnibus
861 4075 923 4129 et
965 4069 1262 4147 inopibus
1305 4075 1368 4129 et
1411 4068 1676 4128 infirmis
1722 4088 1831 4148 per
1877 4070 2199 4130 universas
2245 4069 2532 4148 regiones
2576 4069 2753 4130 istius
2799 4071 3100 4130 Romana
3164 4069 3334 4128 urbis
3399 4067 3789 4143 constitutis,

442 4179 478 4236 5
523 4177 809 4238 eamdem
857 4176 1144 4235 similiter
1185 4175 1477 4235 distribui
1533 4175 1670 4255 ipsa
1714 4177 2158 4236 alimentorum
2206 4177 2534 4237 constituit
2587 4177 3078 4256 eleemosynam.
3132 4175 3331 4254 Hujus
3393 4175 3789 4255 temporibus

522 4283 788 4362 contigit
830 4283 1038 4343 subito
1086 4288 1380 4360 tegumen
1428 4282 1535 4364 (j),
1570 4283 1734 4343 tituli
1779 4283 1947 4344 beati
1991 4283 2223 4344 Christi
2266 4284 2558 4364 martyris
2602 4283 2856 4344 Eusebii
2900 4283 3147 4344 cadere.
3193 4283 3312 4355 Qui
3355 4282 3790 4343 sanctissimus

521 4393 614 4452 vir
659 4410 801 4451 cum
850 4396 980 4450 tota
1010 4408 1123 4449 sua
1165 4389 1494 4450 decertans
1537 4391 1792 4463 virtute,
1841 4391 2311 4471 prudenterque
2355 4391 2710 4464 elaborans,
2759 4392 2923 4451 sicut
2984 4390 3336 4470 antiquitus
3379 4389 3518 4462 fuit,
3570 4405 3788 4450 rursus

520 4499 689 4578 quod
734 4497 1047 4558 ceciderat
1092 4498 1410 4576 reparavit
1452 4502 1642 4577 atque
1698 4499 1933 4577 optime
2001 4497 2400 4558 restauravit.
2447 4497 2558 4559 Hic
2621 4498 2977 4578 pracipuus
3039 4497 3322 4578 pontifex
3385 4497 3584 4557 multa
3649 4497 3788 4557 loca

523 4611 884 4665 sanctorum
933 4604 994 4664 in
1045 4605 1369 4666 meliorem
1421 4611 1654 4665 statum
1708 4605 2023 4684 perduxit.
2067 4607 2144 4665 Et
2189 4611 2390 4665 vestes
2435 4605 2709 4684 optimas
2753 4623 2943 4685 super
2986 4605 3216 4666 altaria
3258 4604 3627 4665 earumdem
3675 4601 3784 4664 Dei

523 4712 926 4773 ecclesiarum
975 4711 1142 4772 fecit.
1190 4712 1305 4772 llic
1349 4711 1570 4772 dilexit
1611 4711 1852 4772 clerum
1897 4731 2079 4772 suum
2128 4711 2309 4772 valde
2381 4717 2572 4790 atque
2635 4711 3031 4792 presbyteria
3092 4711 3182 4772 eis
3225 4729 3436 4772 annue
3479 4711 3545 4771 in
3591 4709 3783 4790 duplo

399 4821 475 4879 10
518 4825 580 4880 et
623 4819 896 4899 amplius
943 4819 1166 4878 tribuit
1213 4837 1225 4877 :
1275 4838 1496 4880 omnes
1541 4825 1761 4898 utpote
1807 4825 1988 4898 pater
2031 4824 2093 4879 et
2134 4818 2339 4879 bonus
2410 4824 2627 4898 pastor
2695 4819 3088 4899 amplectens
3150 4824 3210 4878 et
3255 4819 3494 4879 utiliter
3537 4819 3778 4892 fovens,

520 4932 581 4986 et
628 4925 877 5004 penitus
929 4925 1290 5004 quempiam
1344 4925 1602 4985 minime
1649 4924 1941 4985 tribulari
1988 4924 2379 5004 permittens.
2428 4924 2628 5002 Hujus
2699 4925 2914 5004 itaque
2988 4924 3378 5004 temporibus
3442 4924 3506 4984 in
3554 4938 3778 5004 magna

519 5033 853 5092 securitate
903 5039 965 5092 et
1009 5031 1227 5091 latitia
1270 5033 1543 5112 populus
1588 5051 1626 5093 a
1669 5035 1796 5093 Deo
1861 5033 1952 5092 illi
2017 5032 2390 5093 commissus
2433 5032 2665 5109 degens
2723 5032 2904 5092 vixit.
2977 5033 3090 5093 llic
3152 5032 3552 5093 beatissimus
3615 5047 3777 5112 papa

517 5157 629 5198 suo
679 5138 1171 5218 prudentissimo
1216 5137 1446 5214 studio,
1495 5158 1654 5219 quos
1697 5139 1900 5200 beata
1948 5139 2403 5200 recordationis
2450 5137 2787 5217 Gregorius
2829 5157 2997 5218 papa
3040 5139 3210 5213 fecit,
3257 5145 3532 5219 quatuor
3575 5138 3774 5200 Dialo-

1627 5467 1874 5513 NOTULE
1916 5467 2304 5514 MARGINALES
2346 5466 2640 5512 FABROTTI
2651 5496 2665 5510 .

539 5719 876 5808 Pillrt‘acium.‘
918 5731 1018 5807 .(b)
1052 5732 1327 5808 dignatus
1358 5738 1467 5788 est.
1491 5804 1505 5808 Α
1547 5735 1616 5805 (ί)
1653 5738 1711 5802 C,
1745 5736 1922 5808 regis.
1956 5741 1987 5791 Ε

2203 5735 2349 5791 nifici
2383 5733 2735 5808 Cataxantin
2784 5733 2863 5808 (ti)
2898 5735 2958 5808 (2,
2986 5735 3275 5808 Ecclesia.
3352 5735 3424 5807 (ε)
3451 5734 3508 5802 C,
3554 5729 3760 5808 abbatis

359 5783 511 5862 Cyri.
540 5783 558 5786 “
588 5791 659 5855 (/)
691 5790 749 5842 in
783 5783 1326 5874 patrimonia”“(6)~
1342 5783 1467 5860 tam
1489 5783 1916 5882 103:1,

427 5857 496 5926 (λ)
524 5857 952 5928 tegumentum.

2204 5783 3288 5880 Eia'qu'édaﬁf'jh)‘Jénlib'aé'éﬁiiis'.
3354 5783 3430 5881 ‘6')
3453 5783 3761 5864 ἶιόἑιῖεἷιιῖἰε.
