3950 6392
185 329 286 387 ῧῖδ

942 332 1311 389 BLANCHINI
1363 334 1672 392 DISSERT.
1724 337 1818 392 DE
1854 336 2016 393 ΑΝΤ.
2073 338 2183 393 RR.
2258 338 2455 394 PONT.
2518 339 2856 397 CATALOG.

3512 341 3620 401 254

186 458 378 527 phoro,
402 459 503 529 qui
526 458 791 514 imminet
809 459 1208 516 columnarum
1228 462 1537 531 epistyliis,
1564 461 1840 517 videlicet
1863 463 1920 521 A
1950 460 2161 534 obtigit
2192 463 2252 518 in
2284 464 2500 532 pariete
2530 463 2745 519 boreali
2780 466 3131 521 numerando
3160 479 3193 520 a
3224 463 3411 521 fronte
3442 465 3609 521 basi—

187 546 241 600 in
261 545 694 601 orbicularibus
714 547 835 601 illis
861 547 1045 619 signis
1066 549 1341 604 indicatis
1365 551 1423 605 in
1448 548 1641 605 tabula
1662 564 1718 618 x,
1745 548 1832 604 lit.

184 634 227 689 G
263 635 303 688 Η
332 634 563 703 depicta
605 635 990 690 Romanorum
1038 637 1373 706 pontiﬁcum
1414 638 1624 707 capita,
1658 637 1836 693 sicuti

183 722 345 777 etiam
372 724 431 777 in
453 723 593 779 aliis
609 724 1038 780 orbicularibus
1058 725 1245 797 signis
1264 727 1355 782 his
1374 727 1758 796 superpositis
1775 730 1839 782 ut

185 810 391 865 ibidem
422 811 639 866 litteris
673 814 710 881 l,
745 813 784 867 L
813 817 870 867 et
907 812 1124 868 clarius
1167 814 1597 871 demonstratur
1630 816 1689 870 in
1721 814 1839 870 alia

184 898 370 955 tabula
403 913 457 954 x1
495 899 555 955 in
598 900 935 970 ampliorem
977 900 1213 957 formam
1253 903 1553 974 designata
1583 903 1692 960 sub
1731 903 1841 958 lit-

183 988 316 1042 teris
356 989 421 1058 A,
466 989 529 1055 B,
570 990 630 1059 C,
664 990 730 1060 D,
775 996 830 1044 et
873 989 959 1045 sic
1000 989 1070 1045 de
1113 991 1377 1061 reliquis.
1415 1011 1441 1041 ι)
1473 994 1600 1047 Haec
1640 992 1838 1047 Ciam-

180 1089 368 1145 pinus.

246 1167 450 1222 Verum
497 1181 567 1221 ex
618 1166 834 1223 tabulis
890 1169 1163 1241 publicis,
1219 1184 1285 1226 ea
1331 1171 1401 1226 de
1453 1184 1513 1225 re
1556 1168 1838 1225 confectis

177 1267 208 1308 a
254 1255 651 1311 commendato
704 1257 911 1314 Jacobo
966 1259 1275 1328 Grimaldi,
1322 1275 1389 1316 ex
1446 1259 1838 1315 destinatione

178 1342 335 1398 Pauli
369 1345 429 1411 V,
457 1346 683 1402 notario
707 1346 775 1401 ad
811 1347 867 1402 id
903 1348 1162 1403 muneris
1190 1348 1429 1416 delecto,
1463 1350 1633 1417 cujus
1660 1353 1839 1404 auto—

178 1433 452 1502 graphum
473 1434 530 1488 in
550 1434 783 1490 archivo
804 1444 1178 1492 sacrosanctae
1198 1437 1456 1493 basilicae
1477 1438 1835 1493 custoditum

176 1521 470 1577 consulere
507 1536 573 1578 ac
607 1523 932 1579 describere
975 1525 1120 1580 mihi
1163 1527 1503 1595 permissum
1546 1524 1681 1593 fuit,
1723 1539 1836 1580 an-

178 1614 380 1665 nuente
399 1611 858 1669 eminentissimo
875 1628 939 1669 ac
960 1616 1436 1671 reverendissimo
1456 1616 1522 1668 D.
1545 1612 1831 1669 cardinali

172 1696 387 1754 Albano
418 1701 931 1772 archipresbytero,
960 1710 1017 1758 et
1044 1718 1327 1760 consensu
1356 1704 1536 1760 totius
1563 1716 1830 1758 reveren-

1951 549 2096 620 licte,
2129 552 2424 621 proximus
2451 551 2704 621 pontifex
2728 554 2827 622 qui
2857 561 3101 623 occupat
3127 567 3341 609 nonum
3370 554 3613 611 orbicu-

1947 626 2067 693 lum
2121 640 2468 697 inscribitur
2514 643 2940 713 MARCELLUS,
2997 657 3198 713 nempe
3247 648 3461 713 martyr
3506 641 3614 697 sub

1947 732 2323 789 Diocletiano.
2355 734 2494 788 totis
2521 734 2856 803 quingentis
2880 734 3053 788 annis
3085 734 3368 789 vetustior
3395 732 3610 787 Adria—

1950 835 2023 877 no
2053 823 2075 875 Ι
2104 838 2119 890 ;
2150 820 2359 876 deinde
2404 822 2671 891 sequitur
2709 820 3013 890 AGATON,
3059 822 3330 876 ducentis
3359 826 3416 877 et
3447 824 3615 875 octo—

1950 911 2107 978 ginta
2139 908 2314 965 ferme
2343 910 2514 965 annis
2544 912 2827 965 recentior
2851 910 3137 979 Marcello,
3166 916 3224 965 et
3249 911 3459 966 sacculo
3495 907 3617 964 fer—

1949 1011 2036 1052 me
2065 998 2252 1053 solido
2289 998 2612 1066 praecedens
2644 997 2982 1053 Adrianum.
3016 1000 3211 1068 Neque
3251 998 3485 1054 felicius
3514 1005 3618 1053 aut

1944 1086 2293 1157 diligentius
2345 1088 2532 1156 pictor
2584 1086 2683 1142 ille
2728 1088 2967 1156 parietis
3023 1087 3275 1143 borealis
3327 1087 3613 1157 expressit

1948 1174 2404 1246 cbronologiam,
2443 1190 2612 1246 quam
2657 1181 2879 1246 poterat
2908 1176 3109 1231 saltem
3143 1176 3203 1230 in
3236 1175 3613 1245 pontiﬁcibus

1949 1263 2212 1332 repetitis
2243 1265 2496 1319 mutuari
2529 1278 2599 1319 ex
2632 1264 2850 1334 pariete
2879 1265 3135 1320 adverso.
3172 1264 3427 1319 Vidisset
3457 1263 3609 1318 enim

1946 1352 2213 1407 Marcello
2260 1351 2510 1408 tributos
2550 1352 2609 1406 in
2655 1356 2787 1408 sede
2835 1352 2983 1407 Petri
3028 1366 3211 1407 annos
3250 1351 3511 1422 quinque
3558 1355 3615 1405 et

1946 1454 2169 1495 menses
2196 1447 2409 1511 septem
2431 1442 2593 1513 (quot
2615 1444 2789 1498 etiam
2819 1443 2879 1497 in
2903 1442 3145 1497 vetustis
3172 1455 3238 1496 ac
3263 1439 3615 1496 sinceriori-

1944 1528 2054 1585 bus
2083 1530 2371 1600 Catalogis
2415 1531 2828 1601 assignantur),
2872 1544 2973 1585 nec
3013 1532 3083 1586 ad
3116 1529 3448 1585 octennium
3481 1539 3612 1582 cum

1943 1617 2207 1673 bimestri
2250 1620 2456 1690 spatio,
2499 1626 2565 1675 ut
2604 1621 2725 1689 ipse
2766 1619 2978 1689 pinxit,
3022 1619 3341 1689 prorogari.
3379 1616 3613 1672 Constat

1945 1711 2130 1782 igitur
2154 1711 2413 1779 picturas
2441 1711 2680 1780 parietis
2709 1710 2959 1766 borealis
2985 1711 3174 1766 serius
3196 1708 3377 1766 fuisse
3402 1722 3605 1778 super-

173 1788 401 1843 dissimi
443 1791 687 1859 capituli
727 1790 897 1861 (unde
936 1793 1107 1848 etiam
1150 1793 1421 1849 hauserat
1451 1790 1829 1862 Ciampinus),
1859 1789 1911 1849 Β
1944 1799 2175 1854 additas
2226 1804 2391 1852 aetate
2444 1798 2724 1869 sequiori,
2779 1799 3003 1867 qualem
3051 1799 3306 1854 vidimus
3361 1797 3610 1853 indicari

175 1876 424 1945 proferre
440 1880 602 1948 juvat
623 1880 1010 1935 recensionem
1036 1886 1291 1937 veterum
1317 1882 1675 1951 picturarum
1707 1894 1833 1950 qua:

173 1964 245 2019 ibi
265 1968 697 2036 spectabantur.
721 1969 1019 2024 Constabit
1041 1970 1195 2024 enim
1218 1971 1422 2025 seriem
1449 1969 1608 2024 illam
1634 1968 1836 2039 ponti—

173 2053 352 2121 ﬁcum,
377 2071 510 2125 qua:
531 2071 706 2127 supra
725 2057 994 2126 epistylia
1010 2064 1065 2112 et
1082 2058 1413 2113 coronidem
1436 2058 1834 2114 columnarum

172 2143 504 2199 sublimiori
548 2146 607 2199 in
653 2144 935 2214 stylobate
976 2147 1205 2216 depicta
1244 2152 1384 2215 erat,
1432 2146 1541 2201 sub
1586 2148 1835 2217 picturis

171 2233 384 2289 Veteris
414 2234 767 2289 Testamenti
799 2234 1073 2304 colorato,
1104 2235 1416 2291 indicatam
1448 2236 1662 2291 litteris
1686 2236 1752 2292 IL
1775 2237 1835 2292 in

173 2320 272 2375 tab.
289 2335 327 2376 ι
344 2321 778 2391 Ciampiniana,
803 2322 983 2378 fuisse
1001 2323 1392 2393 antiquiorem
1410 2329 1466 2378 et
1483 2324 1835 2392 pertinuisse

171 2410 230 2463 ad
273 2415 499 2466 aetatem
555 2412 810 2466 Formosi
878 2426 1036 2481 papae
1073 2431 1087 2479 ;
1131 2413 1369 2467 alteram
1434 2426 1569 2468 vero
1624 2413 1829 2468 seriem

171 2501 492 2556 eorumdem
543 2500 904 2570 pontiﬁcum,
969 2514 1095 2570 qua:
1142 2501 1459 2556 constituta
1505 2507 1628 2556 erat
1679 2502 1834 2556 intra

172 2589 494 2644 coronidem
518 2595 576 2643 et
600 2588 935 2658 epistylium
963 2589 1191 2644 ordinis
1217 2588 1615 2644 columnarum
1642 2590 1700 2644 in
1728 2604 1830 2645 zo-

173 2678 359 2746 phoro,
397 2676 501 2734 ubi
544 2692 677 2733 sunt
713 2677 921 2734 littera:
953 2679 1020 2747 G,
1055 2679 1119 2748 H,
1164 2678 1281 2733 tab.
1313 2692 1349 2733 x
1383 2679 1535 2748 apud
1567 2679 1832 2749 Ciampi—

172 2779 317 2836 num,
344 2781 498 2837 opus
525 2766 708 2823 fuisse
748 2768 937 2823 :etatis
983 2768 1165 2823 multo
1198 2768 1540 2824 recentioris
1572 2787 1585 2823 :
1617 2769 1831 2838 quippe

172 2871 286 2926 qua:
314 2858 545 2913 Nicolai
594 2858 754 2912 tertii
790 2856 1057 2913 mandato
1094 2858 1321 2926 depicta
1354 2857 1437 2912 ibi
1471 2856 1660 2913 fuerat
1691 2858 1830 2913 totis

170 2941 263 3000 L00
304 2944 485 3002 ferme
534 2947 704 3001 annis
754 2950 881 3016 post
932 2946 1138 3007 seriem
1182 2959 1215 3001 a
1260 2948 1532 3002 Formoso
1580 2960 1829 3016 superne

169 3034 527 3104 dispositam.

1944 1887 2118 1942 etiam
2156 1900 2256 1956 per
2289 1899 2662 1940 marmoream
2693 1885 3062 1957 epigraphem
3102 1886 3357 1956 ejusdem
3409 1886 3609 1942 lateris

1946 1977 2217 2035 borealis.
2247 1976 2492 2031 barbaro
2524 1975 2671 2045 stylo
2690 1975 3102 2031 deformantem
3133 1976 3362 2030 brevem
3387 1976 3614 2044 episto-

1950 2067 2062 2122 lam
2092 2067 2356 2137 Gregorii
2389 2065 2573 2136 tertii,
2603 2079 2635 2121 a
2667 2066 2835 2121 nobis
2876 2065 3155 2135 prolatam
3182 2066 3244 2120 in
3277 2064 3614 2135 praefatione

1947 2156 2089 2211 tomi
2132 2156 2305 2223 primi
2354 2168 2592 2210 numero
2634 2152 2723 2209 38.
2766 2153 3151 2210 Vetustiorem
3189 2154 3373 2224 igitur
3405 2155 3611 2209 seriem

1946 2258 2013 2299 ac
2043 2244 2331 2314 superiori
2384 2244 2509 2299 loco
2550 2244 2790 2313 positam
2838 2244 2896 2298 in
2936 2242 3181 2297 basilica
3217 2243 3271 2297 S.
3326 2242 3488 2297 Pauli
3520 2241 3613 2297 via

1945 2333 2199 2390 Ostiensi
2245 2348 2374 2389 cum
2419 2334 2797 2403 appellavero,
2843 2332 3164 2404 intelligam
3214 2332 3471 2387 indicare
3510 2344 3613 2403 ge—

1947 2423 2184 2477 nuinam
2219 2422 2400 2491 illam,
2436 2436 2619 2491 neque
2652 2422 2931 2476 hactenus
2961 2419 3360 2488 deformatam,
3396 2434 3522 2489 qua:
3550 2419 3610 2475 in

1944 2511 2164 2580 pariete
2192 2510 2436 2566 australi
2468 2526 2501 2566 ει
2535 2511 2594 2564 Β.
2628 2512 2793 2565 Petro
2832 2515 3095 2565 numerat
3134 2508 3435 2579 pontiﬁces
3463 2508 3611 2564 duos

1941 2607 1997 2655 et
2028 2600 2411 2671 quadraginta
2437 2614 2621 2669 usque
2648 2600 2716 2654 ad
2744 2600 2800 2653 S.
2838 2600 3230 2655 Innocentium
3258 2599 3384 2667 ejus
3413 2598 3610 2653 nomi-

1942 2688 2035 2743 nis
2058 2688 2329 2758 primum.
2353 2687 2722 2757 Adjectitiam
2746 2700 2878 2742 vero
2902 2691 3140 2757 partem,
3160 2687 3420 2757 sequiori
3443 2692 3610 2742 aetate

1942 2778 2210 2847 positam,
2236 2790 2301 2832 ac
2328 2776 2629 2832 manifeste
2649 2777 2933 2844 vitiatam,
2965 2776 3298 2846 perturbato
3324 2775 3530 2831 ordine
3553 2783 3612 2831 et

1942 2865 2229 2934 perversis
2288 2866 2442 2921 notis
2500 2865 2931 2936 chronOIOgicis
2985 2865 3045 2920 in
3103 2864 3341 2921 adverso
3393 2864 3609 2933 pariete

1940 2954 2157 3010 boreali
2221 2956 2431 3023 pictam
2486 2960 2758 3025 tanquam
2815 2954 3179 3022 rhapsodiam
3229 2953 3606 3024 inconditam,

1938 3044 2109 3111 cujus
2134 3057 2318 3113 neque
2342 3050 2561 3115 auctor,
2589 3056 2774 3114 neque
2798 3042 3107 3112 exemplar,
3136 3043 3252 3097 imo
3282 3055 3385 3097 nec
3411 3056 3610 3097 exem-

229 3124 279 3181 5.
322 3127 540 3181 Eadem
581 3126 891 3181 diversitas
937 3126 1127 3181 aetatis
1172 3126 1326 3182 clare
1371 3126 1827 3196 deprehenditur
1853 3119 1900 3177 G
1941 3130 2097 3199 plum
2127 3130 2311 3186 ullum
2334 3131 2723 3202 cognoscitur,
2748 3130 2925 3185 nihili
2952 3129 3290 3198 habendam,
3312 3142 3383 3185 ex
3410 3128 3608 3200 regula

168 3216 324 3270 etiam
354 3229 518 3271 nunc
547 3215 883 3285 spectabilis
913 3216 974 3271 in
1003 3216 1227 3285 duplici
1261 3215 1409 3271 serie
1439 3216 1822 3272 Romanorum

168 3305 486 3361 antistitum
530 3304 590 3359 in
631 3303 873 3359 basilica
903 3304 959 3360 S.
993 3304 1180 3360 Pauli.
1226 3305 1341 3359 Hoc
1375 3318 1553 3360 unum
1588 3305 1830 3361 interest

170 3395 304 3462 quod
331 3395 388 3449 in
412 3393 665 3449 basilica
690 3394 930 3448 Paulina
951 3394 1132 3449 series
1160 3408 1334 3464 supra
1356 3394 1686 3449 coronidem
1714 3395 1829 3450 sita

168 3488 459 3552 exacteque
486 3480 749 3537 referens
774 3482 1035 3537 ordinem
1059 3490 1114 3537 et
1139 3482 1572 3553 chronologiam
1605 3496 1831 3539 eorum-

100 3630 107 3637 ,
168 3568 282 3624 dem
316 3570 685 3639 pontiﬁcum,
720 3570 780 3624 in
824 3570 1039 3639 pariete
1083 3571 1314 3640 quidem
1360 3570 1627 3635 australi,
1668 3576 1725 3625 et
1766 3572 1824 3626 in

171 3658 431 3726 stylobate
452 3659 765 3728 supposito
794 3659 1039 3728 picturis
1060 3659 1284 3721 Veteris
1301 3659 1645 3713 Testamenti
1676 3657 1829 3713 refe—

173 3746 329 3802 renda
355 3748 594 3803 videtur
618 3747 688 3802 ad
716 3747 986 3817 quintum
1012 3746 1230 3802 Christi
1261 3745 1558 3815 saeculum,
1590 3751 1652 3801 ut
1678 3744 1829 3801 infra

173 3836 448 3891 ostendam
483 3855 498 3905 ;
531 3836 608 3892 ad
643 3836 792 3906 quod
824 3836 1100 3892 saeculum
1140 3834 1319 3891 dubio
1350 3834 1549 3904 procul
1584 3835 1832 3903 pertinet

175 3924 442 3981 musivum
482 3939 662 3981 arcus
703 3925 1098 3995 triumphalis,
1143 3924 1327 3979 eidem
1376 3924 1580 3993 parieti
1629 3924 1833 3993 proxi-

176 4024 334 4079 mum,
370 4013 428 4068 in
458 4015 664 4069 eadem
699 4014 829 4068 navi
875 4014 1138 4068 mediana
1180 4017 1503 4067 memorata:
1548 4011 1825 4080 basilicae,

176 4098 226 4152 in
251 4115 359 4170 quo
380 4103 578 4158 adhuc
607 4102 881 4173 leguntur
908 4103 1141 4157 nomina
1169 4102 1373 4157 Leonis
1402 4102 1591 4173 Magni
1614 4107 1669 4156 et
1694 4100 1832 4155 Plas-

173 4188 326 4245 cidiaa
343 4191 642 4262 Augustae,
666 4205 814 4260 opus
839 4192 893 4247 id
918 4191 1112 4260 perﬁci
1132 4191 1500 4262 jubentium;
1529 4191 1588 4246 in
1613 4189 1831 4260 pariete

172 4283 344 4334 autem
387 4282 653 4350 adverso,
705 4280 775 4335 ad
827 4280 1048 4350 plagam
1094 4280 1321 4335 scilicet
1364 4280 1645 4336 borealem
1689 4280 1826 4349 sito,

174 4368 339 4423 series
371 4370 715 4438 pontiﬁcum
763 4368 1092 4438 perturbate
1134 4369 1419 4436 disposita
1453 4382 1552 4438 per
1583 4368 1831 4438 imperi-

1940 3220 2189 3276 secunda
2218 3219 2428 3289 capitis
2459 3219 2799 3289 superioris.

2009 3307 2062 3363 6.
2096 3308 2303 3364 Subter
2332 3322 2452 3363 eam
2484 3309 2690 3364 seriem
2720 3308 3117 3377 vetustiorem,
3159 3307 3369 3362 szeculo
3400 3306 3606 3377 quinto

1942 3397 2146 3466 parieti
2179 3397 2423 3452 australi
2454 3397 2929 3466 commendatam,
2963 3396 3082 3450 alia
3111 3395 3291 3450 series
3322 3394 3608 3450 recentior

1937 3485 2157 3554 adjecta
2198 3482 2313 3539 fuit
2346 3498 2377 3539 a
2406 3485 2643 3541 Nicolao
2682 3485 2809 3552 ejus
2844 3482 3102 3539 nominis
3134 3483 3306 3537 tertio
3337 3483 3512 3537 etiam
3545 3482 3605 3538 in

1938 3573 2187 3629 basilica
2212 3573 2266 3627 S.
2303 3573 2463 3629 Pauli
2494 3591 2510 3642 ;
2537 3586 2717 3642 eaque
2744 3584 2775 3625 a
2804 3571 2857 3626 S.
2896 3572 3060 3626 Petro
3088 3570 3158 3625 ad
3191 3574 3608 3641 consequentes

1939 3661 2242 3730 pontiﬁces
2270 3659 2474 3714 ordine
2503 3672 2756 3730 congruo
2797 3658 3128 3725 deducitur,
3161 3657 3404 3725 adjectis
3431 3656 3604 3712 etiam

1942 3749 2099 3814 notis
2123 3746 2553 3815 chronologicis
2583 3759 2682 3814 per
2703 3744 2929 3799 litteras
2953 3746 3191 3811 afﬂictas
3215 3749 3281 3798 ut
3303 3750 3525 3813 vocant,
3549 3754 3606 3802 et

1942 3835 2245 3891 barbarico
2278 3834 2458 3889 ductu
2493 3832 2687 3902 (prout
2723 3846 2790 3887 ea
2830 3831 3088 3888 ferebant
3125 3832 3397 3905 tempora)
3442 3832 3606 3890 defor

1942 3938 2078 3979 mes.
2112 3923 2321 3978 Verum
2352 3928 2409 3977 et
2442 3923 2678 3991 picturae
2704 3928 2760 3976 et
2795 3921 3003 3976 litterae
3044 3922 3327 3991 pleraeque
3368 3922 3608 3979 decide-

1942 4018 2097 4080 runt,
2126 4025 2256 4066 cum
2290 4010 2415 4066 calx
2442 4024 2638 4066 recens
2667 4010 3081 4080 superinducta
3102 4011 3345 4067 vetustis
3372 4010 3605 4081 parieti-

1942 4102 2054 4172 nis,
2104 4107 2161 4155 et
2209 4114 2383 4171 gypso
2429 4098 2686 4165 subacta,
2741 4111 2854 4153 non
2904 4099 3049 4154 satis
3100 4105 3231 4168 apte
3276 4098 3600 4154 cobmserit.

1940 4189 2110 4245 Nulla
2139 4195 2324 4244 tamen
2350 4188 2579 4256 jactura
2611 4185 2726 4242 fuit
2766 4186 3048 4256 historiae,
3076 4194 3178 4243 aut
3213 4186 3606 4257 chronologiaa

1942 4278 2001 4333 in
2029 4285 2395 4333 monumento
2426 4276 2567 4332 adeo
2590 4275 2825 4339 recenti,
2861 4274 2960 4330 ubi
2992 4274 3300 4345 antiquum
3334 4274 3504 4344 illud,
3535 4274 3606 4330 ad

1942 4367 2215 4422 saeculum
2262 4366 2464 4423 Leonis
2504 4366 2692 4437 Magni
2738 4364 3121 4434 relerendum,
3165 4362 3468 4433 potissima
3512 4362 3605 4418 sui

174 4460 283 4511 tum
308 4458 561 4530 aliquem
595 4464 919 4514 curatorem
953 4458 1164 4527 operis,
1198 4459 1300 4529 qui
1330 4457 1587 4529 sequiori
1616 4458 1828 4514 saiculo
1858 4468 1912 4539 ι)
1945 4462 2103 4526 parte
2134 4456 2421 4527 integrum
2462 4460 2705 4511 constat.

175 4544 397 4618 implere
422 4548 615 4605 voluit
644 4555 912 4603 vacantes
939 4562 1101 4604 areas
1125 4547 1503 4618 orbiculares,
1537 4554 1641 4603 aut
1666 4547 1830 4603 labe-

175 4617 365 4691 factata
389 4638 686 4709 pigmenta
709 4637 951 4706 parietis
975 4636 1196 4693 adversi
1225 4636 1570 4705 assimilare,
1604 4635 1827 4692 infelici

176 4719 327 4788 plane
349 4733 561 4781 conatu
593 4726 793 4781 omnia
812 4726 1256 4794 commiscendo,
1283 4726 1430 4781 citra
1462 4725 1637 4780 ullam
1659 4725 1829 4781 ordi-

177 4809 259 4863 nis
285 4820 383 4869 aut
412 4815 811 4887 chronologite
850 4814 1327 4883 observationem,
1378 4814 1673 4884 proximos
1704 4813 1829 4869 loco

174 4900 390 4959 exhibet
402 4906 710 4973 pontiﬁces
729 4904 999 4973 pluribus
1010 4904 1241 4960 saeculis
1255 4904 1498 4960 invicem
1512 4904 1824 4973 sejunctos,

177 4987 467 5063 Pluresque
493 4995 710 5063 repetit
728 5008 1029 5063 eXpressos
1052 5008 1159 5051 suo
1181 4993 1305 5051 loco
1350 4993 1409 5048 in
1445 4992 1641 5048 eadem
1680 4992 1831 5047 serie

177 5081 370 5136 sarculo
417 5083 629 5152 quinto
682 5083 914 5151 depicta
971 5084 1031 5138 in
1090 5084 1309 5153 pariete
1360 5080 1628 5137 australi.
1686 5082 1826 5137 Nam

175 5164 410 5227 Adriano
435 5173 565 5241 ejus
598 5171 857 5227 nominis
890 5172 1095 5243 primo,
1131 5171 1228 5228 cui
1260 5176 1496 5226 octavus
1525 5167 1827 5227 orbiculus

2014 4545 2311 4614 Duplicem
2345 4545 2529 4617 igitur
2558 4546 2766 4601 seriem
2799 4544 3053 4601 Paulina:
3083 4541 3361 4612 basilicae,
3405 4555 3608 4612 nempe

1943 4635 2284 4691 Leonianam
2331 4635 2491 4690 illam
2538 4635 2990 4691 vetustissimam
3035 4646 3212 4703 supra
3250 4632 3603 4701 coronidem,

1940 4729 1997 4778 et
2028 4724 2398 4779 recentiorem
2430 4739 2462 4780 a
2493 4724 2727 4780 Nicolao
2761 4726 2931 4780 tertio
2962 4722 3283 4792 appositam
3321 4720 3473 4775 infra
3500 4733 3608 4775 co-

1940 4812 2197 4868 ronidem
2231 4812 2290 4868 in
2321 4811 2631 4883 epistyliis,
2678 4812 3061 4867 imitabantur
3086 4809 3218 4863 duae
3248 4807 3365 4861 illa:
3394 4812 3609 4876 specta-

1938 4901 2087 4958 biles
2120 4903 2178 4957 in
2210 4902 2502 4969 Vaticana,
2536 4915 2782 4971 quarum
2814 4899 3084 4969 superior
3122 4896 3394 4950 Formoso
3426 4908 3602 4969 papae,

1941 4992 2185 5049 inferior
2214 4993 2399 5049 eidem
2428 4992 2661 5048 Nicolao
2696 4990 2867 5045 tertio
2894 4986 3182 5043 tribuitur
3209 4983 3385 5038 etiam
3417 4984 3477 5037 in
3510 4988 3606 5037 ta—

1938 5082 2095 5138 bulis
2129 5080 2380 5150 publicis
2423 5077 2709 5135 Grimaldi
2751 5075 2987 5143 notarii,
3022 5072 3163 5127 folio
3195 5066 3289 5124 164
3343 5070 3425 5125 ita
3469 5082 3605 5139 per-

1940 5170 2199 5237 scriptis.
