3942 6414
217 325 387 389 1085
937 329 1311 393 HISTORIA
1355 332 1457 393 DE
1499 333 1704 394 VITIS
1751 331 1939 396 ROM.
1987 334 2219 396 PONT.
2254 365 2332 377 -—
2363 333 2825 395 STEPHANUS
2869 333 2945 396 II.
3498 331 3652 397 1086

393 459 892 523 misericordiam
939 463 1189 524 Domini
1233 465 1344 525 Dei
1390 466 1587 526 nostri
1637 474 1941 546 petentes,
1990 473 2051 527 et
2111 467 2304 547 ipsius
2359 467 2633 527 dominae
2696 471 2926 527 nostrae
2987 473 3220 528 sanctas
3281 485 3652 547 semperque

391 567 658 647 virginis
701 568 814 630 Dei
859 569 1128 630 Genitris
1172 571 1408 644 Marias,
1456 572 1625 633 bono
1672 573 1883 634 animo
1927 580 1989 633 et
2031 592 2308 635 consona
2351 592 2500 634 voce
2547 573 2916 652 praedictum
2963 573 3393 633 beatissimum
3452 575 3650 635 virum

391 675 511 736 sibi
555 675 799 755 eligunt
843 676 1232 756 pontiﬁcem.
1280 680 1478 751 Quem
1526 698 1746 740 omnes
1789 681 2034 741 sincera
2078 687 2285 742 mente
2348 699 2489 740 cum
2548 681 2753 740 laudis
2820 680 3151 759 praeconiis
3207 679 3270 739 in
3330 680 3653 741 basilicam

389 782 761 854 Salvatoris,
821 802 964 862 quae
1021 786 1383 864 appellatur
1463 787 2009 859 Constantiniana,
2068 787 2584 867 deportaverunt,
2641 793 2702 846 et
2779 787 3004 846 exinde
3081 786 3250 846 intus
3320 793 3652 860 venerunt,

263 891 342 951 15
391 895 456 950 et
511 889 576 949 in
636 889 1090 970 patriarchium
1141 891 1329 970 juxta
1386 911 1625 954 morem
1686 894 2187 955 intromiserunt.

472 1039 641 1093 IIS
702 1034 855 1094 Erat
911 1034 1077 1094 enim
1139 1034 1335 1095 isdem
1396 1035 1798 1096 beatissimus
1859 1056 2026 1117 papa
2073 1042 2318 1097 amator
2372 1037 2785 1097 Ecclesiarum
2838 1035 2968 1108 Dei,
3025 1035 3426 1096 traditionem
3461 1036 3651 1097 etiam

387 1138 875 1200 ecclesiasticam
948 1141 1133 1201 firma
1209 1142 1552 1203 stabilitate
1628 1162 2006 1204 conservans
2085 1144 2192 1222 (a).
2268 1145 2627 1223 Pauperum
2705 1143 2933 1203 Christi
3007 1142 3188 1202 velox
3280 1143 3646 1216 subventor,

385 1247 561 1307 verbi
617 1247 730 1307 Dei
788 1247 850 1307 in
912 1266 1145 1327 magna
1202 1250 1560 1309 constantia
1618 1251 1994 1330 praadicator
2054 1267 2069 1309 :
2132 1250 2370 1311 Viduas
2437 1257 2498 1310 et
2573 1250 2846 1329 pupillos
2926 1251 3122 1309 multo
3200 1249 3422 1310 melius
3496 1250 3647 1312 visi-

383 1358 526 1413 tans
567 1353 673 1433 (ὁ),
738 1354 1120 1415 lortissimus
1173 1356 1363 1416 etiam
1423 1357 1602 1416 ovilis
1650 1357 1745 1417 sui
1803 1375 1945 1417 cum
2002 1357 2114 1418 Dei
2173 1358 2403 1417 virtute
2479 1357 2788 1418 defensor.
2853 1357 2996 1417 Mox
3063 1375 3213 1416 vero
3274 1336 3654 1418 restauravi‘

295 1461 336 1519 5
384 1464 448 1520 et
504 1466 782 1540 quatuor
838 1461 902 1521 in
962 1461 1081 1522 hac
1141 1464 1426 1523 Romana
1486 1463 1642 1524 urbe
1701 1464 1820 1524 sita
1852 1463 2204 1544 antiquitus
2259 1463 2674 1536 xenodochia,
2737 1483 2878 1543 qua:
2936 1482 2972 1524 a
3027 1463 3342 1524 diuturnis
3397 1467 3460 1524 et
3508 1463 3648 1525 lon-

382 1567 639 1646 ginquis
700 1569 1098 1648 temporibus
1154 1570 1456 1630 destituta
1516 1570 1882 1642 manebant,
1943 1578 2005 1632 ct
2058 1572 2121 1630 in
2181 1571 2268 1632 eis
2353 1571 2670 1632 ordinavit
2725 1589 2974 1631 omnem
3037 1571 3370 1630 utilitatem
3430 1569 3492 1630 in
3550 1569 3648 1630 di-

379 1674 580 1735 versis
637 1693 856 1735 eorum
918 1676 1074 1736 locis
1133 1675 1475 1756 disponens
1531 1677 1700 1737 intus
1757 1678 1948 1738 etiam
2008 1685 2069 1738 et
2125 1679 2296 1750 foris,
2359 1679 2420 1739 in
2481 1679 2708 1758 quibus
2765 1683 2828 1738 et
2885 1677 3083 1738 multa
3139 1677 3409 1738 contulit
3455 1676 3646 1750 dona,

379 1801 523 1862 qua:
582 1788 644 1843 et
701 1801 814 1862 per
874 1783 1193 1863 privilegii
1249 1785 1546 1864 paginam
1611 1785 1728 1845 sub
1788 1786 2210 1846 anathematis
2268 1786 2602 1846 interdicto
2678 1785 3098 1846 confirmavit.
3159 1784 3302 1844 Pari
3364 1785 3550 1845 modo
3610 1803 3650 1845 a

379 1907 545 1950 novo
602 1889 902 1951 fundasse
959 1891 1349 1969 dignoscitur
1409 1898 1470 1952 et
1533 1893 1996 1953 xenodochium
2054 1893 2114 1953 in
2175 1893 2487 1953 Plantana
2543 1892 2640 1972 (c),
2703 1898 2954 1952 centum
3017 1909 3364 1972 pauperum
3413 1889 3652 1951 Christi

249 1997 338 2057 IO
381 1997 738 2077 depositum
797 1998 926 2059 illic
974 1998 1232 2071 faciens,
1296 1999 1732 2078 quotidianum
1797 2000 2084 2062 videlicet
2137 2000 2368 2060 victum
2427 2019 2643 2061 eorum
2703 2000 3048 2060 decernens
3103 1998 3315 2058 tribui.

462 2147 630 2204 οπο
691 2143 845 2201 Nam
905 2147 967 2201 et
1025 2141 1176 2202 foris
1237 2160 1450 2202 muros
1507 2141 1698 2221 hujus
1755 2143 2023 2203 civitatis
2080 2146 2378 2203 Romanae
2435 2160 2612 2203 secus
2668 2142 2992 2202 basilicam
3055 2141 3220 2202 beati
3273 2138 3441 2200 Petri
3465 2122 3650 2218 aposl

377 2246 488 2307 toli
549 2247 676 2308 duo
734 2247 882 2308 fecit
937 2247 1358 2324 xenodochia,
1420 2248 1485 2308 in
1545 2249 1775 2328 quibus
1832 2255 1893 2309 et
1936 2249 2120 2329 plura
2176 2250 2446 2311 contulit
2503 2250 2694 2320 bona,
2756 2267 2896 2328 quae
2955 2253 3018 2309 et
3073 2246 3336 2308 sociavit
3389 2264 3646 2306 venera-

374 2352 608 2415 bilibus
683 2354 990 2415 diaconiis
1064 2355 1192 2415 illic
1266 2355 1416 2415 foris
1491 2355 1906 2416 existentibus
1985 2357 2348 2436 perenniter
2425 2375 2796 2436 permanere
2875 2353 2984 2434 (d),
3045 2354 3109 2413 id
3178 2359 3272 2414 est
3329 2351 3642 2413 diaconiaa

373 2466 610 2521 sanctae
665 2461 777 2522 Dei
822 2461 1175 2534 Genitricis,
1236 2466 1298 2522 et
1354 2461 1521 2522 beati
1578 2461 1859 2523 Silvestri
1915 2463 2080 2539 dum,
2145 2469 2205 2523 et
2259 2463 2602 2543 privilegiis
2654 2461 3015 2541 apostolicis
3077 2461 3438 2540 perenniter
3497 2478 3640 2540 per-

283 2568 325 2626 5
372 2567 692 2629 manenda
746 2567 1036 2628 munivit.

457 2709 626 2762 280
681 2699 756 2780 (e)
817 2703 987 2762 Inter
1043 2701 1178 2761 haec
1237 2719 1385 2762 vero
1442 2701 1590 2761 dum
1645 2720 1879 2782 magna
1930 2704 2283 2783 persecutio
2343 2723 2381 2764 a
2434 2702 2998 2782 Langobardorum
3045 2720 3194 2780 rege
3241 2701 3507 2763 Aistulfo
3566 2696 3645 2782 (Ῑ)

364 2807 430 2868 in
484 2807 601 2869 hac
663 2811 948 2870 Romana
1006 2808 1161 2869 urbe
1220 2809 1319 2870 vel
1368 2808 1844 2887 subjacentibus
1896 2810 1948 2870 ei
2021 2811 2382 2871 civitatibus
2431 2810 2795 2884 exstitisset,
2859 2814 2922 2870 et
2972 2809 3312 2869 vehemens
3361 2807 3642 2887 ejusdem

371 2914 537 2994 regis
593 2915 837 2976 saevitia
895 2915 1274 2987 immineret,
1335 2915 1502 2976 illico
1560 2915 1755 2976 isdem
1811 2916 2212 2978 beatissimus
2271 2936 2439 2997 papa
2511 2917 2697 2977 tertio
2758 2916 3157 2995 apostolatus
3224 2914 3642 2976 ordinationis

367 3040 499 3082 suae
557 3041 770 3084 mense
827 3021 1168 3103 disponens
1227 3040 1408 3082 suum
1462 3041 1838 3099 germanum
1897 3023 2383 3094 sanctissimum,
2446 3022 2682 3083 scilicet
2737 3021 3004 3082 Paulum
3060 3021 3393 3080 diaconum
3447 3025 3638 3099 atque

281 3131 322 3188 5
385 3127 784 3189 Ambrosium
846 3128 1297 3208 primicerium,
1359 3128 1646 3207 plurimis
1721 3129 1804 3208 (g)
1865 3148 2007 3189 cum
2099 3129 2464 3190 muneribus
2539 3128 2621 3188 ad
2701 3129 2992 3188 eumdem
3069 3125 3636 3204 Longobardorum

372 3252 586 3314 regem
643 3235 979 3296 Aistull‘um
1039 3235 1118 3295 ad
1177 3233 1350 3314 pacis
1408 3233 1830 3295 ordinandum
1909 3241 2098 3315 atque
2157 3235 2663 3296 confirmandum
2723 3235 2966 3294 foedera
3038 3233 3229 3292 misit.
3293 3233 3409 3304 Qui
3483 3251 3640 3312 pra:-

376 3343 488 3403 fati
545 3342 661 3402 viri
716 3342 796 3402 ad
866 3361 1007 3404 eum
1067 3341 1530 3413 convenientes,
1590 3341 1928 3420 impartitis
1979 3342 2368 3415 muneribus,
2430 3360 2557 3420 quo
2613 3340 2857 3400 facilius
2908 3340 3127 3400 eadem
3179 3357 3292 3418 pro
3352 3357 3418 3399 re
3465 3339 3636 3418 apud

375 3467 519 3510 eum
578 3448 1014 3530 impetrarent,
1073 3448 1136 3508 in
1197 3447 1622 3527 quadraginta
1693 3466 2006 3509 annorum
2085 3449 2293 3528 spatia
2367 3447 2540 3528 pacis
2620 3447 2826 3508 foedus
2903 3465 3044 3507 cum
3119 3464 3193 3505 eo
3271 3445 3636 3507 ordinantes

373 3555 934 3617 confirmaverunt.
993 3557 1073 3616 At
1130 3573 1282 3616 vero
1341 3555 1538 3615 isdem
1600 3561 1931 3634 protervus
1988 3555 2555 3634 Longobardorum
2618 3573 2748 3628 rex,
2811 3553 3057 3633 antiqui
3123 3551 3321 3613 hostis
3378 3552 3634 3614 invasus

248 3663 330 3723 10
370 3662 668 3735 versutia,
726 3663 865 3743 ipsa
921 3663 1161 3723 fcedera
1217 3662 1389 3742 pacis
1447 3669 1589 3741 post
1641 3680 1801 3742 pene
1859 3667 2134 3741 quatuor
2194 3681 2457 3736 menses,
2537 3661 2601 3721 in
2680 3660 2940 3741 perjurii
3013 3659 3296 3720 incidens
3359 3663 3628 3734 reatum,

368 3769 664 3851 disrupit,
726 3770 955 3830 multas
1003 3769 1141 3848 jam
1200 3769 1332 3829 fato
1390 3769 1779 3830 saectissimo
1837 3768 1971 3829 viro
2049 3769 2144 3829 vel
2205 3775 2432 3829 cuncto
2492 3769 2729 3849 populo
2788 3770 3072 3828 Romano
3131 3767 3424 3845 ingerens
3478 3785 3630 3827 con-

368 3875 682 3950 tumelias,
746 3876 954 3937 varias
1010 3875 1101 3935 illi
1159 3875 1362 3935 minas
1420 3874 1720 3952 dirigens.
1773 3875 2046 3954 Cupiens
2094 3876 2336 3956 quippe
2394 3878 2524 3936 Deo
2574 3875 2693 3935 sibi
2741 3867 3058 3935 contrario
3117 3879 3410 3934 cunctam
3467 3873 3632 3934 hanc

371 3982 761 4063 provinciam
819 3983 1139 4054 invadere,
1203 3999 1538 4043 onerosum
1599 3982 1907 4042 tributum
1957 3981 2147 4060 hujus
2225 3985 2526 4043 Romanae
2597 3981 2768 4042 urbis
2842 3981 3346 4041 inhabitantibus
3402 3979 3629 4040 addhi-

367 4090 521 4150 bere
581 4087 665 4170 (lt)
723 4089 1116 4150 innitebatur
1169 4106 1182 4147 :
1248 4107 1361 4168 per
1421 4088 1918 4168 unumquodque
1986 4088 2226 4149 scilicet
2293 4095 2486 4168 caput
2551 4087 2833 4167 singulos
2901 4088 3041 4148 auri
3115 4087 3348 4147 solidos
3421 4105 3631 4147 annue

245 4199 321 4258 15
365 4196 600 4258 inferre
657 4195 730 4276 (τ’)
785 4195 1096 4256 inhiabat.
1155 4197 1234 4256 Et
1286 4213 1414 4255 suae
1465 4193 1896 4273 jurisdictioni
1951 4194 2268 4256 civitatem
2333 4195 2497 4256 hanc
2555 4197 2906 4256 Romanam
2965 4193 3064 4255 vel
3122 4192 3516 4273 subjacentia
3571 4193 3630 4254 ei

367 4308 574 4365 castra
629 4302 898 4364 subdere
956 4301 1363 4382 indignanter
1415 4300 1742 4363 afferebat.

451 4444 612 4500 281
677 4436 954 4498 Cernens
1009 4454 1158 4497 vero
1212 4435 1378 4496 idem
1433 4434 1864 4496 sanctissimus
1919 4453 2086 4516 papa
2151 4435 2358 4498 valide
2416 4436 2662 4515 praefati
2723 4434 2887 4514 regis
2946 4433 3361 4514 perniciosam
3415 4432 3625 4494 immi-

366 4561 518 4604 nere
584 4541 916 4615 saavitiam,
995 4561 1378 4622 magnopere
1451 4542 1532 4602 ad
1608 4561 1674 4602 se
1735 4542 2050 4603 accersitis
2126 4543 2584 4604 venerabilium
2659 4541 3188 4603 monasteriorum
3263 4545 3626 4602 sanctorum

365 4649 678 4711 Vincenlii
752 4655 814 4710 et
889 4649 1212 4710 Benedicti
1291 4648 1598 4727 religiosis
1657 4649 2014 4723 abbatibus,
2094 4667 2210 4709 sua
2283 4650 2416 4710 vice
2491 4650 2693 4710 eidem
2752 4647 3186 4709 crudelissimo
3245 4647 3413 4708 misit
3469 4647 3620 4726 regi,

366 4756 598 4818 obnixe
652 4775 768 4836 per
822 4775 932 4818 eos
990 4753 1319 4836 postulans
1374 4755 1545 4834 pacis
1601 4755 1863 4828 hedera,
1924 4761 1987 4816 et
2054 4757 2332 4835 quietem
2393 4761 2802 4835 utrarumque
2876 4754 3150 4835 partium
3220 4753 3439 4834 pepuli
3512 4753 3626 4815 Dei

283 4866 321 4922 5
364 4863 648 4925 obtinere
705 4862 1230 4924 confirmandam.
1289 4863 1457 4934 Quos
1514 4880 1740 4942 nempe
1795 4862 2166 4942 suscipiens,
2227 4868 2289 4924 et
2335 4864 2595 4924 omnino
2647 4860 3040 4942 contemptui
3089 4860 3355 4933 habens,
3389 4860 3624 4940 sprevit

363 4989 582 5033 eorum
647 4969 890 5031 monita
946 4969 1026 5050 (j)
1091 4975 1154 5031 et
1208 4969 1284 5030 ad
1362 4988 1490 5030 suae
1569 4969 1807 5030 anima:
1885 4969 2338 5030 detrimentum
2394 4971 2528 5030 sine
2599 4970 2826 5031 effectu
2906 4986 3110 5029 causa:
3187 4967 3484 5028 confusos
3539 4967 3621 5027 ad

361 5078 624 5157 propria
681 5077 954 5138 absolvit
1011 5076 1416 5148 monasteria,
1481 5075 1808 5136 obtestans
1865 5095 1970 5137 eos
2031 5077 2285 5136 minime
2345 5077 2422 5137 ad
2482 5077 2946 5137 sanctissimum
2997 5093 3228 5156 papam
3278 5072 3616 5135 declinare.

361 5184 545 5258 Quod
602 5184 869 5246 audiens
925 5184 1060 5264 ipse
1114 5183 1470 5264 pracipuus
1525 5185 1715 5244 Pater
1769 5183 2086 5263 extemplo
2147 5183 2352 5263 (juxta
2409 5189 2476 5244 ut
2533 5184 2755 5244 crebro
2831 5182 3265 5262 consueverat)
3322 5180 3618 5260 omnipo-

1385 5483 1644 5531 NOI‘ULJE
1686 5482 2066 5530 KARGINALES
2110 5482 2434 5530 FABROTTI.

252 5691 778 5832 reggtg‘rservabat.
837 5735 918 5802 (b)
948 5735 1129 5789 Baron
1176 5734 1533 5805 eleemosynis
1579 5736 1806 5802 scilicet,
1859 5752 2023 5807 quam
2071 5735 2342 5806 corporalz
2388 5735 2700 5805 praesentia.
2758 5735 2832 5801 (ε)
2868 5739 2927 5801 Β,
2979 5733 3250 5790 Plataria.
3293 5733 3368 5804 (ά)
3401 5737 3466 5790 ut
3515 5752 3614 5807 pe-

252 5818 308 5832 ι..
511 5809 891 5832 ιΔ--ιλιι-Αο-Α-ιι
975 5808 1044 5832 I-\
1082 5806 1253 5832 Dn-“
1337 5822 1441 5832 ιη...
1523 5807 1630 5832 ηαδ)
1713 5809 1782 5832 [Α
1820 5813 1856 5832 Il
1922 5807 2211 5832 A.’_a.-l-L-
2305 5807 2374 5832 l...\
2411 5811 2460 5832 ,ιι
2494 5805 2688 5832 ...ιη-..Αι-
2774 5807 2851 5832 ιιικ
2883 5805 3131 5832 ..Δεζιιλ-,.
3215 5807 3277 5832 I.'\
3310 5809 3332 5832 ο
3364 5806 3588 5832 -..ΡΑ-.-Α

243 5805 915 5912 ωτὼἶῖξιοωαιιοωηῐ.
973 5808 1044 5874 (e)
1074 5806 1276 5861 Baron.
1332 5822 1465 5860 ann.
1523 5807 1648 5861 752.
1711 5809 1783 5877 (Γ)

545 5891 602 5931 a.

2051 5805 2235 5879 leho.
2303 5807 2374 5877 (g)
2408 5811 2464 5862 et
2494 5805 2712 5878 plures.
2773 5807 2852 5875 (ὴ)
2882 5805 3153 5877 adjicere.
3214 5807 3278 5879 (ἱ)
3310 5809 3332 5834 '
3363 5805 3608 5864 auferre.
