3942 6424
317 318 474 381 108⁵1
1488 330 1870 395 ANASTASI

2193 328 2568 398 tTHEGARII
3581 323 3750 394 ξοδδ

482 457 640 521 lenti
695 459 965 523 Domino
1023 464 1152 524 Deo
1211 468 1426 527 nostro
1501 485 1679 528 suam
1758 469 2104 550 populique
2163 469 2282 531 sibi
2359 468 2679 532 commissi
2757 467 3210 532 commendans
3281 458 3552 530 contulit
3609 487 3754 530 cau-

361 568 441 626 tO
480 585 640 641 sam,
697 573 758 628 et
815 569 981 630 hanc
1038 571 1370 649 lugubrem
1432 573 1568 653 ejus
1623 576 1851 638 divinas
1911 577 2230 656 majestati
2285 579 2632 640 insinuavit
2687 579 3230 640 lamentationem.

565 683 728 737 139
790 679 867 737 Et
921 678 1074 738 dum
1131 679 1268 742 haec
1325 689 1665 759 agerentur
1720 683 2052 764 conjunxit
2105 685 2189 765 (α)
2253 689 2515 747 Romam
2589 687 2868 747 Joannes
2930 685 3280 765 imperialis
3339 684 3749 758 silcnliarius,

481 784 768 843 deferens
822 785 1022 846 eidem
1085 788 1480 848 sanctissimo
1539 791 1825 869 pontiﬁci
1882 793 2120 870 regiam
2182 791 2557 866 iussionem,
2635 793 2950 873 simulque
3019 797 3082 853 e‘t
3135 792 3322 852 aliam
3383 793 3463 852 ad
3522 809 3757 854 nomen

484 889 769 970 prtedicti
844 893 1008 970 regis
1080 894 1259 974 impii
1330 895 1556 957 detulit
1631 897 2101 960 adhortationis
2177 919 2494 961 annexam
2571 899 2945 980 iussionem,
3005 905 3075 960 ut
3150 887 3536 978 Reipublicae
3614 900 3758 961 loca

483 996 798 1058 diabolico
856 999 936 1058 ab
992 1019 1066 1062 eo
1126 1005 1428 1081 usurpata
1485 1004 1763 1083 ingenio,
1822 1007 2079 1086 proprio
2157 1008 2520 1069 restitueret
2589 1009 2872 1069 domino.
2935 1009 3131 1082 Quem
3212 1007 3503 1067 videlicet
3559 1007 3764 1087 impe-

403 1108 438 1166 5
500 1103 722 1166 rialem
785 1106 1043 1168 missum
1102 1110 1432 1171 confestim
1464 1113 1802 1191 saepeiatus
1857 1115 2286 1176 sanctissimus
2345 1135 2511 1195 papa
2569 1133 2714 1176 cum
2745 1134 2860 1176 suo
2892 1133 3198 1194 germano
3232 1113 3534 1194 praedicto
3577 1133 3759 1175 sanc-

485 1210 726 1273 tissimo
785 1215 982 1276 Paulo
1039 1216 1314 1278 Diacono
1375 1218 1454 1279 ad
1511 1221 1802 1280 eumdem
1864 1221 2034 1282 misit
2109 1223 2566 1302 ncquissimum
2641 1223 2982 1284 Aistulfum
3052 1223 3442 1282 Ravennam.
3514 1221 3760 1293 Quibus

483 1320 791 1417 susceptis
851 1340 992 1383 cum
1047 1324 1220 1385 inani
1278 1344 1384 1386 eos
1443 1325 1715 1388 absolvit
1775 1347 2095 1408 responso,
2158 1329 2494 1391 adhaerens
2550 1329 2638 1410 (ὁ)
2683 1330 2884 1392 cidem
2939 1329 3254 1409 imperiali
3305 1328 3491 1389 misso
3539 1347 3762 1408 quem-

482 1425 629 1486 dam
684 1429 956 1508 proprias
1014 1431 1223 1510 gentis
1279 1433 1593 1494 nefarium
1651 1434 1856 1496 virum
1915 1435 2246 1497 diabolicis
2307 1437 2625 1497 imbutum
2705 1436 2982 1498 consiliis
3059 1436 3139 1497 ad
3209 1436 3447 1514 regiam
3522 1454 3760 1516 prope-

485 1533 756 1596 randum
811 1534 886 1616 (e)
948 1537 1192 1608 urbem,
1249 1540 1608 1620 reversique
1667 1541 1860 1621 legati
1916 1545 2183 1604 Romam
2242 1562 2317 1604 ac
2374 1544 2740 1624 praesentati
2805 1544 3009 1605 eidem
3079 1543 3473 1606 sanctissimo
3547 1561 3757 1622 papas,

367 1639 444 1699 10
489 1650 958 1705 enarraverunt
1013 1645 1070 1707 ei
1127 1646 1285 1707 nihil
1342 1667 1406 1708 se
1479 1649 1703 1726 egisse.
1761 1651 1939 1710 Tunc
2007 1651 2314 1730 praefatus
2391 1651 2824 1712 sanctissimus
2881 1652 2998 1724 vir,
3060 1650 3277 1730 agnito
3339 1649 3600 1728 maligni
3655 1668 3760 1710 re-

485 1747 582 1828 gis
639 1751 929 1825 consilio,
993 1753 1160 1814 misit
1218 1754 1280 1814 in
1345 1755 1581 1834 regiam
1637 1757 1856 1818 urbem
1917 1776 2062 1819 suos
2122 1759 2345 1820 missos
2403 1764 2463 1818 et
2515 1759 2899 1838 apostolicos
2956 1759 3185 1818 allatus
3237 1776 3378 1818 cum
3439 1755 3760 1836 imperiali

484 1857 750 1935 praefato
812 1859 1021 1934 misso,
1084 1861 1432 1942 deprecans
1490 1863 1886 1944 imperialem
1945 1865 2344 1926 clementiam
2401 1872 2470 1926 ut
2517 1865 2705 1944 juxta
2763 1865 2934 1945 quod
2992 1865 3049 1926 ei
3105 1864 3336 1945 smpius
3391 1863 3754 1944 scripserat,

485 1981 626 2023 cum
689 1967 963 2028 exercitu
1025 1969 1103 2029 ad
1163 1969 1430 2031 tuendas
1488 1971 1603 2032 bas
1658 1972 1854 2032 Italia;
1912 1977 2128 2052 partes
2186 1972 2389 2034 modis
2446 1973 2742 2034 omnibus
2798 1972 3146 2046 adveniret,
3208 1978 3271 2033 et
3325 1971 3402 2032 de
3459 1969 3762 2050 iniquita-

307 2151 338 2184 .
487 2070 566 2131 tis
643 2071 756 2133 filii
830 2075 1144 2137 morsibus
1218 2080 1568 2139 Romanam
1649 2078 1815 2139 hanc
1872 2079 2094 2140 urbem
2150 2080 2247 2140 vel
2291 2085 2583 2140 cunctam
2649 2079 2894 2141 Itallam
2965 2077 3359 2159 provinciam
3429 2077 3756 2138 liberaret.

569 2213 734 2268 288
795 2209 968 2270 Inter
1023 2209 1159 2271 haec
1219 2231 1371 2274 vero
1431 2231 1810 2293 permanens
1867 2212 1932 2272 in
1999 2232 2114 2274 sua
2180 2213 2457 2292 pernicie
2520 2213 2603 2295 (ά)
2663 2214 2965 2293 praefatus
3021 2213 3450 2274 atrocissimus
3486 2213 3765 2288 Longo-

486 2312 830 2374 bardorum
891 2335 1032 2390 rex,
1093 2319 1327 2380 exarsit
1403 2321 1616 2381 furore
1680 2318 2065 2394 vehementi,
2125 2325 2188 2381 et
2264 2321 2538 2382 fremens
2614 2326 2684 2381 ut
2759 2321 2880 2395 leo,
2948 2320 3275 2399 pestiferas
3351 2319 3558 2380 minas
3632 2319 3766 2377 Ro-

489 2419 693 2478 manis
767 2420 1040 2502 dirigerc
1119 2444 1244 2486 non
1331 2426 1683 2500 desinebat,
1763 2445 2048 2486 asserens
2117 2445 2344 2488 omnes
2404 2445 2533 2488 uno
2603 2426 2817 2505 gladio
2892 2425 3198 2505 jugulari,
3278 2425 3395 2486 nisi
3473 2444 3625 2497 sum,
3691 2429 3774 2483 ut

488 2527 824 2605 praefatum
895 2534 1010 2601 est,
1095 2550 1230 2592 sese
1306 2531 1649 2593 subderent
1725 2532 1974 2593 ditioni.
2038 2535 2436 2614 Rursumque
2497 2532 2570 2613 (θ)
2641 2533 2957 2594 antefatus
3037 2531 3466 2592 sanctissimus
3540 2534 3766 2603 Pater,

407 2634 444 2690 5
489 2639 875 2712 congregato
934 2636 1227 2700 universo
1291 2643 1578 2700 Romano
1632 2644 1821 2712 cmtu,
1885 2639 2095 2700 taliter
2149 2659 2256 2701 eos
2313 2646 2579 2719 paterno
2655 2657 2867 2699 amore
2947 2637 3299 2707 admonuit,
3378 2636 3675 2716 inquiens
3746 2654 3765 2696 :

490 2741 714 2813 Quaaso
772 2759 904 2815 vos,
968 2743 1081 2805 lilii
1137 2746 1511 2820 charissimi,
1575 2765 1690 2826 pro
1740 2752 2097 2808 nostrorum
2154 2745 2527 2807 delictorum
2587 2745 2752 2807 mole
2830 2743 3082 2806 Domini
3149 2743 3567 2822 imploremus
3625 2744 3763 2804 cle—

493 2849 818 2924 mentiam,
874 2857 935 2912 et
992 2853 1127 2933 ipse
1183 2859 1396 2916 noster
1451 2852 1569 2915 erit
1628 2853 1901 2932 adjutor,
1965 2851 2386 2933 liberabitque
2447 2873 2562 2913 nos
2618 2871 2733 2913 sua
2793 2849 3341 2932 providentissima
3398 2847 3766 2910 misericor-

492 2955 596 3016 dia
674 2975 713 3018 a
797 2961 1310 3038 persequentium
1394 2961 1688 3021 manibus
1749 2978 1763 3020 :
1826 2959 2005 3041 cujus
2078 2961 2418 3022 salutiferis
2491 2957 3030 3021 admonitionibus
3109 2962 3373 3018 cunctus
3449 2956 3768 3016 obediens

493 3064 767 3142 populus
825 3068 1191 3147 congregati
1257 3068 1642 3130 unanimiter
1717 3087 1936 3129 omnes
2009 3068 2305 3148 lacrymis
2379 3067 2533 3128 fusis
2601 3066 3103 3145 omnipotentem
3186 3062 3522 3122 Dominum
3604 3081 3766 3122 nos-

376 3170 452 3230 10
497 3175 664 3231 trum
723 3171 1045 3253 deprecati
1100 3179 1268 3235 sunt.
1329 3176 1398 3235 In
1457 3194 1585 3235 una
1645 3194 1793 3236 vero
1839 3174 2083 3236 dierum
2161 3193 2302 3235 eum
2363 3173 2564 3234 multa
2639 3172 2998 3233 humilitate
3073 3169 3337 3230 sollicite
3411 3169 3769 3250 procedens

495 3279 561 3339 in
619 3279 853 3341 letania
909 3299 1050 3342 eum
1124 3282 1547 3343 sacratissimo
1622 3281 1899 3363 imagine
1954 3282 2207 3343 Domini
2265 3281 2378 3342 Dei
2462 3286 2525 3342 et
2598 3279 2946 3342 Salvatoris
3023 3276 3223 3337 nostri
3281 3277 3430 3338 Jesu
3502 3275 3761 3349 Christi,

494 3407 637 3467 quae
695 3388 1133 3469 antheropsita
1184 3387 1272 3471 (f)
1331 3395 1760 3470 nuncupatur,
1822 3389 2136 3470 simulque
2193 3392 2256 3450 et
2312 3408 2455 3450 cum
2517 3407 2593 3449 ea
2665 3385 2792 3448 alia
2860 3387 3110 3447 diversa
3176 3391 3356 3445 sacra
3413 3381 3769 3444 ministeria

497 3493 809 3576 recipiens
841 3494 921 3577 (g)
985 3497 1368 3578 proprioque
1425 3496 1694 3560 humero
1769 3497 1971 3578 ipsam
2047 3501 2331 3557 sanctam
2410 3495 2750 3574 imaginem
2813 3513 2953 3555 cum
3017 3491 3272 3572 reliquis
3332 3490 3770 3552 sacerdotibus

495 3601 662 3663 idem
741 3603 1172 3664 sanctissimus
1257 3623 1426 3686 papa
1511 3609 1787 3684 gestans,
1867 3605 2179 3684 nudisque
2257 3602 2544 3683 pedibus,
2628 3609 2757 3662 tam
2836 3601 2969 3681 ipse
3058 3617 3376 3679 quamque
3473 3597 3769 3658 universa

379 3709 452 3769 l5
497 3709 694 3789 plebs,
756 3709 1121 3772 incedentes
1179 3711 1241 3772 in
1303 3711 1630 3773 ecclesiam
1715 3717 1951 3772 sanctae
2024 3711 2135 3771 Dei
2213 3709 2566 3783 Genitricis,
2626 3728 2768 3788 quae
2846 3707 2928 3768 ad
2986 3707 3274 3785 Praesepe
3334 3707 3760 3784 nuncupatur,

499 3816 704 3896 posito
762 3817 827 3877 in
886 3817 1169 3877 omnium
1252 3818 1565 3898 capitibus
1641 3817 2022 3898 populorum
2099 3817 2331 3890 einere,
2393 3835 2533 3876 cum
2613 3814 2892 3875 maximo
2965 3813 3214 3875 ululatu
3274 3811 3357 3893 (Ιι)
3403 3817 3763 3893 pergentes,

499 3923 1156 3985 misericordissimam
1233 3924 1573 3986 Dominum
1662 3929 1950 3984 nostrum
2026 3923 2344 4003 deprecati
2421 3928 2590 3995 sunt,
2671 3921 2943 4002 alligans
3025 3926 3532 3998 connectensque
3607 3917 3766 3978 ado—

498 4029 715 4091 randa:
799 4029 971 4092 cruci
1056 4031 1167 4092 Dei
1254 4031 1454 4092 nostri
1541 4035 1798 4110 paetum
1884 4030 2042 4091 illud
2126 4030 2295 4111 quod
2395 4030 2708 4090 nefandus
2791 4048 2902 4090 rex
2985 4025 3548 4106 Longobardornm
3634 4023 3765 4086 dis-

498 4156 568 4198 ru
581 4137 692 4218 pit.
1450 4145 1456 4150 '

583 4279 747 4333 ita
832 4272 944 4332 Hic
1020 4272 1421 4333 beatissimus
1505 4291 1674 4352 papa
1757 4290 1979 4333 omnes
2061 4290 2207 4332 suos
2293 4269 2670 4346 sacerdotes,
2743 4274 2805 4331 et
2887 4269 3124 4330 clerum
3209 4268 3272 4328 in
3360 4262 3773 4328 Lateranensi

502 4378 889 4459 patriarcbio
921 4379 1136 4440 sedule
1209 4397 1586 4458 aggregans,
1649 4379 2039 4440 admonebat
2111 4377 2391 4439 divinam
2467 4378 2614 4437 totis
2691 4376 2930 4437 nisibus
3006 4375 3276 4436 scrutari
3350 4374 3767 4454 Scripturam,

503 4493 564 4547 et
613 4485 685 4545 in
747 4485 1014 4546 lectione
1073 4504 1296 4545 vacare
1348 4485 1685 4564 spirituali,
1737 4492 1805 4544 ut
1863 4486 2148 4546 efficaces
2206 4485 2640 4545 invenirentur
2695 4484 2760 4544 in
2821 4483 3023 4544 omni.
3065 4499 3365 4562 responso
3440 4483 3501 4540 et
3565 4497 3774 4539 asser-

507 4591 678 4653 tione
755 4593 1261 4654 adversariorum
1337 4592 1631 4653 ECClesize
1712 4591 1847 4653 Dei.
1934 4595 2060 4653 Nec
2136 4591 2303 4653 enim
2365 4591 2654 4654 cessabat
2727 4591 3165 4652 indesinenter
3232 4584 3633 4649 admonendo
3711 4591 3774 4644 et

423 4702 459 4759 5
504 4700 894 4760 confutando
953 4707 1249 4761 cunctum
1307 4699 1420 4761 Dei
1478 4699 1787 4779 pppulum
1842 4699 2047 4760 sobrie
2106 4699 2333 4779 pieque
2391 4717 2598 4778 agere,
2664 4705 2856 4778 atque
2913 4697 2993 4758 ab
3050 4695 3225 4758 omni
3284 4694 3592 4775 pravitate
3635 4711 3774 4753 sese

506 4806 845 4868 custodire.
907 4807 1020 4868 Hic
1077 4807 1480 4868 beatissimus
1537 4807 1632 4867 vir
1691 4826 1804 4888 pro
1863 4806 2067 4866 salute
2115 4805 2460 4886 provinciae
2517 4809 2582 4866 et.
2650 4805 2935 4868 omnium
3019 4801 3517 4866 Christianorum
3595 4800 3770 4860 omni

508 4914 935 4976 Sabbatorum
1021 4914 1120 4975 die
1205 4914 1524 4988 letaniam,
1591 4914 1764 4974 omni
1852 4913 2202 4994 postposito
2281 4913 2593 4992 neglectu,
2674 4903 2810 4974 ﬁeri
2888 4911 3132 4973 statuit.
3213 4897 3422 4972 Unum
3513 4905 3767 4988 quidem

505 5021 856 5082 Sabbatum
918 5020 998 5081 ad
1056 5027 1338 5082 sanctam
1400 5019 1512 5081 Dei
1586 5020 1964 5082 Genitricem
2026 5019 2106 5080 ad
2162 5021 2476 5100 Praesepe,
2539 5019 2733 5080 alium
2811 5037 2959 5079 vero
3030 5017 3111 5078 ad
3176 5013 3431 5078 beatum
3515 5009 3770 5074 Petrum

507 5128 889 5208 apostolum,
952 5132 1014 5188 et
1064 5127 1261 5188 alium
1321 5126 1400 5188 ad
1450 5127 1706 5188 beatum
1762 5126 2030 5187 Paulum
2087 5127 2470 5208 apostolum.

592 5269 758 5322 2'35
815 5262 888 5342 (τ’)
947 5262 1058 5322 Hic
1114 5261 1513 5322 beatissimus
1575 5280 1740 5342 papa
1799 5261 2172 5322 restauravit
2245 5260 2570 5322 basilicam
2649 5260 2849 5321 sancti
2925 5258 3264 5329 Laurentii,
3327 5275 3517 5337 super
3590 5273 3778 5316 sanc-

511 5374 642 5429 tum
705 5369 1091 5430 Clementem
1148 5367 1356 5442 sitam,
1418 5368 1675 5448 regione
1733 5369 1939 5445 tertia,
2009 5387 2150 5447 qua:
2211 5387 2248 5430 a
2305 5367 2622 5429 diuturnis
2699 5367 3088 5448 temporibus
3165 5365 3377 5425 diruta
3447 5363 3718 5426 maneba

515 5475 908 5536 Restauravit
961 5482 1024 5537 et
1080 5482 1374 5555 tegumen
1433 5475 1779 5538 ceemeterii
1835 5481 2070 5536 sancta}
2125 5475 2430 5554 Sotheris,
2491 5474 2663 5555 quod
2710 5474 3043 5537 ceciderat.
3102 5475 3320 5553 Itaque
3369 5471 3520 5532 dum
3575 5469 3670 5560 isd

1542 5661 1791 5708 NOTULE
1831 5663 1915 5706 HA
1926 5661 2216 5708 RGINALES
2258 5662 2579 5709 FABROTTI.

430 5793 503 5880 tu)
535 5799 933 5880 ορηίνθξιίῑηςῤ)
949 5808 1030 5880 _B,
1063 5803 1259 5880 idest,
1292 5807 1640 5880 conﬁngens.
1675 5807 1744 5877 (ε)
1777 5807 1987 5878 profect

1890 5807 2195 5863 recturum.
2230 5808 2310 5878 (ά)
2339 5807 2617 5880 nequitia.
2655 5807 2722 5879 (ρ)
2753 5808 3116 5877 Rursusque.
3151 5806 3217 5876 (f)
3245 5809 3386 5876 [orte
3413 5819 3447 5858 a

360 5862 436 5928 (9)
467 5865 486 5885 ¹
519 5862 796 5924 misteria.
827 5862 1281 5944 (it)'B,'ejulatu.
1313 5862 1604 5946 (ἱῗΒαῖοη.
1641 5862 1934 5934 αἶῑὴ.’753.
