3942 6410
189 355 356 427 1089
902 351 1268 413 HISTORIA
1316 351 1418 418 DE
1460 351 1663 414 VITIS
1710 352 1901 414 ROM.
1952 353 2179 414 PONT.
2211 383 2291 400 —
2322 351 2788 415 STEPHANUS
2834 353 2908 414 II.
3453 355 3610 416 1090

360 485 792 557 sanctissimus
876 485 972 548 vir
1047 484 1186 565 jam
1270 485 1465 548 fatum
1554 486 1917 565 pestiferum
2001 485 2564 564 Langobardorum
2651 503 2862 564 regem
2961 485 3288 547 immensis
3371 487 3610 548 vicibus

241 599 317 666 ,ὅ
359 593 855 664 innumerabilia
930 592 1210 653 tribuens
1285 611 1547 654 munera
1618 593 2064 671 deprecaretur
2140 612 2253 670 pro
2311 591 2606 670 gregibus
2666 592 2784 652 sibi
2842 611 2881 652 a
2935 595 3064 653 Deo
3122 594 3490 667 commissis,
3553 600 3615 654 et

363 703 626 784 perditis
681 703 904 763 ovibus
962 701 1068 780 (α),
1131 699 1369 762 scilicet
1435 718 1550 779 pro
1609 699 1898 761 universo
1974 699 2250 760 exercitu
2314 698 2386 778 (ὁ)
2449 701 2785 771 Ravenna,
2868 704 3056 779 atque
3134 709 3363 764 cuncto
3435 703 3614 765 istius

366 810 564 874 Italia
624 807 969 889 provincia
1033 806 1294 886 pepulo,
1353 825 1511 885 quos
1569 805 1885 866 diabolica
1931 807 2148 866 fraude
2203 805 2334 884 ipse
2382 805 2612 884 impius
2667 807 2999 884 deceperat
3060 826 3168 866 rex
3225 816 3288 868 et
3343 812 3618 888 posside-

363 919 515 992 bat;
575 923 638 979 et
688 917 839 980 dum
898 915 980 974 ab
1034 933 1108 976 eo
1169 913 1324 976 nihil
1381 912 1503 974 hac
1559 913 1636 976 de
1697 931 1762 973 re
1819 911 2158 985 obtineret,
2217 930 2478 973 cernens
2538 912 2884 992 prasertim
2942 913 3018 992 (c)
3067 920 3130 974 et
3175 916 3256 975 ab
3304 916 3617 996 imperiali

367 1025 653 1106 potentia
710 1023 956 1084 nullum
1028 1039 1161 1083 esse
1236 1019 1652 1082 subveniendi
1718 1018 2048 1091 auxilium,
2113 1025 2263 1080 tunc
2335 1019 2869 1099 quemadmodum
2950 1021 3440 1099 pradecessores
3482 1025 3618 1104 ejus

241 1134 322 1203 10
365 1132 568 1194 beata
627 1130 949 1193 memoria
1006 1129 1277 1190 domnus
1336 1126 1698 1204 Gregorius,
1759 1131 1821 1186 et
1879 1125 2218 1204 Gregorius
2271 1125 2455 1198 alius,
2517 1131 2580 1187 et
2651 1125 2921 1187 domnus
2995 1126 3333 1200 Zacharias
3384 1129 3618 1193 beatis-

363 1239 510 1304 simi
557 1237 909 1318 pontitices,
980 1234 1225 1305 Carolo,
1287 1232 1829 1296 excellentissima
1887 1232 2208 1293 memoria
2265 1232 2400 1310 regi
2481 1234 2893 1307 Francorum,
2947 1233 3333 1308 direxerunt,
3396 1245 3621 1316 peten-

369 1353 460 1407 tes
517 1345 635 1405 sibi
677 1341 995 1404 subveniri
1057 1345 1313 1420 propter
1355 1339 1796 1418 oppressiones
1854 1356 1930 1398 ac
1985 1339 2347 1398 invasiones
2391 1357 2550 1417 quas
2605 1345 2668 1398 et
2715 1338 2833 1418 ipsi
2887 1339 2951 1399 in
3011 1339 3128 1401 bac
3189 1343 3620 1405 Romanorum

368 1451 694 1532 provincia
744 1469 783 1512 a
842 1448 1117 1510 nefanda
1170 1444 1735 1524 Longobardorum
1783 1450 1972 1522 gente
2029 1444 2312 1524 perpessi
2367 1451 2562 1504 sunt:
2625 1445 2712 1505 ita
2770 1445 2958 1506 modo
3015 1453 3080 1508 et
3150 1447 3285 1527 ipse
3356 1468 3622 1511 venera-

367 1559 511 1624 bilis
563 1560 771 1629 Pater,
831 1555 1045 1618 divina
1101 1553 1306 1633 gratia
1362 1551 1742 1631 inspirante,
1799 1551 1961 1612 clam
2018 1570 2130 1631 per
2186 1551 2523 1632 quemdam
2582 1552 2984 1631 peregrinum
3041 1573 3184 1618 suas
3241 1555 3408 1616 misit
3465 1556 3624 1618 litte-

245 1669 324 1731 15
371 1685 472 1728 ras
526 1663 795 1744 Pippino
847 1662 984 1745 regi
1028 1663 1416 1722 Francorum
1477 1659 1670 1722 nimio
1727 1657 1945 1720 dolore
1997 1658 2144 1719 huic
2202 1657 2542 1737 provincia
2587 1658 2922 1719 inharenti
2969 1661 3377 1740 conscriptas.

452 1779 620 1837 888
675 1771 770 1832 Ad
854 1769 1022 1830 hunc
1101 1768 1290 1830 etiam
1366 1783 1534 1826 nunc
1626 1765 1714 1845 (d)
1796 1765 2059 1827 cessavit
2140 1765 2439 1842 dirigens,
2526 1771 2596 1826 ut
2690 1784 2837 1826 suos
2938 1765 3039 1828 hic
3141 1769 3404 1830 Romam
3490 1771 3624 1853 ipse

371 1883 757 1947 Francorum
816 1895 924 1936 rex
987 1875 1258 1938 mitteret
1323 1873 1565 1944 missos,
1627 1891 1737 1952 per
1793 1873 1962 1952 quod
2021 1890 2166 1934 eum
2225 1873 2304 1933 ad
2363 1891 2429 1932 se
2485 1873 2777 1933 accersiri
2833 1873 3098 1936 fecisset.
3158 1878 3235 1937 Et
3301 1877 3452 1937 dum
3514 1898 3622 1940 va-

370 1987 494 2048 lide
548 1985 623 2066 (θ)
682 1984 762 2048 ab
821 1983 1041 2044 eodem
1104 1979 1670 2058 Longobardorum
1732 1997 1878 2056 rege
1935 1979 2218 2039 civitates
2249 1983 2310 2039 et
2370 1978 2694 2057 provincia
2743 1979 2864 2040 ista
2929 1982 3357 2043 Romanorum
3415 1987 3628 2065 oppri-

373 2100 716 2163 merentur,
770 2090 975 2151 subito
1034 2086 1390 2165 conjunxit,
1427 2086 1511 2165 (f)
1572 2086 1797 2147 missus
1845 2084 1980 2163 jam
2041 2086 2152 2146 fati
2209 2085 2373 2162 regis
2430 2104 2467 2145 a
2523 2088 2908 2148 Francorum
2983 2089 3236 2150 nomine
3313 2092 3626 2170 Rodigan-

288 2205 328 2264 5
374 2219 492 2280 gus
549 2200 634 2279 (g)
690 2197 908 2268 abbas,
969 2214 1080 2274 per
1137 2213 1326 2273 quem
1386 2194 1555 2254 misit
1610 2194 1670 2252 in
1734 2193 2045 2273 responsis
2107 2210 2356 2252 omnem
2431 2193 2825 2253 voluntatem
2900 2213 2972 2255 ac
3043 2197 3411 2275 petitionem
3470 2218 3629 2278 pra-

373 2308 524 2368 dicti
583 2303 965 2368 sanctissimi
1026 2320 1204 2382 papa
1263 2320 1328 2361 se
1387 2299 1758 2380 adimplere.
1819 2301 1895 2360 Et
1954 2299 2356 2378 postmodum
2415 2299 2574 2358 alius
2634 2300 2858 2360 missus
2917 2303 3242 2362 familiaris
3293 2304 3430 2382 ejus
3485 2325 3628 2368 con-

365 2414 604 2494 junxit,
667 2431 741 2474 ea
798 2412 934 2490 ipsa
990 2408 1398 2470 annuntians.

461 2529 623 2583 τις
686 2521 968 2597 Cumque
1026 2534 1064 2576 a
1140 2514 1595 2592 Longobardis,
1657 2518 1723 2574 ut
1793 2513 2126 2592 prafatum
2198 2521 2314 2586 est,
2393 2514 2658 2593 antiqua
2725 2517 3011 2580 Romana
3085 2517 3234 2578 urbs
3309 2525 3370 2579 et
3427 2526 3632 2582 castra

378 2629 673 2692 universa
729 2625 1281 2702 distringerentur,
1341 2621 1430 2682 ita
1485 2621 1674 2681 etiam
1737 2625 1803 2680 ut
1856 2620 2236 2681 Ciccaneuse
2311 2620 2663 2694 castellum,
2724 2622 2894 2701 quod
2967 2623 3335 2686 colonorum
3401 2633 3630 2688 sancta

376 2735 490 2798 Dei
565 2733 857 2795 Ecclesia
930 2728 1260 2800 existebat,
1339 2733 1695 2806 usurparet,
1754 2727 1920 2787 illico
1987 2727 2068 2787 ad
2138 2727 2375 2804 regiam
2439 2729 2655 2788 urbem
2733 2729 3065 2808 conjunxit
3121 2732 3206 2811 (li)
3261 2734 3633 2812 sapefactus

372 2846 653 2906 Joannes
699 2838 1044 2918 imperialis
1103 2835 1486 2896 silentiarius
1543 2852 1683 2894 cum
1745 2821 1949 2894 missis
2004 2833 2199 2912 ipsius
2250 2835 2628 2894 sanctissimi
2686 2836 3022 2913 pontificis,
3085 2837 3371 2899 deferens
3415 2859 3627 2901 secum

377 2956 440 3012 et
496 2967 640 3029 qua
696 2945 1144 3026 deportaverat
1195 2940 1397 3020 iniqui
1453 2940 2018 3018 Longobardorum
2075 2939 2241 3016 regis
2298 2940 2547 3012 missus,
2601 2941 2789 3001 simul
2843 2949 2905 3002 et
2944 2942 3297 3020 jussionem
3345 2947 3637 3025 imperia-

378 3057 525 3130 lem,
591 3055 652 3116 in
711 3070 840 3133 qua
887 3050 1140 3118 inberat
1196 3048 1271 3128 (ἢ
1324 3048 1630 3108 insertum
1709 3065 1747 3106 a
1807 3045 2365 3124 Longobardorum
2441 3064 2587 3124 rege
2646 3046 2750 3126 (ἢ,
2812 3048 3103 3109 eumdem
3171 3052 3633 3116 sanctissimum

377 3180 610 3243 papam
668 3177 802 3221 esse
862 3160 1272 3238 properatum
1334 3153 1416 3214 ob
1476 3151 1902 3232 recipiendam
1977 3152 2435 3220 llavennatium
2519 3152 2738 3214 urbem
2793 3159 2858 3214 et
2909 3154 3194 3216 civitates
3251 3157 3306 3218 ei
3363 3157 3446 3239 (lc)
3500 3179 3639 3240 per-

379 3271 674 3332 tinentes.
726 3267 849 3326 Pro
907 3282 1035 3344 quo
1110 3267 1174 3323 et
1249 3261 1327 3322 de
1403 3259 1699 3340 prasenti
1767 3258 2128 3339 Stephanus
2174 3277 2338 3339 papa
2396 3259 2624 3320 direxit
2678 3260 2761 3321 ad
2829 3260 3120 3322 eumdem
3192 3263 3636 3345 blasphemum

378 3393 592 3454 regem
648 3391 834 3434 suum
905 3370 1164 3432 missum
1225 3385 1340 3448 pro
1408 3385 1545 3439 sua,
1597 3371 1658 3426 et
1745 3365 1854 3444 qui
1935 3384 2077 3429 cum
2158 3384 2234 3426 eo
2320 3365 2468 3427 ituri
2562 3371 2762 3440 erant,
2851 3367 3287 3431 indemnitate.
3365 3375 3636 3454 Ipsoque

259 3486 338 3548 10
381 3499 632 3546 reverso
715 3477 1052 3556 extemplo,
1136 3481 1200 3536 et
1264 3473 1436 3534 missi
1513 3472 1646 3551 jam
1751 3471 1866 3532 fati
1944 3471 2198 3552 Pippini
2278 3473 2442 3552 regis
2537 3475 2924 3536 Francorum
2995 3475 3484 3556 conjunxerunt,
3573 3483 3638 3543 id

378 3595 473 3651 est
531 3585 938 3665 Rodigangus
993 3583 1064 3662 (Ι)
1119 3581 1472 3660 episcOpus,
1552 3585 1615 3640 et
1685 3577 2065 3638 Autcharius
2141 3579 2267 3640 dux
2345 3586 2656 3658 quatenus
2731 3582 3096 3661 praedictum
3173 3586 3635 3650 sanctissimum

380 3712 612 3776 papam
679 3692 884 3772 (juxta
943 3688 1115 3770 quod
1173 3686 1448 3767 petendo
1508 3684 1786 3763 miserat)
1846 3683 1927 3746 ad
1983 3704 2166 3746 suum
2225 3687 2506 3747 Francia
2561 3686 2670 3767 (m)
2727 3707 2937 3766 regem
2995 3689 3397 3770 deducerent,
3448 3713 3637 3774 quem

380 3803 569 3865 etiam
631 3804 923 3880 paratum
999 3797 1375 3856 invenerant
1449 3793 1527 3853 ad
1603 3791 1975 3871 pradictum
2036 3792 2599 3871 Langobardorum
2657 3813 2870 3873 regem
2948 3799 3446 3877 properandum,
3524 3821 3640 3883 pro

380 3906 824 3986 recolligendis
882 3902 1192 3966 universis
1247 3900 1581 3962 dominicis
1638 3899 1901 3980 perditis
1958 3899 2230 3960 ovilibus
2289 3899 2397 3980 (η).

463 4023 627 4077 288
685 4016 863 4074 Tunc
921 4009 1254 4074 consulens
1310 4006 1390 4086 (ο)
1449 4006 1616 4067 idem
1673 4004 2074 4068 beatissimus
2133 4025 2302 4086 papa
2357 4006 2812 4086 omnipotentis
2871 4009 2983 4070 Dei
3038 4013 3235 4073 nostri
3295 4014 3642 4077 misericor-

379 4123 572 4194 diam,
638 4137 926 4199 egressus
979 4123 1074 4179 est
1131 4115 1212 4176 ab
1268 4113 1390 4174 hac
1477 4115 1765 4174 Romana
1844 4111 2000 4174 urbe
2087 4113 2168 4173 ad
2238 4113 2494 4173 beatum
2582 4116 2836 4175 Petrum
2924 4118 3308 4196 apostolum,
3398 4121 3642 4185 decimo

384 4235 613 4310 quarto
673 4228 772 4288 die
833 4225 1063 4288 mensis
1117 4221 1424 4295 Octobris,
1485 4219 1826 4280 indictione
1883 4219 2194 4298 septima;
2256 4221 2456 4282 secuti
2512 4226 2660 4282 sunt
2714 4241 2856 4283 eum
2917 4223 3129 4303 plures
3204 4228 3640 4290 Romanorum

385 4344 448 4398 et
500 4341 871 4400 caterarum
926 4332 1250 4393 civitatum
1310 4327 1549 4408 populi,
1610 4327 1834 4388 ﬂentes
1884 4325 2352 4406 ululantesque,
2413 4333 2477 4388 et
2533 4347 2938 4409 nequaquam
2997 4349 3141 4392 eum
3205 4334 3458 4412 penitus
3517 4355 3646 4408 am.

296 4446 336 4506 5
381 4444 600 4508 bulare
671 4441 985 4504 sinebant.
1049 4437 1168 4511 Qui
1244 4434 1535 4497 videlicet
1607 4432 2036 4496 sanctissimus
2113 4433 2230 4508 vir,
2286 4453 2420 4496 sese
2489 4435 2556 4495 in
2633 4437 2746 4497 Dei
2808 4437 3046 4500 virtute
3116 4445 3180 4502 et
3249 4444 3644 4520 protectione

381 4555 616 4613 sancta
667 4549 782 4610 Dei
841 4545 1172 4610 Genitricis
1229 4548 1290 4603 et
1348 4542 1681 4604 beatorum
1739 4539 2094 4620 principum
2164 4540 2596 4620 apostolorum
2679 4543 3026 4620 conﬁdens,
3103 4553 3469 4612 constanter
3529 4571 3644 4632 pro

380 4656 584 4720 salute
641 4655 950 4727 omnium,
1014 4652 1161 4714 licet
1222 4648 1593 4714 inﬁrmitate
1647 4646 1928 4726 corporis
1985 4647 2301 4720 detentus,
2349 4647 2736 4710 laboriosum
2794 4669 3127 4730 aggressus
3183 4661 3278 4715 est
3329 4656 3471 4730 iter,
3500 4676 3647 4720 con-

391 4765 632 4830 fortans
687 4767 881 4841 atque
932 4755 1386 4821 commendans
1433 4759 1726 4825 cunctam
1784 4753 2178 4814 Dominicam
2239 4754 2486 4834 plebem
2543 4755 2712 4817 bono
2770 4757 3010 4836 pastori
3065 4761 3334 4830 Domino
3403 4770 3640 4840 nostro,

261 4872 340 4933 10
384 4876 446 4932 ct
502 4870 835 4930 beatorum
881 4865 1312 4946 apostolorum
1368 4860 1638 4942 principi
1689 4861 1900 4922 Petro.
1955 4862 2036 4921 Et
2092 4879 2418 4922 assumens
2465 4881 2678 4924 secum
2736 4882 2814 4924 ex
2868 4864 2990 4925 hac
3071 4873 3293 4928 sancta
3367 4870 3646 4934 Ecclesia

382 4976 470 5058 (ρ)
529 4975 836 5056 quosdam
896 4972 1276 5045 sacerdotes,
1334 4987 1626 5050 proceres
1684 4969 1872 5030 etiam
1933 4974 1998 5030 et
2070 4973 2329 5030 cateros
2387 4969 2756 5032 clericorum
2830 4972 3090 5046 ordinis,
3148 4993 3391 5036 necnon
3449 4983 3512 5039 et
3567 4997 3646 5041 ex

386 5083 626 5144 militia
684 5081 1116 5162 optimatibus,
1179 5077 1425 5140 Christo
1496 5075 1754 5155 pravio,
1817 5081 2096 5155 captum
2166 5081 2537 5155 prosecutus
2592 5083 2686 5139 est
2759 5079 2896 5152 iter,
2959 5098 3255 5160 magnam
3333 5083 3422 5143 illi
3497 5085 3642 5149 cali

389 5191 787 5260 serenitatem
846 5188 1118 5250 Domino
1175 5187 1239 5246 in
1301 5184 1438 5264 ipso
1494 5183 1720 5243 itinere
1777 5183 2122 5244 tribuente.

469 5304 638 5366 189
695 5296 895 5374 Igitur
951 5293 1380 5373 conjungente
1436 5309 1510 5352 eo
1569 5291 1699 5351 fere
1753 5289 2311 5368 quadragesimum
2366 5291 2731 5352 milliarium
2801 5293 3363 5370 Longobardorum
3421 5297 3645 5359 ﬁnium

393 5404 476 5486 (ᾳ)
533 5405 600 5465 in
659 5421 790 5465 una
845 5401 1126 5468 noctium
1189 5399 1440 5478 signum
1498 5397 1566 5460 in
1621 5395 1783 5460 coelo
1840 5413 2141 5475 magnum
2199 5397 2516 5476 apparuit,
2573 5398 2760 5478 quasi
2811 5399 3036 5478 globus
3091 5401 3320 5480 igneus
3377 5403 3460 5466 ad
3497 5422 3646 5485 par-

1408 5589 1660 5646 NOTULE
1699 5587 2085 5649 κΑιιωΜιεε
2126 5590 2458 5648 ΕᾼΒῌΟΤΤΙ.

287 5699 478 5847 κοξῖξεη
516 5737 740 5794 civibus
777 5735 854 5808 (ὁ)
884 5733 1217 5817 ex_axchatu.
1253 5732 1672 5815 (c)'praterea.
1698 5730 1782 5847 qd)
1805 5729 2005 5787 Adhuc
2031 5731 2207 5788 etiam
2237 5749 2374 5786 non.
2410 5731 2755 5804 (e)B,valde.
2774 5734 2932 5816 .(ﬂB,
2947 5737 3210 5807 pervenit,
3241 5737 3473 5820 scilicet.
3491 5740 3644 5814 (9)8,

287 5831 306 5847 ι
353 5838 365 5847 .
471 5799 612 5847 Mne
663 5809 743 5847 Nn
773 5824 802 5847 ιι
837 5823 990 5847 νραηι
1025 5805 1168 5847 nrhp.
1197 5807 1376 5847 vnrut-
1406 5805 1472 5847 (ὓ
1496 5807 1639 5847 arat-
1662 5805 1706 5847 (ιι
1755 5802 1824 5847 nd
1858 5817 2074 5847 Pacem-
2108 5802 2192 5847 (kl
2219 5803 2288 5847 ml
2323 5819 2472 5847 nam-
2501 5805 3081 5847 (li'RhntmanurIun.
3117 5812 3297 5847 («mm
3319 5811 3620 5847 Π-οηηίοπι

287 5730 478 5847 κοξξςξεη
516 5737 740 5794 civibus
777 5735 854 5808 (ὁ)
884 5733 1217 5817 ex_axchatu.
1253 5732 1672 5815 (c)'praterea.
1698 5730 1782 5815 .d)
1805 5731 1837 5786 Α

280 5831 369 5905 τη)
399 5799 996 5934 maturantes?
1015 5805 1648 5934 eamagema
1662 5730 1837 5934 vis:

2091 5731 2207 5786 iam
2237 5749 2374 5786 non.
2410 5731 2755 5804 (e)B,valde.
2789 5734 2932 5807 (n8,
2947 5737 3210 5807 pervenit,
3241 5737 3473 5797 scilicet.
3491 5740 3643 5814 (9)8,

2108 5802 2192 5872 (k)
2219 5803 2292 5858 ad
2323 5819 2472 5859 eam.
2501 5805 2600 5888 (ιγ
2616 5805 3086 5890 Rhotingandus.
3117 5812 3218 5877 (ω)
3238 5809 3298 5866 in
3317 5811 3643 5869 Franciam.

2086 5890 2149 5933 '0.
2180 5874 2259 5934 (α)
2288 5876 2310 5900 ¹’
2342 5881 2715 5934 perveniente
2742 5893 2814 5934 eo
2842 5894 2904 5934 1n
2933 5878 3453 5934 Lonmbardorum
3475 5883 3643 5934 ﬁnes.

563 5918 574 5932 .
607 5869 980 5953 (ej'cerncn's.
1015 5877 1098 5954 (p)
1127 5892 1198 5934 ex
1223 5869 1648 5953 hujus‘s'ancta
1674 5869 1951 5945 Ecclesia?
1973 5869 2149 5933 clero.
2166 5869 2259 5953 '(q)
2288 5876 2310 5900 "
2340 5869 2715 5954 perveniente
2742 5893 2814 5940 eo
2833 5869 2904 5939 in
2933 5869 3453 5961 Longdbardomm
3475 5883 3651 5946 ﬁnes.
