3942 6396
335 347 485 411 1091
1493 343 1892 406 ANASTASIl

2199 342 2617 406 lTHECARlI.
3595 349 3756 411 1092

499 485 623 542 tem
686 479 1026 541 australem
1085 477 1410 540 declinans
1465 495 1502 539 a
1560 478 1775 541 Galliae
1856 479 2145 560 partibus
2211 478 2272 539 in
2349 476 2914 559 Longobardorum
2986 484 3220 560 partes.
3297 481 3516 562 Itaque
3591 500 3758 545 unus

502 607 578 647 ex
637 587 868 648 eisdem
931 589 1316 647 Francorum
1377 585 1601 660 missis,
1666 586 1902 648 scilicet
1958 585 2340 646 Autcharius
2392 587 2544 659 dux,
2604 585 2984 666 quantocius
3031 586 3396 666 princedens
3440 588 3755 667 Ticinum,

418 699 454 757 5
514 714 657 756 eum
717 693 1120 774 praestolatus
1178 699 1293 754 est.
1355 693 1508 754 Cum
1568 712 1717 754 vero
1775 693 2352 774 appropinquasset
2399 693 2532 772 jam
2593 694 2756 754 fatus
2830 693 3230 755 beatissimus
3305 713 3471 776 papa
3532 695 3613 757 ad
3671 697 3758 758 ci-

497 803 759 863 vitatem
821 801 1110 882 Papiam,
1171 800 1404 862 direxit
1479 800 1558 861 ad
1635 818 1777 861 eum
1857 803 2197 880 saapefatus
2247 800 2556 862 Aislulfus
2627 800 3048 881 nequissimus
3119 819 3226 863 rex
3295 802 3517 864 missos
3586 823 3758 878 suos,

496 909 819 971 obtestans
875 926 1020 970 eum
1080 907 1258 968 nulla
1316 908 1568 987 penitus
1626 909 1871 969 ratione
1927 907 2162 969 audere
2240 907 2499 969 verbum
2567 906 2662 968 illi
2716 907 2925 969 dicere
2980 909 3235 988 petendi
3293 910 3759 971 Ravennatium

496 1017 814 1077 civitatem
875 1021 938 1076 et
994 1014 1403 1076 exarchatum
1467 1015 1524 1076 ei
1580 1015 2028 1094 pertinentem,
2085 1015 2186 1076 vel
2243 1015 2321 1076 de
2389 1015 2648 1094 reliquis
2721 1015 3086 1094 reipublicaa
3168 1016 3344 1090 locis,
3407 1035 3549 1097 quae
3623 1017 3760 1098 ipse

495 1124 593 1185 vel
654 1121 793 1202 ejus
868 1121 1364 1202 praedecessores
1435 1121 2004 1201 Longobardorum
2078 1140 2259 1200 reges
2331 1120 2718 1183 invaserant.
2776 1122 2888 1184 Ille
2944 1141 3094 1184 vero
3166 1122 3257 1184 ita
3327 1123 3384 1185 ei
3450 1123 3622 1186 misit
3692 1125 3758 1187 in

374 1234 452 1292 i0
497 1229 813 1311 responsis
871 1247 1159 1291 asserens
1216 1230 1382 1309 quod
1445 1229 1678 1289 nullius
1732 1228 2172 1310 trepidationis
2229 1235 2467 1290 terrore
2524 1228 2739 1290 sileret
2790 1229 3227 1309 hujuscemodi
3285 1231 3540 1310 petendi
3601 1250 3756 1294 cau-

491 1356 627 1398 sam
686 1335 789 1417 (a).

579 1453 752 1505 240
807 1441 1249 1522 Conjungente
1307 1459 1454 1503 vero
1513 1461 1588 1503 eo
1645 1441 1907 1522 Papiam
1987 1441 2052 1503 in
2133 1442 2471 1515 civitatem,
2544 1449 2606 1504 et
2660 1443 2963 1523 praedicto
3034 1443 3308 1504 nefando
3383 1445 3516 1524 regi
3591 1464 3756 1526 pra-

496 1557 766 1628 sentato,
827 1551 1015 1631 plura
1072 1549 1164 1610 illi
1224 1549 1444 1610 tribuit
1498 1567 1786 1623 munera,
1849 1555 1908 1610 et
1967 1549 2153 1610 nimis
2208 1568 2352 1611 eum
2412 1548 2780 1611 obsecratus
2837 1555 2932 1612 est
2993 1555 3184 1631 atque
3256 1550 3549 1631 lacrymis
3605 1571 3756 1633 pro-

494 1659 647 1720 fusis
703 1677 847 1720 eum
908 1657 1129 1738 petivit
1184 1664 1256 1717 ut
1313 1657 1697 1730 Dominicas,
1781 1674 1940 1736 quas
2017 1656 2387 1731 abstulerat,
2449 1657 2742 1719 redderet
2797 1676 2968 1734 oves,
3014 1664 3079 1719 et
3153 1658 3410 1739 propria
3482 1659 3760 1740 propriis

491 1767 873 1828 restitueret.
936 1764 1058 1826 Sed
1105 1764 1278 1826 nullo
1336 1763 1524 1825 modo
1585 1763 1756 1844 apud
1812 1782 1956 1824 eum
2010 1762 2148 1825 haec
2206 1764 2550 1845 impetrare
2579 1764 2800 1826 valuit.
2834 1766 2992 1825 Nam
3053 1770 3115 1826 et
3157 1765 3502 1846 imperialis
3529 1766 3758 1828 missus

411 1876 450 1934 5
494 1873 686 1935 simili
742 1872 930 1934 modo
988 1870 1190 1952 petiit,
1252 1876 1316 1932 et
1369 1871 1732 1950 imperiales
1787 1870 2030 1932 litteras
2086 1871 2179 1932 illi
2234 1871 2477 1946 tribuit,
2536 1877 2600 1933 et
2672 1871 2760 1931 nil
2818 1871 3104 1933 obtinere
3173 1873 3403 1953 potuit.
3461 1873 3758 1935 Prasdicti

493 1999 644 2044 vero
701 1983 1092 2042 Francorum
1153 1978 1327 2039 missi
1402 1977 1824 2039 imminebant
1895 1977 2146 2039 fortiter
2217 1978 2388 2058 apud
2465 1977 2758 2040 eumdem
2833 1979 3201 2054 Aistuifum,
3274 1985 3346 2042 ut
3416 1981 3756 2061 praefatum

493 2087 959 2151 sanctissimum
1019 2105 1250 2167 papam
1307 2086 1372 2146 in
1431 2086 1764 2146 Franciam
1826 2103 2088 2164 pergere
2153 2085 2491 2146 relaxaret.
2567 2085 2662 2146 Ad
2740 2086 2878 2147 haec
2952 2105 3309 2148 convocans
3383 2087 3757 2168 jamdictum

493 2194 930 2258 beatissimum
993 2194 1194 2254 virum
1253 2192 1692 2270 interrogavit,
1753 2192 1805 2251 si
1863 2190 2000 2270 ejus
2057 2190 2139 2272 (b)
2205 2191 2268 2251 in
2328 2191 2658 2253 Frauciam
2717 2193 3103 2274 properandi
3178 2200 3343 2256 esset
3415 2195 3758 2257 voluntas?

494 2302 678 2375 Quod
733 2300 1027 2361 videlicet
1082 2299 1188 2360 ille
1245 2317 1649 2378 nequaquam
1707 2297 1906 2370 siluit,
1967 2296 2077 2358 sed
2131 2316 2312 2358 suam
2368 2297 2462 2358 illi
2537 2299 2897 2378 propalavit
2970 2301 3385 2363 voluntatem.
3447 2300 3628 2363 Unde
3683 2320 3761 2384 ut

373 2415 450 2474 10
491 2410 592 2471 leo
651 2408 942 2469 dentibus
1000 2405 1331 2478 fremebat,
1390 2423 1504 2485 pro
1564 2423 1690 2484 quo
1750 2410 1812 2466 et
1871 2404 2133 2465 diversis
2161 2404 2404 2466 vicibus
2457 2424 2602 2467 suos
2659 2405 2964 2468 satellites
3021 2407 3102 2468 ad
3159 2425 3303 2468 eum
3351 2409 3513 2469 clam
3561 2408 3756 2481 misit,

490 2524 561 2577 ut
611 2534 753 2576 eum
811 2531 1066 2594 quoquo
1125 2512 1314 2573 modo
1369 2529 1408 2573 a
1459 2511 1570 2572 tali
1624 2511 1873 2572 intentu
1927 2510 2002 2591 (c)
2047 2511 2460 2573 declinarent.

506 2625 510 2628 ’
576 2630 735 2683 2M
799 2621 970 2681 Alias
1028 2637 1198 2694 vero,
1264 2623 1572 2698 prwsente
1650 2618 2020 2697 Rodigango
2097 2619 2491 2680 sanctissimo
2568 2620 2886 2700 episcopo,
2966 2620 3384 2700 interrogavit
3457 2622 3759 2684 eumdem

491 2727 926 2789 beatissimum
980 2744 1210 2806 papam
1251 2725 1386 2804 jam
1446 2727 1610 2784 fatus
1666 2724 2230 2802 Longobardorum
2290 2744 2395 2784 rex
2455 2726 2508 2786 si
2564 2727 2726 2787 velle
2785 2726 3050 2787 haberet
3119 2729 3450 2788 Franciam
3526 2729 3758 2790 ambu-

489 2836 668 2897 landi
701 2834 805 2915 (ά),
865 2840 926 2894 ct
981 2833 1070 2893 ita
1125 2833 1354 2892 affatus
1407 2838 1501 2893 est
1558 2832 1630 2913 (θ)
1697 2850 1711 2892 :
1775 2832 1952 2905 Quod
2010 2815 2220 2893 si-tua
2269 2832 2560 2894 voluntas
2606 2839 2699 2894 est
2749 2852 2847 2895 me
2897 2834 3249 2909 relaxandi,
3302 2853 3444 2896 mea
3494 2837 3758 2898 omnino

490 2950 585 3005 est
642 2941 1034 3003 ambulandi.
1095 2942 1273 3000 Tunc
1329 2939 1654 3000 absolutus
1711 2945 1804 3000 est
1861 2940 1940 3000 ab
1971 2957 2070 3000 eo.
2131 2946 2193 3000 et
2235 2957 2562 3001 assumens
2615 2959 2692 3002 ex
2749 2940 2939 3020 hujus
2995 2947 3228 3002 sanctas
3285 2942 3397 3002 Dei
3459 2944 3757 3006 Ecclesia:

410 3053 446 3111 ὅ
491 3049 925 3113 sacerdotibus
980 3053 1043 3108 ct
1097 3047 1288 3120 clero,
1349 3047 1413 3106 id
1472 3053 1590 3122 est,
1647 3045 1984 3126 Georgium
2045 3045 2410 3126 episcopum
2488 3047 2885 3121 Ostiensiem,
2943 3049 3313 3110 Wilearium
3377 3048 3454 3130 (Γ)
3509 3051 3755 3131 episco-

491 3176 640 3237 pum
699 3159 1198 3228 Numentanum,
1261 3156 1556 3228 Leonem,
1618 3153 2010 3233 Philippum,
2074 3154 2411 3232 Georgium
2478 3160 2542 3214 et
2616 3153 3014 3234 Stephanum
3071 3155 3493 3236 presbyteros,
3551 3159 3762 3220 Theo-

491 3265 860 3345 phylactum
919 3260 1461 3334 archidiaconum,
1521 3260 1797 3320 Pardum
1857 3266 1919 3321 et
1975 3261 2372 3321 Gemmulum
2431 3260 2755 3334 diaconos,
2815 3261 3219 3323 Ambrosium
3297 3261 3756 3342 primicerium,

488 3370 878 3434 Bonifacium
942 3368 1309 3440 secundum,
1370 3369 1644 3428 Leonem
1703 3374 1767 3428 et
1814 3367 2340 3447 Christophorum
2392 3368 2784 3447 regionarios
2839 3386 3050 3429 secum
3100 3375 3162 3429 et
3207 3375 3488 3443 caeteros,
3529 3368 3758 3448 quinta

489 3479 736 3540 decima
791 3476 892 3537 die
946 3495 1158 3536 mense
1216 3475 1586 3536 Novembris
1644 3473 1962 3554 praedicta:
2039 3475 2320 3554 septimae
2399 3475 2762 3537 indictionis
2820 3494 2857 3537 a
2915 3475 3169 3538 civitate
3223 3476 3421 3556 Papia
3492 3494 3758 3538 movens

371 3588 448 3648 10
491 3605 675 3648 suum
719 3585 783 3644 in
843 3583 1171 3644 Franciam
1234 3583 1550 3662 profectus
1607 3587 1700 3643 est
1754 3582 1897 3642 iter.

573 3699 738 3754 24%
814 3692 896 3752 Et
975 3697 1117 3770 post
1199 3688 1336 3768 ejus
1411 3687 1877 3749 absolutionem
1963 3687 2174 3750 adhuc
2260 3688 2582 3751 nitebatur
2637 3689 3104 3771 suprascriptus
3184 3689 3756 3770 Longobardorum

491 3819 602 3860 rex
660 3816 699 3858 a
753 3797 1056 3876 praedicto
1113 3796 1337 3856 itinere
1393 3813 1537 3856 eum
1600 3795 1873 3867 deviare,
1936 3795 2108 3874 quod
2169 3797 2425 3857 minime
2483 3798 2687 3876 ipsum
2752 3797 3217 3857 sanctissimum
3275 3797 3480 3858 virum
3541 3799 3756 3860 latuit.

492 3905 674 3968 Unde
731 3910 793 3964 et
853 3921 995 3964 cum
1072 3902 1268 3962 nimia
1344 3902 1663 3962 celeritate
1738 3904 1869 3962 Deo
1933 3902 2168 3981 praevio
2226 3903 2305 3963 ad
2384 3906 2772 3964 Francorum
2847 3903 3180 3983 conjunxit
3237 3903 3318 3984 (g)
3380 3904 3585 3966 clusas
3646 3904 3755 3986 (Ic).

493 4013 662 4084 Quas
715 4011 1036 4089 ingressus
1095 4027 1235 4070 cum
1291 4007 1390 4068 his
1447 4007 1558 4088 qui
1614 4027 1758 4068 cum
1819 4026 1893 4068 eo
1953 4014 2158 4083 erant,
2220 4010 2550 4070 confestim
2610 4010 2829 4071 laudes
2882 4010 3308 4090 omnipotenti
3366 4013 3495 4071 Deo
3546 4011 3761 4072 reddi-

413 4123 450 4181 5
492 4120 606 4180 dit.
668 4120 746 4179 Et
801 4121 1077 4197 coeptum
1158 4115 1454 4195 gradiens
1529 4115 1674 4188 iter,
1749 4114 1830 4175 ad
1905 4115 2266 4178 venerabile
2349 4117 2802 4179 monasterium
2879 4118 3082 4178 sancti
3157 4117 3386 4178 Christi
3461 4119 3764 4197 martyris

494 4225 778 4289 Mauricii
835 4224 1144 4304 pervenit,
1203 4223 1267 4283 in
1323 4241 1449 4302 quo
1507 4227 1572 4282 et
1622 4222 2030 4284 constitutum
2089 4230 2226 4284 erat
2282 4223 2521 4304 pariter
2579 4242 2791 4286 secum
2868 4227 3252 4285 Francorum
3331 4241 3542 4302 regem
3604 4242 3762 4286 con-

493 4333 733 4407 veniri;
793 4335 1115 4393 anuuente
1171 4329 1441 4390 Domino
1495 4347 1711 4410 sospes
1766 4329 1964 4391 isdem
2022 4329 2422 4392 beatissimus
2493 4332 2778 4411 pontifex
2835 4349 2977 4392 cum
3055 4330 3349 4392 omnibus
3422 4330 3533 4410 qui
3613 4350 3759 4393 cum

493 4461 568 4504 eo
627 4445 832 4513 erant,
879 4437 1158 4499 advenit.
1210 4438 1280 4498 In
1340 4455 1468 4517 quo
1523 4442 1588 4497 et
1644 4435 1989 4515 aliquantis
2045 4437 2447 4499 demorantes
2503 4438 2748 4512 diebus,
2809 4437 3280 4517 conjunxerunt
3334 4437 3405 4518 (ι)
3459 4437 3525 4498 in
3592 4457 3758 4518 pra-

494 4548 662 4609 dicto
719 4545 1065 4608 venerabili
1121 4544 1506 4606 monasterio
1565 4545 1877 4604 Fulradus
1935 4544 2132 4606 abbas
2191 4550 2254 4606 et
2305 4545 2668 4607 Rothardus
2727 4544 2807 4627 (λ)
2869 4546 3022 4620 dux,
3081 4545 3306 4606 directi
3363 4563 3401 4606 a
3452 4546 3760 4625 saepefato

373 4659 450 4718 10
492 4655 764 4736 Pippino
820 4651 1345 4714 excellentissimo
1423 4653 1809 4712 Francorum
1877 4669 2050 4730 rege,
2111 4658 2397 4731 petentes
2473 4652 2765 4713 eumdem
2844 4653 3314 4714 sanctissimum
3394 4653 3754 4734 pontificem

496 4764 576 4826 ad
633 4779 816 4823 suum
875 4759 1172 4841 progredi
1229 4777 1466 4838 regem.
1524 4759 1720 4830 Quem
1781 4762 2030 4819 etcum
2092 4777 2325 4839 magno
2385 4759 2628 4822 honore
2711 4778 2854 4821 cum
2927 4761 3220 4823 omnibus
3297 4761 3408 4842 qui
3480 4779 3617 4822 cum
3677 4777 3751 4819 eo

493 4875 678 4934 erant
729 4870 810 4931 ad
867 4887 1011 4930 eum
1067 4866 1488 4928 deduxerunt.

577 4986 742 5040 ιιι
801 4975 1080 5038 Audiens
1136 4993 1284 5036 vero
1341 4973 1539 5034 isdem
1600 4991 1711 5034 rex
1764 4972 2044 5053 ejusdem
2103 4974 2450 5036 beatissimi
2508 4975 2826 5056 pontiﬁcis
2896 4975 3266 5051 adventum,
3334 4976 3520 5038 nimis
3576 4973 3750 5035 festi-

496 5091 723 5147 nanter
778 5084 843 5144 in
903 5081 1040 5161 ejus
1097 5081 1353 5141 advenit
1409 5099 1762 5155 occursum,
1829 5100 1954 5142 una
2009 5099 2151 5142 cum
2210 5081 2506 5160 conjuge,
2567 5082 2713 5142 filiis
2788 5083 2978 5143 etiam
3053 5090 3118 5144 et
3181 5082 3578 5163 primatibus,
3640 5099 3756 5161 pro

496 5212 621 5274 quo
680 5197 744 5252 et
799 5190 1070 5251 afferens
1127 5193 1379 5248 centum
1438 5187 1515 5268 (lc)
1579 5188 1776 5248 millia
1831 5188 2031 5249 filium
2090 5207 2273 5249 suum
2323 5187 2580 5250 nomine
2637 5188 2934 5251 Carolum
3012 5189 3077 5250 in
3151 5207 3481 5251 occursum
3560 5186 3760 5267 ipsius

502 5297 851 5378 coangelici
906 5314 1090 5377 papae
1150 5295 1380 5356 direxit
1436 5313 1580 5356 cum
1637 5294 1955 5375 aliquibus
2010 5314 2083 5357 ex
2143 5295 2274 5356 suis
2345 5294 2780 5375 optimatibus.
2839 5298 3106 5377 Ipseque
3162 5296 3229 5356 in
3304 5293 3540 5374 palatio
3617 5299 3802 5378 suo”!

423 5408 460 5465 5
515 5405 580 5466 in
637 5405 776 5466 loco
835 5403 945 5484 qui
1005 5408 1270 5464 vocatur
1324 5403 1692 5476 Ponticone,
1759 5402 1840 5463 ad
1895 5404 2025 5465 fere
2100 5403 2290 5465 trium
2351 5402 2618 5464 millium
2679 5403 2953 5484 spatium
3012 5402 3400 5464 descendens
3455 5399 3535 5462 de
3596 5419 3678 5482 eq

3678 5363 3762 5526 γλ

3339 5826 3495 5879 ιειῑαδ

1519 5604 1773 5651 NOTULE
1814 5604 2201 5651 HARGINALES
2244 5606 2562 5653 FABBOTTI.

414 5741 624 5825 ςᾳλριιο
655 5745 874 5825 pullius
908 5745 1294 5825 trepidatione
1322 5748 1562 5825 terroris
1593 5747 1892 5825 sileretab
1945 5749 2302 5825 ejuscemodi
2362 5747 2616 5825 petendi
2652 5765 2851 5825 causa.
2883 5747 2960 5821 (b)
2990 5745 3042 5825 ei
3063 5749 3146 5825 _(c)
3177 5741 3590 5825 intentioneA-

343 5789 626 5893 velletrire
653 5811 711 5866 in
744 5789 1068 5872 Franciam.
1100 5819 1171 5890 (ε)
1201 5821 1221 5843 "
1257 5819 1574 5916 respondit.
1611 5821 1681 5891 (Γ)
1714 5823 1734 5845 “”
1765 5789 2091 5874 Villarii’im.
2127 5818 2203 5892 (g)
2235 5789 2513 5894 pervtenit.
2538 5789 2628 5890 ῖΙι)
2658 5789 3176 5891 ΒΓΟΙΞυξέεῄἀκείςι
3203 5819 3495 5898 angustias

343 5881 409 5916 Μ
435 5885 716 5916 υρηοιινιηι
767 5887 833 5916 In
868 5883 1191 5916 nan-una.”
1245 5888 1318 5916 ΠΛ
1406 5905 1508 5916 ..-Α
1545 5905 1655 5916 η..-
1690 5894 1742 5916 ..ι
1779 5889 1893 5916 ιι.--
1926 5889 1994 5916 ...ι
2032 5893 2263 5916 ..ιι-ιη...
2327 5895 2364 5916 η
2422 5891 2665 5916 -ω.,--..
3471 5869 3495 5916 /

341 5881 409 5954 (ἰ)
435 5885 736 5938 venerunt.
767 5887 833 5960 (j)
868 5881 1213 5946 Rothaldus.
1245 5888 1320 5966 (Ιί)
1351 5881 1376 5916 ³
1406 5905 1512 5964 pro
1543 5881 1673 5966 quo
1688 5894 1748 5948 et
1776 5889 1894 5948 fere
1925 5889 1998 5949 ad
2030 5881 2288 5949 centum.
2319 5895 2386 5966 Β,
2419 5881 2688 5951 offerens.
