3942 6402
181 361 338 425 1093
883 362 1248 426 HISTORIA
1295 361 1395 425 DE
1439 362 1642 428 VITIS
1691 361 1878 426 ROM.
1931 365 2155 428 PONT.
2190 399 2268 411 --
2298 367 2766 431 STEPHANUS
2811 369 2885 431 II.
3432 369 3584 434 1094

337 515 452 558 suo
515 514 655 560 cum
717 515 947 576 magna
1001 496 1359 558 humilitate
1419 502 1600 558 terra
1660 504 2036 580 prostratus,
2099 519 2225 560 una
2284 519 2424 561 eum
2486 519 2599 562 sua
2679 500 2970 580 conjuge,
3031 501 3143 564 filii
3196 508 3260 563 et
3315 503 3584 582 optima-

337 604 528 677 tibus,
591 603 880 664 eumdem
944 605 1406 665 sanctissimum
1468 624 1696 685 papam
1756 607 2050 688 suscepit.
2113 607 2225 667 Cui
2281 615 2344 668 et
2398 608 2820 668 vicestratoris
2880 627 3078 688 usque
3151 610 3214 669 in
3291 610 3586 689 aliquan-

336 718 469 771 tum
531 711 738 772 locum
789 710 979 790 juxta
1035 709 1170 790 ejus
1223 712 1511 772 sellarem
1573 713 1956 792 properavit.
2015 717 2192 775 Tunc
2236 715 2572 794 pradictus
2629 714 2936 776 almificus
3011 716 3107 776 vir
3175 735 3315 777 cum
3376 717 3582 777 omni-

208 822 287 881 IO
331 820 449 879 bus
505 819 631 878 suis
683 824 942 880 extensa
1001 817 1083 898 (a)
1146 837 1295 879 voce
1354 818 1620 897 gloriam
1698 824 1760 880 et
1833 820 2238 881 incessabiles
2313 821 2530 882 laudes
2605 821 3025 901 omnipotenti
3099 825 3229 883 Deo
3309 824 3587 886 referens

334 944 476 986 cum
539 924 792 1005 hymnis
851 931 912 985 et
968 925 1227 985 canticis
1284 926 1715 1006 spiritualibus
1794 946 1994 1006 usque
2070 927 2150 987 ad
2225 928 2559 1008 prafatum
2636 927 2941 1009 palatium
3020 930 3258 1008 pariter
3326 935 3388 990 et
3443 950 3584 992 cum

333 1051 480 1112 rege
537 1051 757 1093 omnes
815 1031 1079 1112 profecti
1135 1037 1300 1104 sunt,
1355 1037 1532 1094 sexta
1586 1034 1872 1099 Januarii
1931 1034 2162 1095 mensis
2236 1034 2336 1095 die
2412 1034 2474 1094 in
2531 1035 2960 1115 Apparitionis
3017 1036 3270 1096 Domini
3327 1042 3389 1098 et
3445 1038 3588 1099 Sal-

332 1139 568 1201 vatoris
643 1139 841 1200 nostri
894 1140 1043 1202 Jesu
1096 1139 1324 1200 Christi
1382 1139 1803 1202 sacratissima
1880 1140 2305 1215 solemnitate,
2388 1140 2600 1221 ibique
2675 1141 2847 1202 intus
2924 1143 3272 1204 oratorium
3350 1144 3588 1224 pariter

332 1245 767 1319 consedentes,
832 1264 979 1306 mox
1034 1245 1199 1306 idem
1261 1246 1658 1307 beatissimus
1717 1265 1883 1327 papa
1938 1247 2311 1327 pradictum
2367 1248 2970 1310 Christianissimum
3030 1268 3240 1328 regem
3285 1249 3590 1329 lacryma-

207 1357 285 1416 l5
333 1352 546 1414 biliter
600 1353 972 1434 deprecatus
1026 1357 1121 1414 est
1175 1357 1246 1412 ut
1302 1372 1415 1434 per
1470 1353 1641 1433 pacis
1697 1353 1940 1415 foedera
1995 1372 2247 1415 causam
2307 1355 2478 1416 beati
2534 1355 2704 1416 Petri
2747 1361 2808 1417 et
2851 1356 3233 1436 Reipublica
3277 1358 3589 1419 Romano-

333 1479 472 1520 rum
517 1459 902 1540 disponeret.
952 1459 1068 1532 Qui
1111 1459 1189 1520 de
1234 1461 1528 1540 prasenti
1563 1459 1984 1540 jurejurando
2029 1461 2234 1522 eidem
2277 1461 2641 1522 beatissimo
2686 1481 2866 1542 papa
2929 1463 3248 1537 satisfecit,
3295 1465 3588 1526 omnibus

328 1565 648 1627 mandatis
691 1565 828 1646 ejus
871 1571 934 1627 et
975 1565 1514 1627 admonitionibus
1557 1585 1690 1627 sese
1737 1567 1882 1628 totis
1928 1567 2170 1628 nisibus
2217 1565 2295 1648 (ὁ)
2341 1567 2623 1642 obedire,
2671 1573 2732 1630 et
2775 1575 2843 1630 ut
2883 1569 2977 1630 illi
3021 1569 3320 1650 placitum
3374 1571 3586 1646 fuerit,

331 1672 747 1736 exarehatum
795 1675 1111 1733 Ravenna
1157 1679 1220 1733 et
1264 1673 1647 1752 Reipublica
1685 1672 1836 1752 jura
1879 1693 1989 1735 seu
2033 1674 2172 1735 loca
2219 1674 2479 1736 reddere
2525 1675 2725 1736 modis
2787 1676 3080 1737 omnibus
3129 1675 3230 1757 (c).
3275 1677 3397 1739 Sed
3441 1677 3592 1758 quia

336 1786 586 1860 tempus
629 1779 1001 1840 imminebat
1045 1779 1314 1840 hiemale
1360 1779 1651 1840 eumdem
1697 1781 2156 1841 sanctissimum
2204 1799 2435 1862 papam
2481 1800 2623 1842 cum
2670 1781 2798 1843 suis
2841 1783 3135 1845 omnibus
3188 1783 3458 1845 Parisios
3503 1781 3587 1866 (II)

201 1890 289 1950 20
332 1888 503 1968 apud
547 1886 908 1950 venerabile
954 1887 1404 1948 monasterium
1448 1887 1616 1948 beati
1658 1887 1939 1968 Dionysii
1983 1889 2062 1948 ad
2107 1889 2523 1949 habitandum
2570 1888 2642 1969 (e)
2689 1907 2948 1968 pergere
3001 1891 3264 1952 curavit.

415 2029 580 2082 844
627 2024 760 2094 Quo
808 2027 1061 2101 peracto
1106 2027 1167 2082 et
1211 2040 1284 2082 eo
1329 2021 1390 2081 in
1437 2022 1657 2082 eodem
1701 2021 2046 2082 venerabili
2093 2023 2474 2083 monasterio
2520 2041 2662 2083 cum
2699 2022 2835 2103 jam
2881 2025 3011 2086 fato
3055 2025 3589 2087 Christianissimo

330 2129 600 2209 Pippino
645 2127 1072 2207 conjungente
1120 2127 1204 2208 (Γ)
1247 2129 1515 2189 Domino
1559 2133 1897 2201 annuente,
1948 2128 2032 2207 (g)
2080 2134 2222 2208 post
2264 2129 2624 2208 aliquantos
2678 2129 2809 2191 dies
2871 2131 3068 2192 isdem
3133 2131 3590 2194 Christianissi-

334 2255 475 2296 mus
519 2235 824 2315 Pippinus
869 2254 978 2295 rex
1022 2235 1104 2294 ab
1148 2235 1366 2295 eodem
1413 2235 1808 2295 sanctissimo
1855 2252 2020 2315 papa
2063 2235 2289 2295 Christi
2334 2236 2540 2313 gratia
2583 2255 2726 2296 cum
2772 2237 3021 2298 duobus
3065 2239 3212 2300 filiis
3241 2239 3369 2300 suis
3413 2257 3592 2318 reges

334 2342 510 2403 uncti
551 2347 700 2402 sunt
743 2343 1156 2402 Francorum.
1217 2342 1445 2402 Postea
1504 2359 1651 2401 vero
1706 2341 2105 2402 beatissimus
2150 2360 2316 2421 papa
2378 2361 2508 2422 pra
2574 2343 2768 2404 nimio
2822 2343 3038 2405 labore
3101 2345 3344 2407 itineris
3402 2354 3592 2426 atque

248 2454 287 2512 5
338 2448 642 2528 temporis
683 2447 1115 2526 inaqualitate
1160 2447 1407 2508 fortiter
1448 2447 1804 2508 inﬁrmatus
1845 2453 1963 2521 est,
2011 2453 2082 2508 ut
2143 2448 2332 2508 etiam
2396 2467 2617 2510 omnes
2681 2454 2806 2510 tam
2867 2451 2963 2512 sui
3024 2472 3342 2532 quamque
3402 2455 3592 2514 etiam

335 2558 720 2616 Francorum
768 2555 1001 2614 ibidem
1049 2554 1448 2614 existentium
1495 2573 1714 2614 omnes
1758 2573 1898 2615 eum
1946 2555 2357 2634 desperarent
2400 2555 2504 2635 (lz).
2555 2557 2673 2617 Sed
2721 2557 2974 2619 Domini
3015 2559 3128 2620 Dei
3172 2561 3372 2622 nostri
3431 2562 3593 2623 inef-

337 2662 544 2723 fabilis
587 2662 944 2734 clementia,
993 2661 1098 2740 qui
1146 2681 1270 2720 non
1315 2661 1546 2721 deserit
1590 2666 1913 2741 sperantes
1957 2661 2018 2720 in
2065 2681 2153 2736 se,
2202 2662 2444 2722 salvum
2503 2665 2765 2743 cupiens
2825 2665 3128 2727 domuum
3192 2668 3593 2730 Christianis-

338 2772 591 2845 simum,
638 2769 785 2828 dum
834 2787 973 2828 eum
1020 2767 1090 2847 (ὢ
1139 2787 1319 2828 mane
1368 2773 1680 2827 mortuum
1730 2769 2010 2828 invenire
2055 2769 2423 2847 sperabant,
2469 2771 2675 2830 subito
2719 2771 2846 2832 alio
2903 2773 3004 2832 die
3065 2793 3256 2835 sanus
3313 2783 3596 2857 repertus

339 2883 454 2940 est.
501 2875 806 2956 Pippinus
849 2895 996 2936 vero
1042 2893 1149 2935 rex
1194 2893 1332 2934 cum
1380 2875 1833 2946 admonitione,
1881 2874 2085 2953 gratia
2127 2881 2190 2934 et
2246 2877 2531 2936 oratione
2592 2877 2786 2955 ipsius
2849 2881 3224 2940 venerabilis
3282 2882 3596 2960 pontiﬁcis

217 2989 297 3048 10
340 2983 689 3056 absolutus,
737 2982 802 3042 in
848 2982 984 3043 loco
1030 2980 1112 3062 (λ’)
1157 2981 1266 3062 qui
1308 2981 1656 3042 Carisiacus
1700 2980 1788 3062 (k)
1829 2981 2208 3062 appellatur,
2257 3001 2546 3061 pergens,
2597 2983 2814 3063 ibique
2875 3004 3270 3065 congregans
3333 2995 3596 3050 cunctos

337 3108 633 3172 proceres
679 3088 867 3167 regia
912 3107 1041 3148 sua
1088 3088 1435 3168 potestatis,
1487 3093 1549 3148 et
1592 3106 1698 3148 eos
1741 3088 1904 3148 tanti
1948 3087 2151 3148 Patris
2193 3088 2624 3149 admonitione
2665 3089 2979 3166 imbuens,
3027 3093 3244 3154 statuit
3302 3111 3445 3154 cum
3508 3095 3596 3156 eis

339 3216 484 3278 qua
529 3195 742 3270 semel,
790 3195 1038 3255 Christo
1083 3195 1356 3272 favente,
1407 3213 1532 3255 una
1574 3213 1717 3255 cum
1763 3194 1983 3254 eodem
2029 3194 2391 3256 beatissimo
2438 3213 2606 3275 papa
2663 3197 3048 3274 decreverat,
3104 3201 3430 3280 perficere.

421 3337 588 3391 245
637 3331 887 3390 Interea
929 3327 1414 3389 nefandissimus
1473 3327 1778 3388 Aistulfus
1833 3329 2386 3402 Carolomannum,
2445 3330 2704 3390 fratrem
2750 3330 2818 3412 (1)
2865 3333 3302 3412 benignissimi
3343 3337 3597 3418 Pippini

338 3438 503 3516 regis
547 3455 584 3497 a
629 3436 1010 3496 monasterio
1054 3434 1223 3496 beati
1266 3434 1609 3507 Benedicti,
1659 3434 1723 3494 in
1769 3453 1894 3514 quo
1939 3434 2163 3495 devote
2224 3454 2337 3515 per
2391 3437 2746 3497 revolutum
2800 3441 3097 3520 temporis
3139 3443 3415 3521 spatium
3460 3465 3594 3507 mo-

339 3544 604 3605 nachice
651 3541 751 3622 (m)
797 3541 1087 3620 degebat,
1137 3541 1465 3601 diabolicis
1507 3541 1564 3601 ei
1607 3541 2006 3601 suasionibus
2049 3541 2322 3602 suadens
2369 3543 2698 3604 Franciam
2760 3545 3149 3624 provinciam
3212 3551 3292 3610 ad
3350 3551 3598 3614 obicen—

339 3652 494 3712 dum
542 3649 629 3731 (η)
671 3655 864 3729 atque
907 3647 1370 3709 adversandum
1414 3665 1622 3708 causa
1665 3647 2117 3728 redemptionis
2179 3654 2414 3709 sancta
2459 3649 2569 3710 Dei
2613 3650 2905 3713 Ecclesia
2949 3654 3332 3734 Reipublica
3377 3661 3599 3722 Roma.

258 3764 294 3821 5
341 3776 592 3832 norum,
655 3755 904 3816 direxit.
953 3758 1242 3834 Dumque
1297 3755 1448 3816 illuc
1491 3754 1923 3833 conjunxisset
1983 3755 2086 3836 (0),
2134 3755 2456 3816 nitebatur
2497 3758 2755 3819 omnino
2811 3765 2872 3821 et
2913 3761 3350 3826 vehementius
3391 3766 3602 3835 decen.-

341 3865 519 3926 tebat
577 3867 810 3924 sancta
867 3863 981 3923 Dei
1050 3861 1345 3923 Ecclesia
1421 3880 1676 3922 causam
1756 3861 2142 3934 subvertere,
2194 3861 2384 3940 juxta
2467 3863 2637 3943 quod
2699 3883 2737 3925 a
2806 3868 3072 3947 prafato
3147 3890 3262 3933 nec
3330 3874 3598 3938 dicendo

341 3969 611 4033 Aistulfo
675 3976 946 4048 tyranno
1006 3969 1212 4029 fuerat
1265 3967 1565 4028 directus.
1628 3967 1751 4028 Sed
1809 3967 2196 4048 propitiante
2254 3969 2523 4029 Domino
2578 3970 2836 4034 minime
2892 3975 3092 4036 valuit
3164 3978 3260 4038 sui
3314 3984 3600 4060 germani

343 4075 863 4138 Christianissimi
913 4074 1166 4156 Pippini
1222 4073 1388 4153 regis
1443 4076 1830 4135 Francorum
1888 4074 1953 4134 in
2013 4074 2135 4136 hoc
2181 4075 2520 4136 ﬁrmissum
2569 4095 2678 4138 cor
2723 4079 3048 4156 inclinare,
3100 4084 3316 4146 Potius
3357 4095 3594 4167 autem,

221 4190 300 4248 10
343 4188 669 4263 comperta
711 4182 1080 4262 nequissimi
1135 4180 1384 4242 Aistulﬁ
1441 4182 1744 4255 versutia,
1806 4185 1944 4242 tota
2016 4199 2082 4242 se
2129 4181 2360 4243 virtute
2429 4183 2595 4244 idem
2673 4187 3234 4252 excellentissimus
3295 4193 3601 4275 Pippinus

343 4293 734 4351 Francorum
795 4307 903 4348 rex
959 4288 1278 4367 professus
1335 4291 1430 4348 est
1470 4286 1793 4348 decertare
1845 4305 1960 4367 pro
2019 4305 2211 4348 causa
2266 4296 2501 4350 sancta
2553 4291 2665 4352 Dei
2744 4293 3059 4363 Ecclesia,
3120 4295 3282 4358 sicut
3355 4301 3597 4380 pridem

337 4397 472 4476 jam
532 4396 662 4456 fato
706 4393 1069 4455 beatissimo
1125 4393 1554 4473 spoponderat
1612 4393 1916 4473 pontifici.

425 4537 596 4590 240
651 4531 828 4591 Tunc
887 4527 1024 4607 pari
1081 4527 1342 4588 consilio
1398 4527 1596 4588 isdem
1655 4525 2088 4589 sanctissimus
2145 4547 2313 4608 papa
2363 4548 2505 4591 cum
2556 4530 2964 4596 denominata
3011 4538 3395 4601 Francorum
3454 4560 3601 4622 rege

343 4636 608 4698 consilio
659 4635 815 4696 inito
867 4635 1052 4714 juxta
1107 4633 1172 4694 id
1240 4633 1410 4714 quod
1487 4635 1789 4714 prafatus
1861 4635 2364 4697 Carolomannus
2435 4637 2565 4698 Deo
2624 4657 2690 4699 se
2747 4639 3089 4705 devoverat
3161 4647 3598 4711 monachicam

347 4744 577 4822 degere
649 4741 869 4817 vitam,
948 4741 1014 4801 in
1090 4741 1472 4802 monasterio
1553 4759 1697 4802 eum
1779 4741 1909 4802 illic
1981 4742 2046 4801 in
2135 4743 2401 4804 Francia
2460 4743 2548 4824 (p)
2609 4746 3101 4812 collocaverunt.
3161 4753 3282 4814 Ubi
3342 4760 3405 4815 et
3458 4761 3603 4836 post

343 4851 706 4930 aliquantos
762 4849 895 4909 dies
954 4848 1168 4908 divina
1209 4847 1540 4909 vocatione
1599 4847 1676 4908 de
1732 4847 1851 4908 hac
1923 4847 2063 4910 luce
2146 4849 2443 4929 migravit
2507 4869 2676 4913 anno
2749 4855 3002 4916 Domini
3057 4859 3175 4918 735
3227 4858 3336 4940 (ᾳ).
3401 4863 3600 4924 Porro

262 4959 300 5017 5
346 4956 918 5019 Christianissimus
971 4955 1279 5035 Pippinus
1336 4957 1722 5016 Francorum
1784 4973 1918 5029 rex,
1974 4960 2044 5015 ut
2099 4974 2245 5017 vere
2299 4956 2468 5017 beati
2523 4959 2693 5019 Petri
2748 4958 2971 5037 ﬁdelis,
3037 4969 3226 5044 atque
3293 4965 3428 5045 jam
3486 4967 3601 5030 fati

345 5063 731 5125 sanctissimi
791 5061 1104 5142 pontiﬁcis
1147 5061 1489 5123 salutiferis
1546 5061 1994 5141 obtemperans
2068 5063 2326 5124 monitis
2387 5063 2462 5144 (r)
2521 5065 2749 5126 direxit
2822 5085 2973 5129 suos
3041 5070 3263 5133 missos
3329 5073 3599 5137 Aistulfo

1373 5356 1625 5401 NOTULE.
1665 5354 2050 5402 “RGINALES
2096 5357 2418 5404 FABROTTI.

248 5587 608 5706 na\Maxcelsa.
643 5605 966 5679 (b)viribus.
999 5605 1069 5677 (ε)
1084 5622 1186 5661 seu
1214 5609 1423 5660 catera
1441 5604 1570 5660 loca
1591 5604 1713 5675 juri
1731 5605 1979 5731 reil‘publ.
1997 5607 2189 5664 modis
2215 5606 2492 5690 omnibus
2522 5606 2780 5690 reddere.
2803 5607 3598 5687 (d)‘Parisiacum.(e)hiber-

248 5710 344 5731 κη
391 5692 468 5731 m.
503 5679 574 5731 (fl
604 5677 938 5731 comitante.
969 5677 1044 5731 (al
1081 5675 1208 5731 Vide
1235 5681 1440 5731 Baron.
1463 5676 1534 5731 ad
1563 5694 1694 5731 (mn.
1728 5679 1795 5731 75
1837 5722 1848 5731 .
1885 5678 1964 5731 (hi
1991 5678 2232 5731 'Franci
2255 5679 2802 5731 1b1demex15tentes
2821 5679 2890 5731 de
2912 5683 3039 5731 eius
3059 5683 3177 5731 vita
3195 5684 3590 5731 desnnrnrnnt,

243 5675 468 5776 ἆςζκοω.
503 5679 574 5748 (f)
604 5675 938 5760 comitante.
969 5675 1059 5747 (g)
1081 5675 1208 5734 Vide
1235 5681 1440 5732 Baron.
1563 5694 1694 5732 (mn.
1728 5675 1848 5734 754.
1885 5678 1964 5747 (h)
1991 5683 2012 5702 ⁶
2029 5678 2232 5760 Franci
2255 5679 2472 5761 ibidem
2489 5677 2802 5735 existentes
2815 5675 2890 5735 de
2912 5683 3039 5752 ejus
3059 5683 3177 5739 vita
3195 5675 3595 5767 desperarent.

243 5763 554 5829 chm‘nem
586 5748 1064 5829 fier1_ho_minem,
1099 5747 1424 5829 dumOeum.
1457 5748 2437 5829 (3):ad‘loeumL(k)_B,Par1siacus.
2468 5749 3025 5829 (l)_‘CaroloMagno
3057 5755 3598 5829 fratr1_._(m)‘mona-

236 5762 554 5843 éﬁug‘nem
586 5762 1064 5831 ner1_nom1nei_n,
1099 5762 1252 5831 dum.
1271 5763 1424 5829 eum.
1457 5762 1555 5819 ω·
1575 5762 1647 5830 ad
1676 5762 1793 5831 19οῑ

236 5847 308 5915 (ρ)
343 5820 792 5915 missae:
812 5820 1074 5915 F529°£3
1094 5834 1454 5915 92932318!“
1488 5819 1561 5876 ad
1595 5819 1707 5876 ειδι
1740 5820 1793 5878 ⁰¹

2036 5762 2437 5816 t,rarisiaeus.
2468 5762 2781 5820 (truarom
2813 5762 3025 5824 Magno
3057 5762 3593 5829 fratri.(m)'mona-

2036 5837 2150 5879 um.
2186 5820 2290 5895 (ογ
2321 5819 2700 5896 pervenisset.
2732 5825 2850 5899 (νγ
2882 5824 3118 5885 Vienna
3149 5827 3593 5890 collocaverunt.

229 5847 308 5926 (θ)
343 5847 1074 5967 νεάδξανῑξῖυαςξςιξ-ῑεξξῶ
1094 5847 1359 5966 tias:
