3942 6394
153 349 317 420 mea
875 360 1241 424 HISTORIA
1291 361 1392 425 DE
1437 347 1637 426 Vrrls
1684 363 1872 427 ROM.
1928 365 2148 427 PONT.
2176 401 2250 410 —
2283 365 2746 429 STEPHANUS
2790 367 2866 428 ιι.
3417 369 3570 430 1098

317 491 658 572 segregati,
721 491 973 554 'sa'litum
1023 493 1088 554 in
1146 491 1408 575 perjurii
1468 501 1711 558 reatum
1772 495 2044 559 inﬁdelis
2105 495 2207 558 ille
2270 499 2575 560 Aistulfus
2632 498 3192 577 Langobardorum
3265 520 3367 562 rex
3429 501 3577 562 inci-

317 600 498 672 dens,
560 601 732 679 quod
781 599 1199 680 jurejnrando
1261 604 1572 682 promisit,
1635 605 1893 666 reddere
1950 605 2215 665 distulit.
2279 608 2439 666 Dum
2499 605 2666 666 enim
2743 607 3080 684 smpefatus
3145 607 3576 669 sanctissimus

230 707 270 764 5
321 721 490 787 papa
547 689 962 787 coniungeret
1022 711 1311 783 Romam,
1374 715 1516 790 post
1572 711 1882 791 aliquanti
1942 713 2243 792 temporis
2303 713 2600 791 Spatium,
2662 713 2874 772 furare
2950 711 3311 773 vehementi
3370 716 3574 795 reple-

313 819 416 874 tus
497 815 898 876 adversarius
983 815 1115 888 ille,
1175 822 1239 878 et
1306 835 1436 878 suae
1521 818 1750 878 animae
1834 818 2148 892 inimicus,
2218 819 2545 890 Aistulfus,
2626 819 2754 878 Dea
2842 818 2960 879 sibi
3042 820 3384 894 contrario,
3446 841 3574 883 non

310 919 518 980 solum
571 920 728 1000 quia
785 935 859 982 ea
931 939 1074 1001 qum
1147 921 1528 1001 promiserat
1589 925 1848 985 minime
1911 925 2298 1005 adimplevit,
2375 925 2479 986 sed
2559 925 2749 985 etiam
2808 932 2869 985 et
2925 925 3282 1004 generalem
3341 927 3577 990 faciens

310 1027 805 1088 cumulationem
860 1045 1005 1089 cum
1057 1029 1353 1090 universo
1412 1031 1589 1110 regni
1646 1031 1744 1091 sui
1797 1031 2366 1111 Langobardorum
2425 1031 2662 1111 papula
2723 1036 2943 1092 contra
2999 1031 3165 1093 hanc
3222 1035 3573 1095 Romanam

305 1132 483 1193 venit
533 1133 785 1207 urbem,
841 1151 1038 1214 quam
1102 1153 1216 1215 per
1271 1136 1464 1197 trium
1527 1137 1839 1198 mensium
1905 1138 2111 1218 spatia
2166 1137 2482 1212 obsidens,
2549 1145 2738 1218 atque
2797 1158 2874 1198 ex
2929 1139 3101 1198 omni
3175 1138 3575 1201 circumdans

187 1241 268 1300 10
311 1258 516 1319 parte,
569 1240 852 1320 quotidie
894 1239 1152 1302 fortiter
1206 1257 1345 1303 eam
1405 1244 1843 1322 expugnabat,
1899 1244 2118 1305 omnia
2172 1263 2317 1324 quae
2376 1251 2554 1305 erant
2597 1251 2776 1305 extra
2833 1245 3051 1305 urbem
3113 1245 3281 1306 ferro
3336 1251 3398 1307 et
3426 1247 3572 1325 igne

312 1345 655 1414 devastans
709 1344 900 1427 atque
960 1348 1245 1409 fundi-tus
1301 1347 1651 1410 demoliens
1706 1352 2127 1430 consumpsit.
2180 1351 2525 1412 imminens
2569 1351 3006 1412 vehementius
3061 1351 3259 1412 isdem
3317 1353 3574 1432 pestifer

309 1452 640 1526 Aistuifus,
700 1459 769 1515 ut
820 1453 986 1516 hanc
1035 1458 1395 1516 'ltomanam
1453 1471 1681 1535 capere
1739 1457 2091 1538 patuissent
2159 1458 2406 1530 urbem,
2465 1475 2611 1518 nam
2673 1463 2733 1518 et
2788 1458 2987 1520 multa
3046 1477 3315 1538 corpora
3388 1477 3570 1521 sanc-

311 1564 520 1620 torum
579 1559 906 1634 effodiens,
970 1578 1187 1622 eorum
1267 1581 1448 1623 sacra
1523 1563 1822 1643 mysteria
1900 1563 2002 1644 (a),
2078 1564 2154 1623 ad
2237 1582 2540 1643 magnum
2609 1567 2837 1625 animae
2900 1564 3349 1626 detrimentum
3425 1566 3571 1627 abs-

302 1668 376 1726 tu
385 1665 481 1740 lit,

393 1779 565 1835 250
613 1775 760 1834 Hinc
817 1773 1034 1854 itaque
1081 1776 1283 1856 impie
1342 1776 1422 1837 ab
1483 1776 1703 1838 eodem
1761 1777 2036 1839 Aistulfa
2094 1782 2274 1857 gesta
2331 1778 2764 1857 quantacitius
2811 1779 3129 1859 saepedicti
3185 1781 3572 1840 Francorum

305 1878 642 1944 insonuere
700 1881 867 1960 regis
943 1882 1008 1943 in
1085 1901 1272 1944 aures
1328 1881 1436 1962 (ὁ).
1501 1884 1620 1945 Sed
1700 1888 1761 1945 et
1831 1883 2237 1944 beatissimus
2312 1885 2594 1964 pontifex
2662 1903 2780 1964 per
2849 1885 3169 1947 marinum
3241 1885 3362 1946 iter
3425 1904 3573 1946 suos

310 1985 640 2060 ordinans,
700 1991 762 2048 et
834 1987 912 2048 ad
1001 2003 1144 2050 eum
1231 1989 1561 2050 Franciam
1639 1990 1855 2069 dirigit
1925 1991 2178 2063 missos,
2258 2008 2383 2050 una
2466 2009 2608 2051 cum
2688 1991 2964 2071 quadam
3035 1992 3326 2070 religiosa
3410 1993 3570 2067 viro,

308 2093 643 2155 Warneria
702 2095 980 2167 nomine,
1055 2095 1166 2174 qui
1249 2097 1329 2157 ab
1414 2097 1636 2158 eadem
1714 2098 2104 2158 Francorum
2193 2115 2339 2175 rege
2423 2097 2550 2158 huc
2627 2102 2896 2160 Romam
2981 2098 3257 2160 directus
3336 2100 3566 2160 fuerat.

225 2200 263 2256 5
308 2201 550 2260 Cuncta
605 2217 748 2278 quae
811 2206 991 2278 gesta
1067 2207 1239 2276 sunt,
1301 2207 1362 2263 et
1418 2220 1558 2281 quae
1645 2203 1986 2264 crudeliter
2067 2208 2380 2283 tyrannus
2461 2204 2568 2266 ille
2652 2205 2894 2284 peregit
2959 2205 3280 2279 Aistalfus,
3355 2205 3573 2266 subtili

304 2305 564 2367 ﬁctione
621 2306 748 2370 suis
801 2306 871 2387 (c)
931 2309 1298 2387 apostolicis
1351 2309 1768 2370 relationibus
1821 2311 2122 2390 smpefala
2182 2310 2742 2384 Christianissima,
2802 2316 2864 2373 et
2941 2312 3051 2372 Dei
3124 2312 3356 2373 cultori
3426 2313 3568 2392 Pip-

305 2412 460 2491 pino
515 2415 903 2475 Francorum
964 2415 1284 2476 iutimavit
1361 2415 1516 2494 regi,
1582 2415 1885 2495 adjurans
1961 2435 2104 2478 eum
2186 2417 2434 2478 fortiter
2509 2417 2901 2497 ﬁrmiterque
2975 2419 3090 2478 sub
3163 2419 3376 2479 divina
3447 2418 3572 2480 diei

297 2517 525 2598 judicii
565 2520 1020 2593 obtestatione,
1083 2529 1313 2584 cuncta
1361 2535 1512 2603 quae
1571 2522 1758 2585 beata
1813 2525 2001 2585 Petra
2059 2523 2379 2603 pollicitus
2431 2528 2529 2586 est
2585 2524 3062 2604 adimplendum
3107 2524 3220 2605 (d.)
3268 2525 3365 2586 Ad
3423 2543 3570 2586 vero

299 2626 446 2687 haec
501 2625 1073 2690 Christianissimus
1128 2629 1438 2709 Pippinus
1509 2648 1619 2691 rex
1677 2631 2093 2704 Francorum,
2155 2632 2402 2692 fervore
2457 2631 2605 2692 fidei
2663 2639 2896 2705 motus,
2953 2632 3186 2692 iterum
3261 2650 3402 2692 cum
3461 2631 3574 2692 Dei

189 2735 264 2794 10
309 2733 541 2794 virtute
573 2733 930 2812 generalem
965 2735 1200 2795 faciens
1231 2737 1597 2808 motionem,
1622 2737 1682 2796 in
1714 2737 2278 2816 Langobardorum
2315 2742 2524 2817 partes
2553 2738 2884 2817 conjunxit
2901 2746 2948 2812 °,
2969 2746 3032 2799 et
3058 2738 3263 2799 clusas
3291 2738 3575 2799 funditus

303 2839 668 2900 earumdem
700 2839 926 2902 evertit
961 2842 1551 2920 Langobardorum.
1584 2843 1830 2906 Etenim
1890 2862 2031 2904 cum
2083 2845 2164 2906 ad
2193 2845 2533 2924 praedictas
2589 2845 3152 2922 Langobardorum
3209 2845 3416 2905 clusas
3436 2844 3573 2922 jam

304 2941 472 3006 fatus
493 2945 1060 3008 Christianissimus
1088 2949 1395 3030 Pippiuus
1423 2950 1811 3010 Francorum
1836 2949 2382 3029 apprOpinquaret
2411 2969 2544 3024 rex,
2592 2951 3063 3028 canjunxerunt
3103 2950 3168 3010 in
3199 2949 3320 3011 hac
3350 2952 3575 3010 Roma-

319 3070 403 3112 na
431 3051 586 3113 urbe
633 3053 720 3133 (χ)
751 3053 1112 3133 imperiales
1143 3056 1336 3128 missi,
1399 3055 1736 3134 Gregorius
1781 3055 2020 3116 scilicet
2076 3063 2476 3134 polasecrata
2530 3055 2642 3135 (g),
2698 3062 2761 3116 et
2815 3058 3094 3118 Joannes
3151 3055 3571 3132 Silentiarius,

304 3157 532 3219 direxti
589 3160 668 3219 ad
727 3160 1098 3240 praedictum
1170 3164 1561 3223 Francorum
1620 3181 1856 3241 regem.
1938 3164 2110 3234 Quos
2190 3161 2539 3242 suscipiens
2617 3161 3017 3224 beatissimus
3094 3180 3262 3242 papa
3337 3161 3572 3224 eisdem

192 3268 268 3328 15
314 3266 656 3327 motionem
718 3268 965 3346 praefati
1022 3271 1410 3330 Francorum
1486 3269 1650 3348 regis
1709 3269 2048 3330 nuntiavit.
2109 3267 2291 3340 Quod
2375 3267 2630 3347 quidem
2708 3268 2801 3328 illi
2883 3267 3147 3328 dubium
3211 3267 3577 3330 habuerunt

308 3372 628 3434 credendi.
689 3375 766 3434 Et
835 3374 1169 3436 adhaerens
1246 3375 1334 3436 eis
1411 3376 1670 3437 missum
1744 3375 2108 3456 apostolicae
2190 3375 2354 3436 sedis
2411 3394 2518 3436 eos
2600 3375 2665 3436 in
2747 3374 3080 3436 Franciam
3157 3374 3248 3436 ire
3306 3374 3578 3436 absolvit

308 3479 415 3560 (Ιι).
473 3481 550 3541 Et
608 3486 941 3560 pergentes
1000 3482 1248 3543 marino
1334 3483 1556 3544 itinere
1629 3483 2007 3563 quantocius
2084 3482 2423 3544 Massiliam
2497 3482 2927 3556 advenerunt;
2989 3482 3054 3541 in
3103 3501 3296 3562 quam
3328 3483 3577 3561 ingres-

307 3586 554 3648 dientes
611 3587 971 3650 didicerunt
1019 3587 1155 3667 jam
1204 3590 1582 3668 praedictum
1633 3592 2023 3668 Francorum
2071 3607 2285 3668 regem
2317 3588 2880 3667 Langobardorum
2934 3588 3091 3650 fines
3150 3589 3337 3650 fuisse
3363 3589 3576 3668 ingre-

311 3711 476 3769 sum,
556 3691 753 3772 juxta
809 3693 1322 3758 adhortationem
1412 3697 1678 3758 antefati
1733 3696 2082 3758 beatissimi
2138 3714 2345 3776 papae,
2405 3700 2468 3756 et
2551 3696 3030 3776 promissionem
3114 3714 3306 3776 quam
3390 3696 3576 3757 beato

185 3799 264 3859 20
310 3800 504 3861 Petra
573 3799 992 3879 jurejurando
1068 3802 1409 3864 obtulerat.
1467 3805 1546 3864 Et
1627 3803 1765 3864 haec
1831 3802 1912 3883 (ι)
2009 3808 2460 3881 cognoscentes
2511 3803 2633 3882 ipsi
2679 3802 3040 3883 imperiales
3117 3803 3312 3878 missi,
3371 3803 3580 3866 tristes

314 3906 544 3981 effecti,
617 3907 986 3968 nitebantur
1057 3908 1272 3970 dolose
1348 3909 1429 3990 (j)
1508 3910 1769 3970 missum
1837 3910 2202 3991 apostolica:
2261 3910 2427 3971 sedis
2503 3909 2784 3971 detinere
2869 3911 3234 3986 Massiliam,
3309 3917 3376 3972 ut
3457 3910 3578 3972 mi-

307 4012 479 4073 nime
565 4014 645 4074 ad
733 4014 1100 4095 praedicium
1161 4023 1530 4095 properaret
1607 4034 1847 4097 regem,
1903 4016 2262 4096 afﬂigen-tes
2349 4035 2493 4077 cum
2550 4016 2757 4078 valide
2807 4015 2912 4097 (Ic).

397 4127 557 4180 251
608 4119 755 4194 Sed,
813 4121 1278 4184 interveniente
1332 4123 1518 4186 beato
1576 4125 1762 4186 Petro
1814 4123 2247 4204 apostolorum
2309 4123 2622 4203 principe,
2682 4141 2900 4184 eorum
2962 4123 3193 4185 callida
3268 4125 3350 4185 ad
3423 4123 3588 4184 nibi—

319 4226 451 4286 lum
509 4227 766 4288 redacta
821 4234 920 4290 est
971 4229 1268 4290 versutia.
1329 4231 1550 4310 Itaque
1607 4248 1770 4291 unus
1839 4249 1919 4291 ex
1989 4229 2163 4310 ipsis,
2229 4231 2568 4309 Gregorius
2639 4230 2938 4291 videlicet
3011 4235 3444 4311 pratasecrata
3515 4229 3587 4310 (Ι)

323 4333 690 4414 praecedens
747 4335 1109 4415 apostolicae
1172 4337 1340 4398 sedis
1397 4338 1676 4412 missum,
1739 4336 2028 4398 celeriter
2083 4338 2619 4418 prmnominatum
2679 4339 3069 4400 Francorum
3123 4344 3445 4398 assecutus
3498 4342 3596 4404 est

323 4445 564 4518 regem.
627 4460 816 4522 quem
899 4447 961 4504 et
1040 4443 1106 4504 in
1191 4443 1424 4505 ﬁnibus
1508 4433 2078 4524 Langobardorum
2153 4463 2280 4506 non
2354 4444 2661 4524 procula
2734 4444 2933 4523 Papia
2989 4444 3223 4524 reperit
3296 4442 3589 4518 civitate;

252 4547 291 4605 5
337 4552 399 4607 et
458 4547 648 4608 nimis
731 4566 874 4612 eum
943 4549 1311 4629 deprecans,
1375 4557 1566 4630 atque
1651 4551 1836 4632 plura
1918 4550 2237 4630 spondens
2322 4550 2518 4611 tribui
2595 4535 2709 4631 (ηπ)
2762 4551 3122 4632 imperialia
3188 4569 3471 4625 munera,
3523 4554 3598 4611 ut

339 4653 808 4715 Ravennatium
897 4657 1118 4718 urbem
1203 4658 1304 4718 vel
1367 4664 1635 4719 cceteras
1717 4657 1998 4737 ejusdem
2063 4657 2442 4720 exarchatus
2511 4657 2795 4719 civitates
2869 4665 2932 4721 et
3003 4664 3209 4720 castra
3282 4656 3597 4738 imperiali

342 4759 629 4820 tribuens
685 4763 1056 4824 concederet
1112 4763 1361 4826 ditioni.
1422 4767 1502 4825 At
1563 4782 1969 4845 nequaquam
2023 4764 2223 4825 valuit
2279 4764 2708 4825 ﬁrmissimum
2761 4765 2896 4845 jam
2956 4766 3071 4826 fati
3137 4763 3592 4826 Christianissi-

341 4865 430 4925 mi
486 4869 678 4946 atque
733 4867 1170 4949 benignissimi
1246 4871 1448 4932 ﬁdelis
1517 4872 1629 4932 Dei
1705 4877 1767 4933 et
1841 4871 2143 4932 amatoris
2217 4871 2387 4932 beati
2443 4873 2612 4934 Petri
2664 4871 2958 4952 apostoli,
3017 4871 3256 4932 scilicet
3331 4869 3594 4931 antefati

325 4967 589 5054 Pippini
649 4975 1034 5037 Francorum
1090 4978 1275 5057 regis,
1336 4979 1642 5039 inclinare
1700 4997 1830 5052 cor,
1887 4985 1956 5038 ut
2016 4979 2268 5040 easdem
2321 4979 2609 5042 civitates
2664 4987 2730 5041 et
2787 4980 2921 5040 Iaca
2978 4978 3293 5059 imperiali
3349 4977 3589 5039 tribue-
3678 5043 3683 5048 _

213 5067 294 5141 10
341 5083 438 5139 ret
492 5080 740 5142 ditioni.
798 5085 1096 5145 A‘sserens
1154 5085 1351 5146 isdem
1409 5085 1523 5146 Dei
1580 5086 1807 5161 cultor,
1868 5085 2235 5146 mitissimus
2293 5105 2425 5161 rex,
2486 5086 2662 5148 nulla
2726 5088 2979 5167 penitus
3036 5086 3280 5147 ratione
3339 5084 3590 5145 easdem

332 5185 618 5248 civitates
682 5207 720 5249 a
778 5197 1090 5270 potestate
1147 5191 1316 5256 beati
1371 5193 1542 5254 Petri
1591 5197 1652 5253 et
1712 5192 1857 5271 jure
1929 5193 2220 5252 Ecclesiae
2295 5195 2597 5254 Romanae
2670 5195 2769 5255 vel
2843 5193 3156 5274 pontificis
3230 5191 3591 5274 apostolica

337 5292 503 5353 sedis
575 5298 1026 5376 quaquamoda
1103 5299 1368 5360 alienari
1425 5299 1532 5380 (η).
1595 5301 1936 5361 Affirmans
2037 5300 2226 5362 etiam
2303 5300 2419 5360 sub
2488 5300 2853 5380 juramento
2928 5301 3098 5381 quod
3173 5319 3287 5380 per
3359 5299 3594 5360 nullius

339 5396 617 5462 hominis
683 5403 966 5466 favorem
1027 5425 1160 5467 sese
1208 5407 1539 5468 certamini
1595 5407 1824 5487 saepius
1881 5407 2176 5480 dedisset,
2229 5406 2349 5467 nisi
2407 5426 2522 5488 pra
2582 5425 2799 5470 amare
2842 5408 3013 5468 beati
3067 5407 3260 5482 Petri,
3319 5413 3382 5468 et
3411 5406 3596 5468 venia

1396 5565 1638 5605 NOTULE
1674 5565 2038 5614 MARGINALES
2086 5565 2379 5606 FABROTI‘I.

246 5671 326 5744 (a)
351 5674 373 5696 ¹
405 5673 756 5730 cmmeteria.
837 5673 915 5745 (b)
945 5675 967 5698 ⁶
1000 5673 1391 5729 insanuerunt
1421 5673 1684 5728 auribus.
1728 5673 1797 5745 (ρ)
1829 5676 1850 5698 '
1883 5673 2174 5729 subtiliter
2203 5673 2346 5728 suis.
2398 5672 2475 5745 (d)
2507 5676 2527 5697 '
2559 5672 2670 5728 sub
2702 5671 2882 5745 divini
2906 5672 3116 5744 judicii
3147 5672 3240 5728 die
3271 5673 3592 5741 obtestans,

173 5746 241 5797 ut
271 5749 488 5827 cuncta
520 5763 658 5827 quae
682 5744 1528 5827 beataRetro'pallicitusest,
1548 5744 1932 5827 adimpleret.
1971 5746 2060 5827 χε)
2091 5745 2322 5827 venit.“
2343 5748 2411 5827 (ί)
2444 5744 2462 5768 ί
2496 5744 3308 5827 veneruntinhancurbem.”
3336 5747 3411 5817 (g)
3431 5749 3597 5827 prata

172 5817 507 5958 119:0???
537 5814 565 5960 ')
587 5817 664 5944 lg)
695 5815 976 5942 Abtsalvit,
1009 5814 1174 5872 ίιῐέδι
1202 5816 1436 5872 dimisit.
1471 5819 1537 5891 (ί)
1569 5821 1588 5842 ἰ
1621 5814 1798 5890 quod.
1875 5817 1940 5890 (j)
1971 5814 2178 5873 “dolo.
2253 5814 2384 5891 (λίγ’
2423 5815 2611 5872 valde.
2689 5817 2754 5887 (ι)
2805 5815 2973 5874 Prata
3025 5834 3060 5876 a
3107 5814 3372 5876 secretis.
3431 5814 3600 5891 ’φηγΔ

201 5902 249 5941 r1
296 5902 357 5944 ut
393 5926 407 5942 .
505 5904 545 5941 η
647 5929 660 5942 .
694 5905 767 5960 pa
798 5905 836 5945 ι.
1722 5959 1727 5960 ί

494 6012 762 6078 Panos.
809 6012 910 6078 CX
3193 6016 3272 6080 35
