3942 6416
395 335 548 394 1099
1548 327 1952 394 ANASTASI]

2280 326 2666 394 THECARII.
3662 330 3693 391 1
3713 325 3837 390 100

557 469 953 543 delictorum,
1015 486 1300 529 asserens
1355 471 1417 529 ct
1475 466 1597 528 hoc
1657 466 1826 548 quod
1885 466 2064 528 nulla
2137 484 2280 528 eum
2339 465 2424 548 (α)
2483 465 2767 528 thesauri
2841 463 3026 547 ecpia
3098 461 3365 528 suadere
3442 464 3687 530 valeret
3766 470 3841 526 ut

440 581 512 638 15
559 577 727 656 quod
787 576 977 636 semel
1052 575 1238 636 beato
1316 577 1503 636 Petro
1589 574 1841 646 obtulit,
1907 573 2204 634 auferret.
2267 575 2344 634 Et
2404 574 2536 634 haec
2608 571 2910 652 praedicto
2986 573 3214 652 imper.
3275 572 3466 634 misso
3551 573 3840 635 reddens

561 685 625 742 in
687 682 1026 762 responsis.
1085 682 1386 743 continuo
1441 699 1584 742 eum
1643 680 1723 742 ad
1782 681 2043 761 prOpria
2091 679 2501 742 remeandum
2567 699 2680 761 per
2737 679 2928 741 aliam
2995 680 3162 741 viam
3237 680 3532 755 absolvit,
3595 681 3714 762 qui
3779 687 3843 742 ct

561 792 696 851 sine
751 791 977 851 effectu
1036 791 1301 851 Romam
1358 788 1713 868 conjunxit.

668 921 832 974 ειη
896 915 1058 974 Dum
1117 932 1266 975 vero
1325 913 1644 974 antefatus
1702 911 2192 992 benignissimus
2245 911 2554 992 Pippinus
2610 914 3001 974 Francorum
3061 930 3171 973 rex
3217 911 3479 993 Papiam
3527 913 3845 975 obsidens

559 1021 1022 1099 constringeret
1081 1020 1426 1092 civitatem,
1486 1026 1637 1081 tunc
1713 1019 2018 1080 Aistulfus
2093 1019 2524 1080 atrocissimus
2600 1037 2713 1080 rex
2793 1018 3387 1099 Longobardorum,
3445 1027 3517 1082 ut
3572 1022 3843 1082 veniam

557 1128 650 1188 illi
707 1128 1014 1189 tribueret
1070 1133 1134 1190 et
1187 1128 1268 1189 ab
1325 1127 1654 1189 obsidione
1703 1133 2000 1203 cessaret,
2061 1145 2221 1206 quas
2277 1126 2451 1206 prius
2523 1131 2992 1206 contempserat
3064 1127 3455 1209 conscriptas
3527 1129 3595 1190 in
3657 1133 3849 1210 pacti

556 1235 793 1296 foedere
870 1235 1159 1296 redderet
1231 1235 1540 1308 civitates,
1618 1251 1686 1295 se
1760 1234 1964 1294 modis
2020 1232 2318 1295 omnibus
2393 1233 2713 1314 professus
2787 1238 2884 1294 est
2958 1231 3378 1296 redditurum.
3454 1237 3532 1297 Et
3608 1238 3839 1299 denuo

469 1345 506 1402 5
553 1342 928 1404 conﬁrmato
985 1341 1299 1403 anteriore
1359 1347 1566 1422 pacto,
1627 1339 1800 1420 quod
1855 1359 1972 1420 per
2030 1339 2316 1421 elapsam
2379 1343 2672 1402 octavam
2732 1339 3145 1403 indictionem
3201 1341 3368 1404 inter
3424 1349 3640 1423 partes
3686 1365 3842 1426 pro-

555 1455 817 1510 venerat
873 1448 978 1529 (ὑ),
1014 1449 1288 1511 restituit
1343 1449 1515 1528 ipsas
1571 1447 1855 1510 civitates
1913 1446 2231 1527 praelatae,
2295 1447 2534 1508 addens
2622 1453 2688 1510 et
2759 1452 3038 1509 castrum
3095 1449 3268 1529 quod
3334 1452 3844 1530 cognominatur

553 1556 938 1617 Comiaclum
969 1555 1072 1636 (ι’).

640 1689 804 1741 258
851 1684 938 1742 De
997 1681 1227 1760 quibus
1282 1681 1580 1742 omnibus
1635 1680 1904 1761 receptis
1961 1679 2323 1740 civitatibus
2376 1678 2786 1740 donationem
2847 1679 2912 1740 in
2983 1679 3233 1761 scriptis
3289 1700 3328 1742 a
3385 1681 3573 1744 beato
3632 1686 3842 1746 Petro

558 1795 748 1868 atque
807 1806 845 1848 a
900 1795 1120 1848 sancta
1175 1790 1463 1849 Romana
1520 1787 1822 1861 Ecclesia,
1879 1786 1978 1848 vel
2035 1784 2333 1846 omnibus
2390 1785 2456 1846 in
2525 1791 2903 1866 perpetuum
2981 1787 3387 1867 pontiﬁcibus
3461 1791 3843 1871 apostolicae

558 1896 742 1970 sedis,
810 1895 977 1955 misit
1026 1894 1492 1974 possidendam,
1555 1913 1696 1974 quae
1755 1898 1818 1954 et
1874 1910 2072 1973 usque
2131 1891 2441 1953 hactenus
2489 1891 2553 1952 in
2613 1893 2893 1954 archivio
2947 1900 3184 1956 sanctae
3233 1901 3466 1957 nostrae
3527 1897 3843 1959 Ecclesiae

562 2003 884 2064 recondita
971 2008 1244 2064 tenetur.
1305 2001 1402 2063 Ad
1488 2000 1878 2082 recipiendas
1959 2018 2107 2061 vero
2180 2000 2351 2078 ipsas
2426 1999 2715 2062 civitates
2787 2000 2956 2062 misit
3034 2001 3169 2082 ipse
3251 2003 3844 2068 Christianissimus

477 2113 514 2168 5
561 2113 944 2170 Francorum
1004 2128 1113 2170 rex
1169 2127 1351 2169 suum
1413 2107 1868 2180 consiliarium,
1926 2107 1990 2167 id
2046 2113 2144 2168 est
2206 2106 2552 2167 Fulradum
2632 2107 3055 2169 venerabilem
3134 2108 3428 2171 abbatem
3509 2117 3573 2173 et
3647 2133 3841 2194 pres-

562 2218 874 2296 byterum.
967 2219 1041 2277 Et
1122 2216 1426 2276 continuo
1501 2215 1640 2294 ejus
1721 2215 2050 2276 eximietas
2105 2213 2194 2293 (d)
2252 2213 2521 2275 feliciter
2600 2233 2744 2274 cum
2827 2215 2955 2275 suis
3039 2216 3422 2278 exercitibus
3491 2223 3841 2282 Franciam

561 2323 905 2403 repedavit.
965 2322 1471 2384 Praenominatus
1527 2328 1739 2382 autem
1797 2321 2108 2382 Fulradus
2168 2321 2552 2382 venerabilis
2607 2321 2804 2382 abbas
2860 2329 2923 2383 et
2962 2323 3292 2403 presbyter
3362 2327 3839 2389 Ravennatium

559 2438 770 2510 partes
821 2449 962 2490 cum
1022 2430 1227 2489 missis
1277 2428 1414 2507 jam
1473 2428 1587 2489 fati
1623 2427 1871 2489 Aistulﬁ
1919 2428 2084 2508 regis
2139 2427 2556 2507 conjungens.
2617 2434 2678 2490 et
2737 2447 2848 2508 per
2903 2429 3182 2506 singulas
3247 2431 3612 2509 ingrediens
3665 2436 3842 2496 civi-

559 2545 720 2598 tates
778 2543 905 2597 tam
965 2537 1388 2616 Pentapoleos
1435 2554 1626 2616 quam
1684 2541 1746 2596 et
1802 2536 2094 2609 IEmiliaa,
2140 2553 2376 2616 easque
2434 2535 2760 2615 recipiens,
2822 2540 2886 2595 et
2941 2535 3189 2596 obsides
3246 2555 3360 2616 per
3401 2555 3848 2620 unamquam-

443 2650 520 2707 10
564 2664 686 2724 que
745 2646 1036 2705 auferens
1091 2643 1194 2724 (e),
1255 2650 1446 2724 atque
1504 2643 1804 2723 primates
1861 2661 2074 2704 secum
2133 2661 2260 2706 una
2305 2661 2448 2704 cum
2509 2642 2791 2704 clavibus
2856 2649 3180 2722 portarum
3255 2644 3580 2706 civitatum
3644 2647 3848 2710 defe-

567 2771 732 2826 rens,
782 2755 1048 2812 Romam
1107 2749 1462 2829 conjunxit.

647 2885 811 2938 2.54
861 2879 938 2936 Et
985 2875 1152 2955 ipsas
1208 2875 1421 2937 claves
1480 2882 1610 2937 tam
1667 2875 2130 2937 Ravennatium
2187 2875 2363 2937 urbis
2420 2868 2740 2956 quamque
2795 2874 3190 2936 diversarum
3248 2875 3576 2938 civitatum
3626 2875 3846 2958 ipsius

570 2983 1031 3045 Ravennatium
1089 2982 1467 3044 exarchatus
1523 3001 1652 3045 una
1715 3001 1856 3045 cum
1934 2983 2367 3065 suprascripta
2437 2983 2781 3045 donatione
2837 2982 2915 3044 de
2973 2982 3062 3044 eis
3114 3000 3153 3043 a
3205 3001 3320 3044 suo
3395 3002 3542 3063 rege
3597 2985 3844 3048 emissa

565 3093 630 3153 in
683 3091 1076 3153 confessione
1136 3089 1306 3152 beati
1364 3091 1534 3153 Petri
1597 3110 1864 3172 ponens,
1924 3089 2128 3152 eidem
2177 3088 2466 3170 apostolo
2532 3094 2596 3150 et
2671 3087 2806 3169 ejus
2864 3089 3096 3151 vicario
3163 3090 3555 3152 sanctissimo
3614 3110 3839 3172 papae,

562 3204 754 3278 atque
810 3197 1104 3259 omnibus
1159 3195 1296 3274 ejus
1360 3197 1824 3260 successoribus
1874 3195 2279 3277 pontiﬁcibus
2334 3194 2698 3275 perenniter
2753 3195 3164 3274 possidendas
3228 3202 3420 3277 atque
3478 3197 3836 3278 disponen-

483 3309 520 3365 5
564 3307 676 3367 das
759 3305 1041 3379 tradidit,
1101 3303 1166 3364 id
1240 3310 1335 3365 est
1395 3307 1782 3377 Ravennam,
1841 3302 2222 3375 Ariminum,
2280 3302 2635 3371 Pisaurum,
2693 3308 2884 3380 atque
2963 3304 3228 3377 Fanum,
3289 3305 3581 3380 Cesenas,
3631 3306 3842 3368 Seno-

562 3414 806 3493 gallias,
868 3413 1106 3483 Esium,
1167 3411 1398 3471 Forum
1455 3409 1778 3489 Pompilii,
1837 3411 2067 3470 Forum
2148 3407 2328 3482 Livii,
2390 3425 2533 3468 cum
2611 3411 2817 3468 castro
2889 3407 3220 3482 Sussubio,
3295 3409 3830 3488 Montemferetri,

561 3520 923 3598 Acerragio,
984 3520 1260 3579 Montem
1345 3515 1591 3588 Lucari,
1683 3517 1958 3588 Serram,
2020 3514 2350 3576 castellum
2425 3513 2628 3575 sancti
2709 3513 2997 3587 Mariani,
3087 3513 3394 3589 Bobrum,
3481 3519 3832 3582 Urbinum.

560 3628 849 3699 Gallium,
907 3622 1196 3695 Luculos,
1258 3621 1619 3701 Eugubium
1673 3641 1781 3684 seu
1839 3621 2249 3683 Comiaclum.
2309 3624 2565 3684 Necnon
2639 3627 2703 3682 et
2777 3621 3098 3683 civitatem
3176 3623 3610 3701 Narniensem,
3677 3646 3831 3707 qua:

561 3753 596 3795 a
643 3735 878 3794 ducatu
925 3729 1251 3810 Spoletino
1305 3727 1418 3809 (Ῑ).
1451 3748 1489 3790 a
1548 3735 1726 3810 parte
1776 3732 2208 3792 Romanorum
2261 3749 2373 3810 per
2416 3728 2670 3790 evoluta
2713 3746 3025 3790 annorum
3071 3730 3277 3810 spatia
3323 3732 3531 3794 fuerat
3574 3734 3830 3798 invasa.

437 3845 513 3904 10
555 3843 716 3901 Dum
774 3857 924 3917 ergo
985 3837 1120 3897 haec
1191 3843 1556 3916 agerentur,
1617 3837 1751 3918 ipse
1807 3836 2027 3898 infelix
2085 3837 2393 3900 Aistulfus
2437 3837 2715 3916 quodam
2775 3836 2912 3897 loco
2989 3836 3053 3897 in
3131 3839 3604 3902 venerationem
3679 3861 3831 3922 per-

560 3966 714 4026 gens
761 3946 974 4006 divino
1032 3945 1158 4006 ictu
1206 3963 1558 4024 percussus,
1605 3944 1938 4006 defunctus
1994 3948 2110 4005 est.
2174 3946 2350 4006 Tunc
2407 3944 2767 4006 Desiderius
2822 3943 3083 4025 quidam
3160 3944 3289 4006 dux
3361 3948 3825 4027 Longobardo-

564 4074 726 4127 rum,
789 4053 899 4133 qui
956 4052 1034 4112 ab
1092 4052 1311 4112 eodem
1359 4051 1742 4132 nequissimo
1795 4051 2062 4112 Aistulfo
2111 4051 2354 4114 Tuscia:
2401 4051 2464 4112 in
2523 4056 2734 4132 partes
2793 4057 2932 4113 erat
2975 4051 3273 4126 directus,
3337 4055 3602 4116 audiens
3653 4076 3819 4137 pra:-

561 4164 760 4223 fatum
816 4158 1042 4221 obiisse
1081 4159 1443 4232 Aistulfum,
1479 4159 1647 4220 illico
1705 4177 2061 4239 aggregans
2116 4157 2315 4239 ipsius
2371 4158 2614 4220 Tusciae
2660 4159 3016 4220 universam
3075 4158 3463 4221 exercituum
3529 4163 3827 4225 multitu-

561 4271 798 4342 dinem,
886 4267 1067 4347 regni
1156 4265 1721 4344 Longobardorum
1808 4266 2054 4346 aripere
2139 4265 2326 4326 nixus
2410 4269 2503 4327 est
2597 4264 2922 4344 fastigium
3010 4264 3114 4346 (g).
3202 4265 3395 4346 Cujus
3480 4288 3824 4349 personam

438 4380 514 4438 15
557 4373 878 4455 despectui
935 4373 1178 4434 habens
1227 4371 1578 4433 Radebisus
1635 4371 1874 4433 dudum
1938 4389 2067 4445 rex,
2131 4377 2195 4434 et
2251 4371 2657 4453 postmodum
2718 4369 3088 4447 monachus,
3154 4391 3495 4452 germanus
3567 4377 3824 4456 prmfati

559 4482 831 4555 Aistulﬁ,
877 4480 983 4541 scd
1056 4485 1116 4540 et
1189 4479 1296 4540 alii
1379 4479 1590 4560 plures
1647 4478 2211 4558 Longobardorum
2267 4479 2608 4560 optimates
2688 4496 2831 4539 cum
2909 4497 2983 4540 eo
3064 4479 3340 4541 eundem
3425 4482 3820 4546 Desiderium

555 4593 949 4669 spernentes,
1001 4586 1342 4666 plurimam
1391 4585 1817 4665 transalpium
1885 4585 1984 4647 vel
2042 4591 2271 4646 caetera
2351 4584 2918 4664 Longobardorum
2991 4586 3382 4648 exercituum
3463 4589 3818 4652 multitudi-

554 4716 696 4759 nem
749 4699 1188 4774 aggregantes,
1249 4693 1330 4754 ad
1388 4691 1818 4753 dimicandum
1877 4697 2100 4754 contra
2156 4710 2299 4754 eum
2351 4692 2618 4771 profecti
2675 4697 2845 4753 sunt.

437 4826 516 4884 ΞΟ
641 4829 807 4883 255
853 4819 945 4881 Ad
1005 4820 1141 4879 haec
1199 4819 1499 4899 prwfatus
1551 4817 1909 4880 Desiderius
1965 4816 2198 4880 obnixe
2257 4818 2592 4898 praefatum
2649 4816 3083 4878 beatissimum
3143 4819 3507 4899 pontiﬁcem
3587 4821 3816 4902 depre-

558 4936 735 4990 catus
795 4934 889 4990 est
933 4927 1050 4987 sibi
1105 4926 1412 4987 auxilium
1469 4925 1658 4999 ferre,
1717 4931 2033 5004 quatenus
2087 4924 2290 5005 ipsam
2363 4924 2640 5002 regalem
2713 4924 2954 4986 valeret
3020 4943 3342 4988 assumere
3414 4927 3811 5006 dignitatem,

558 5037 874 5117 spondens
951 5031 1370 5113 jurejurando
1453 5049 1707 5093 omnem
1783 5032 2033 5112 praefati
2114 5030 2459 5093 beatissimi
2557 5029 2873 5112 pontiﬁcis
2957 5030 3307 5112 adimplere
3392 5033 3810 5098 voluntatem.

556 5147 819 5222 Insuper
877 5148 935 5202 et
997 5137 1358 5218 reipublicae
1418 5157 1482 5199 se
1540 5138 1934 5200 redditurum
1993 5139 2311 5220 professus
2369 5143 2464 5198 est
2520 5138 2807 5199 civitates
2861 5157 3004 5217 quae
3063 5145 3516 5210 remanserant,
3568 5139 3696 5201 imo
3747 5149 3813 5204 et

433 5252 510 5311 ‘25
555 5251 808 5329 c0piosa
864 5250 1156 5308 daturum
1219 5265 1505 5306 munera.
1565 5247 1742 5307 Tunc
1798 5245 1995 5307 isdem
2055 5243 2412 5327 praecipuus
2458 5244 2647 5306 Pater
2703 5250 2766 5305 et
2809 5244 3014 5306 bonus
3073 5251 3308 5327 pastor,
3350 5244 3503 5306 inito
3544 5246 3814 5312 consilio

551 5374 715 5435 saepe
773 5356 903 5415 fato
965 5353 1238 5414 Fulrado
1296 5351 1642 5414 venerabili
1700 5353 2069 5434 presbytero
2145 5358 2210 5416 et
2275 5351 2528 5428 abbate,
2589 5357 2780 5432 atque
2857 5352 3218 5415 consiliario
3293 5351 3809 5418 Cbristianissimi

1569 5603 1820 5650 NOTULE.
1861 5603 2250 5653 UARGINALES
2293 5603 2593 5651 FABROTTI
2604 5633 2620 5650 .

463 5790 540 5878 (αι)
571 5794 642 5878 9i.
723 5797 887 5878 (ὀχῇ,
912 5806 1289 5878 convenerat.
1378 5802 1448 5874 (ε)
1472 5801 1534 5871 Β,
1569 5800 1929 5878 Gomaclum.

2243 5817 2267 5857 e
2300 5819 2416 5860 rex.
2521 5802 2590 5878 (ε)
2621 5802 2653 5838 ⁸
2681 5802 2753 5860 de
2787 5817 3138 5876 unaquaque
3169 5800 3401 5862 tollens.
3503 5804 3578 5876 (Γ)
3603 5804 3628 5830 '
3660 5804 3800 5862 duce

394 5860 738 5934 SpOletano.‘
781 5860 882 5938 '(g)'
912 5869 1038 5922 Vide
1069 5876 1269 5930 Baron.
1305 5860 1444 5930 ann:
1471 5860 1701 5933 Domini
1721 5875 1846 5931 756.
