  <div class='ocr_page' id='page_1' title='image "/cluster/home/n/w/nwhite01/storage/ocr_20150623/127-128/uc1.31175010226572/136.png"; bbox 0 0 3950 6448; ppageno 0'>
   <div class='ocr_carea' id='block_1_1' title="bbox 256 407 355 466">
    <p class='ocr_par' dir='ltr' id='par_1_1' title="bbox 256 407 355 466">
     <span class='ocr_line' id='line_1_1' title="bbox 256 407 355 466; baseline -0.03 0"><span class='ocrx_word' id='word_1_1' title='bbox 256 407 355 466; x_wconf 74' lang='grc'><strong>257</strong></span> 
     </span>
    </p>
   </div>
   <div class='ocr_carea' id='block_1_2' title="bbox 1034 384 2922 473">
    <p class='ocr_par' dir='ltr' id='par_1_2' title="bbox 1034 384 2922 473">
     <span class='ocr_line' id='line_1_2' title="bbox 1034 384 2922 473; baseline -0.001 -3"><span class='ocrx_word' id='word_1_2' title='bbox 1034 415 1403 473; x_wconf 81' lang='lat' dir='ltr'><strong>BLANCHINI</strong></span> <span class='ocrx_word' id='word_1_3' title='bbox 1450 415 1761 473; x_wconf 84' lang='lat' dir='ltr'><strong>DISSERT.</strong></span> <span class='ocrx_word' id='word_1_4' title='bbox 1812 415 1903 469; x_wconf 91' lang='lat' dir='ltr'><strong>DE</strong></span> <span class='ocrx_word' id='word_1_5' title='bbox 1944 414 2101 470; x_wconf 85' lang='lat' dir='ltr'><strong>ANT.</strong></span> <span class='ocrx_word' id='word_1_6' title='bbox 2159 418 2272 472; x_wconf 87' lang='lat' dir='ltr'><strong>RR.</strong></span> <span class='ocrx_word' id='word_1_7' title='bbox 2328 384 2922 472; x_wconf 26' lang='lat' dir='ltr'><strong>PONT.‘CATALOG.</strong></span> 
     </span>
    </p>
   </div>
   <div class='ocr_carea' id='block_1_3' title="bbox 328 533 3678 612">
    <p class='ocr_par' dir='ltr' id='par_1_3' title="bbox 328 533 3678 612">
     <span class='ocr_line' id='line_1_3' title="bbox 328 533 3678 612; baseline 0.003 -28"><span class='ocrx_word' id='word_1_8' title='bbox 328 552 353 583; x_wconf 77' lang='grc' dir='ltr'><strong><em>α</em></strong></span> <span class='ocrx_word' id='word_1_9' title='bbox 394 533 509 587; x_wconf 88' lang='lat' dir='ltr'><strong>Hoc</strong></span> <span class='ocrx_word' id='word_1_10' title='bbox 533 546 687 589; x_wconf 89' lang='lat' dir='ltr'><strong>anno</strong></span> <span class='ocrx_word' id='word_1_11' title='bbox 712 533 890 606; x_wconf 72' lang='lat'><strong>(1610)</strong></span> <span class='ocrx_word' id='word_1_12' title='bbox 914 538 1176 594; x_wconf 82' lang='lat' dir='ltr'><strong>navicula</strong></span> <span class='ocrx_word' id='word_1_13' title='bbox 1200 540 1257 594; x_wconf 93' lang='lat' dir='ltr'><strong>in</strong></span> <span class='ocrx_word' id='word_1_14' title='bbox 1289 540 1440 596; x_wconf 89' lang='lat' dir='ltr'><strong>atrio</strong></span> <span class='ocrx_word' id='word_1_15' title='bbox 1464 553 1635 595; x_wconf 90' lang='lat' dir='ltr'><strong>manu</strong></span> <span class='ocrx_word' id='word_1_16' title='bbox 1658 539 1795 595; x_wconf 83' lang='lat' dir='ltr'><strong>Jotti</strong></span> <span class='ocrx_word' id='word_1_17' title='bbox 1821 539 1907 607; x_wconf 90' lang='lat' dir='ltr'><strong>pi-</strong></span> <span class='ocrx_word' id='word_1_18' title='bbox 1933 537 1991 595; x_wconf 92' lang='lat' dir='ltr'><strong>A</strong></span> <span class='ocrx_word' id='word_1_19' title='bbox 2020 544 2077 593; x_wconf 93' lang='lat' dir='ltr'><strong>et</strong></span> <span class='ocrx_word' id='word_1_20' title='bbox 2123 539 2339 594; x_wconf 88' lang='lat' dir='ltr'><strong>indicia</strong></span> <span class='ocrx_word' id='word_1_21' title='bbox 2384 544 2652 612; x_wconf 74' lang='lat' dir='ltr'><strong>suggeret</strong></span> <span class='ocrx_word' id='word_1_22' title='bbox 2690 540 2760 595; x_wconf 90' lang='lat' dir='ltr'><strong>ad</strong></span> <span class='ocrx_word' id='word_1_23' title='bbox 2791 544 3013 595; x_wconf 67' lang='lat' dir='ltr'><strong>aetatem</strong></span> <span class='ocrx_word' id='word_1_24' title='bbox 3060 545 3233 610; x_wconf 89' lang='lat' dir='ltr'><strong>atque</strong></span> <span class='ocrx_word' id='word_1_25' title='bbox 3275 540 3678 596; x_wconf 74' lang='lat' dir='ltr'><strong>auctoritatem</strong></span> 
     </span>
    </p>
   </div>
   <div class='ocr_carea' id='block_1_4' title="bbox 257 619 1909 697">
    <p class='ocr_par' dir='ltr' id='par_1_4' title="bbox 257 619 1909 697">
     <span class='ocr_line' id='line_1_4' title="bbox 257 619 1909 697; baseline 0.005 -24"><span class='ocrx_word' id='word_1_26' title='bbox 257 619 433 674; x_wconf 91' lang='lat' dir='ltr'><strong>ctoris</strong></span> <span class='ocrx_word' id='word_1_27' title='bbox 478 623 696 693; x_wconf 80' lang='lat' dir='ltr'><strong>egregii</strong></span> <span class='ocrx_word' id='word_1_28' title='bbox 733 626 954 680; x_wconf 89' lang='lat' dir='ltr'><strong>musivo</strong></span> <span class='ocrx_word' id='word_1_29' title='bbox 997 626 1215 685; x_wconf 82' lang='lat' dir='ltr'><strong>effecta.</strong></span> <span class='ocrx_word' id='word_1_30' title='bbox 1269 642 1369 696; x_wconf 89' lang='lat' dir='ltr'><strong>pro</strong></span> <span class='ocrx_word' id='word_1_31' title='bbox 1417 642 1530 697; x_wconf 92' lang='lat' dir='ltr'><strong>quo</strong></span> <span class='ocrx_word' id='word_1_32' title='bbox 1575 640 1743 696; x_wconf 88' lang='lat' dir='ltr'><strong>opere</strong></span> <span class='ocrx_word' id='word_1_33' title='bbox 1794 627 1909 682; x_wconf 92' lang='lat' dir='ltr'><strong>duo</strong></span> 
     </span>
    </p>
   </div>
   <div class='ocr_carea' id='block_1_5' title="bbox 260 707 1911 784">
    <p class='ocr_par' dir='ltr' id='par_1_5' title="bbox 260 707 1911 784">
     <span class='ocr_line' id='line_1_5' title="bbox 260 707 1911 784; baseline 0.005 -24"><span class='ocrx_word' id='word_1_34' title='bbox 260 707 443 763; x_wconf 87' lang='lat' dir='ltr'><strong>millia</strong></span> <span class='ocrx_word' id='word_1_35' title='bbox 480 716 537 763; x_wconf 90' lang='lat' dir='ltr'><strong>et</strong></span> <span class='ocrx_word' id='word_1_36' title='bbox 576 711 855 766; x_wconf 89' lang='lat' dir='ltr'><strong>ducentos</strong></span> <span class='ocrx_word' id='word_1_37' title='bbox 902 714 1147 769; x_wconf 87' lang='lat' dir='ltr'><strong>ﬂorenos</strong></span> <span class='ocrx_word' id='word_1_38' title='bbox 1184 715 1427 771; x_wconf 68' lang='lat' dir='ltr'><strong>Iacobus</strong></span> <span class='ocrx_word' id='word_1_39' title='bbox 1460 716 1616 771; x_wconf 93' lang='lat' dir='ltr'><strong>card.</strong></span> <span class='ocrx_word' id='word_1_40' title='bbox 1664 715 1911 784; x_wconf 90' lang='lat' dir='ltr'><strong>Stepha-</strong></span> 
     </span>
    </p>
   </div>
   <div class='ocr_carea' id='block_1_6' title="bbox 260 798 1911 873">
    <p class='ocr_par' dir='ltr' id='par_1_6' title="bbox 260 798 1911 873">
     <span class='ocr_line' id='line_1_6' title="bbox 260 798 1911 873; baseline 0.005 -24"><span class='ocrx_word' id='word_1_41' title='bbox 260 808 442 865; x_wconf 87' lang='lat' dir='ltr'><strong>nesca,</strong></span> <span class='ocrx_word' id='word_1_42' title='bbox 478 798 700 853; x_wconf 88' lang='lat' dir='ltr'><strong>Nicolai</strong></span> <span class='ocrx_word' id='word_1_43' title='bbox 734 802 805 855; x_wconf 90' lang='lat' dir='ltr'><strong>III</strong></span> <span class='ocrx_word' id='word_1_44' title='bbox 838 815 1137 872; x_wconf 85' lang='lat' dir='ltr'><strong>pronepos,</strong></span> <span class='ocrx_word' id='word_1_45' title='bbox 1165 804 1235 858; x_wconf 92' lang='lat' dir='ltr'><strong>de</strong></span> <span class='ocrx_word' id='word_1_46' title='bbox 1260 818 1366 859; x_wconf 91' lang='lat' dir='ltr'><strong>suo</strong></span> <span class='ocrx_word' id='word_1_47' title='bbox 1397 804 1761 873; x_wconf 71' lang='lat' dir='ltr'><strong>expenderet,</strong></span> <span class='ocrx_word' id='word_1_48' title='bbox 1797 802 1911 858; x_wconf 91' lang='lat' dir='ltr'><strong>fuit</strong></span> 
     </span>
    </p>
   </div>
   <div class='ocr_carea' id='block_1_7' title="bbox 259 884 1911 962">
    <p class='ocr_par' dir='ltr' id='par_1_7' title="bbox 259 884 1911 962">
     <span class='ocr_line' id='line_1_7' title="bbox 259 884 1911 962; baseline 0.006 -25"><span class='ocrx_word' id='word_1_49' title='bbox 259 890 412 952; x_wconf 90' lang='lat' dir='ltr'><strong>septa</strong></span> <span class='ocrx_word' id='word_1_50' title='bbox 440 884 620 955; x_wconf 80' lang='lat' dir='ltr'><strong>lignis</strong></span> <span class='ocrx_word' id='word_1_51' title='bbox 638 889 966 958; x_wconf 83' lang='lat' dir='ltr'><strong>Optimeque</strong></span> <span class='ocrx_word' id='word_1_52' title='bbox 996 891 1234 951; x_wconf 89' lang='lat' dir='ltr'><strong>munita.</strong></span> <span class='ocrx_word' id='word_1_53' title='bbox 1267 898 1323 947; x_wconf 93' lang='lat' dir='ltr'><strong>et</strong></span> <span class='ocrx_word' id='word_1_54' title='bbox 1344 905 1518 962; x_wconf 87' lang='lat' dir='ltr'><strong>super</strong></span> <span class='ocrx_word' id='word_1_55' title='bbox 1545 893 1755 958; x_wconf 91' lang='lat' dir='ltr'><strong>ruinis,</strong></span> <span class='ocrx_word' id='word_1_56' title='bbox 1785 906 1911 962; x_wconf 66' lang='lat' dir='ltr'><strong>quae</strong></span> 
     </span>
    </p>
   </div>
   <div class='ocr_carea' id='block_1_8' title="bbox 260 973 1517 1047">
    <p class='ocr_par' dir='ltr' id='par_1_8' title="bbox 260 973 1517 1047">
     <span class='ocr_line' id='line_1_8' title="bbox 260 973 1517 1047; baseline 0.008 -22"><span class='ocrx_word' id='word_1_57' title='bbox 260 978 503 1027; x_wconf 90' lang='lat' dir='ltr'><strong>montem</strong></span> <span class='ocrx_word' id='word_1_58' title='bbox 529 973 850 1038; x_wconf 81' lang='lat' dir='ltr'><strong>eﬁ‘ecerant,</strong></span> <span class='ocrx_word' id='word_1_59' title='bbox 886 978 1162 1034; x_wconf 91' lang='lat' dir='ltr'><strong>translata</strong></span> <span class='ocrx_word' id='word_1_60' title='bbox 1192 977 1323 1047; x_wconf 89' lang='lat' dir='ltr'><strong>fuit,</strong></span> <span class='ocrx_word' id='word_1_61' title='bbox 1360 999 1386 1030; x_wconf 73' lang='grc' dir='ltr'><strong>ι)</strong></span> <span class='ocrx_word' id='word_1_62' title='bbox 1410 987 1517 1035; x_wconf 91' lang='lat' dir='ltr'><strong>etc.</strong></span> 
     </span>
    </p>
   </div>
   <div class='ocr_carea' id='block_1_9' title="bbox 334 1063 1912 1135">
    <p class='ocr_par' dir='ltr' id='par_1_9' title="bbox 334 1063 1912 1135">
     <span class='ocr_line' id='line_1_9' title="bbox 334 1063 1912 1135; baseline 0.007 -23"><span class='ocrx_word' id='word_1_63' title='bbox 334 1081 360 1111; x_wconf 79' lang='grc' dir='ltr'><strong><em>α</em></strong></span> <span class='ocrx_word' id='word_1_64' title='bbox 394 1063 455 1116; x_wconf 92' lang='lat' dir='ltr'><strong>In</strong></span> <span class='ocrx_word' id='word_1_65' title='bbox 475 1065 660 1118; x_wconf 90' lang='lat' dir='ltr'><strong>muris</strong></span> <span class='ocrx_word' id='word_1_66' title='bbox 685 1079 856 1134; x_wconf 84' lang='lat' dir='ltr'><strong>super</strong></span> <span class='ocrx_word' id='word_1_67' title='bbox 874 1066 1189 1135; x_wconf 88' lang='lat' dir='ltr'><strong>majoribus</strong></span> <span class='ocrx_word' id='word_1_68' title='bbox 1204 1069 1491 1124; x_wconf 88' lang='lat' dir='ltr'><strong>columnis</strong></span> <span class='ocrx_word' id='word_1_69' title='bbox 1522 1069 1723 1124; x_wconf 73' lang='lat' dir='ltr'><strong>mediae</strong></span> <span class='ocrx_word' id='word_1_70' title='bbox 1751 1069 1912 1124; x_wconf 88' lang='lat' dir='ltr'><strong>navis</strong></span> 
     </span>
    </p>
   </div>
   <div class='ocr_carea' id='block_1_10' title="bbox 258 1152 1911 1227">
    <p class='ocr_par' dir='ltr' id='par_1_10' title="bbox 258 1152 1911 1227">
     <span class='ocr_line' id='line_1_10' title="bbox 258 1152 1911 1227; baseline 0.005 -24"><span class='ocrx_word' id='word_1_71' title='bbox 258 1155 419 1204; x_wconf 91' lang='lat' dir='ltr'><strong>erant</strong></span> <span class='ocrx_word' id='word_1_72' title='bbox 453 1152 692 1219; x_wconf 74' lang='lat' dir='ltr'><strong>pictura:</strong></span> <span class='ocrx_word' id='word_1_73' title='bbox 724 1154 977 1210; x_wconf 84' lang='lat' dir='ltr'><strong>Formosi</strong></span> <span class='ocrx_word' id='word_1_74' title='bbox 1007 1168 1181 1224; x_wconf 68' lang='lat' dir='ltr'><strong>papae.</strong></span> <span class='ocrx_word' id='word_1_75' title='bbox 1215 1159 1274 1211; x_wconf 85' lang='lat' dir='ltr'><strong>In</strong></span> <span class='ocrx_word' id='word_1_76' title='bbox 1307 1164 1465 1226; x_wconf 88' lang='lat' dir='ltr'><strong>parte</strong></span> <span class='ocrx_word' id='word_1_77' title='bbox 1492 1158 1725 1212; x_wconf 88' lang='lat' dir='ltr'><strong>dextera</strong></span> <span class='ocrx_word' id='word_1_78' title='bbox 1754 1170 1911 1227; x_wconf 88' lang='lat' dir='ltr'><strong>egre-</strong></span> 
     </span>
    </p>
   </div>
   <div class='ocr_carea' id='block_1_11' title="bbox 259 1236 1907 1309">
    <p class='ocr_par' dir='ltr' id='par_1_11' title="bbox 259 1236 1907 1309">
     <span class='ocr_line' id='line_1_11' title="bbox 259 1236 1907 1309; baseline 0.004 -18"><span class='ocrx_word' id='word_1_79' title='bbox 259 1236 468 1293; x_wconf 89' lang='lat' dir='ltr'><strong>diendo</strong></span> <span class='ocrx_word' id='word_1_80' title='bbox 509 1237 806 1295; x_wconf 82' lang='lat' dir='ltr'><strong>basilicam</strong></span> <span class='ocrx_word' id='word_1_81' title='bbox 846 1247 1013 1297; x_wconf 90' lang='lat' dir='ltr'><strong>erant</strong></span> <span class='ocrx_word' id='word_1_82' title='bbox 1044 1242 1305 1299; x_wconf 69' lang='lat' dir='ltr'><strong>historia:</strong></span> <span class='ocrx_word' id='word_1_83' title='bbox 1337 1245 1478 1309; x_wconf 91' lang='lat' dir='ltr'><strong>Novi</strong></span> <span class='ocrx_word' id='word_1_84' title='bbox 1519 1245 1864 1300; x_wconf 89' lang='lat' dir='ltr'><strong>Testamenti</strong></span> <span class='ocrx_word' id='word_1_85' title='bbox 1895 1263 1907 1298; x_wconf 94' lang='lat'>:</span> 
     </span>
    </p>
   </div>
   <div class='ocr_carea' id='block_1_12' title="bbox 258 1325 1911 1397">
    <p class='ocr_par' dir='ltr' id='par_1_12' title="bbox 258 1325 1911 1397">
     <span class='ocr_line' id='line_1_12' title="bbox 258 1325 1911 1397; baseline 0.004 -17"><span class='ocrx_word' id='word_1_86' title='bbox 258 1325 352 1380; x_wconf 88' lang='lat' dir='ltr'><strong>sed</strong></span> <span class='ocrx_word' id='word_1_87' title='bbox 385 1327 524 1395; x_wconf 85' lang='lat' dir='ltr'><strong>quia</strong></span> <span class='ocrx_word' id='word_1_88' title='bbox 552 1340 752 1383; x_wconf 89' lang='lat' dir='ltr'><strong>murus</strong></span> <span class='ocrx_word' id='word_1_89' title='bbox 772 1329 1143 1397; x_wconf 82' lang='lat' dir='ltr'><strong>pendebatur,</strong></span> <span class='ocrx_word' id='word_1_90' title='bbox 1172 1337 1228 1387; x_wconf 91' lang='lat' dir='ltr'><strong>et</strong></span> <span class='ocrx_word' id='word_1_91' title='bbox 1255 1330 1448 1387; x_wconf 85' lang='lat' dir='ltr'><strong>facilis</strong></span> <span class='ocrx_word' id='word_1_92' title='bbox 1477 1338 1596 1387; x_wconf 87' lang='lat' dir='ltr'><strong>erat</strong></span> <span class='ocrx_word' id='word_1_93' title='bbox 1632 1333 1700 1387; x_wconf 89' lang='lat' dir='ltr'><strong>ad</strong></span> <span class='ocrx_word' id='word_1_94' title='bbox 1738 1346 1796 1387; x_wconf 91' lang='lat' dir='ltr'><strong>se</strong></span> <span class='ocrx_word' id='word_1_95' title='bbox 1830 1332 1911 1387; x_wconf 90' lang='lat' dir='ltr'><strong>ibi</strong></span> 
     </span>
    </p>
   </div>
   <div class='ocr_carea' id='block_1_13' title="bbox 259 1411 1913 1491">
    <p class='ocr_par' dir='ltr' id='par_1_13' title="bbox 259 1411 1913 1491">
     <span class='ocr_line' id='line_1_13' title="bbox 259 1411 1913 1491; baseline 0.005 -25"><span class='ocrx_word' id='word_1_96' title='bbox 259 1411 684 1482; x_wconf 81' lang='lat' dir='ltr'><strong>glutinandum,</strong></span> <span class='ocrx_word' id='word_1_97' title='bbox 756 1418 851 1472; x_wconf 84' lang='lat' dir='ltr'><strong>vix</strong></span> <span class='ocrx_word' id='word_1_98' title='bbox 911 1420 1239 1474; x_wconf 87' lang='lat' dir='ltr'><strong>cernebant.</strong></span> <span class='ocrx_word' id='word_1_99' title='bbox 1307 1420 1549 1491; x_wconf 84' lang='lat' dir='ltr'><strong>Aliquas</strong></span> <span class='ocrx_word' id='word_1_100' title='bbox 1633 1421 1822 1476; x_wconf 87' lang='lat' dir='ltr'><strong>notavi</strong></span> <span class='ocrx_word' id='word_1_101' title='bbox 1897 1435 1913 1474; x_wconf 85' lang='lat'><strong>:</strong></span> 
     </span>
    </p>
   </div>
   <div class='ocr_carea' id='block_1_14' title="bbox 257 1502 1911 1575">
    <p class='ocr_par' dir='ltr' id='par_1_14' title="bbox 257 1502 1911 1575">
     <span class='ocr_line' id='line_1_14' title="bbox 257 1502 1911 1575; baseline 0.005 -21"><span class='ocrx_word' id='word_1_102' title='bbox 257 1502 538 1571; x_wconf 82' lang='lat' dir='ltr'><strong>Apparuit</strong></span> <span class='ocrx_word' id='word_1_103' title='bbox 559 1506 807 1561; x_wconf 78' lang='lat' dir='ltr'><strong>undecim</strong></span> <span class='ocrx_word' id='word_1_104' title='bbox 835 1508 1114 1575; x_wconf 77' lang='lat' dir='ltr'><strong>apostolis.</strong></span> <span class='ocrx_word' id='word_1_105' title='bbox 1134 1539 1202 1547; x_wconf 87' lang='lat'>——</span> <span class='ocrx_word' id='word_1_106' title='bbox 1223 1513 1518 1565; x_wconf 77' lang='lat' dir='ltr'><strong>Dcscensus</strong></span> <span class='ocrx_word' id='word_1_107' title='bbox 1553 1511 1628 1563; x_wconf 80' lang='lat' dir='ltr'><strong>ad</strong></span> <span class='ocrx_word' id='word_1_108' title='bbox 1669 1510 1911 1562; x_wconf 77' lang='lat' dir='ltr'><strong>timbum.</strong></span> 
     </span>
    </p>
   </div>
   <div class='ocr_carea' id='block_1_15' title="bbox 258 1592 1914 1667">
    <p class='ocr_par' dir='ltr' id='par_1_15' title="bbox 258 1592 1914 1667">
     <span class='ocr_line' id='line_1_15' title="bbox 258 1592 1914 1667; baseline 0.005 -24"><span class='ocrx_word' id='word_1_109' title='bbox 258 1618 307 1629; x_wconf 89' lang='lat'><strong>-—</strong></span> <span class='ocrx_word' id='word_1_110' title='bbox 356 1592 670 1661; x_wconf 83' lang='lat' dir='ltr'><strong>Baptismus</strong></span> <span class='ocrx_word' id='word_1_111' title='bbox 700 1601 758 1647; x_wconf 81' lang='lat' dir='ltr'><strong>in</strong></span> <span class='ocrx_word' id='word_1_112' title='bbox 786 1596 1024 1650; x_wconf 73' lang='lat' dir='ltr'><strong>Iordane</strong></span> <span class='ocrx_word' id='word_1_113' title='bbox 1056 1601 1147 1661; x_wconf 89' lang='lat' dir='ltr'><strong>;et</strong></span> <span class='ocrx_word' id='word_1_114' title='bbox 1177 1612 1349 1666; x_wconf 83' lang='lat' dir='ltr'><strong>super</strong></span> <span class='ocrx_word' id='word_1_115' title='bbox 1376 1606 1635 1667; x_wconf 82' lang='lat' dir='ltr'><strong>quartam</strong></span> <span class='ocrx_word' id='word_1_116' title='bbox 1661 1603 1718 1652; x_wconf 83' lang='lat' dir='ltr'><strong>et</strong></span> <span class='ocrx_word' id='word_1_117' title='bbox 1749 1597 1914 1666; x_wconf 89' lang='lat' dir='ltr'><strong>quin-</strong></span> 
     </span>
    </p>
   </div>
   <div class='ocr_carea' id='block_1_16' title="bbox 260 1680 1919 1755">
    <p class='ocr_par' dir='ltr' id='par_1_16' title="bbox 260 1680 1919 1755">
     <span class='ocr_line' id='line_1_16' title="bbox 260 1680 1919 1755; baseline 0.004 -21"><span class='ocrx_word' id='word_1_118' title='bbox 260 1682 369 1734; x_wconf 85' lang='lat' dir='ltr'><strong>tam</strong></span> <span class='ocrx_word' id='word_1_119' title='bbox 401 1680 727 1737; x_wconf 78' lang='lat' dir='ltr'><strong>columnam</strong></span> <span class='ocrx_word' id='word_1_120' title='bbox 759 1689 879 1738; x_wconf 90' lang='lat' dir='ltr'><strong>erat</strong></span> <span class='ocrx_word' id='word_1_121' title='bbox 902 1684 1226 1740; x_wconf 88' lang='lat' dir='ltr'><strong>Cruciﬁxus</strong></span> <span class='ocrx_word' id='word_1_122' title='bbox 1255 1687 1468 1754; x_wconf 89' lang='lat' dir='ltr'><strong>pariter</strong></span> <span class='ocrx_word' id='word_1_123' title='bbox 1492 1687 1758 1755; x_wconf 87' lang='lat' dir='ltr'><strong>depictus</strong></span> <span class='ocrx_word' id='word_1_124' title='bbox 1787 1700 1919 1740; x_wconf 91' lang='lat' dir='ltr'><strong>cum</strong></span> 
     </span>
    </p>
   </div>
   <div class='ocr_carea' id='block_1_17' title="bbox 256 1768 1922 1844">
    <p class='ocr_par' dir='ltr' id='par_1_17' title="bbox 256 1768 1922 1844">
     <span class='ocr_line' id='line_1_17' title="bbox 256 1768 1922 1844; baseline 0.003 -20"><span class='ocrx_word' id='word_1_125' title='bbox 256 1768 488 1826; x_wconf 88' lang='lat' dir='ltr'><strong>duobus</strong></span> <span class='ocrx_word' id='word_1_126' title='bbox 526 1772 851 1829; x_wconf 87' lang='lat' dir='ltr'><strong>latronibus</strong></span> <span class='ocrx_word' id='word_1_127' title='bbox 885 1793 901 1839; x_wconf 89' lang='lat'><strong><em>;</em></strong></span> <span class='ocrx_word' id='word_1_128' title='bbox 938 1773 1085 1829; x_wconf 89' lang='lat' dir='ltr'><strong>infra</strong></span> <span class='ocrx_word' id='word_1_129' title='bbox 1118 1789 1284 1844; x_wconf 88' lang='lat' dir='ltr'><strong>quem</strong></span> <span class='ocrx_word' id='word_1_130' title='bbox 1318 1775 1702 1831; x_wconf 87' lang='lat' dir='ltr'><strong>cernebantur</strong></span> <span class='ocrx_word' id='word_1_131' title='bbox 1731 1777 1922 1844; x_wconf 89' lang='lat' dir='ltr'><strong>capita</strong></span> 
     </span>
    </p>
   </div>
   <div class='ocr_carea' id='block_1_18' title="bbox 2024 627 3683 698">
    <p class='ocr_par' dir='ltr' id='par_1_18' title="bbox 2024 627 3683 698">
     <span class='ocr_line' id='line_1_18' title="bbox 2024 627 3683 698; baseline -0.001 -16"><span class='ocrx_word' id='word_1_132' title='bbox 2024 627 2329 697; x_wconf 87' lang='lat' dir='ltr'><strong>utriusque</strong></span> <span class='ocrx_word' id='word_1_133' title='bbox 2350 627 2520 682; x_wconf 84' lang='lat' dir='ltr'><strong>seriei</strong></span> <span class='ocrx_word' id='word_1_134' title='bbox 2547 628 3069 682; x_wconf 86' lang='lat' dir='ltr'><strong>demonstrandam.</strong></span> <span class='ocrx_word' id='word_1_135' title='bbox 3102 629 3272 683; x_wconf 87' lang='lat' dir='ltr'><strong>Plane</strong></span> <span class='ocrx_word' id='word_1_136' title='bbox 3296 628 3683 698; x_wconf 83' lang='lat' dir='ltr'><strong>intelligimus</strong></span> 
     </span>
    </p>
   </div>
   <div class='ocr_carea' id='block_1_19' title="bbox 2020 714 3678 784">
    <p class='ocr_par' dir='ltr' id='par_1_19' title="bbox 2020 714 3678 784">
     <span class='ocr_line' id='line_1_19' title="bbox 2020 714 3678 784; baseline -0.002 -14"><span class='ocrx_word' id='word_1_137' title='bbox 2020 728 2089 770; x_wconf 87' lang='lat' dir='ltr'><strong>ex</strong></span> <span class='ocrx_word' id='word_1_138' title='bbox 2113 717 2359 770; x_wconf 88' lang='lat' dir='ltr'><strong>narratis</strong></span> <span class='ocrx_word' id='word_1_139' title='bbox 2389 729 2453 769; x_wconf 92' lang='lat' dir='ltr'><strong>ac</strong></span> <span class='ocrx_word' id='word_1_140' title='bbox 2476 715 2787 784; x_wconf 88' lang='lat' dir='ltr'><strong>descriptis</strong></span> <span class='ocrx_word' id='word_1_141' title='bbox 2810 728 2842 770; x_wconf 92' lang='lat' dir='ltr'><strong>a</strong></span> <span class='ocrx_word' id='word_1_142' title='bbox 2872 716 3193 784; x_wconf 89' lang='lat' dir='ltr'><strong>Grimaldo,</strong></span> <span class='ocrx_word' id='word_1_143' title='bbox 3226 729 3291 770; x_wconf 93' lang='lat' dir='ltr'><strong>ac</strong></span> <span class='ocrx_word' id='word_1_144' title='bbox 3317 714 3628 770; x_wconf 90' lang='lat' dir='ltr'><strong>delineatis</strong></span> <span class='ocrx_word' id='word_1_145' title='bbox 3647 726 3678 767; x_wconf 90' lang='lat' dir='ltr'><strong>a</strong></span> 
     </span>
    </p>
   </div>
   <div class='ocr_carea' id='block_1_20' title="bbox 2018 800 3678 872">
    <p class='ocr_par' dir='ltr' id='par_1_20' title="bbox 2018 800 3678 872">
     <span class='ocr_line' id='line_1_20' title="bbox 2018 800 3678 872; baseline -0.002 -14"><span class='ocrx_word' id='word_1_146' title='bbox 2018 804 2338 872; x_wconf 88' lang='lat' dir='ltr'><strong>Ciampino,</strong></span> <span class='ocrx_word' id='word_1_147' title='bbox 2386 809 2663 857; x_wconf 86' lang='lat' dir='ltr'><strong>servatam</strong></span> <span class='ocrx_word' id='word_1_148' title='bbox 2698 800 2879 858; x_wconf 91' lang='lat' dir='ltr'><strong>fuisse</strong></span> <span class='ocrx_word' id='word_1_149' title='bbox 2923 804 3177 857; x_wconf 89' lang='lat' dir='ltr'><strong>eamdem</strong></span> <span class='ocrx_word' id='word_1_150' title='bbox 3207 802 3323 856; x_wconf 81' lang='lat' dir='ltr'><strong>fere</strong></span> <span class='ocrx_word' id='word_1_151' title='bbox 3350 802 3678 857; x_wconf 89' lang='lat' dir='ltr'><strong>methodum</strong></span> 
     </span>
    </p>
   </div>
   <div class='ocr_carea' id='block_1_21' title="bbox 2019 888 3681 959">
    <p class='ocr_par' dir='ltr' id='par_1_21' title="bbox 2019 888 3681 959">
     <span class='ocr_line' id='line_1_21' title="bbox 2019 888 3681 959; baseline -0.002 -13"><span class='ocrx_word' id='word_1_152' title='bbox 2019 892 2341 946; x_wconf 90' lang='lat' dir='ltr'><strong>ornamenti</strong></span> <span class='ocrx_word' id='word_1_153' title='bbox 2378 892 2540 945; x_wconf 90' lang='lat' dir='ltr'><strong>navis</strong></span> <span class='ocrx_word' id='word_1_154' title='bbox 2587 891 2863 945; x_wconf 69' lang='lat' dir='ltr'><strong>medianae</strong></span> <span class='ocrx_word' id='word_1_155' title='bbox 2908 890 2966 943; x_wconf 91' lang='lat' dir='ltr'><strong>in</strong></span> <span class='ocrx_word' id='word_1_156' title='bbox 3021 896 3265 959; x_wconf 89' lang='lat' dir='ltr'><strong>utraque</strong></span> <span class='ocrx_word' id='word_1_157' title='bbox 3314 889 3576 953; x_wconf 82' lang='lat' dir='ltr'><strong>basilica,</strong></span> <span class='ocrx_word' id='word_1_158' title='bbox 3623 888 3681 943; x_wconf 92' lang='lat' dir='ltr'><strong>in</strong></span> 
     </span>
    </p>
   </div>
   <div class='ocr_carea' id='block_1_22' title="bbox 2021 976 3684 1053">
    <p class='ocr_par' dir='ltr' id='par_1_22' title="bbox 2021 976 3684 1053">
     <span class='ocr_line' id='line_1_22' title="bbox 2021 976 3684 1053; baseline -0.003 -18"><span class='ocrx_word' id='word_1_159' title='bbox 2021 979 2311 1053; x_wconf 87' lang='lat' dir='ltr'><strong>columnis</strong></span> <span class='ocrx_word' id='word_1_160' title='bbox 2335 984 2390 1033; x_wconf 91' lang='lat' dir='ltr'><strong>et</strong></span> <span class='ocrx_word' id='word_1_161' title='bbox 2423 979 2481 1033; x_wconf 91' lang='lat' dir='ltr'><strong>in</strong></span> <span class='ocrx_word' id='word_1_162' title='bbox 2509 978 2776 1047; x_wconf 89' lang='lat' dir='ltr'><strong>picturis,</strong></span> <span class='ocrx_word' id='word_1_163' title='bbox 2805 984 2919 1032; x_wconf 89' lang='lat' dir='ltr'><strong>tam</strong></span> <span class='ocrx_word' id='word_1_164' title='bbox 2949 991 3125 1046; x_wconf 89' lang='lat' dir='ltr'><strong>supra</strong></span> <span class='ocrx_word' id='word_1_165' title='bbox 3144 990 3312 1046; x_wconf 91' lang='lat' dir='ltr'><strong>quam</strong></span> <span class='ocrx_word' id='word_1_166' title='bbox 3340 976 3492 1031; x_wconf 90' lang='lat' dir='ltr'><strong>infra</strong></span> <span class='ocrx_word' id='word_1_167' title='bbox 3512 989 3684 1031; x_wconf 89' lang='lat' dir='ltr'><strong>coro—</strong></span> 
     </span>
    </p>
   </div>
   <div class='ocr_carea' id='block_1_23' title="bbox 2023 1066 3684 1135">
    <p class='ocr_par' dir='ltr' id='par_1_23' title="bbox 2023 1066 3684 1135">
     <span class='ocr_line' id='line_1_23' title="bbox 2023 1066 3684 1135; baseline -0.002 -13"><span class='ocrx_word' id='word_1_168' title='bbox 2023 1068 2210 1123; x_wconf 89' lang='lat' dir='ltr'><strong>nidem</strong></span> <span class='ocrx_word' id='word_1_169' title='bbox 2236 1067 2649 1122; x_wconf 84' lang='lat' dir='ltr'><strong>exhibentibus</strong></span> <span class='ocrx_word' id='word_1_170' title='bbox 2678 1066 3010 1135; x_wconf 87' lang='lat' dir='ltr'><strong>pontiﬁcum</strong></span> <span class='ocrx_word' id='word_1_171' title='bbox 3036 1066 3336 1135; x_wconf 82' lang='lat' dir='ltr'><strong>imagines,</strong></span> <span class='ocrx_word' id='word_1_172' title='bbox 3371 1077 3684 1133; x_wconf 90' lang='lat' dir='ltr'><strong>eorumque</strong></span> 
     </span>
    </p>
   </div>
   <div class='ocr_carea' id='block_1_24' title="bbox 2022 1151 3678 1224">
    <p class='ocr_par' dir='ltr' id='par_1_24' title="bbox 2022 1151 3678 1224">
     <span class='ocr_line' id='line_1_24' title="bbox 2022 1151 3678 1224; baseline -0.004 -13"><span class='ocrx_word' id='word_1_173' title='bbox 2022 1156 2226 1211; x_wconf 90' lang='lat' dir='ltr'><strong>seriem</strong></span> <span class='ocrx_word' id='word_1_174' title='bbox 2250 1156 2596 1219; x_wconf 89' lang='lat' dir='ltr'><strong>ordinatam,</strong></span> <span class='ocrx_word' id='word_1_175' title='bbox 2617 1155 2840 1210; x_wconf 90' lang='lat' dir='ltr'><strong>etnotis</strong></span> <span class='ocrx_word' id='word_1_176' title='bbox 2864 1151 3678 1224; x_wconf 88' lang='lat' dir='ltr'><strong>chronologicisinsignitam:</strong></span> 
     </span>
    </p>
   </div>
   <div class='ocr_carea' id='block_1_25' title="bbox 2024 1239 3690 1313">
    <p class='ocr_par' dir='ltr' id='par_1_25' title="bbox 2024 1239 3690 1313">
     <span class='ocr_line' id='line_1_25' title="bbox 2024 1239 3690 1313; baseline -0.002 -14"><span class='ocrx_word' id='word_1_177' title='bbox 2024 1258 2123 1299; x_wconf 89' lang='lat' dir='ltr'><strong>nec</strong></span> <span class='ocrx_word' id='word_1_178' title='bbox 2153 1258 2263 1299; x_wconf 93' lang='lat' dir='ltr'><strong>non</strong></span> <span class='ocrx_word' id='word_1_179' title='bbox 2286 1245 2346 1299; x_wconf 91' lang='lat' dir='ltr'><strong>in</strong></span> <span class='ocrx_word' id='word_1_180' title='bbox 2367 1245 2592 1299; x_wconf 61' lang='lat' dir='ltr'><strong>caeteris</strong></span> <span class='ocrx_word' id='word_1_181' title='bbox 2619 1245 2887 1313; x_wconf 89' lang='lat' dir='ltr'><strong>picturis,</strong></span> <span class='ocrx_word' id='word_1_182' title='bbox 2917 1242 3189 1297; x_wconf 86' lang='lat' dir='ltr'><strong>biblicam</strong></span> <span class='ocrx_word' id='word_1_183' title='bbox 3219 1242 3524 1297; x_wconf 89' lang='lat' dir='ltr'><strong>historiam</strong></span> <span class='ocrx_word' id='word_1_184' title='bbox 3550 1239 3690 1296; x_wconf 80' lang='lat' dir='ltr'><strong>rete-</strong></span> 
     </span>
    </p>
   </div>
   <div class='ocr_carea' id='block_1_26' title="bbox 2026 1328 3683 1401">
    <p class='ocr_par' dir='ltr' id='par_1_26' title="bbox 2026 1328 3683 1401">
     <span class='ocr_line' id='line_1_26' title="bbox 2026 1328 3683 1401; baseline -0.002 -15"><span class='ocrx_word' id='word_1_185' title='bbox 2026 1331 2288 1387; x_wconf 87' lang='lat' dir='ltr'><strong>rentibus</strong></span> <span class='ocrx_word' id='word_1_186' title='bbox 2309 1347 2482 1401; x_wconf 86' lang='lat' dir='ltr'><strong>supra</strong></span> <span class='ocrx_word' id='word_1_187' title='bbox 2507 1333 2713 1387; x_wconf 91' lang='lat' dir='ltr'><strong>seriem</strong></span> <span class='ocrx_word' id='word_1_188' title='bbox 2742 1330 3074 1401; x_wconf 87' lang='lat' dir='ltr'><strong>pontiﬁcum</strong></span> <span class='ocrx_word' id='word_1_189' title='bbox 3099 1331 3470 1385; x_wconf 87' lang='lat' dir='ltr'><strong>vetusliorem</strong></span> <span class='ocrx_word' id='word_1_190' title='bbox 3503 1346 3517 1397; x_wconf 85' lang='lat'><strong>;</strong></span> <span class='ocrx_word' id='word_1_191' title='bbox 3546 1333 3602 1384; x_wconf 92' lang='lat' dir='ltr'><strong>et</strong></span> <span class='ocrx_word' id='word_1_192' title='bbox 3624 1328 3683 1383; x_wconf 91' lang='lat' dir='ltr'><strong>in</strong></span> 
     </span>
    </p>
   </div>
   <div class='ocr_carea' id='block_1_27' title="bbox 2026 1418 3688 1489">
    <p class='ocr_par' dir='ltr' id='par_1_27' title="bbox 2026 1418 3688 1489">
     <span class='ocr_line' id='line_1_27' title="bbox 2026 1418 3688 1489; baseline -0.002 -15"><span class='ocrx_word' id='word_1_193' title='bbox 2026 1418 2434 1489; x_wconf 88' lang='lat' dir='ltr'><strong>prophetarum</strong></span> <span class='ocrx_word' id='word_1_194' title='bbox 2457 1418 2834 1489; x_wconf 86' lang='lat' dir='ltr'><strong>imaginibus,</strong></span> <span class='ocrx_word' id='word_1_195' title='bbox 2859 1419 2927 1474; x_wconf 90' lang='lat' dir='ltr'><strong>ad</strong></span> <span class='ocrx_word' id='word_1_196' title='bbox 2949 1418 3262 1474; x_wconf 88' lang='lat' dir='ltr'><strong>colosseam</strong></span> <span class='ocrx_word' id='word_1_197' title='bbox 3293 1424 3572 1472; x_wconf 88' lang='lat' dir='ltr'><strong>staturam</strong></span> <span class='ocrx_word' id='word_1_198' title='bbox 3595 1429 3688 1471; x_wconf 91' lang='lat' dir='ltr'><strong>su-</strong></span> 
     </span>
    </p>
   </div>
   <div class='ocr_carea' id='block_1_28' title="bbox 2028 1502 3684 1576">
    <p class='ocr_par' dir='ltr' id='par_1_28' title="bbox 2028 1502 3684 1576">
     <span class='ocr_line' id='line_1_28' title="bbox 2028 1502 3684 1576; baseline -0.002 -14"><span class='ocrx_word' id='word_1_199' title='bbox 2028 1520 2201 1576; x_wconf 90' lang='lat' dir='ltr'><strong>perne</strong></span> <span class='ocrx_word' id='word_1_200' title='bbox 2216 1508 2489 1572; x_wconf 81' lang='lat' dir='ltr'><strong>extensis,</strong></span> <span class='ocrx_word' id='word_1_201' title='bbox 2514 1516 2567 1563; x_wconf 90' lang='lat' dir='ltr'><strong>et</strong></span> <span class='ocrx_word' id='word_1_202' title='bbox 2581 1506 2956 1563; x_wconf 88' lang='lat' dir='ltr'><strong>fenestrarum</strong></span> <span class='ocrx_word' id='word_1_203' title='bbox 2975 1506 3288 1562; x_wconf 87' lang='lat' dir='ltr'><strong>interstitia</strong></span> <span class='ocrx_word' id='word_1_204' title='bbox 3304 1504 3412 1560; x_wconf 89' lang='lat' dir='ltr'><strong>sub</strong></span> <span class='ocrx_word' id='word_1_205' title='bbox 3428 1502 3684 1574; x_wconf 90' lang='lat' dir='ltr'><strong>laqueari</strong></span> 
     </span>
    </p>
   </div>
   <div class='ocr_carea' id='block_1_29' title="bbox 2030 1590 3681 1665">
    <p class='ocr_par' dir='ltr' id='par_1_29' title="bbox 2030 1590 3681 1665">
     <span class='ocr_line' id='line_1_29' title="bbox 2030 1590 3681 1665; baseline -0.002 -17"><span class='ocrx_word' id='word_1_206' title='bbox 2030 1593 2427 1663; x_wconf 86' lang='lat' dir='ltr'><strong>implentibus,</strong></span> <span class='ocrx_word' id='word_1_207' title='bbox 2461 1595 2660 1664; x_wconf 89' lang='lat' dir='ltr'><strong>quales</strong></span> <span class='ocrx_word' id='word_1_208' title='bbox 2690 1601 3000 1665; x_wconf 89' lang='lat' dir='ltr'><strong>supersunt</strong></span> <span class='ocrx_word' id='word_1_209' title='bbox 3035 1595 3093 1649; x_wconf 93' lang='lat' dir='ltr'><strong>in</strong></span> <span class='ocrx_word' id='word_1_210' title='bbox 3126 1593 3368 1649; x_wconf 80' lang='lat' dir='ltr'><strong>basilica</strong></span> <span class='ocrx_word' id='word_1_211' title='bbox 3411 1592 3466 1647; x_wconf 92' lang='lat' dir='ltr'><strong>S.</strong></span> <span class='ocrx_word' id='word_1_212' title='bbox 3496 1590 3681 1646; x_wconf 89' lang='lat' dir='ltr'><strong>Pauli.</strong></span> 
     </span>
    </p>
   </div>
   <div class='ocr_carea' id='block_1_30' title="bbox 2100 1678 3686 1754">
    <p class='ocr_par' dir='ltr' id='par_1_30' title="bbox 2100 1678 3686 1754">
     <span class='ocr_line' id='line_1_30' title="bbox 2100 1678 3686 1754; baseline -0.001 -17"><span class='ocrx_word' id='word_1_213' title='bbox 2100 1678 2155 1737; x_wconf 83' lang='grc'><strong>7.</strong></span> <span class='ocrx_word' id='word_1_214' title='bbox 2190 1682 2383 1737; x_wconf 89' lang='lat' dir='ltr'><strong>Nostri</strong></span> <span class='ocrx_word' id='word_1_215' title='bbox 2415 1684 2741 1754; x_wconf 80' lang='lat' dir='ltr'><strong>argumenti</strong></span> <span class='ocrx_word' id='word_1_216' title='bbox 2778 1689 2864 1739; x_wconf 91' lang='lat' dir='ltr'><strong>est</strong></span> <span class='ocrx_word' id='word_1_217' title='bbox 2895 1682 3167 1753; x_wconf 87' lang='lat' dir='ltr'><strong>prosequi</strong></span> <span class='ocrx_word' id='word_1_218' title='bbox 3199 1681 3548 1753; x_wconf 88' lang='lat' dir='ltr'><strong>diligentius</strong></span> <span class='ocrx_word' id='word_1_219' title='bbox 3572 1694 3686 1736; x_wconf 91' lang='lat' dir='ltr'><strong>au-</strong></span> 
     </span>
    </p>
   </div>
   <div class='ocr_carea' id='block_1_31' title="bbox 2032 1768 3686 1841">
    <p class='ocr_par' dir='ltr' id='par_1_31' title="bbox 2032 1768 3686 1841">
     <span class='ocr_line' id='line_1_31' title="bbox 2032 1768 3686 1841; baseline -0.001 -15"><span class='ocrx_word' id='word_1_220' title='bbox 2032 1771 2357 1826; x_wconf 90' lang='lat' dir='ltr'><strong>ctoritatem</strong></span> <span class='ocrx_word' id='word_1_221' title='bbox 2390 1773 2699 1841; x_wconf 90' lang='lat' dir='ltr'><strong>utriusque</strong></span> <span class='ocrx_word' id='word_1_222' title='bbox 2729 1772 2898 1827; x_wconf 91' lang='lat' dir='ltr'><strong>seriei</strong></span> <span class='ocrx_word' id='word_1_223' title='bbox 2930 1772 3010 1826; x_wconf 92' lang='lat' dir='ltr'><strong>ita</strong></span> <span class='ocrx_word' id='word_1_224' title='bbox 3051 1770 3355 1839; x_wconf 66' lang='lat' dir='ltr'><strong>ordinatae,</strong></span> <span class='ocrx_word' id='word_1_225' title='bbox 3392 1768 3686 1826; x_wconf 88' lang='lat' dir='ltr'><strong>recentius</strong></span> 
     </span>
    </p>
   </div>
   <div class='ocr_carea' id='block_1_32' title="bbox 256 1844 3688 1931">
    <p class='ocr_par' dir='ltr' id='par_1_32' title="bbox 256 1844 3688 1931">
     <span class='ocr_line' id='line_1_32' title="bbox 256 1844 3688 1931; baseline 0 -20"><span class='ocrx_word' id='word_1_226' title='bbox 256 1858 670 1928; x_wconf 89' lang='lat' dir='ltr'><strong>antiquissima</strong></span> <span class='ocrx_word' id='word_1_227' title='bbox 696 1860 921 1931; x_wconf 88' lang='lat' dir='ltr'><strong>depicta</strong></span> <span class='ocrx_word' id='word_1_228' title='bbox 938 1863 1330 1930; x_wconf 91' lang='lat' dir='ltr'><strong>apostolorum</strong></span> <span class='ocrx_word' id='word_1_229' title='bbox 1357 1863 1609 1918; x_wconf 90' lang='lat' dir='ltr'><strong>Simonis</strong></span> <span class='ocrx_word' id='word_1_230' title='bbox 1639 1863 1871 1918; x_wconf 69' lang='lat' dir='ltr'><strong>etJuda:</strong></span> <span class='ocrx_word' id='word_1_231' title='bbox 1904 1880 1915 1916; x_wconf 95' lang='lat'>:</span> <span class='ocrx_word' id='word_1_232' title='bbox 1950 1844 2000 1903; x_wconf 74' lang='grc' dir='ltr'>Β</span> <span class='ocrx_word' id='word_1_233' title='bbox 2033 1860 2264 1931; x_wconf 79' lang='lat' dir='ltr'><strong>quidem</strong></span> <span class='ocrx_word' id='word_1_234' title='bbox 2296 1873 2393 1928; x_wconf 90' lang='lat' dir='ltr'><strong>per</strong></span> <span class='ocrx_word' id='word_1_235' title='bbox 2421 1859 2719 1915; x_wconf 89' lang='lat' dir='ltr'><strong>Nicolaum</strong></span> <span class='ocrx_word' id='word_1_236' title='bbox 2752 1860 2825 1914; x_wconf 91' lang='lat' dir='ltr'><strong>III</strong></span> <span class='ocrx_word' id='word_1_237' title='bbox 2854 1861 2912 1915; x_wconf 92' lang='lat' dir='ltr'><strong>in</strong></span> <span class='ocrx_word' id='word_1_238' title='bbox 2941 1866 3186 1929; x_wconf 88' lang='lat' dir='ltr'><strong>utraque</strong></span> <span class='ocrx_word' id='word_1_239' title='bbox 3220 1859 3483 1926; x_wconf 88' lang='lat' dir='ltr'><strong>basilica,</strong></span> <span class='ocrx_word' id='word_1_240' title='bbox 3524 1857 3688 1913; x_wconf 90' lang='lat' dir='ltr'><strong>anti-</strong></span> 
     </span>
    </p>
   </div>
   <div class='ocr_carea' id='block_1_33' title="bbox 255 1948 1919 2019">
    <p class='ocr_par' dir='ltr' id='par_1_33' title="bbox 255 1948 1919 2019">
     <span class='ocr_line' id='line_1_33' title="bbox 255 1948 1919 2019; baseline 0.004 -20"><span class='ocrx_word' id='word_1_241' title='bbox 255 1952 384 2000; x_wconf 88' lang='lat' dir='ltr'><strong>ante</strong></span> <span class='ocrx_word' id='word_1_242' title='bbox 408 1948 873 2003; x_wconf 71' lang='lat' dir='ltr'><strong>accendebantur</strong></span> <span class='ocrx_word' id='word_1_243' title='bbox 904 1948 1125 2004; x_wconf 91' lang='lat' dir='ltr'><strong>lumina</strong></span> <span class='ocrx_word' id='word_1_244' title='bbox 1158 1950 1220 2005; x_wconf 88' lang='lat' dir='ltr'><strong>in</strong></span> <span class='ocrx_word' id='word_1_245' title='bbox 1246 1949 1391 2005; x_wconf 88' lang='lat' dir='ltr'><strong>festo</strong></span> <span class='ocrx_word' id='word_1_246' title='bbox 1415 1951 1744 2006; x_wconf 90' lang='lat' dir='ltr'><strong>eorumdem</strong></span> <span class='ocrx_word' id='word_1_247' title='bbox 1776 1964 1919 2019; x_wconf 90' lang='lat' dir='ltr'><strong>apo—</strong></span> 
     </span>
    </p>
   </div>
   <div class='ocr_carea' id='block_1_34' title="bbox 254 2033 1920 2108">
    <p class='ocr_par' dir='ltr' id='par_1_34' title="bbox 254 2033 1920 2108">
     <span class='ocr_line' id='line_1_34' title="bbox 254 2033 1920 2108; baseline 0.005 -23"><span class='ocrx_word' id='word_1_248' title='bbox 254 2033 559 2089; x_wconf 77' lang='lat' dir='ltr'><strong>stolorum.</strong></span> <span class='ocrx_word' id='word_1_249' title='bbox 597 2038 658 2090; x_wconf 89' lang='lat' dir='ltr'><strong>In</strong></span> <span class='ocrx_word' id='word_1_250' title='bbox 690 2036 871 2091; x_wconf 85' lang='lat' dir='ltr'><strong>altero</strong></span> <span class='ocrx_word' id='word_1_251' title='bbox 900 2050 1032 2091; x_wconf 89' lang='lat' dir='ltr'><strong>vero</strong></span> <span class='ocrx_word' id='word_1_252' title='bbox 1066 2038 1305 2107; x_wconf 90' lang='lat' dir='ltr'><strong>pariete,</strong></span> <span class='ocrx_word' id='word_1_253' title='bbox 1337 2051 1502 2107; x_wconf 89' lang='lat' dir='ltr'><strong>quem</strong></span> <span class='ocrx_word' id='word_1_254' title='bbox 1539 2040 1755 2107; x_wconf 83' lang='lat' dir='ltr'><strong>pariter</strong></span> <span class='ocrx_word' id='word_1_255' title='bbox 1777 2052 1920 2108; x_wconf 92' lang='lat' dir='ltr'><strong>pen-</strong></span> 
     </span>
    </p>
   </div>
   <div class='ocr_carea' id='block_1_35' title="bbox 253 2121 1918 2196">
    <p class='ocr_par' dir='ltr' id='par_1_35' title="bbox 253 2121 1918 2196">
     <span class='ocr_line' id='line_1_35' title="bbox 253 2121 1918 2196; baseline 0.002 -20"><span class='ocrx_word' id='word_1_256' title='bbox 253 2121 483 2177; x_wconf 84' lang='lat' dir='ltr'><strong>dentem</strong></span> <span class='ocrx_word' id='word_1_257' title='bbox 512 2123 707 2192; x_wconf 85' lang='lat' dir='ltr'><strong>pulvis</strong></span> <span class='ocrx_word' id='word_1_258' title='bbox 727 2122 1008 2178; x_wconf 83' lang='lat' dir='ltr'><strong>offendere</strong></span> <span class='ocrx_word' id='word_1_259' title='bbox 1048 2138 1158 2180; x_wconf 88' lang='lat' dir='ltr'><strong>non</strong></span> <span class='ocrx_word' id='word_1_260' title='bbox 1195 2130 1450 2193; x_wconf 90' lang='lat' dir='ltr'><strong>poterat:</strong></span> <span class='ocrx_word' id='word_1_261' title='bbox 1496 2126 1648 2179; x_wconf 83' lang='lat' dir='ltr'><strong>Area</strong></span> <span class='ocrx_word' id='word_1_262' title='bbox 1697 2127 1918 2196; x_wconf 79' lang='lat' dir='ltr'><strong>diluvii,</strong></span> 
     </span>
    </p>
   </div>
   <div class='ocr_carea' id='block_1_36' title="bbox 253 2209 1923 2279">
    <p class='ocr_par' dir='ltr' id='par_1_36' title="bbox 253 2209 1923 2279">
     <span class='ocr_line' id='line_1_36' title="bbox 253 2209 1923 2279; baseline 0.005 -18"><span class='ocrx_word' id='word_1_263' title='bbox 253 2209 556 2263; x_wconf 77' lang='lat' dir='ltr'><strong>inundatio</strong></span> <span class='ocrx_word' id='word_1_264' title='bbox 593 2227 868 2279; x_wconf 83' lang='lat' dir='ltr'><strong>aquarum</strong></span> <span class='ocrx_word' id='word_1_265' title='bbox 916 2241 982 2251; x_wconf 93' lang='lat'><strong>—-</strong></span> <span class='ocrx_word' id='word_1_266' title='bbox 1012 2212 1110 2265; x_wconf 88' lang='lat' dir='ltr'><strong>Lot</strong></span> <span class='ocrx_word' id='word_1_267' title='bbox 1154 2213 1431 2279; x_wconf 82' lang='lat' dir='ltr'><strong>egreditur</strong></span> <span class='ocrx_word' id='word_1_268' title='bbox 1470 2215 1535 2268; x_wconf 85' lang='lat' dir='ltr'><strong>de</strong></span> <span class='ocrx_word' id='word_1_269' title='bbox 1561 2214 1825 2269; x_wconf 80' lang='lat' dir='ltr'><strong>Sodomis.</strong></span> <span class='ocrx_word' id='word_1_270' title='bbox 1852 2245 1923 2255; x_wconf 89' lang='lat'><strong><em>—</em></strong></span> 
     </span>
    </p>
   </div>
   <div class='ocr_carea' id='block_1_37' title="bbox 255 2297 1922 2358">
    <p class='ocr_par' dir='ltr' id='par_1_37' title="bbox 255 2297 1922 2358">
     <span class='ocr_line' id='line_1_37' title="bbox 255 2297 1922 2358; baseline 0.005 -9"><span class='ocrx_word' id='word_1_271' title='bbox 255 2297 546 2350; x_wconf 81' lang='lat' dir='ltr'><strong>Abraham</strong></span> <span class='ocrx_word' id='word_1_272' title='bbox 590 2305 699 2351; x_wconf 77' lang='lat' dir='ltr'><strong>tres</strong></span> <span class='ocrx_word' id='word_1_273' title='bbox 727 2300 868 2352; x_wconf 84' lang='lat' dir='ltr'><strong>vidit</strong></span> <span class='ocrx_word' id='word_1_274' title='bbox 907 2305 957 2354; x_wconf 83' lang='lat' dir='ltr'><strong>et</strong></span> <span class='ocrx_word' id='word_1_275' title='bbox 992 2316 1162 2354; x_wconf 88' lang='lat' dir='ltr'><strong>unum</strong></span> <span class='ocrx_word' id='word_1_276' title='bbox 1205 2301 1475 2356; x_wconf 79' lang='lat' dir='ltr'><strong>adoravit.</strong></span> <span class='ocrx_word' id='word_1_277' title='bbox 1510 2333 1576 2344; x_wconf 92' lang='lat'><strong><em>—</em></strong></span> <span class='ocrx_word' id='word_1_278' title='bbox 1624 2304 1922 2358; x_wconf 84' lang='lat' dir='ltr'><strong>lmmolatio</strong></span> 
     </span>
    </p>
   </div>
   <div class='ocr_carea' id='block_1_38' title="bbox 255 2386 1919 2460">
    <p class='ocr_par' dir='ltr' id='par_1_38' title="bbox 255 2386 1919 2460">
     <span class='ocr_line' id='line_1_38' title="bbox 255 2386 1919 2460; baseline 0.005 -22"><span class='ocrx_word' id='word_1_279' title='bbox 255 2386 426 2439; x_wconf 84' lang='lat' dir='ltr'><strong>Isaac.</strong></span> <span class='ocrx_word' id='word_1_280' title='bbox 463 2388 773 2454; x_wconf 76' lang='lat' dir='ltr'><strong>—Moyscs</strong></span> <span class='ocrx_word' id='word_1_281' title='bbox 812 2392 863 2441; x_wconf 82' lang='lat' dir='ltr'><strong>et</strong></span> <span class='ocrx_word' id='word_1_282' title='bbox 884 2388 1079 2442; x_wconf 82' lang='lat' dir='ltr'><strong>Aaron</strong></span> <span class='ocrx_word' id='word_1_283' title='bbox 1119 2391 1420 2458; x_wconf 84' lang='lat' dir='ltr'><strong>loquuntur</strong></span> <span class='ocrx_word' id='word_1_284' title='bbox 1447 2390 1522 2443; x_wconf 88' lang='lat' dir='ltr'><strong>ad</strong></span> <span class='ocrx_word' id='word_1_285' title='bbox 1558 2391 1919 2460; x_wconf 80' lang='lat' dir='ltr'><strong>Pharaonem,</strong></span> 
     </span>
    </p>
   </div>
   <div class='ocr_carea' id='block_1_39' title="bbox 256 2475 1921 2546">
    <p class='ocr_par' dir='ltr' id='par_1_39' title="bbox 256 2475 1921 2546">
     <span class='ocr_line' id='line_1_39' title="bbox 256 2475 1921 2546; baseline 0.004 -18"><span class='ocrx_word' id='word_1_286' title='bbox 256 2481 312 2528; x_wconf 87' lang='lat' dir='ltr'><strong>ut</strong></span> <span class='ocrx_word' id='word_1_287' title='bbox 336 2475 587 2529; x_wconf 78' lang='lat' dir='ltr'><strong>dimittat</strong></span> <span class='ocrx_word' id='word_1_288' title='bbox 604 2476 892 2543; x_wconf 83' lang='lat' dir='ltr'><strong>populum.</strong></span> <span class='ocrx_word' id='word_1_289' title='bbox 928 2508 996 2515; x_wconf 91' lang='lat'><strong>—</strong></span> <span class='ocrx_word' id='word_1_290' title='bbox 1019 2479 1231 2544; x_wconf 80' lang='lat' dir='ltr'><strong>Moyses</strong></span> <span class='ocrx_word' id='word_1_291' title='bbox 1255 2483 1305 2531; x_wconf 83' lang='lat' dir='ltr'><strong>et</strong></span> <span class='ocrx_word' id='word_1_292' title='bbox 1330 2479 1523 2531; x_wconf 85' lang='lat' dir='ltr'><strong>Aaron</strong></span> <span class='ocrx_word' id='word_1_293' title='bbox 1551 2482 1765 2546; x_wconf 62' lang='lat' dir='ltr'><strong>vizyam</strong></span> <span class='ocrx_word' id='word_1_294' title='bbox 1793 2498 1921 2535; x_wconf 75' lang='lat' dir='ltr'><strong>vcr—</strong></span> 
     </span>
    </p>
   </div>
   <div class='ocr_carea' id='block_1_40' title="bbox 260 2566 1919 2635">
    <p class='ocr_par' dir='ltr' id='par_1_40' title="bbox 260 2566 1919 2635">
     <span class='ocr_line' id='line_1_40' title="bbox 260 2566 1919 2635; baseline 0.005 -20"><span class='ocrx_word' id='word_1_295' title='bbox 260 2568 374 2616; x_wconf 79' lang='lat' dir='ltr'><strong>tunt</strong></span> <span class='ocrx_word' id='word_1_296' title='bbox 396 2566 458 2616; x_wconf 81' lang='lat' dir='ltr'><strong>in</strong></span> <span class='ocrx_word' id='word_1_297' title='bbox 484 2569 805 2631; x_wconf 71' lang='lat' dir='ltr'><strong>serpentem,</strong></span> <span class='ocrx_word' id='word_1_298' title='bbox 844 2583 869 2613; x_wconf 82' lang='lat'><strong><em>»</em></strong></span> <span class='ocrx_word' id='word_1_299' title='bbox 902 2570 1010 2619; x_wconf 91' lang='lat' dir='ltr'><strong>etc.</strong></span> <span class='ocrx_word' id='word_1_300' title='bbox 1043 2566 1318 2635; x_wconf 89' lang='lat' dir='ltr'><strong>Sequitur</strong></span> <span class='ocrx_word' id='word_1_301' title='bbox 1345 2567 1493 2622; x_wconf 87' lang='lat' dir='ltr'><strong>alias</strong></span> <span class='ocrx_word' id='word_1_302' title='bbox 1520 2569 1696 2623; x_wconf 78' lang='lat' dir='ltr'><strong>Exodi</strong></span> <span class='ocrx_word' id='word_1_303' title='bbox 1728 2568 1919 2625; x_wconf 91' lang='lat' dir='ltr'><strong>histo—</strong></span> 
     </span>
    </p>
   </div>
   <div class='ocr_carea' id='block_1_41' title="bbox 260 2651 1916 2725">
    <p class='ocr_par' dir='ltr' id='par_1_41' title="bbox 260 2651 1916 2725">
     <span class='ocr_line' id='line_1_41' title="bbox 260 2651 1916 2725; baseline 0.004 -20"><span class='ocrx_word' id='word_1_304' title='bbox 260 2651 371 2707; x_wconf 90' lang='lat' dir='ltr'><strong>rias</strong></span> <span class='ocrx_word' id='word_1_305' title='bbox 396 2666 765 2721; x_wconf 87' lang='lat' dir='ltr'><strong>enumerans,</strong></span> <span class='ocrx_word' id='word_1_306' title='bbox 799 2652 877 2707; x_wconf 91' lang='lat' dir='ltr'><strong>ibi</strong></span> <span class='ocrx_word' id='word_1_307' title='bbox 909 2654 1186 2722; x_wconf 89' lang='lat' dir='ltr'><strong>depictas,</strong></span> <span class='ocrx_word' id='word_1_308' title='bbox 1215 2654 1273 2708; x_wconf 92' lang='lat' dir='ltr'><strong>in</strong></span> <span class='ocrx_word' id='word_1_309' title='bbox 1306 2655 1420 2709; x_wconf 89' lang='lat' dir='ltr'><strong>tab.</strong></span> <span class='ocrx_word' id='word_1_310' title='bbox 1451 2655 1740 2725; x_wconf 89' lang='lat' dir='ltr'><strong>Ciampini</strong></span> <span class='ocrx_word' id='word_1_311' title='bbox 1769 2670 1826 2712; x_wconf 92' lang='lat' dir='ltr'><strong>x.</strong></span> <span class='ocrx_word' id='word_1_312' title='bbox 1859 2657 1916 2711; x_wconf 94' lang='lat' dir='ltr'><strong>in</strong></span> 
     </span>
    </p>
   </div>
   <div class='ocr_carea' id='block_1_42' title="bbox 257 2740 1917 2813">
    <p class='ocr_par' dir='ltr' id='par_1_42' title="bbox 257 2740 1917 2813">
     <span class='ocr_line' id='line_1_42' title="bbox 257 2740 1917 2813; baseline 0.004 -21"><span class='ocrx_word' id='word_1_313' title='bbox 257 2740 405 2795; x_wconf 89' lang='lat' dir='ltr'><strong>areis</strong></span> <span class='ocrx_word' id='word_1_314' title='bbox 437 2741 743 2810; x_wconf 89' lang='lat' dir='ltr'><strong>quadratis</strong></span> <span class='ocrx_word' id='word_1_315' title='bbox 764 2759 778 2801; x_wconf 82' lang='lat'><strong>:</strong></span> <span class='ocrx_word' id='word_1_316' title='bbox 803 2748 920 2795; x_wconf 91' lang='lat' dir='ltr'><strong>tum</strong></span> <span class='ocrx_word' id='word_1_317' title='bbox 950 2741 1067 2797; x_wconf 66' lang='lat' dir='ltr'><strong>haec</strong></span> <span class='ocrx_word' id='word_1_318' title='bbox 1090 2741 1292 2797; x_wconf 86' lang='lat' dir='ltr'><strong>subdit</strong></span> <span class='ocrx_word' id='word_1_319' title='bbox 1320 2743 1389 2798; x_wconf 93' lang='lat' dir='ltr'><strong>de</strong></span> <span class='ocrx_word' id='word_1_320' title='bbox 1409 2744 1559 2799; x_wconf 92' lang='lat' dir='ltr'><strong>serie</strong></span> <span class='ocrx_word' id='word_1_321' title='bbox 1581 2743 1917 2813; x_wconf 79' lang='lat' dir='ltr'><strong>pontificum</strong></span> 
     </span>
    </p>
   </div>
   <div class='ocr_carea' id='block_1_43' title="bbox 260 2828 976 2883">
    <p class='ocr_par' dir='ltr' id='par_1_43' title="bbox 260 2828 976 2883">
     <span class='ocr_line' id='line_1_43' title="bbox 260 2828 976 2883; baseline 0.004 -3"><span class='ocrx_word' id='word_1_322' title='bbox 260 2828 562 2883; x_wconf 83' lang='lat' dir='ltr'><strong>vetustiori</strong></span> <span class='ocrx_word' id='word_1_323' title='bbox 598 2828 680 2883; x_wconf 92' lang='lat' dir='ltr'><strong>ibi</strong></span> <span class='ocrx_word' id='word_1_324' title='bbox 717 2828 804 2883; x_wconf 90' lang='lat' dir='ltr'><strong>lit.</strong></span> <span class='ocrx_word' id='word_1_325' title='bbox 841 2831 880 2883; x_wconf 93' lang='grc' dir='ltr'><strong>Ι.</strong></span> <span class='ocrx_word' id='word_1_326' title='bbox 914 2830 976 2883; x_wconf 92' lang='lat' dir='ltr'><strong>L.</strong></span> 
     </span>
    </p>
   </div>
   <div class='ocr_carea' id='block_1_44' title="bbox 329 2915 1917 2989">
    <p class='ocr_par' dir='ltr' id='par_1_44' title="bbox 329 2915 1917 2989">
     <span class='ocr_line' id='line_1_44' title="bbox 329 2915 1917 2989; baseline 0.006 -22"><span class='ocrx_word' id='word_1_327' title='bbox 329 2938 353 2967; x_wconf 81' lang='grc' dir='ltr'><strong><em>α</em></strong></span> <span class='ocrx_word' id='word_1_328' title='bbox 390 2915 546 2971; x_wconf 90' lang='lat' dir='ltr'><strong>Infra</strong></span> <span class='ocrx_word' id='word_1_329' title='bbox 578 2917 681 2970; x_wconf 87' lang='lat' dir='ltr'><strong>has</strong></span> <span class='ocrx_word' id='word_1_330' title='bbox 710 2918 966 2985; x_wconf 82' lang='lat' dir='ltr'><strong>picturas</strong></span> <span class='ocrx_word' id='word_1_331' title='bbox 996 2923 1159 2975; x_wconf 90' lang='lat' dir='ltr'><strong>erant</strong></span> <span class='ocrx_word' id='word_1_332' title='bbox 1200 2920 1389 2989; x_wconf 89' lang='lat' dir='ltr'><strong>capita</strong></span> <span class='ocrx_word' id='word_1_333' title='bbox 1423 2920 1757 2988; x_wconf 82' lang='lat' dir='ltr'><strong>pontificum</strong></span> <span class='ocrx_word' id='word_1_334' title='bbox 1785 2935 1917 2977; x_wconf 90' lang='lat' dir='ltr'><strong>cum</strong></span> 
     </span>
    </p>
   </div>
   <div class='ocr_carea' id='block_1_45' title="bbox 261 3006 1921 3081">
    <p class='ocr_par' dir='ltr' id='par_1_45' title="bbox 261 3006 1921 3081">
     <span class='ocr_line' id='line_1_45' title="bbox 261 3006 1921 3081; baseline 0.004 -22"><span class='ocrx_word' id='word_1_335' title='bbox 261 3011 446 3061; x_wconf 90' lang='lat' dir='ltr'><strong>manto</strong></span> <span class='ocrx_word' id='word_1_336' title='bbox 476 3019 635 3061; x_wconf 89' lang='lat' dir='ltr'><strong>more</strong></span> <span class='ocrx_word' id='word_1_337' title='bbox 652 3006 1047 3076; x_wconf 88' lang='lat' dir='ltr'><strong>antiquorum,</strong></span> <span class='ocrx_word' id='word_1_338' title='bbox 1082 3022 1209 3063; x_wconf 91' lang='lat' dir='ltr'><strong>cum</strong></span> <span class='ocrx_word' id='word_1_339' title='bbox 1233 3008 1586 3077; x_wconf 89' lang='lat' dir='ltr'><strong>nominibus,</strong></span> <span class='ocrx_word' id='word_1_340' title='bbox 1617 3009 1773 3065; x_wconf 91' lang='lat' dir='ltr'><strong>verbi</strong></span> <span class='ocrx_word' id='word_1_341' title='bbox 1799 3024 1921 3081; x_wconf 89' lang='lat' dir='ltr'><strong>gra-</strong></span> 
     </span>
    </p>
   </div>
   <div class='ocr_carea' id='block_1_46' title="bbox 259 3093 1923 3169">
    <p class='ocr_par' dir='ltr' id='par_1_46' title="bbox 259 3093 1923 3169">
     <span class='ocr_line' id='line_1_46' title="bbox 259 3093 1923 3169; baseline 0.004 -23"><span class='ocrx_word' id='word_1_342' title='bbox 259 3093 335 3147; x_wconf 88' lang='lat' dir='ltr'><strong>tia</strong></span> <span class='ocrx_word' id='word_1_343' title='bbox 362 3112 374 3147; x_wconf 86' lang='lat'><strong>:</strong></span> <span class='ocrx_word' id='word_1_344' title='bbox 402 3094 640 3148; x_wconf 79' lang='lat' dir='ltr'><strong>Siricius</strong></span> <span class='ocrx_word' id='word_1_345' title='bbox 671 3095 813 3148; x_wconf 77' lang='lat' dir='ltr'><strong>sedit</strong></span> <span class='ocrx_word' id='word_1_346' title='bbox 841 3112 974 3149; x_wconf 86' lang='lat' dir='ltr'><strong>ann.</strong></span> <span class='ocrx_word' id='word_1_347' title='bbox 1015 3110 1109 3164; x_wconf 80' lang='lat' dir='ltr'><strong>xv,</strong></span> <span class='ocrx_word' id='word_1_348' title='bbox 1141 3112 1312 3159; x_wconf 88' lang='lat' dir='ltr'><strong>mens,</strong></span> <span class='ocrx_word' id='word_1_349' title='bbox 1346 3111 1402 3165; x_wconf 90' lang='lat' dir='ltr'><strong>v,</strong></span> <span class='ocrx_word' id='word_1_350' title='bbox 1444 3098 1499 3151; x_wconf 92' lang='lat' dir='ltr'><strong>d.</strong></span> <span class='ocrx_word' id='word_1_351' title='bbox 1538 3112 1612 3152; x_wconf 84' lang='lat' dir='ltr'><strong>xx</strong></span> <span class='ocrx_word' id='word_1_352' title='bbox 1643 3097 1923 3169; x_wconf 81' lang='lat' dir='ltr'><strong>(Anasta-</strong></span> 
     </span>
    </p>
   </div>
   <div class='ocr_carea' id='block_1_47' title="bbox 258 3152 1998 3256">
    <p class='ocr_par' dir='ltr' id='par_1_47' title="bbox 258 3152 1998 3256">
     <span class='ocr_line' id='line_1_47' title="bbox 258 3152 1998 3256; baseline 0.004 -23"><span class='ocrx_word' id='word_1_353' title='bbox 258 3184 367 3235; x_wconf 89' lang='lat' dir='ltr'><strong>sius</strong></span> <span class='ocrx_word' id='word_1_354' title='bbox 408 3183 557 3236; x_wconf 76' lang='lat' dir='ltr'><strong>sedit</strong></span> <span class='ocrx_word' id='word_1_355' title='bbox 583 3186 816 3253; x_wconf 63' lang='lat' dir='ltr'><strong>annm.)</strong></span> <span class='ocrx_word' id='word_1_356' title='bbox 845 3185 1000 3238; x_wconf 73' lang='lat' dir='ltr'><strong>Felim</strong></span> <span class='ocrx_word' id='word_1_357' title='bbox 1040 3152 1180 3238; x_wconf 77' lang='lat' dir='ltr'><strong>sedit</strong></span> <span class='ocrx_word' id='word_1_358' title='bbox 1216 3152 1349 3239; x_wconf 79' lang='lat' dir='ltr'><strong>ann.</strong></span> <span class='ocrx_word' id='word_1_359' title='bbox 1393 3152 1435 3256; x_wconf 46' lang='lat'><strong>&#39;1,</strong></span> <span class='ocrx_word' id='word_1_360' title='bbox 1466 3152 1916 3256; x_wconf 18' lang='lat' dir='ltr'><strong>mensa—(Julius</strong></span> <span class='ocrx_word' id='word_1_361' title='bbox 1950 3152 1998 3213; x_wconf 68' lang='grc' dir='ltr'><strong>Ο</strong></span> 
     </span>
    </p>
   </div>
   <div class='ocr_carea' id='block_1_48' title="bbox 259 3273 1918 3347">
    <p class='ocr_par' dir='ltr' id='par_1_48' title="bbox 259 3273 1918 3347">
     <span class='ocr_line' id='line_1_48' title="bbox 259 3273 1918 3347; baseline 0.003 -23"><span class='ocrx_word' id='word_1_362' title='bbox 259 3273 393 3326; x_wconf 80' lang='lat' dir='ltr'><strong>sedit</strong></span> <span class='ocrx_word' id='word_1_363' title='bbox 419 3289 631 3327; x_wconf 87' lang='lat' dir='ltr'><strong>ann....</strong></span> <span class='ocrx_word' id='word_1_364' title='bbox 677 3274 968 3341; x_wconf 83' lang='lat' dir='ltr'><strong>(Eusebius</strong></span> <span class='ocrx_word' id='word_1_365' title='bbox 1016 3274 1157 3328; x_wconf 79' lang='lat' dir='ltr'><strong>sedit</strong></span> <span class='ocrx_word' id='word_1_366' title='bbox 1194 3279 1421 3347; x_wconf 87' lang='lat' dir='ltr'><strong>ann....)</strong></span> <span class='ocrx_word' id='word_1_367' title='bbox 1471 3275 1725 3331; x_wconf 79' lang='lat' dir='ltr'><strong>Ormisda</strong></span> <span class='ocrx_word' id='word_1_368' title='bbox 1776 3276 1918 3330; x_wconf 83' lang='lat' dir='ltr'><strong>sedit</strong></span> 
     </span>
    </p>
   </div>
   <div class='ocr_carea' id='block_1_49' title="bbox 260 3376 514 3417">
    <p class='ocr_par' dir='ltr' id='par_1_49' title="bbox 260 3376 514 3417">
     <span class='ocr_line' id='line_1_49' title="bbox 260 3376 514 3417; baseline -0.004 -4"><span class='ocrx_word' id='word_1_369' title='bbox 260 3376 452 3417; x_wconf 83' lang='grc' dir='ltr'><strong>αηη....</strong></span> <span class='ocrx_word' id='word_1_370' title='bbox 488 3381 514 3412; x_wconf 80' lang='grc'><strong><em>»</em></strong></span> 
     </span>
    </p>
   </div>
   <div class='ocr_carea' id='block_1_50' title="bbox 323 3450 1914 3510">
    <p class='ocr_par' dir='ltr' id='par_1_50' title="bbox 323 3450 1914 3510">
     <span class='ocr_line' id='line_1_50' title="bbox 323 3450 1914 3510; baseline 0.004 -6"><span class='ocrx_word' id='word_1_371' title='bbox 323 3451 572 3505; x_wconf 88' lang='lat' dir='ltr'><strong>Tandem</strong></span> <span class='ocrx_word' id='word_1_372' title='bbox 600 3450 951 3507; x_wconf 87' lang='lat' dir='ltr'><strong>descendens</strong></span> <span class='ocrx_word' id='word_1_373' title='bbox 976 3451 1045 3508; x_wconf 90' lang='lat' dir='ltr'><strong>ad</strong></span> <span class='ocrx_word' id='word_1_374' title='bbox 1077 3450 1407 3509; x_wconf 89' lang='lat' dir='ltr'><strong>inferiorem</strong></span> <span class='ocrx_word' id='word_1_375' title='bbox 1439 3454 1645 3509; x_wconf 91' lang='lat' dir='ltr'><strong>seriem</strong></span> <span class='ocrx_word' id='word_1_376' title='bbox 1677 3467 1914 3510; x_wconf 88' lang='lat' dir='ltr'><strong>eorum-</strong></span> 
     </span>
    </p>
   </div>
   <div class='ocr_carea' id='block_1_51' title="bbox 260 3536 1912 3613">
    <p class='ocr_par' dir='ltr' id='par_1_51' title="bbox 260 3536 1912 3613">
     <span class='ocr_line' id='line_1_51' title="bbox 260 3536 1912 3613; baseline 0.004 -22"><span class='ocrx_word' id='word_1_377' title='bbox 260 3536 376 3593; x_wconf 89' lang='lat' dir='ltr'><strong>dem</strong></span> <span class='ocrx_word' id='word_1_378' title='bbox 413 3539 778 3609; x_wconf 90' lang='lat' dir='ltr'><strong>pontiﬁcum,</strong></span> <span class='ocrx_word' id='word_1_379' title='bbox 817 3542 985 3609; x_wconf 88' lang='lat' dir='ltr'><strong>jussu</strong></span> <span class='ocrx_word' id='word_1_380' title='bbox 1025 3541 1249 3597; x_wconf 89' lang='lat' dir='ltr'><strong>Nicolai</strong></span> <span class='ocrx_word' id='word_1_381' title='bbox 1290 3544 1362 3597; x_wconf 91' lang='lat' dir='ltr'><strong>IIl</strong></span> <span class='ocrx_word' id='word_1_382' title='bbox 1395 3543 1452 3598; x_wconf 91' lang='lat' dir='ltr'><strong>in</strong></span> <span class='ocrx_word' id='word_1_383' title='bbox 1487 3542 1736 3613; x_wconf 91' lang='lat' dir='ltr'><strong>zophoro</strong></span> <span class='ocrx_word' id='word_1_384' title='bbox 1766 3548 1823 3598; x_wconf 92' lang='lat' dir='ltr'><strong>et</strong></span> <span class='ocrx_word' id='word_1_385' title='bbox 1852 3543 1912 3597; x_wconf 91' lang='lat' dir='ltr'><strong>in</strong></span> 
     </span>
    </p>
   </div>
   <div class='ocr_carea' id='block_1_52' title="bbox 261 3627 1301 3697">
    <p class='ocr_par' dir='ltr' id='par_1_52' title="bbox 261 3627 1301 3697">
     <span class='ocr_line' id='line_1_52' title="bbox 261 3627 1301 3697; baseline 0.006 -18"><span class='ocrx_word' id='word_1_386' title='bbox 261 3627 544 3697; x_wconf 85' lang='lat' dir='ltr'><strong>epistyliis</strong></span> <span class='ocrx_word' id='word_1_387' title='bbox 574 3628 940 3697; x_wconf 84' lang='lat' dir='ltr'><strong>dispositam,</strong></span> <span class='ocrx_word' id='word_1_388' title='bbox 974 3632 1051 3685; x_wconf 92' lang='lat' dir='ltr'><strong>ita</strong></span> <span class='ocrx_word' id='word_1_389' title='bbox 1078 3630 1301 3685; x_wconf 89' lang='lat' dir='ltr'><strong>scribit.</strong></span> 
     </span>
    </p>
   </div>
   <div class='ocr_carea' id='block_1_53' title="bbox 329 3717 1916 3789">
    <p class='ocr_par' dir='ltr' id='par_1_53' title="bbox 329 3717 1916 3789">
     <span class='ocr_line' id='line_1_53' title="bbox 329 3717 1916 3789; baseline 0.006 -25"><span class='ocrx_word' id='word_1_390' title='bbox 329 3733 353 3764; x_wconf 74' lang='grc' dir='ltr'><strong><em>α</em></strong></span> <span class='ocrx_word' id='word_1_391' title='bbox 374 3718 431 3770; x_wconf 91' lang='lat' dir='ltr'><strong>In</strong></span> <span class='ocrx_word' id='word_1_392' title='bbox 447 3718 701 3786; x_wconf 90' lang='lat' dir='ltr'><strong>zophoro</strong></span> <span class='ocrx_word' id='word_1_393' title='bbox 725 3717 934 3772; x_wconf 89' lang='lat' dir='ltr'><strong>musivi</strong></span> <span class='ocrx_word' id='word_1_394' title='bbox 948 3719 1141 3786; x_wconf 89' lang='lat' dir='ltr'><strong>operis</strong></span> <span class='ocrx_word' id='word_1_395' title='bbox 1160 3731 1335 3787; x_wconf 89' lang='lat' dir='ltr'><strong>supra</strong></span> <span class='ocrx_word' id='word_1_396' title='bbox 1355 3718 1676 3789; x_wconf 85' lang='lat' dir='ltr'><strong>peristyliis</strong></span> <span class='ocrx_word' id='word_1_397' title='bbox 1687 3719 1916 3775; x_wconf 89' lang='lat' dir='ltr'><strong>colum—</strong></span> 
     </span>
    </p>
   </div>
   <div class='ocr_carea' id='block_1_54' title="bbox 263 3807 1922 3877">
    <p class='ocr_par' dir='ltr' id='par_1_54' title="bbox 263 3807 1922 3877">
     <span class='ocr_line' id='line_1_54' title="bbox 263 3807 1922 3877; baseline 0.004 -21"><span class='ocrx_word' id='word_1_398' title='bbox 263 3815 455 3859; x_wconf 90' lang='lat' dir='ltr'><strong>narum</strong></span> <span class='ocrx_word' id='word_1_399' title='bbox 483 3812 652 3860; x_wconf 91' lang='lat' dir='ltr'><strong>erant</strong></span> <span class='ocrx_word' id='word_1_400' title='bbox 682 3812 817 3861; x_wconf 71' lang='lat' dir='ltr'><strong>rota:</strong></span> <span class='ocrx_word' id='word_1_401' title='bbox 845 3820 973 3863; x_wconf 92' lang='lat' dir='ltr'><strong>cum</strong></span> <span class='ocrx_word' id='word_1_402' title='bbox 1010 3807 1364 3877; x_wconf 83' lang='lat' dir='ltr'><strong>imaginibus</strong></span> <span class='ocrx_word' id='word_1_403' title='bbox 1392 3822 1743 3864; x_wconf 88' lang='lat' dir='ltr'><strong>summorum</strong></span> <span class='ocrx_word' id='word_1_404' title='bbox 1769 3822 1922 3877; x_wconf 93' lang='lat' dir='ltr'><strong>pon-</strong></span> 
     </span>
    </p>
   </div>
   <div class='ocr_carea' id='block_1_55' title="bbox 266 3891 1920 3967">
    <p class='ocr_par' dir='ltr' id='par_1_55' title="bbox 266 3891 1920 3967">
     <span class='ocr_line' id='line_1_55' title="bbox 266 3891 1920 3967; baseline 0.003 -21"><span class='ocrx_word' id='word_1_405' title='bbox 266 3891 496 3961; x_wconf 89' lang='lat' dir='ltr'><strong>tiﬁcum,</strong></span> <span class='ocrx_word' id='word_1_406' title='bbox 523 3908 695 3964; x_wconf 84' lang='lat' dir='ltr'><strong>quas.</strong></span> <span class='ocrx_word' id='word_1_407' title='bbox 721 3902 784 3950; x_wconf 90' lang='lat' dir='ltr'><strong>ut</strong></span> <span class='ocrx_word' id='word_1_408' title='bbox 812 3896 1293 3966; x_wconf 87' lang='lat' dir='ltr'><strong>inquitMapheus</strong></span> <span class='ocrx_word' id='word_1_409' title='bbox 1310 3896 1579 3967; x_wconf 82' lang='lat' dir='ltr'><strong>Veggius,</strong></span> <span class='ocrx_word' id='word_1_410' title='bbox 1597 3897 1756 3966; x_wconf 89' lang='lat' dir='ltr'><strong>pingi</strong></span> <span class='ocrx_word' id='word_1_411' title='bbox 1781 3895 1920 3951; x_wconf 89' lang='lat' dir='ltr'><strong>fecit</strong></span> 
     </span>
    </p>
   </div>
   <div class='ocr_carea' id='block_1_56' title="bbox 263 3979 1917 4055">
    <p class='ocr_par' dir='ltr' id='par_1_56' title="bbox 263 3979 1917 4055">
     <span class='ocr_line' id='line_1_56' title="bbox 263 3979 1917 4055; baseline 0.003 -22"><span class='ocrx_word' id='word_1_412' title='bbox 263 3979 525 4039; x_wconf 88' lang='lat' dir='ltr'><strong>Nicolaus</strong></span> <span class='ocrx_word' id='word_1_413' title='bbox 555 3985 644 4038; x_wconf 85' lang='lat' dir='ltr'><strong>III.</strong></span> <span class='ocrx_word' id='word_1_414' title='bbox 674 3985 733 4037; x_wconf 93' lang='lat' dir='ltr'><strong>In</strong></span> <span class='ocrx_word' id='word_1_415' title='bbox 762 3984 934 4040; x_wconf 88' lang='lat' dir='ltr'><strong>latere</strong></span> <span class='ocrx_word' id='word_1_416' title='bbox 966 3986 1211 4041; x_wconf 91' lang='lat' dir='ltr'><strong>sinistro</strong></span> <span class='ocrx_word' id='word_1_417' title='bbox 1239 3985 1585 4055; x_wconf 90' lang='lat' dir='ltr'><strong>egrediendo</strong></span> <span class='ocrx_word' id='word_1_418' title='bbox 1617 3984 1917 4040; x_wconf 90' lang='lat' dir='ltr'><strong>basilicam</strong></span> 
     </span>
    </p>
   </div>
   <div class='ocr_carea' id='block_1_57' title="bbox 265 4067 1919 4142">
    <p class='ocr_par' dir='ltr' id='par_1_57' title="bbox 265 4067 1919 4142">
     <span class='ocr_line' id='line_1_57' title="bbox 265 4067 1919 4142; baseline 0.005 -22"><span class='ocrx_word' id='word_1_419' title='bbox 265 4067 411 4139; x_wconf 84' lang='lat' dir='ltr'><strong>Pius,</strong></span> <span class='ocrx_word' id='word_1_420' title='bbox 442 4072 628 4141; x_wconf 85' lang='lat' dir='ltr'><strong>Soter,</strong></span> <span class='ocrx_word' id='word_1_421' title='bbox 677 4072 1040 4135; x_wconf 86' lang='lat' dir='ltr'><strong>Eleutherus,</strong></span> <span class='ocrx_word' id='word_1_422' title='bbox 1086 4074 1301 4142; x_wconf 83' lang='lat' dir='ltr'><strong>Victor,</strong></span> <span class='ocrx_word' id='word_1_423' title='bbox 1334 4073 1702 4142; x_wconf 58' lang='lat' dir='ltr'><strong>Zetihirinus,</strong></span> <span class='ocrx_word' id='word_1_424' title='bbox 1734 4072 1919 4128; x_wconf 74' lang='lat' dir='ltr'><strong>Calli-</strong></span> 
     </span>
    </p>
   </div>
   <div class='ocr_carea' id='block_1_58' title="bbox 266 4161 1920 4229">
    <p class='ocr_par' dir='ltr' id='par_1_58' title="bbox 266 4161 1920 4229">
     <span class='ocr_line' id='line_1_58' title="bbox 266 4161 1920 4229; baseline 0.003 -18"><span class='ocrx_word' id='word_1_425' title='bbox 266 4162 400 4227; x_wconf 88' lang='lat' dir='ltr'><strong>stus,</strong></span> <span class='ocrx_word' id='word_1_426' title='bbox 434 4161 723 4225; x_wconf 88' lang='lat' dir='ltr'><strong>Urbanus,</strong></span> <span class='ocrx_word' id='word_1_427' title='bbox 750 4161 1061 4229; x_wconf 87' lang='lat' dir='ltr'><strong>Antherus,</strong></span> <span class='ocrx_word' id='word_1_428' title='bbox 1098 4163 1430 4223; x_wconf 87' lang='lat' dir='ltr'><strong>Pontianus.</strong></span> <span class='ocrx_word' id='word_1_429' title='bbox 1458 4163 1760 4229; x_wconf 86' lang='lat' dir='ltr'><strong>Favianus,</strong></span> <span class='ocrx_word' id='word_1_430' title='bbox 1790 4161 1920 4216; x_wconf 91' lang='lat' dir='ltr'><strong>Cor-</strong></span> 
     </span>
    </p>
   </div>
   <div class='ocr_carea' id='block_1_59' title="bbox 268 4245 1912 4319">
    <p class='ocr_par' dir='ltr' id='par_1_59' title="bbox 268 4245 1912 4319">
     <span class='ocr_line' id='line_1_59' title="bbox 268 4245 1912 4319; baseline 0.005 -21"><span class='ocrx_word' id='word_1_431' title='bbox 268 4245 446 4303; x_wconf 90' lang='lat' dir='ltr'><strong>nelius</strong></span> <span class='ocrx_word' id='word_1_432' title='bbox 473 4267 486 4302; x_wconf 89' lang='lat'><strong>:</strong></span> <span class='ocrx_word' id='word_1_433' title='bbox 517 4263 696 4319; x_wconf 90' lang='lat' dir='ltr'><strong>supra</strong></span> <span class='ocrx_word' id='word_1_434' title='bbox 731 4251 1030 4319; x_wconf 85' lang='lat' dir='ltr'><strong>peristvlio</strong></span> <span class='ocrx_word' id='word_1_435' title='bbox 1054 4250 1339 4306; x_wconf 66' lang='lat' dir='ltr'><strong>Africana:</strong></span> <span class='ocrx_word' id='word_1_436' title='bbox 1369 4251 1649 4306; x_wconf 68' lang='lat' dir='ltr'><strong>columnae</strong></span> <span class='ocrx_word' id='word_1_437' title='bbox 1685 4251 1912 4318; x_wconf 82' lang='lat' dir='ltr'><strong>Lucius,</strong></span> 
     </span>
    </p>
   </div>
   <div class='ocr_carea' id='block_1_60' title="bbox 264 4332 1913 4409">
    <p class='ocr_par' dir='ltr' id='par_1_60' title="bbox 264 4332 1913 4409">
     <span class='ocr_line' id='line_1_60' title="bbox 264 4332 1913 4409; baseline 0.004 -22"><span class='ocrx_word' id='word_1_438' title='bbox 264 4332 598 4403; x_wconf 86' lang='lat' dir='ltr'><strong>Stephanus,</strong></span> <span class='ocrx_word' id='word_1_439' title='bbox 646 4337 864 4406; x_wconf 85' lang='lat' dir='ltr'><strong>Sixtus,</strong></span> <span class='ocrx_word' id='word_1_440' title='bbox 908 4339 1240 4409; x_wconf 85' lang='lat' dir='ltr'><strong>Dionysius,</strong></span> <span class='ocrx_word' id='word_1_441' title='bbox 1275 4340 1455 4407; x_wconf 87' lang='lat' dir='ltr'><strong>Felix,</strong></span> <span class='ocrx_word' id='word_1_442' title='bbox 1509 4339 1913 4409; x_wconf 87' lang='lat' dir='ltr'><strong>Eutichianus,</strong></span> 
     </span>
    </p>
   </div>
   <div class='ocr_carea' id='block_1_61' title="bbox 263 4420 1917 4497">
    <p class='ocr_par' dir='ltr' id='par_1_61' title="bbox 263 4420 1917 4497">
     <span class='ocr_line' id='line_1_61' title="bbox 263 4420 1917 4497; baseline 0.004 -22"><span class='ocrx_word' id='word_1_443' title='bbox 263 4420 446 4491; x_wconf 86' lang='lat' dir='ltr'><strong>Caius,</strong></span> <span class='ocrx_word' id='word_1_444' title='bbox 474 4426 869 4482; x_wconf 86' lang='lat' dir='ltr'><strong>Marcellinus.</strong></span> <span class='ocrx_word' id='word_1_445' title='bbox 900 4427 998 4481; x_wconf 89' lang='lat' dir='ltr'><strong>Isti</strong></span> <span class='ocrx_word' id='word_1_446' title='bbox 1040 4432 1169 4482; x_wconf 89' lang='lat' dir='ltr'><strong>octo</strong></span> <span class='ocrx_word' id='word_1_447' title='bbox 1198 4428 1494 4496; x_wconf 91' lang='lat' dir='ltr'><strong>pontiﬁces</strong></span> <span class='ocrx_word' id='word_1_448' title='bbox 1523 4433 1687 4483; x_wconf 88' lang='lat' dir='ltr'><strong>erant</strong></span> <span class='ocrx_word' id='word_1_449' title='bbox 1718 4429 1777 4483; x_wconf 91' lang='lat' dir='ltr'><strong>in</strong></span> <span class='ocrx_word' id='word_1_450' title='bbox 1812 4442 1917 4497; x_wconf 90' lang='lat' dir='ltr'><strong>pa—</strong></span> 
     </span>
    </p>
   </div>
   <div class='ocr_carea' id='block_1_62' title="bbox 2032 1947 3688 2023">
    <p class='ocr_par' dir='ltr' id='par_1_62' title="bbox 2032 1947 3688 2023">
     <span class='ocr_line' id='line_1_62' title="bbox 2032 1947 3688 2023; baseline -0.002 -19"><span class='ocrx_word' id='word_1_451' title='bbox 2032 1950 2234 2019; x_wconf 89' lang='lat' dir='ltr'><strong>quitus</strong></span> <span class='ocrx_word' id='word_1_452' title='bbox 2266 1960 2395 2003; x_wconf 91' lang='lat' dir='ltr'><strong>vero</strong></span> <span class='ocrx_word' id='word_1_453' title='bbox 2428 1961 2529 2023; x_wconf 80' lang='lat' dir='ltr'><strong>per</strong></span> <span class='ocrx_word' id='word_1_454' title='bbox 2554 1949 2881 2003; x_wconf 88' lang='lat' dir='ltr'><strong>Formosum</strong></span> <span class='ocrx_word' id='word_1_455' title='bbox 2917 1948 2976 2003; x_wconf 93' lang='lat' dir='ltr'><strong>in</strong></span> <span class='ocrx_word' id='word_1_456' title='bbox 3007 1948 3299 2016; x_wconf 83' lang='lat' dir='ltr'><strong>Vaticana,</strong></span> <span class='ocrx_word' id='word_1_457' title='bbox 3327 1952 3384 2002; x_wconf 91' lang='lat' dir='ltr'><strong>et</strong></span> <span class='ocrx_word' id='word_1_458' title='bbox 3412 1960 3512 2016; x_wconf 92' lang='lat' dir='ltr'><strong>per</strong></span> <span class='ocrx_word' id='word_1_459' title='bbox 3542 1947 3688 2001; x_wconf 88' lang='lat' dir='ltr'><strong>Leo—</strong></span> 
     </span>
    </p>
   </div>
   <div class='ocr_carea' id='block_1_63' title="bbox 2034 2035 3705 2106">
    <p class='ocr_par' dir='ltr' id='par_1_63' title="bbox 2034 2035 3705 2106">
     <span class='ocr_line' id='line_1_63' title="bbox 2034 2035 3705 2106; baseline -0.002 -14"><span class='ocrx_word' id='word_1_460' title='bbox 2034 2051 2157 2092; x_wconf 91' lang='lat' dir='ltr'><strong>nem</strong></span> <span class='ocrx_word' id='word_1_461' title='bbox 2183 2037 2446 2106; x_wconf 85' lang='lat' dir='ltr'><strong>Magnum</strong></span> <span class='ocrx_word' id='word_1_462' title='bbox 2474 2036 2562 2090; x_wconf 88' lang='lat' dir='ltr'><strong>vel</strong></span> <span class='ocrx_word' id='word_1_463' title='bbox 2592 2036 2990 2104; x_wconf 83' lang='lat' dir='ltr'><strong>Symmachum</strong></span> <span class='ocrx_word' id='word_1_464' title='bbox 3018 2037 3079 2089; x_wconf 93' lang='lat' dir='ltr'><strong>in</strong></span> <span class='ocrx_word' id='word_1_465' title='bbox 3114 2035 3371 2090; x_wconf 90' lang='lat' dir='ltr'><strong>Paulina.</strong></span> <span class='ocrx_word' id='word_1_466' title='bbox 3697 2087 3705 2095; x_wconf 81' lang='grc'><em>,</em></span> 
     </span>
    </p>
   </div>
   <div class='ocr_carea' id='block_1_64' title="bbox 2102 2122 3688 2193">
    <p class='ocr_par' dir='ltr' id='par_1_64' title="bbox 2102 2122 3688 2193">
     <span class='ocr_line' id='line_1_64' title="bbox 2102 2122 3688 2193; baseline -0.001 -14"><span class='ocrx_word' id='word_1_467' title='bbox 2102 2126 2231 2180; x_wconf 88' lang='lat' dir='ltr'><strong>Uta</strong></span> <span class='ocrx_word' id='word_1_468' title='bbox 2268 2124 2436 2179; x_wconf 86' lang='lat' dir='ltr'><strong>nobis</strong></span> <span class='ocrx_word' id='word_1_469' title='bbox 2485 2125 2745 2193; x_wconf 87' lang='lat' dir='ltr'><strong>proxima</strong></span> <span class='ocrx_word' id='word_1_470' title='bbox 2795 2129 2851 2179; x_wconf 90' lang='lat' dir='ltr'><strong>et</strong></span> <span class='ocrx_word' id='word_1_471' title='bbox 2889 2138 2989 2193; x_wconf 89' lang='lat' dir='ltr'><strong>per</strong></span> <span class='ocrx_word' id='word_1_472' title='bbox 3029 2122 3331 2179; x_wconf 87' lang='lat' dir='ltr'><strong>Nicolaum</strong></span> <span class='ocrx_word' id='word_1_473' title='bbox 3375 2123 3449 2177; x_wconf 90' lang='lat' dir='ltr'><strong>III</strong></span> <span class='ocrx_word' id='word_1_474' title='bbox 3491 2125 3688 2178; x_wconf 87' lang='lat' dir='ltr'><strong>curata</strong></span> 
     </span>
    </p>
   </div>
   <div class='ocr_carea' id='block_1_65' title="bbox 2031 2211 3688 2283">
    <p class='ocr_par' dir='ltr' id='par_1_65' title="bbox 2031 2211 3688 2283">
     <span class='ocr_line' id='line_1_65' title="bbox 2031 2211 3688 2283; baseline 0 -15"><span class='ocrx_word' id='word_1_475' title='bbox 2031 2214 2421 2281; x_wconf 86' lang='lat' dir='ltr'><strong>exordiamur,</strong></span> <span class='ocrx_word' id='word_1_476' title='bbox 2469 2227 2640 2283; x_wconf 89' lang='lat' dir='ltr'><strong>quam</strong></span> <span class='ocrx_word' id='word_1_477' title='bbox 2694 2227 2890 2280; x_wconf 73' lang='lat' dir='ltr'><strong>omnes</strong></span> <span class='ocrx_word' id='word_1_478' title='bbox 2944 2211 3121 2268; x_wconf 86' lang='lat' dir='ltr'><strong>ferme</strong></span> <span class='ocrx_word' id='word_1_479' title='bbox 3162 2212 3505 2267; x_wconf 89' lang='lat' dir='ltr'><strong>recentiores</strong></span> <span class='ocrx_word' id='word_1_480' title='bbox 3563 2219 3688 2282; x_wconf 88' lang='lat' dir='ltr'><strong>post</strong></span> 
     </span>
    </p>
   </div>
   <div class='ocr_carea' id='block_1_66' title="bbox 2033 2300 3687 2371">
    <p class='ocr_par' dir='ltr' id='par_1_66' title="bbox 2033 2300 3687 2371">
     <span class='ocr_line' id='line_1_66' title="bbox 2033 2300 3687 2371; baseline -0.001 -15"><span class='ocrx_word' id='word_1_481' title='bbox 2033 2304 2383 2371; x_wconf 86' lang='lat' dir='ltr'><strong>Tempestam</strong></span> <span class='ocrx_word' id='word_1_482' title='bbox 2413 2303 2690 2371; x_wconf 87' lang='lat' dir='ltr'><strong>pictorem</strong></span> <span class='ocrx_word' id='word_1_483' title='bbox 2723 2310 2779 2357; x_wconf 90' lang='lat' dir='ltr'><strong>et</strong></span> <span class='ocrx_word' id='word_1_484' title='bbox 2808 2302 3141 2365; x_wconf 88' lang='lat' dir='ltr'><strong>incisorem,</strong></span> <span class='ocrx_word' id='word_1_485' title='bbox 3168 2301 3371 2356; x_wconf 91' lang='lat' dir='ltr'><strong>relicta</strong></span> <span class='ocrx_word' id='word_1_486' title='bbox 3397 2300 3687 2369; x_wconf 87' lang='lat' dir='ltr'><strong>superiori</strong></span> 
     </span>
    </p>
   </div>
   <div class='ocr_carea' id='block_1_67' title="bbox 2029 2389 3690 2459">
    <p class='ocr_par' dir='ltr' id='par_1_67' title="bbox 2029 2389 3690 2459">
     <span class='ocr_line' id='line_1_67' title="bbox 2029 2389 3690 2459; baseline -0.001 -14"><span class='ocrx_word' id='word_1_487' title='bbox 2029 2405 2098 2445; x_wconf 84' lang='lat' dir='ltr'><strong>ac</strong></span> <span class='ocrx_word' id='word_1_488' title='bbox 2126 2389 2452 2456; x_wconf 87' lang='lat' dir='ltr'><strong>vetustiori,</strong></span> <span class='ocrx_word' id='word_1_489' title='bbox 2488 2394 2686 2457; x_wconf 85' lang='lat' dir='ltr'><strong>utpote</strong></span> <span class='ocrx_word' id='word_1_490' title='bbox 2711 2403 2743 2444; x_wconf 90' lang='lat' dir='ltr'><strong>a</strong></span> <span class='ocrx_word' id='word_1_491' title='bbox 2773 2396 3081 2457; x_wconf 90' lang='lat' dir='ltr'><strong>conspectu</strong></span> <span class='ocrx_word' id='word_1_492' title='bbox 3113 2390 3298 2459; x_wconf 89' lang='lat' dir='ltr'><strong>magis</strong></span> <span class='ocrx_word' id='word_1_493' title='bbox 3324 2394 3558 2451; x_wconf 85' lang='lat' dir='ltr'><strong>remota.</strong></span> <span class='ocrx_word' id='word_1_494' title='bbox 3582 2402 3690 2444; x_wconf 86' lang='lat' dir='ltr'><strong>ex—</strong></span> 
     </span>
    </p>
   </div>
   <div class='ocr_carea' id='block_1_68' title="bbox 2031 2476 3691 2540">
    <p class='ocr_par' dir='ltr' id='par_1_68' title="bbox 2031 2476 3691 2540">
     <span class='ocr_line' id='line_1_68' title="bbox 2031 2476 3691 2540; baseline -0.001 -7"><span class='ocrx_word' id='word_1_495' title='bbox 2031 2478 2354 2540; x_wconf 79' lang='lat' dir='ltr'><strong>cuderunt;</strong></span> <span class='ocrx_word' id='word_1_496' title='bbox 2382 2477 2693 2533; x_wconf 91' lang='lat' dir='ltr'><strong>dolendum</strong></span> <span class='ocrx_word' id='word_1_497' title='bbox 2724 2484 2811 2532; x_wconf 89' lang='lat' dir='ltr'><strong>est</strong></span> <span class='ocrx_word' id='word_1_498' title='bbox 2840 2478 3093 2533; x_wconf 90' lang='lat' dir='ltr'><strong>artiﬁces</strong></span> <span class='ocrx_word' id='word_1_499' title='bbox 3120 2491 3153 2532; x_wconf 92' lang='lat' dir='ltr'><strong>a</strong></span> <span class='ocrx_word' id='word_1_500' title='bbox 3183 2477 3419 2533; x_wconf 82' lang='lat' dir='ltr'><strong>Nicolao</strong></span> <span class='ocrx_word' id='word_1_501' title='bbox 3449 2476 3691 2533; x_wconf 80' lang='lat' dir='ltr'><strong>adbibi-</strong></span> 
     </span>
    </p>
   </div>
   <div class='ocr_carea' id='block_1_69' title="bbox 2031 2566 3690 2637">
    <p class='ocr_par' dir='ltr' id='par_1_69' title="bbox 2031 2566 3690 2637">
     <span class='ocr_line' id='line_1_69' title="bbox 2031 2566 3690 2637; baseline 0.001 -16"><span class='ocrx_word' id='word_1_502' title='bbox 2031 2573 2139 2635; x_wconf 90' lang='lat' dir='ltr'><strong>tos,</strong></span> <span class='ocrx_word' id='word_1_503' title='bbox 2174 2566 2276 2637; x_wconf 89' lang='lat' dir='ltr'><strong>qui</strong></span> <span class='ocrx_word' id='word_1_504' title='bbox 2310 2566 2454 2621; x_wconf 90' lang='lat' dir='ltr'><strong>satis</strong></span> <span class='ocrx_word' id='word_1_505' title='bbox 2492 2572 2686 2621; x_wconf 83' lang='lat' dir='ltr'><strong>exacte</strong></span> <span class='ocrx_word' id='word_1_506' title='bbox 2719 2566 3096 2622; x_wconf 89' lang='lat' dir='ltr'><strong>reddiderunt</strong></span> <span class='ocrx_word' id='word_1_507' title='bbox 3138 2580 3406 2621; x_wconf 92' lang='lat' dir='ltr'><strong>numeros</strong></span> <span class='ocrx_word' id='word_1_508' title='bbox 3436 2566 3690 2622; x_wconf 90' lang='lat' dir='ltr'><strong>chrono-</strong></span> 
     </span>
    </p>
   </div>
   <div class='ocr_carea' id='block_1_70' title="bbox 2031 2654 3687 2724">
    <p class='ocr_par' dir='ltr' id='par_1_70' title="bbox 2031 2654 3687 2724">
     <span class='ocr_line' id='line_1_70' title="bbox 2031 2654 3687 2724; baseline -0.001 -14"><span class='ocrx_word' id='word_1_509' title='bbox 2031 2656 2249 2724; x_wconf 85' lang='lat' dir='ltr'><strong>logicos</strong></span> <span class='ocrx_word' id='word_1_510' title='bbox 2289 2655 2347 2709; x_wconf 93' lang='lat' dir='ltr'><strong>in</strong></span> <span class='ocrx_word' id='word_1_511' title='bbox 2379 2655 2528 2709; x_wconf 90' lang='lat' dir='ltr'><strong>serie</strong></span> <span class='ocrx_word' id='word_1_512' title='bbox 2554 2655 2857 2710; x_wconf 89' lang='lat' dir='ltr'><strong>vetustiori</strong></span> <span class='ocrx_word' id='word_1_513' title='bbox 2905 2668 3225 2724; x_wconf 88' lang='lat' dir='ltr'><strong>expressos,</strong></span> <span class='ocrx_word' id='word_1_514' title='bbox 3259 2656 3453 2710; x_wconf 72' lang='lat' dir='ltr'><strong>eidem</strong></span> <span class='ocrx_word' id='word_1_515' title='bbox 3486 2654 3594 2710; x_wconf 91' lang='lat' dir='ltr'><strong>ﬁde</strong></span> <span class='ocrx_word' id='word_1_516' title='bbox 3622 2669 3687 2710; x_wconf 89' lang='lat' dir='ltr'><strong>ac</strong></span> 
     </span>
    </p>
   </div>
   <div class='ocr_carea' id='block_1_71' title="bbox 2027 2742 3686 2814">
    <p class='ocr_par' dir='ltr' id='par_1_71' title="bbox 2027 2742 3686 2814">
     <span class='ocr_line' id='line_1_71' title="bbox 2027 2742 3686 2814; baseline 0 -17"><span class='ocrx_word' id='word_1_517' title='bbox 2027 2743 2336 2814; x_wconf 87' lang='lat' dir='ltr'><strong>diligentia</strong></span> <span class='ocrx_word' id='word_1_518' title='bbox 2365 2757 2473 2798; x_wconf 90' lang='lat' dir='ltr'><strong>non</strong></span> <span class='ocrx_word' id='word_1_519' title='bbox 2510 2742 2691 2798; x_wconf 91' lang='lat' dir='ltr'><strong>fuisse</strong></span> <span class='ocrx_word' id='word_1_520' title='bbox 2724 2743 2980 2799; x_wconf 90' lang='lat' dir='ltr'><strong>imitatos</strong></span> <span class='ocrx_word' id='word_1_521' title='bbox 3005 2749 3340 2799; x_wconf 87' lang='lat' dir='ltr'><strong>ornamenta</strong></span> <span class='ocrx_word' id='word_1_522' title='bbox 3369 2742 3686 2814; x_wconf 90' lang='lat' dir='ltr'><strong>imaginum</strong></span> 
     </span>
    </p>
   </div>
   <div class='ocr_carea' id='block_1_72' title="bbox 2029 2832 3684 2903">
    <p class='ocr_par' dir='ltr' id='par_1_72' title="bbox 2029 2832 3684 2903">
     <span class='ocr_line' id='line_1_72' title="bbox 2029 2832 3684 2903; baseline -0.001 -16"><span class='ocrx_word' id='word_1_523' title='bbox 2029 2846 2155 2903; x_wconf 65' lang='lat' dir='ltr'><strong>quae</strong></span> <span class='ocrx_word' id='word_1_524' title='bbox 2188 2834 2247 2887; x_wconf 92' lang='lat' dir='ltr'><strong>in</strong></span> <span class='ocrx_word' id='word_1_525' title='bbox 2274 2833 2516 2902; x_wconf 90' lang='lat' dir='ltr'><strong>antiqua</strong></span> <span class='ocrx_word' id='word_1_526' title='bbox 2549 2832 2699 2887; x_wconf 91' lang='lat' dir='ltr'><strong>serie</strong></span> <span class='ocrx_word' id='word_1_527' title='bbox 2732 2833 3067 2902; x_wconf 90' lang='lat' dir='ltr'><strong>incorrupta</strong></span> <span class='ocrx_word' id='word_1_528' title='bbox 3116 2832 3307 2887; x_wconf 89' lang='lat' dir='ltr'><strong>adhuc</strong></span> <span class='ocrx_word' id='word_1_529' title='bbox 3351 2836 3684 2901; x_wconf 88' lang='lat' dir='ltr'><strong>supersunt.</strong></span> 
     </span>
    </p>
   </div>
   <div class='ocr_carea' id='block_1_73' title="bbox 2027 2919 3686 2990">
    <p class='ocr_par' dir='ltr' id='par_1_73' title="bbox 2027 2919 3686 2990">
     <span class='ocr_line' id='line_1_73' title="bbox 2027 2919 3686 2990; baseline -0.001 -15"><span class='ocrx_word' id='word_1_530' title='bbox 2027 2920 2324 2975; x_wconf 77' lang='lat' dir='ltr'><strong>Vidissent</strong></span> <span class='ocrx_word' id='word_1_531' title='bbox 2346 2919 2596 2990; x_wconf 89' lang='lat' dir='ltr'><strong>profecto</strong></span> <span class='ocrx_word' id='word_1_532' title='bbox 2624 2934 2726 2976; x_wconf 91' lang='lat' dir='ltr'><strong>nec</strong></span> <span class='ocrx_word' id='word_1_533' title='bbox 2762 2921 2823 2975; x_wconf 92' lang='lat' dir='ltr'><strong>S.</strong></span> <span class='ocrx_word' id='word_1_534' title='bbox 2854 2920 3150 2987; x_wconf 84' lang='lat' dir='ltr'><strong>Silvestro,</strong></span> <span class='ocrx_word' id='word_1_535' title='bbox 3194 2933 3296 2975; x_wconf 92' lang='lat' dir='ltr'><strong>nec</strong></span> <span class='ocrx_word' id='word_1_536' title='bbox 3328 2919 3686 2974; x_wconf 86' lang='lat' dir='ltr'><strong>successori-</strong></span> 
     </span>
    </p>
   </div>
   <div class='ocr_carea' id='block_1_74' title="bbox 2028 3006 3689 3079">
    <p class='ocr_par' dir='ltr' id='par_1_74' title="bbox 2028 3006 3689 3079">
     <span class='ocr_line' id='line_1_74' title="bbox 2028 3006 3689 3079; baseline -0.001 -16"><span class='ocrx_word' id='word_1_537' title='bbox 2028 3008 2138 3064; x_wconf 89' lang='lat' dir='ltr'><strong>bus</strong></span> <span class='ocrx_word' id='word_1_538' title='bbox 2156 3023 2337 3079; x_wconf 90' lang='lat' dir='ltr'><strong>usque</strong></span> <span class='ocrx_word' id='word_1_539' title='bbox 2350 3010 2417 3065; x_wconf 88' lang='lat' dir='ltr'><strong>ad</strong></span> <span class='ocrx_word' id='word_1_540' title='bbox 2442 3009 2715 3065; x_wconf 71' lang='lat' dir='ltr'><strong>saeculum</strong></span> <span class='ocrx_word' id='word_1_541' title='bbox 2732 3009 2948 3064; x_wconf 81' lang='lat' dir='ltr'><strong>Christi</strong></span> <span class='ocrx_word' id='word_1_542' title='bbox 2963 3010 3249 3064; x_wconf 91' lang='lat' dir='ltr'><strong>decimum</strong></span> <span class='ocrx_word' id='word_1_543' title='bbox 3263 3012 3487 3078; x_wconf 89' lang='lat' dir='ltr'><strong>aptatas</strong></span> <span class='ocrx_word' id='word_1_544' title='bbox 3508 3006 3689 3062; x_wconf 86' lang='lat' dir='ltr'><strong>fuisse</strong></span> 
     </span>
    </p>
   </div>
   <div class='ocr_carea' id='block_1_75' title="bbox 2029 3095 3688 3166">
    <p class='ocr_par' dir='ltr' id='par_1_75' title="bbox 2029 3095 3688 3166">
     <span class='ocr_line' id='line_1_75' title="bbox 2029 3095 3688 3166; baseline -0.001 -15"><span class='ocrx_word' id='word_1_545' title='bbox 2029 3111 2062 3152; x_wconf 91' lang='lat' dir='ltr'><strong>a</strong></span> <span class='ocrx_word' id='word_1_546' title='bbox 2091 3098 2407 3166; x_wconf 88' lang='lat' dir='ltr'><strong>majoribus</strong></span> <span class='ocrx_word' id='word_1_547' title='bbox 2434 3099 2651 3153; x_wconf 89' lang='lat' dir='ltr'><strong>nostris</strong></span> <span class='ocrx_word' id='word_1_548' title='bbox 2677 3099 2857 3153; x_wconf 90' lang='lat' dir='ltr'><strong>tiaras</strong></span> <span class='ocrx_word' id='word_1_549' title='bbox 2887 3096 3018 3152; x_wconf 89' lang='lat' dir='ltr'><strong>illas</strong></span> <span class='ocrx_word' id='word_1_550' title='bbox 3051 3096 3331 3165; x_wconf 81' lang='lat' dir='ltr'><strong>ingentes,</strong></span> <span class='ocrx_word' id='word_1_551' title='bbox 3363 3096 3448 3151; x_wconf 86' lang='lat' dir='ltr'><strong>vel</strong></span> <span class='ocrx_word' id='word_1_552' title='bbox 3479 3095 3688 3157; x_wconf 87' lang='lat' dir='ltr'><strong>nudas,</strong></span> 
     </span>
    </p>
   </div>
   <div class='ocr_carea' id='block_1_76' title="bbox 2030 3182 3691 3258">
    <p class='ocr_par' dir='ltr' id='par_1_76' title="bbox 2030 3182 3691 3258">
     <span class='ocr_line' id='line_1_76' title="bbox 2030 3182 3691 3258; baseline -0.002 -19"><span class='ocrx_word' id='word_1_553' title='bbox 2030 3186 2114 3240; x_wconf 86' lang='lat' dir='ltr'><strong>vel</strong></span> <span class='ocrx_word' id='word_1_554' title='bbox 2141 3192 2444 3241; x_wconf 89' lang='lat' dir='ltr'><strong>coronatas</strong></span> <span class='ocrx_word' id='word_1_555' title='bbox 2470 3186 2595 3256; x_wconf 92' lang='lat' dir='ltr'><strong>(seu</strong></span> <span class='ocrx_word' id='word_1_556' title='bbox 2636 3187 2941 3258; x_wconf 91' lang='lat' dir='ltr'><strong>pingerent</strong></span> <span class='ocrx_word' id='word_1_557' title='bbox 2968 3185 3283 3255; x_wconf 91' lang='lat' dir='ltr'><strong>coloribus,</strong></span> <span class='ocrx_word' id='word_1_558' title='bbox 3312 3198 3414 3240; x_wconf 89' lang='lat' dir='ltr'><strong>seu</strong></span> <span class='ocrx_word' id='word_1_559' title='bbox 3448 3182 3691 3240; x_wconf 91' lang='lat' dir='ltr'><strong>musivis</strong></span> 
     </span>
    </p>
   </div>
   <div class='ocr_carea' id='block_1_77' title="bbox 2027 3270 3690 3347">
    <p class='ocr_par' dir='ltr' id='par_1_77' title="bbox 2027 3270 3690 3347">
     <span class='ocr_line' id='line_1_77' title="bbox 2027 3270 3690 3347; baseline -0.002 -18"><span class='ocrx_word' id='word_1_560' title='bbox 2027 3275 2311 3331; x_wconf 88' lang='lat' dir='ltr'><strong>crustulis</strong></span> <span class='ocrx_word' id='word_1_561' title='bbox 2335 3281 2820 3347; x_wconf 90' lang='lat' dir='ltr'><strong>coagmentarent,</strong></span> <span class='ocrx_word' id='word_1_562' title='bbox 2863 3276 2983 3331; x_wconf 88' lang='lat' dir='ltr'><strong>sive</strong></span> <span class='ocrx_word' id='word_1_563' title='bbox 3007 3276 3181 3330; x_wconf 93' lang='lat' dir='ltr'><strong>etiam</strong></span> <span class='ocrx_word' id='word_1_564' title='bbox 3216 3275 3272 3329; x_wconf 92' lang='lat' dir='ltr'><strong>in</strong></span> <span class='ocrx_word' id='word_1_565' title='bbox 3311 3270 3690 3329; x_wconf 84' lang='lat' dir='ltr'><strong>numismati—</strong></span> 
     </span>
    </p>
   </div>
   <div class='ocr_carea' id='block_1_78' title="bbox 2026 3361 3690 3435">
    <p class='ocr_par' dir='ltr' id='par_1_78' title="bbox 2026 3361 3690 3435">
     <span class='ocr_line' id='line_1_78' title="bbox 2026 3361 3690 3435; baseline -0.002 -16"><span class='ocrx_word' id='word_1_566' title='bbox 2026 3364 2134 3420; x_wconf 90' lang='lat' dir='ltr'><strong>bus</strong></span> <span class='ocrx_word' id='word_1_567' title='bbox 2154 3364 2638 3421; x_wconf 83' lang='lat' dir='ltr'><strong>cuderentvultus</strong></span> <span class='ocrx_word' id='word_1_568' title='bbox 2663 3365 3047 3435; x_wconf 90' lang='lat' dir='ltr'><strong>pontiﬁcum),</strong></span> <span class='ocrx_word' id='word_1_569' title='bbox 3072 3378 3215 3435; x_wconf 91' lang='lat' dir='ltr'><strong>quas</strong></span> <span class='ocrx_word' id='word_1_570' title='bbox 3242 3361 3351 3432; x_wconf 89' lang='lat' dir='ltr'><strong>ipsi</strong></span> <span class='ocrx_word' id='word_1_571' title='bbox 3379 3376 3484 3418; x_wconf 90' lang='lat' dir='ltr'><strong>suo</strong></span> <span class='ocrx_word' id='word_1_572' title='bbox 3511 3368 3690 3417; x_wconf 89' lang='lat' dir='ltr'><strong>marte</strong></span> 
     </span>
    </p>
   </div>
   <div class='ocr_carea' id='block_1_79' title="bbox 2025 3451 3693 3523">
    <p class='ocr_par' dir='ltr' id='par_1_79' title="bbox 2025 3451 3693 3523">
     <span class='ocr_line' id='line_1_79' title="bbox 2025 3451 3693 3523; baseline -0.001 -15"><span class='ocrx_word' id='word_1_573' title='bbox 2025 3453 2437 3523; x_wconf 89' lang='lat' dir='ltr'><strong>procudebant,</strong></span> <span class='ocrx_word' id='word_1_574' title='bbox 2463 3461 2517 3509; x_wconf 92' lang='lat' dir='ltr'><strong>et</strong></span> <span class='ocrx_word' id='word_1_575' title='bbox 2538 3461 2737 3509; x_wconf 89' lang='lat' dir='ltr'><strong>contra</strong></span> <span class='ocrx_word' id='word_1_576' title='bbox 2767 3454 2933 3509; x_wconf 90' lang='lat' dir='ltr'><strong>ﬁdem</strong></span> <span class='ocrx_word' id='word_1_577' title='bbox 2964 3454 3320 3522; x_wconf 86' lang='lat' dir='ltr'><strong>picturarum</strong></span> <span class='ocrx_word' id='word_1_578' title='bbox 3349 3458 3405 3506; x_wconf 90' lang='lat' dir='ltr'><strong>et</strong></span> <span class='ocrx_word' id='word_1_579' title='bbox 3428 3451 3693 3507; x_wconf 87' lang='lat' dir='ltr'><strong>musivo—</strong></span> 
     </span>
    </p>
   </div>
   <div class='ocr_carea' id='block_1_80' title="bbox 2025 3537 3694 3611">
    <p class='ocr_par' dir='ltr' id='par_1_80' title="bbox 2025 3537 3694 3611">
     <span class='ocr_line' id='line_1_80' title="bbox 2025 3537 3694 3611; baseline -0.002 -15"><span class='ocrx_word' id='word_1_580' title='bbox 2025 3557 2150 3597; x_wconf 91' lang='lat' dir='ltr'><strong>rum</strong></span> <span class='ocrx_word' id='word_1_581' title='bbox 2179 3542 2350 3597; x_wconf 90' lang='lat' dir='ltr'><strong>Urbis</strong></span> <span class='ocrx_word' id='word_1_582' title='bbox 2374 3542 2564 3597; x_wconf 87' lang='lat' dir='ltr'><strong>adhuc</strong></span> <span class='ocrx_word' id='word_1_583' title='bbox 2585 3542 2966 3611; x_wconf 89' lang='lat' dir='ltr'><strong>superstitum</strong></span> <span class='ocrx_word' id='word_1_584' title='bbox 3005 3540 3309 3609; x_wconf 86' lang='lat' dir='ltr'><strong>addebant,</strong></span> <span class='ocrx_word' id='word_1_585' title='bbox 3353 3537 3694 3594; x_wconf 81' lang='lat' dir='ltr'><strong>transferen-</strong></span> 
     </span>
    </p>
   </div>
   <div class='ocr_carea' id='block_1_81' title="bbox 2026 3626 3690 3698">
    <p class='ocr_par' dir='ltr' id='par_1_81' title="bbox 2026 3626 3690 3698">
     <span class='ocr_line' id='line_1_81' title="bbox 2026 3626 3690 3698; baseline -0.002 -12"><span class='ocrx_word' id='word_1_586' title='bbox 2026 3636 2111 3686; x_wconf 90' lang='lat' dir='ltr'><strong>tes</strong></span> <span class='ocrx_word' id='word_1_587' title='bbox 2152 3645 2321 3686; x_wconf 91' lang='lat' dir='ltr'><strong>usum</strong></span> <span class='ocrx_word' id='word_1_588' title='bbox 2353 3631 2542 3685; x_wconf 69' lang='lat' dir='ltr'><strong>aetatis</strong></span> <span class='ocrx_word' id='word_1_589' title='bbox 2572 3645 2711 3695; x_wconf 63' lang='lat' dir='ltr'><strong>sua),</strong></span> <span class='ocrx_word' id='word_1_590' title='bbox 2763 3628 3115 3698; x_wconf 89' lang='lat' dir='ltr'><strong>octingentis</strong></span> <span class='ocrx_word' id='word_1_591' title='bbox 3143 3627 3315 3682; x_wconf 82' lang='lat' dir='ltr'><strong>annis</strong></span> <span class='ocrx_word' id='word_1_592' title='bbox 3340 3640 3372 3681; x_wconf 89' lang='lat' dir='ltr'><strong>a</strong></span> <span class='ocrx_word' id='word_1_593' title='bbox 3403 3626 3690 3683; x_wconf 90' lang='lat' dir='ltr'><strong>Leoniano</strong></span> 
     </span>
    </p>
   </div>
   <div class='ocr_carea' id='block_1_82' title="bbox 2027 3713 3681 3786">
    <p class='ocr_par' dir='ltr' id='par_1_82' title="bbox 2027 3713 3681 3786">
     <span class='ocr_line' id='line_1_82' title="bbox 2027 3713 3681 3786; baseline -0.002 -14"><span class='ocrx_word' id='word_1_594' title='bbox 2027 3718 2241 3773; x_wconf 59' lang='lat' dir='ltr'><strong>saeculo</strong></span> <span class='ocrx_word' id='word_1_595' title='bbox 2267 3717 2515 3785; x_wconf 82' lang='lat' dir='ltr'><strong>dissitae,</strong></span> <span class='ocrx_word' id='word_1_596' title='bbox 2541 3723 2596 3771; x_wconf 91' lang='lat' dir='ltr'><strong>et</strong></span> <span class='ocrx_word' id='word_1_597' title='bbox 2629 3718 2759 3786; x_wconf 67' lang='lat' dir='ltr'><strong>pius</strong></span> <span class='ocrx_word' id='word_1_598' title='bbox 2801 3729 2971 3783; x_wconf 83' lang='lat' dir='ltr'><strong>quam</strong></span> <span class='ocrx_word' id='word_1_599' title='bbox 3002 3714 3306 3784; x_wconf 89' lang='lat' dir='ltr'><strong>nongentis</strong></span> <span class='ocrx_word' id='word_1_600' title='bbox 3330 3713 3401 3767; x_wconf 90' lang='lat' dir='ltr'><strong>ab</strong></span> <span class='ocrx_word' id='word_1_601' title='bbox 3432 3719 3597 3769; x_wconf 61' lang='lat' dir='ltr'><strong>aetate</strong></span> <span class='ocrx_word' id='word_1_602' title='bbox 3620 3714 3681 3769; x_wconf 93' lang='lat' dir='ltr'><strong>S.</strong></span> 
     </span>
    </p>
   </div>
   <div class='ocr_carea' id='block_1_83' title="bbox 2026 3798 3694 3872">
    <p class='ocr_par' dir='ltr' id='par_1_83' title="bbox 2026 3798 3694 3872">
     <span class='ocr_line' id='line_1_83' title="bbox 2026 3798 3694 3872; baseline -0.002 -11"><span class='ocrx_word' id='word_1_603' title='bbox 2026 3805 2314 3869; x_wconf 85' lang='lat' dir='ltr'><strong>Silvestri,</strong></span> <span class='ocrx_word' id='word_1_604' title='bbox 2343 3805 2411 3858; x_wconf 90' lang='lat' dir='ltr'><strong>ad</strong></span> <span class='ocrx_word' id='word_1_605' title='bbox 2435 3816 2499 3859; x_wconf 89' lang='lat' dir='ltr'><strong>ea</strong></span> <span class='ocrx_word' id='word_1_606' title='bbox 2528 3810 2785 3872; x_wconf 90' lang='lat' dir='ltr'><strong>tempora</strong></span> <span class='ocrx_word' id='word_1_607' title='bbox 2816 3802 3135 3869; x_wconf 86' lang='lat' dir='ltr'><strong>superiora.</strong></span> <span class='ocrx_word' id='word_1_608' title='bbox 3161 3802 3357 3856; x_wconf 90' lang='lat' dir='ltr'><strong>Satius</strong></span> <span class='ocrx_word' id='word_1_609' title='bbox 3382 3798 3589 3857; x_wconf 86' lang='lat' dir='ltr'><strong>fuisset</strong></span> <span class='ocrx_word' id='word_1_610' title='bbox 3611 3803 3694 3858; x_wconf 89' lang='lat' dir='ltr'><strong>in-</strong></span> 
     </span>
    </p>
   </div>
   <div class='ocr_carea' id='block_1_84' title="bbox 2030 3889 3690 3964">
    <p class='ocr_par' dir='ltr' id='par_1_84' title="bbox 2030 3889 3690 3964">
     <span class='ocr_line' id='line_1_84' title="bbox 2030 3889 3690 3964; baseline -0.002 -15"><span class='ocrx_word' id='word_1_611' title='bbox 2030 3894 2252 3964; x_wconf 90' lang='lat' dir='ltr'><strong>spicere</strong></span> <span class='ocrx_word' id='word_1_612' title='bbox 2278 3893 2584 3962; x_wconf 88' lang='lat' dir='ltr'><strong>imaginem</strong></span> <span class='ocrx_word' id='word_1_613' title='bbox 2616 3890 2855 3945; x_wconf 86' lang='lat' dir='ltr'><strong>Honorii</strong></span> <span class='ocrx_word' id='word_1_614' title='bbox 2884 3892 2926 3957; x_wconf 84' lang='grc' dir='ltr'>Ι,</span> <span class='ocrx_word' id='word_1_615' title='bbox 2976 3889 3231 3958; x_wconf 90' lang='lat' dir='ltr'><strong>ejusdem</strong></span> <span class='ocrx_word' id='word_1_616' title='bbox 3257 3894 3420 3945; x_wconf 80' lang='lat' dir='ltr'><strong>aetate</strong></span> <span class='ocrx_word' id='word_1_617' title='bbox 3446 3890 3690 3960; x_wconf 90' lang='lat' dir='ltr'><strong>positam</strong></span> 
     </span>
    </p>
   </div>
   <div class='ocr_carea' id='block_1_85' title="bbox 2032 3979 3693 4050">
    <p class='ocr_par' dir='ltr' id='par_1_85' title="bbox 2032 3979 3693 4050">
     <span class='ocr_line' id='line_1_85' title="bbox 2032 3979 3693 4050; baseline -0.002 -13"><span class='ocrx_word' id='word_1_618' title='bbox 2032 3983 2092 4037; x_wconf 93' lang='lat' dir='ltr'><strong>in</strong></span> <span class='ocrx_word' id='word_1_619' title='bbox 2122 3982 2350 4037; x_wconf 90' lang='lat' dir='ltr'><strong>musivo</strong></span> <span class='ocrx_word' id='word_1_620' title='bbox 2369 3980 2591 4035; x_wconf 89' lang='lat' dir='ltr'><strong>absidis</strong></span> <span class='ocrx_word' id='word_1_621' title='bbox 2611 3980 2666 4035; x_wconf 92' lang='lat' dir='ltr'><strong>S.</strong></span> <span class='ocrx_word' id='word_1_622' title='bbox 2694 3979 3103 4050; x_wconf 83' lang='lat' dir='ltr'><strong>Agnetisextra</strong></span> <span class='ocrx_word' id='word_1_623' title='bbox 3125 3980 3338 4047; x_wconf 89' lang='lat' dir='ltr'><strong>Muros,</strong></span> <span class='ocrx_word' id='word_1_624' title='bbox 3362 3985 3463 4035; x_wconf 85' lang='lat' dir='ltr'><strong>aut</strong></span> <span class='ocrx_word' id='word_1_625' title='bbox 3487 3979 3693 4034; x_wconf 89' lang='lat' dir='ltr'><strong>Leonis</strong></span> 
     </span>
    </p>
   </div>
   <div class='ocr_carea' id='block_1_86' title="bbox 2030 4068 3692 4138">
    <p class='ocr_par' dir='ltr' id='par_1_86' title="bbox 2030 4068 3692 4138">
     <span class='ocr_line' id='line_1_86' title="bbox 2030 4068 3692 4138; baseline -0.002 -12"><span class='ocrx_word' id='word_1_626' title='bbox 2030 4071 2188 4127; x_wconf 88' lang='lat' dir='ltr'><strong>tertii</strong></span> <span class='ocrx_word' id='word_1_627' title='bbox 2214 4072 2271 4126; x_wconf 91' lang='lat' dir='ltr'><strong>in</strong></span> <span class='ocrx_word' id='word_1_628' title='bbox 2305 4068 2567 4125; x_wconf 90' lang='lat' dir='ltr'><strong>triclinio</strong></span> <span class='ocrx_word' id='word_1_629' title='bbox 2606 4069 2891 4125; x_wconf 91' lang='lat' dir='ltr'><strong>Leoniano</strong></span> <span class='ocrx_word' id='word_1_630' title='bbox 2918 4069 2985 4123; x_wconf 92' lang='lat' dir='ltr'><strong>ad</strong></span> <span class='ocrx_word' id='word_1_631' title='bbox 3023 4070 3397 4124; x_wconf 89' lang='lat' dir='ltr'><strong>Lateranense</strong></span> <span class='ocrx_word' id='word_1_632' title='bbox 3439 4069 3692 4138; x_wconf 87' lang='lat' dir='ltr'><strong>patriar-</strong></span> 
     </span>
    </p>
   </div>
   <div class='ocr_carea' id='block_1_87' title="bbox 2029 4156 3689 4229">
    <p class='ocr_par' dir='ltr' id='par_1_87' title="bbox 2029 4156 3689 4229">
     <span class='ocr_line' id='line_1_87' title="bbox 2029 4156 3689 4229; baseline -0.002 -14"><span class='ocrx_word' id='word_1_633' title='bbox 2029 4160 2251 4228; x_wconf 90' lang='lat' dir='ltr'><strong>chium,</strong></span> <span class='ocrx_word' id='word_1_634' title='bbox 2284 4164 2386 4215; x_wconf 89' lang='lat' dir='ltr'><strong>aut</strong></span> <span class='ocrx_word' id='word_1_635' title='bbox 2417 4157 2712 4213; x_wconf 87' lang='lat' dir='ltr'><strong>Paschalis</strong></span> <span class='ocrx_word' id='word_1_636' title='bbox 2765 4158 2957 4229; x_wconf 81' lang='lat' dir='ltr'><strong>primi,</strong></span> <span class='ocrx_word' id='word_1_637' title='bbox 2994 4157 3216 4226; x_wconf 88' lang='lat' dir='ltr'><strong>triplici</strong></span> <span class='ocrx_word' id='word_1_638' title='bbox 3254 4157 3310 4211; x_wconf 91' lang='lat' dir='ltr'><strong>in</strong></span> <span class='ocrx_word' id='word_1_639' title='bbox 3356 4157 3473 4212; x_wconf 75' lang='lat' dir='ltr'><strong>aede</strong></span> <span class='ocrx_word' id='word_1_640' title='bbox 3520 4156 3689 4211; x_wconf 87' lang='lat' dir='ltr'><strong>Sacra</strong></span> 
     </span>
    </p>
   </div>
   <div class='ocr_carea' id='block_1_88' title="bbox 2031 4243 3693 4317">
    <p class='ocr_par' dir='ltr' id='par_1_88' title="bbox 2031 4243 3693 4317">
     <span class='ocr_line' id='line_1_88' title="bbox 2031 4243 3693 4317; baseline -0.004 -14"><span class='ocrx_word' id='word_1_641' title='bbox 2031 4248 2255 4304; x_wconf 89' lang='lat' dir='ltr'><strong>musivo</strong></span> <span class='ocrx_word' id='word_1_642' title='bbox 2288 4261 2457 4317; x_wconf 87' lang='lat' dir='ltr'><strong>opere</strong></span> <span class='ocrx_word' id='word_1_643' title='bbox 2495 4246 2565 4302; x_wconf 90' lang='lat' dir='ltr'><strong>ab</strong></span> <span class='ocrx_word' id='word_1_644' title='bbox 2596 4248 2721 4316; x_wconf 91' lang='lat' dir='ltr'><strong>ipso</strong></span> <span class='ocrx_word' id='word_1_645' title='bbox 2761 4258 3109 4315; x_wconf 88' lang='lat' dir='ltr'><strong>expressam,</strong></span> <span class='ocrx_word' id='word_1_646' title='bbox 3150 4244 3378 4300; x_wconf 87' lang='lat' dir='ltr'><strong>scilicet</strong></span> <span class='ocrx_word' id='word_1_647' title='bbox 3410 4245 3469 4299; x_wconf 92' lang='lat' dir='ltr'><strong>in</strong></span> <span class='ocrx_word' id='word_1_648' title='bbox 3497 4243 3693 4299; x_wconf 89' lang='lat' dir='ltr'><strong>titulis</strong></span> 
     </span>
    </p>
   </div>
   <div class='ocr_carea' id='block_1_89' title="bbox 2026 4331 3692 4405">
    <p class='ocr_par' dir='ltr' id='par_1_89' title="bbox 2026 4331 3692 4405">
     <span class='ocr_line' id='line_1_89' title="bbox 2026 4331 3692 4405; baseline -0.003 -13"><span class='ocrx_word' id='word_1_649' title='bbox 2026 4338 2081 4392; x_wconf 87' lang='lat' dir='ltr'><strong>S.</strong></span> <span class='ocrx_word' id='word_1_650' title='bbox 2120 4337 2409 4405; x_wconf 83' lang='lat' dir='ltr'><strong>Praxedis,</strong></span> <span class='ocrx_word' id='word_1_651' title='bbox 2438 4350 2502 4391; x_wconf 92' lang='lat' dir='ltr'><strong>ac</strong></span> <span class='ocrx_word' id='word_1_652' title='bbox 2529 4336 2583 4402; x_wconf 89' lang='lat' dir='ltr'><strong>S,</strong></span> <span class='ocrx_word' id='word_1_653' title='bbox 2625 4334 2896 4402; x_wconf 70' lang='lat' dir='ltr'><strong>Cmcilize,</strong></span> <span class='ocrx_word' id='word_1_654' title='bbox 2951 4337 3006 4388; x_wconf 92' lang='lat' dir='ltr'><strong>et</strong></span> <span class='ocrx_word' id='word_1_655' title='bbox 3034 4335 3092 4388; x_wconf 93' lang='lat' dir='ltr'><strong>in</strong></span> <span class='ocrx_word' id='word_1_656' title='bbox 3131 4332 3395 4388; x_wconf 89' lang='lat' dir='ltr'><strong>diaconia</strong></span> <span class='ocrx_word' id='word_1_657' title='bbox 3417 4331 3471 4387; x_wconf 93' lang='lat' dir='ltr'><strong>S.</strong></span> <span class='ocrx_word' id='word_1_658' title='bbox 3499 4332 3692 4387; x_wconf 72' lang='lat' dir='ltr'><strong>Maria:</strong></span> 
     </span>
    </p>
   </div>
   <div class='ocr_carea' id='block_1_90' title="bbox 2030 4419 3695 4493">
    <p class='ocr_par' dir='ltr' id='par_1_90' title="bbox 2030 4419 3695 4493">
     <span class='ocr_line' id='line_1_90' title="bbox 2030 4419 3695 4493; baseline -0.005 -13"><span class='ocrx_word' id='word_1_659' title='bbox 2030 4427 2090 4480; x_wconf 93' lang='lat' dir='ltr'><strong>in</strong></span> <span class='ocrx_word' id='word_1_660' title='bbox 2120 4426 2414 4489; x_wconf 88' lang='lat' dir='ltr'><strong>Domnica,</strong></span> <span class='ocrx_word' id='word_1_661' title='bbox 2445 4424 2699 4493; x_wconf 86' lang='lat' dir='ltr'><strong>aliisque</strong></span> <span class='ocrx_word' id='word_1_662' title='bbox 2725 4421 2999 4491; x_wconf 89' lang='lat' dir='ltr'><strong>operibus</strong></span> <span class='ocrx_word' id='word_1_663' title='bbox 3024 4421 3254 4477; x_wconf 89' lang='lat' dir='ltr'><strong>excusis</strong></span> <span class='ocrx_word' id='word_1_664' title='bbox 3277 4419 3428 4490; x_wconf 89' lang='lat' dir='ltr'><strong>apud</strong></span> <span class='ocrx_word' id='word_1_665' title='bbox 3449 4419 3695 4488; x_wconf 82' lang='lat' dir='ltr'><strong>Ciampi-</strong></span> 
     </span>
    </p>
   </div>
   <div class='ocr_carea' id='block_1_91' title="bbox 268 4508 3692 4592">
    <p class='ocr_par' dir='ltr' id='par_1_91' title="bbox 268 4508 3692 4592">
     <span class='ocr_line' id='line_1_91' title="bbox 268 4508 3692 4592; baseline 0 -30"><span class='ocrx_word' id='word_1_666' title='bbox 268 4508 399 4565; x_wconf 85' lang='lat' dir='ltr'><strong>riete</strong></span> <span class='ocrx_word' id='word_1_667' title='bbox 424 4511 640 4569; x_wconf 89' lang='lat' dir='ltr'><strong>frontis</strong></span> <span class='ocrx_word' id='word_1_668' title='bbox 666 4513 885 4583; x_wconf 90' lang='lat' dir='ltr'><strong>templi.</strong></span> <span class='ocrx_word' id='word_1_669' title='bbox 914 4516 1219 4570; x_wconf 86' lang='lat' dir='ltr'><strong>Marcellus</strong></span> <span class='ocrx_word' id='word_1_670' title='bbox 1244 4530 1418 4585; x_wconf 90' lang='lat' dir='ltr'><strong>super</strong></span> <span class='ocrx_word' id='word_1_671' title='bbox 1440 4517 1620 4572; x_wconf 92' lang='lat' dir='ltr'><strong>altera</strong></span> <span class='ocrx_word' id='word_1_672' title='bbox 1650 4515 1917 4572; x_wconf 92' lang='lat' dir='ltr'><strong>columna</strong></span> <span class='ocrx_word' id='word_1_673' title='bbox 1950 4532 2004 4592; x_wconf 84' lang='lat' dir='ltr'><strong>D</strong></span> <span class='ocrx_word' id='word_1_674' title='bbox 2032 4528 2187 4570; x_wconf 92' lang='lat' dir='ltr'><strong>num.</strong></span> <span class='ocrx_word' id='word_1_675' title='bbox 2221 4514 2516 4569; x_wconf 81' lang='lat' dir='ltr'><strong>Vidissent</strong></span> <span class='ocrx_word' id='word_1_676' title='bbox 2544 4521 2662 4569; x_wconf 88' lang='lat' dir='ltr'><strong>tum</strong></span> <span class='ocrx_word' id='word_1_677' title='bbox 2704 4512 3032 4567; x_wconf 90' lang='lat' dir='ltr'><strong>decessores</strong></span> <span class='ocrx_word' id='word_1_678' title='bbox 3070 4510 3354 4579; x_wconf 88' lang='lat' dir='ltr'><strong>Silvestri,</strong></span> <span class='ocrx_word' id='word_1_679' title='bbox 3385 4515 3506 4565; x_wconf 90' lang='lat' dir='ltr'><strong>tum</strong></span> <span class='ocrx_word' id='word_1_680' title='bbox 3551 4522 3692 4564; x_wconf 91' lang='lat' dir='ltr'><strong>suc—</strong></span> 
     </span>
    </p>
   </div>
   <div class='ocr_carea' id='block_1_92' title="bbox 268 4596 1921 4672">
    <p class='ocr_par' dir='ltr' id='par_1_92' title="bbox 268 4596 1921 4672">
     <span class='ocr_line' id='line_1_92' title="bbox 268 4596 1921 4672; baseline 0.006 -22"><span class='ocrx_word' id='word_1_681' title='bbox 268 4596 543 4671; x_wconf 81' lang='lat' dir='ltr'><strong>At’ricana,</strong></span> <span class='ocrx_word' id='word_1_682' title='bbox 602 4603 911 4672; x_wconf 90' lang='lat' dir='ltr'><strong>Eusebius,</strong></span> <span class='ocrx_word' id='word_1_683' title='bbox 970 4605 1277 4661; x_wconf 86' lang='lat' dir='ltr'><strong>Miltiades.</strong></span> <span class='ocrx_word' id='word_1_684' title='bbox 1349 4605 1620 4661; x_wconf 88' lang='lat' dir='ltr'><strong>Silvester</strong></span> <span class='ocrx_word' id='word_1_685' title='bbox 1675 4605 1921 4661; x_wconf 89' lang='lat' dir='ltr'><strong>habebat</strong></span> 
     </span>
    </p>
   </div>
   <div class='ocr_carea' id='block_1_93' title="bbox 268 4686 1923 4764">
    <p class='ocr_par' dir='ltr' id='par_1_93' title="bbox 268 4686 1923 4764">
     <span class='ocr_line' id='line_1_93' title="bbox 268 4686 1923 4764; baseline 0.006 -24"><span class='ocrx_word' id='word_1_686' title='bbox 268 4686 458 4745; x_wconf 88' lang='lat' dir='ltr'><strong>tiaram</strong></span> <span class='ocrx_word' id='word_1_687' title='bbox 482 4705 614 4746; x_wconf 91' lang='lat' dir='ltr'><strong>cum</strong></span> <span class='ocrx_word' id='word_1_688' title='bbox 654 4706 765 4747; x_wconf 90' lang='lat' dir='ltr'><strong>una</strong></span> <span class='ocrx_word' id='word_1_689' title='bbox 797 4699 1016 4749; x_wconf 89' lang='lat' dir='ltr'><strong>tantum</strong></span> <span class='ocrx_word' id='word_1_690' title='bbox 1050 4708 1278 4749; x_wconf 90' lang='lat' dir='ltr'><strong>corona.</strong></span> <span class='ocrx_word' id='word_1_691' title='bbox 1303 4694 1420 4749; x_wconf 86' lang='lat' dir='ltr'><strong>Alii</strong></span> <span class='ocrx_word' id='word_1_692' title='bbox 1444 4700 1575 4750; x_wconf 89' lang='lat' dir='ltr'><strong>ante</strong></span> <span class='ocrx_word' id='word_1_693' title='bbox 1605 4696 1793 4764; x_wconf 91' lang='lat' dir='ltr'><strong>ipsum</strong></span> <span class='ocrx_word' id='word_1_694' title='bbox 1827 4695 1923 4749; x_wconf 88' lang='lat' dir='ltr'><strong>ha-</strong></span> 
     </span>
    </p>
   </div>
   <div class='ocr_carea' id='block_1_94' title="bbox 270 4772 1922 4851">
    <p class='ocr_par' dir='ltr' id='par_1_94' title="bbox 270 4772 1922 4851">
     <span class='ocr_line' id='line_1_94' title="bbox 270 4772 1922 4851; baseline 0.005 -23"><span class='ocrx_word' id='word_1_695' title='bbox 270 4772 465 4832; x_wconf 86' lang='lat' dir='ltr'><strong>bebant</strong></span> <span class='ocrx_word' id='word_1_696' title='bbox 490 4779 819 4835; x_wconf 87' lang='lat' dir='ltr'><strong>diademata</strong></span> <span class='ocrx_word' id='word_1_697' title='bbox 851 4795 978 4835; x_wconf 91' lang='lat' dir='ltr'><strong>cum</strong></span> <span class='ocrx_word' id='word_1_698' title='bbox 1016 4781 1195 4851; x_wconf 89' lang='lat' dir='ltr'><strong>pallio</strong></span> <span class='ocrx_word' id='word_1_699' title='bbox 1218 4795 1371 4837; x_wconf 92' lang='lat' dir='ltr'><strong>more</strong></span> <span class='ocrx_word' id='word_1_700' title='bbox 1400 4784 1618 4838; x_wconf 66' lang='lat' dir='ltr'><strong>Graeco.</strong></span> <span class='ocrx_word' id='word_1_701' title='bbox 1642 4784 1775 4838; x_wconf 90' lang='lat' dir='ltr'><strong>Post</strong></span> <span class='ocrx_word' id='word_1_702' title='bbox 1798 4781 1922 4836; x_wconf 88' lang='lat' dir='ltr'><strong>Sil—</strong></span> 
     </span>
    </p>
   </div>
   <div class='ocr_carea' id='block_1_95' title="bbox 269 4868 1917 4940">
    <p class='ocr_par' dir='ltr' id='par_1_95' title="bbox 269 4868 1917 4940">
     <span class='ocr_line' id='line_1_95' title="bbox 269 4868 1917 4940; baseline 0.004 -23"><span class='ocrx_word' id='word_1_703' title='bbox 269 4872 503 4921; x_wconf 84' lang='lat' dir='ltr'><strong>vestrum</strong></span> <span class='ocrx_word' id='word_1_704' title='bbox 524 4868 628 4937; x_wconf 75' lang='lat' dir='ltr'><strong>qui</strong></span> <span class='ocrx_word' id='word_1_705' title='bbox 646 4869 830 4924; x_wconf 86' lang='lat' dir='ltr'><strong>sancti</strong></span> <span class='ocrx_word' id='word_1_706' title='bbox 847 4876 982 4925; x_wconf 89' lang='lat' dir='ltr'><strong>sunt</strong></span> <span class='ocrx_word' id='word_1_707' title='bbox 1001 4870 1283 4925; x_wconf 89' lang='lat' dir='ltr'><strong>habebant</strong></span> <span class='ocrx_word' id='word_1_708' title='bbox 1303 4871 1627 4926; x_wconf 89' lang='lat' dir='ltr'><strong>diademata</strong></span> <span class='ocrx_word' id='word_1_709' title='bbox 1650 4871 1917 4940; x_wconf 91' lang='lat' dir='ltr'><strong>rotunda,</strong></span> 
     </span>
    </p>
   </div>
   <div class='ocr_carea' id='block_1_96' title="bbox 268 4954 1923 5027">
    <p class='ocr_par' dir='ltr' id='par_1_96' title="bbox 268 4954 1923 5027">
     <span class='ocr_line' id='line_1_96' title="bbox 268 4954 1923 5027; baseline 0.004 -22"><span class='ocrx_word' id='word_1_710' title='bbox 268 4959 319 5005; x_wconf 88' lang='lat' dir='ltr'><strong>et</strong></span> <span class='ocrx_word' id='word_1_711' title='bbox 349 4954 549 5010; x_wconf 88' lang='lat' dir='ltr'><strong>tiaram</strong></span> <span class='ocrx_word' id='word_1_712' title='bbox 583 4970 717 5012; x_wconf 91' lang='lat' dir='ltr'><strong>cum</strong></span> <span class='ocrx_word' id='word_1_713' title='bbox 749 4972 860 5014; x_wconf 90' lang='lat' dir='ltr'><strong>una</strong></span> <span class='ocrx_word' id='word_1_714' title='bbox 880 4972 1111 5022; x_wconf 85' lang='lat' dir='ltr'><strong>corona,</strong></span> <span class='ocrx_word' id='word_1_715' title='bbox 1144 4959 1620 5027; x_wconf 82' lang='lat' dir='ltr'><strong>Marcus,Julius.</strong></span> <span class='ocrx_word' id='word_1_716' title='bbox 1657 4958 1923 5013; x_wconf 90' lang='lat' dir='ltr'><strong>Liberius</strong></span> 
     </span>
    </p>
   </div>
   <div class='ocr_carea' id='block_1_97' title="bbox 276 5038 1921 5117">
    <p class='ocr_par' dir='ltr' id='par_1_97' title="bbox 276 5038 1921 5117">
     <span class='ocr_line' id='line_1_97' title="bbox 276 5038 1921 5117; baseline 0.005 -24"><span class='ocrx_word' id='word_1_717' title='bbox 276 5038 501 5098; x_wconf 88' lang='lat' dir='ltr'><strong>habebat</strong></span> <span class='ocrx_word' id='word_1_718' title='bbox 529 5051 756 5101; x_wconf 91' lang='lat' dir='ltr'><strong>tantum</strong></span> <span class='ocrx_word' id='word_1_719' title='bbox 800 5046 1064 5102; x_wconf 87' lang='lat' dir='ltr'><strong>diadema</strong></span> <span class='ocrx_word' id='word_1_720' title='bbox 1098 5050 1466 5117; x_wconf 88' lang='lat' dir='ltr'><strong>quadratum.</strong></span> <span class='ocrx_word' id='word_1_721' title='bbox 1497 5047 1678 5115; x_wconf 88' lang='lat' dir='ltr'><strong>Felix,</strong></span> <span class='ocrx_word' id='word_1_722' title='bbox 1711 5047 1921 5101; x_wconf 88' lang='lat' dir='ltr'><strong>Dama-</strong></span> 
     </span>
    </p>
   </div>
   <div class='ocr_carea' id='block_1_98' title="bbox 269 5133 1917 5206">
    <p class='ocr_par' dir='ltr' id='par_1_98' title="bbox 269 5133 1917 5206">
     <span class='ocr_line' id='line_1_98' title="bbox 269 5133 1917 5206; baseline 0.006 -26"><span class='ocrx_word' id='word_1_723' title='bbox 269 5142 379 5194; x_wconf 90' lang='lat' dir='ltr'><strong>sus,</strong></span> <span class='ocrx_word' id='word_1_724' title='bbox 402 5133 674 5201; x_wconf 82' lang='lat' dir='ltr'><strong>Siricius,</strong></span> <span class='ocrx_word' id='word_1_725' title='bbox 704 5141 760 5189; x_wconf 87' lang='lat' dir='ltr'><strong>et</strong></span> <span class='ocrx_word' id='word_1_726' title='bbox 787 5136 1146 5191; x_wconf 85' lang='lat' dir='ltr'><strong>Anastasius.</strong></span> <span class='ocrx_word' id='word_1_727' title='bbox 1170 5136 1353 5206; x_wconf 86' lang='lat' dir='ltr'><strong>Supra</strong></span> <span class='ocrx_word' id='word_1_728' title='bbox 1384 5135 1641 5204; x_wconf 89' lang='lat' dir='ltr'><strong>picturas</strong></span> <span class='ocrx_word' id='word_1_729' title='bbox 1662 5135 1917 5190; x_wconf 87' lang='lat' dir='ltr'><strong>Formosi</strong></span> 
     </span>
    </p>
   </div>
   <div class='ocr_carea' id='block_1_99' title="bbox 270 5223 1919 5291">
    <p class='ocr_par' dir='ltr' id='par_1_99' title="bbox 270 5223 1919 5291">
     <span class='ocr_line' id='line_1_99' title="bbox 270 5223 1919 5291; baseline 0.005 -22"><span class='ocrx_word' id='word_1_730' title='bbox 270 5226 417 5273; x_wconf 89' lang='lat' dir='ltr'><strong>erant</strong></span> <span class='ocrx_word' id='word_1_731' title='bbox 445 5223 739 5291; x_wconf 70' lang='lat' dir='ltr'><strong>pr0pheta2</strong></span> <span class='ocrx_word' id='word_1_732' title='bbox 784 5231 1000 5280; x_wconf 86' lang='lat' dir='ltr'><strong>stantes</strong></span> <span class='ocrx_word' id='word_1_733' title='bbox 1028 5226 1173 5288; x_wconf 72' lang='lat' dir='ltr'><strong>{cide</strong></span> <span class='ocrx_word' id='word_1_734' title='bbox 1200 5228 1259 5277; x_wconf 84' lang='lat' dir='ltr'><strong>in</strong></span> <span class='ocrx_word' id='word_1_735' title='bbox 1294 5224 1403 5278; x_wconf 80' lang='lat' dir='ltr'><strong>tab.</strong></span> <span class='ocrx_word' id='word_1_736' title='bbox 1438 5237 1473 5276; x_wconf 88' lang='lat' dir='ltr'><strong>x</strong></span> <span class='ocrx_word' id='word_1_737' title='bbox 1504 5223 1799 5291; x_wconf 73' lang='lat' dir='ltr'><strong>Ciampini,</strong></span> <span class='ocrx_word' id='word_1_738' title='bbox 1834 5225 1919 5278; x_wconf 84' lang='lat' dir='ltr'><strong>lit.</strong></span> 
     </span>
    </p>
   </div>
   <div class='ocr_carea' id='block_1_100' title="bbox 268 5306 1925 5383">
    <p class='ocr_par' dir='ltr' id='par_1_100' title="bbox 268 5306 1925 5383">
     <span class='ocr_line' id='line_1_100' title="bbox 268 5306 1925 5383; baseline 0.005 -25"><span class='ocrx_word' id='word_1_739' title='bbox 268 5306 322 5359; x_wconf 88' lang='lat' dir='ltr'><strong>C.</strong></span> <span class='ocrx_word' id='word_1_740' title='bbox 350 5308 430 5380; x_wconf 92' lang='lat' dir='ltr'><strong>D.)</strong></span> <span class='ocrx_word' id='word_1_741' title='bbox 459 5316 576 5366; x_wconf 89' lang='lat' dir='ltr'><strong>tota</strong></span> <span class='ocrx_word' id='word_1_742' title='bbox 597 5312 853 5382; x_wconf 89' lang='lat' dir='ltr'><strong>denique</strong></span> <span class='ocrx_word' id='word_1_743' title='bbox 885 5314 1007 5383; x_wconf 90' lang='lat' dir='ltr'><strong>ipsa</strong></span> <span class='ocrx_word' id='word_1_744' title='bbox 1051 5314 1303 5369; x_wconf 85' lang='lat' dir='ltr'><strong>Formosi</strong></span> <span class='ocrx_word' id='word_1_745' title='bbox 1342 5312 1567 5382; x_wconf 88' lang='lat' dir='ltr'><strong>pictura</strong></span> <span class='ocrx_word' id='word_1_746' title='bbox 1600 5312 1791 5381; x_wconf 91' lang='lat' dir='ltr'><strong>inepta</strong></span> <span class='ocrx_word' id='word_1_747' title='bbox 1823 5324 1925 5367; x_wconf 82' lang='lat' dir='ltr'><strong>sa—</strong></span> 
     </span>
    </p>
   </div>
   <div class='ocr_carea' id='block_1_101' title="bbox 272 5395 1381 5479">
    <p class='ocr_par' dir='ltr' id='par_1_101' title="bbox 272 5395 1381 5479">
     <span class='ocr_line' id='line_1_101' title="bbox 272 5395 1381 5479; baseline 0.013 -32"><span class='ocrx_word' id='word_1_748' title='bbox 272 5395 358 5464; x_wconf 89' lang='lat' dir='ltr'><strong>tis,</strong></span> <span class='ocrx_word' id='word_1_749' title='bbox 388 5405 443 5454; x_wconf 88' lang='lat' dir='ltr'><strong>et</strong></span> <span class='ocrx_word' id='word_1_750' title='bbox 473 5400 741 5472; x_wconf 88' lang='lat' dir='ltr'><strong>barbara,</strong></span> <span class='ocrx_word' id='word_1_751' title='bbox 774 5408 830 5456; x_wconf 88' lang='lat' dir='ltr'><strong>et</strong></span> <span class='ocrx_word' id='word_1_752' title='bbox 857 5402 1203 5458; x_wconf 89' lang='lat' dir='ltr'><strong>decolorata.</strong></span> <span class='ocrx_word' id='word_1_753' title='bbox 1234 5420 1259 5451; x_wconf 75' lang='lat' dir='ltr'><strong>n</strong></span> <span class='ocrx_word' id='word_1_754' title='bbox 1360 5470 1381 5479; x_wconf 85' lang='lat'>_</span> 
     </span>
    </p>
   </div>
   <div class='ocr_carea' id='block_1_102' title="bbox 333 5486 1927 5561">
    <p class='ocr_par' dir='ltr' id='par_1_102' title="bbox 333 5486 1927 5561">
     <span class='ocr_line' id='line_1_102' title="bbox 333 5486 1927 5561; baseline 0.002 -22"><span class='ocrx_word' id='word_1_755' title='bbox 333 5486 452 5541; x_wconf 66' lang='lat' dir='ltr'><strong>Haec</strong></span> <span class='ocrx_word' id='word_1_756' title='bbox 472 5502 504 5543; x_wconf 93' lang='lat' dir='ltr'><strong>a</strong></span> <span class='ocrx_word' id='word_1_757' title='bbox 543 5491 834 5545; x_wconf 87' lang='lat' dir='ltr'><strong>Grimaldi</strong></span> <span class='ocrx_word' id='word_1_758' title='bbox 859 5492 1057 5547; x_wconf 84' lang='lat' dir='ltr'><strong>codice</strong></span> <span class='ocrx_word' id='word_1_759' title='bbox 1085 5506 1184 5561; x_wconf 89' lang='lat' dir='ltr'><strong>per</strong></span> <span class='ocrx_word' id='word_1_760' title='bbox 1209 5503 1313 5546; x_wconf 90' lang='lat' dir='ltr'><strong>nos</strong></span> <span class='ocrx_word' id='word_1_761' title='bbox 1331 5489 1620 5558; x_wconf 90' lang='lat' dir='ltr'><strong>descripta</strong></span> <span class='ocrx_word' id='word_1_762' title='bbox 1639 5486 1927 5545; x_wconf 84' lang='lat' dir='ltr'><strong>sufﬁcient</strong></span> 
     </span>
    </p>
   </div>
   <div class='ocr_carea' id='block_1_103' title="bbox 268 5571 1973 5648">
    <p class='ocr_par' dir='ltr' id='par_1_103' title="bbox 268 5571 1973 5648">
     <span class='ocr_line' id='line_1_103' title="bbox 268 5571 1973 5648; baseline 0.001 -20"><span class='ocrx_word' id='word_1_763' title='bbox 268 5571 330 5627; x_wconf 81' lang='lat' dir='ltr'><strong>ad</strong></span> <span class='ocrx_word' id='word_1_764' title='bbox 364 5577 788 5648; x_wconf 85' lang='lat' dir='ltr'><strong>percipiendam</strong></span> <span class='ocrx_word' id='word_1_765' title='bbox 816 5581 1144 5636; x_wconf 88' lang='lat' dir='ltr'><strong>methodum</strong></span> <span class='ocrx_word' id='word_1_766' title='bbox 1172 5585 1410 5635; x_wconf 89' lang='lat' dir='ltr'><strong>ornatus</strong></span> <span class='ocrx_word' id='word_1_767' title='bbox 1436 5579 1646 5633; x_wconf 88' lang='lat' dir='ltr'><strong>veteris</strong></span> <span class='ocrx_word' id='word_1_768' title='bbox 1670 5577 1927 5633; x_wconf 72' lang='lat' dir='ltr'><strong>basilica:</strong></span> <span class='ocrx_word' id='word_1_769' title='bbox 1966 5598 1973 5605; x_wconf 70' lang='grc' dir='ltr'><strong><em>ο</em></strong></span> 
     </span>
    </p>
   </div>
   <div class='ocr_carea' id='block_1_104' title="bbox 272 5662 1923 5738">
    <p class='ocr_par' dir='ltr' id='par_1_104' title="bbox 272 5662 1923 5738">
     <span class='ocr_line' id='line_1_104' title="bbox 272 5662 1923 5738; baseline 0.003 -22"><span class='ocrx_word' id='word_1_770' title='bbox 272 5662 542 5721; x_wconf 65' lang='lat' dir='ltr'><strong>Vaticana:</strong></span> <span class='ocrx_word' id='word_1_771' title='bbox 577 5667 749 5738; x_wconf 88' lang='lat' dir='ltr'><strong>plane</strong></span> <span class='ocrx_word' id='word_1_772' title='bbox 797 5668 1047 5725; x_wconf 88' lang='lat' dir='ltr'><strong>similem</strong></span> <span class='ocrx_word' id='word_1_773' title='bbox 1089 5668 1322 5726; x_wconf 91' lang='lat' dir='ltr'><strong>ornatui</strong></span> <span class='ocrx_word' id='word_1_774' title='bbox 1352 5667 1608 5722; x_wconf 69' lang='lat' dir='ltr'><strong>Paulina:</strong></span> <span class='ocrx_word' id='word_1_775' title='bbox 1646 5665 1923 5736; x_wconf 60' lang='lat' dir='ltr'><strong>basilicae,</strong></span> 
     </span>
    </p>
   </div>
   <div class='ocr_carea' id='block_1_105' title="bbox 2030 4598 3692 4673">
    <p class='ocr_par' dir='ltr' id='par_1_105' title="bbox 2030 4598 3692 4673">
     <span class='ocr_line' id='line_1_105' title="bbox 2030 4598 3692 4673; baseline -0.003 -15"><span class='ocrx_word' id='word_1_776' title='bbox 2030 4617 2285 4659; x_wconf 88' lang='lat' dir='ltr'><strong>cessores</strong></span> <span class='ocrx_word' id='word_1_777' title='bbox 2310 4604 2571 4673; x_wconf 86' lang='lat' dir='ltr'><strong>usquead</strong></span> <span class='ocrx_word' id='word_1_778' title='bbox 2603 4603 2769 4658; x_wconf 89' lang='lat' dir='ltr'><strong>ﬁnem</strong></span> <span class='ocrx_word' id='word_1_779' title='bbox 2799 4603 2934 4657; x_wconf 90' lang='lat' dir='ltr'><strong>noni</strong></span> <span class='ocrx_word' id='word_1_780' title='bbox 2976 4601 3251 4658; x_wconf 90' lang='lat' dir='ltr'><strong>aChristo</strong></span> <span class='ocrx_word' id='word_1_781' title='bbox 3271 4599 3492 4668; x_wconf 59' lang='lat' dir='ltr'><strong>saeculi,</strong></span> <span class='ocrx_word' id='word_1_782' title='bbox 3516 4598 3692 4654; x_wconf 91' lang='lat' dir='ltr'><strong>nudis</strong></span> 
     </span>
    </p>
   </div>
   <div class='ocr_carea' id='block_1_106' title="bbox 2032 4687 3694 4762">
    <p class='ocr_par' dir='ltr' id='par_1_106' title="bbox 2032 4687 3694 4762">
     <span class='ocr_line' id='line_1_106' title="bbox 2032 4687 3694 4762; baseline -0.004 -15"><span class='ocrx_word' id='word_1_783' title='bbox 2032 4693 2325 4762; x_wconf 87' lang='lat' dir='ltr'><strong>capitibus</strong></span> <span class='ocrx_word' id='word_1_784' title='bbox 2354 4693 2432 4748; x_wconf 92' lang='lat' dir='ltr'><strong>ita</strong></span> <span class='ocrx_word' id='word_1_785' title='bbox 2462 4691 2749 4758; x_wconf 88' lang='lat' dir='ltr'><strong>exhiberi,</strong></span> <span class='ocrx_word' id='word_1_786' title='bbox 2781 4696 2843 4746; x_wconf 91' lang='lat' dir='ltr'><strong>ut</strong></span> <span class='ocrx_word' id='word_1_787' title='bbox 2864 4690 3052 4747; x_wconf 91' lang='lat' dir='ltr'><strong>solum</strong></span> <span class='ocrx_word' id='word_1_788' title='bbox 3086 4695 3482 4746; x_wconf 87' lang='lat' dir='ltr'><strong>ornamentum</strong></span> <span class='ocrx_word' id='word_1_789' title='bbox 3510 4687 3694 4743; x_wconf 89' lang='lat' dir='ltr'><strong>cleri-</strong></span> 
     </span>
    </p>
   </div>
   <div class='ocr_carea' id='block_1_107' title="bbox 2031 4777 3689 4849">
    <p class='ocr_par' dir='ltr' id='par_1_107' title="bbox 2031 4777 3689 4849">
     <span class='ocr_line' id='line_1_107' title="bbox 2031 4777 3689 4849; baseline -0.005 -13"><span class='ocrx_word' id='word_1_790' title='bbox 2031 4782 2176 4837; x_wconf 88' lang='lat' dir='ltr'><strong>calis</strong></span> <span class='ocrx_word' id='word_1_791' title='bbox 2200 4786 2451 4837; x_wconf 65' lang='lat' dir='ltr'><strong>tonsurae</strong></span> <span class='ocrx_word' id='word_1_792' title='bbox 2479 4795 2579 4836; x_wconf 88' lang='lat' dir='ltr'><strong>seu</strong></span> <span class='ocrx_word' id='word_1_793' title='bbox 2612 4793 2835 4835; x_wconf 62' lang='lat' dir='ltr'><strong>coronae</strong></span> <span class='ocrx_word' id='word_1_794' title='bbox 2863 4780 2921 4834; x_wconf 90' lang='lat' dir='ltr'><strong>in</strong></span> <span class='ocrx_word' id='word_1_795' title='bbox 2957 4779 3212 4849; x_wconf 87' lang='lat' dir='ltr'><strong>propriis</strong></span> <span class='ocrx_word' id='word_1_796' title='bbox 3232 4777 3467 4846; x_wconf 90' lang='lat' dir='ltr'><strong>capillis</strong></span> <span class='ocrx_word' id='word_1_797' title='bbox 3491 4779 3689 4831; x_wconf 89' lang='lat' dir='ltr'><strong>osten-</strong></span> 
     </span>
    </p>
   </div>
   <div class='ocr_carea' id='block_1_108' title="bbox 2029 4862 3692 4940">
    <p class='ocr_par' dir='ltr' id='par_1_108' title="bbox 2029 4862 3692 4940">
     <span class='ocr_line' id='line_1_108' title="bbox 2029 4862 3692 4940; baseline -0.006 -15"><span class='ocrx_word' id='word_1_798' title='bbox 2029 4871 2188 4939; x_wconf 89' lang='lat' dir='ltr'><strong>dant,</strong></span> <span class='ocrx_word' id='word_1_799' title='bbox 2231 4868 2429 4940; x_wconf 91' lang='lat' dir='ltr'><strong>quales</strong></span> <span class='ocrx_word' id='word_1_800' title='bbox 2467 4873 2745 4937; x_wconf 89' lang='lat' dir='ltr'><strong>apparent</strong></span> <span class='ocrx_word' id='word_1_801' title='bbox 2784 4866 3048 4937; x_wconf 74' lang='lat' dir='ltr'><strong>genuina:</strong></span> <span class='ocrx_word' id='word_1_802' title='bbox 3098 4864 3212 4919; x_wconf 59' lang='lat' dir='ltr'><strong>illa;</strong></span> <span class='ocrx_word' id='word_1_803' title='bbox 3250 4870 3423 4932; x_wconf 88' lang='lat' dir='ltr'><strong>atque</strong></span> <span class='ocrx_word' id='word_1_804' title='bbox 3465 4862 3692 4917; x_wconf 71' lang='lat' dir='ltr'><strong>intacta:</strong></span> 
     </span>
    </p>
   </div>
   <div class='ocr_carea' id='block_1_109' title="bbox 2034 4949 3693 5029">
    <p class='ocr_par' dir='ltr' id='par_1_109' title="bbox 2034 4949 3693 5029">
     <span class='ocr_line' id='line_1_109' title="bbox 2034 4949 3693 5029; baseline -0.007 -16"><span class='ocrx_word' id='word_1_805' title='bbox 2034 4956 2334 5029; x_wconf 87' lang='lat' dir='ltr'><strong>imagines,</strong></span> <span class='ocrx_word' id='word_1_806' title='bbox 2361 4958 2419 5010; x_wconf 89' lang='lat' dir='ltr'><strong>in</strong></span> <span class='ocrx_word' id='word_1_807' title='bbox 2448 4955 2691 5010; x_wconf 91' lang='lat' dir='ltr'><strong>basilica</strong></span> <span class='ocrx_word' id='word_1_808' title='bbox 2707 4955 2761 5009; x_wconf 93' lang='lat' dir='ltr'><strong>S.</strong></span> <span class='ocrx_word' id='word_1_809' title='bbox 2787 4952 2946 5007; x_wconf 86' lang='lat' dir='ltr'><strong>Pauli</strong></span> <span class='ocrx_word' id='word_1_810' title='bbox 2972 4951 3182 5006; x_wconf 76' lang='lat' dir='ltr'><strong>saeculo</strong></span> <span class='ocrx_word' id='word_1_811' title='bbox 3200 4949 3407 5020; x_wconf 90' lang='lat' dir='ltr'><strong>quinto</strong></span> <span class='ocrx_word' id='word_1_812' title='bbox 3435 4949 3693 5017; x_wconf 58' lang='lat' dir='ltr'><strong>pictai,et</strong></span> 
     </span>
    </p>
   </div>
   <div class='ocr_carea' id='block_1_110' title="bbox 2033 5036 3693 5116">
    <p class='ocr_par' dir='ltr' id='par_1_110' title="bbox 2033 5036 3693 5116">
     <span class='ocr_line' id='line_1_110' title="bbox 2033 5036 3693 5116; baseline -0.006 -15"><span class='ocrx_word' id='word_1_813' title='bbox 2033 5048 2319 5116; x_wconf 58' lang='lat' dir='ltr'><strong>perductae</strong></span> <span class='ocrx_word' id='word_1_814' title='bbox 2348 5059 2381 5100; x_wconf 90' lang='lat' dir='ltr'><strong>a</strong></span> <span class='ocrx_word' id='word_1_815' title='bbox 2406 5045 2462 5100; x_wconf 94' lang='lat' dir='ltr'><strong>S.</strong></span> <span class='ocrx_word' id='word_1_816' title='bbox 2495 5046 2656 5100; x_wconf 90' lang='lat' dir='ltr'><strong>Petro</strong></span> <span class='ocrx_word' id='word_1_817' title='bbox 2678 5044 2746 5098; x_wconf 82' lang='lat' dir='ltr'><strong>ad</strong></span> <span class='ocrx_word' id='word_1_818' title='bbox 2770 5039 3167 5097; x_wconf 91' lang='lat' dir='ltr'><strong>Innocentium</strong></span> <span class='ocrx_word' id='word_1_819' title='bbox 3198 5038 3467 5107; x_wconf 90' lang='lat' dir='ltr'><strong>primum.</strong></span> <span class='ocrx_word' id='word_1_820' title='bbox 3500 5036 3693 5092; x_wconf 87' lang='lat' dir='ltr'><strong>Orna—</strong></span> 
     </span>
    </p>
   </div>
   <div class='ocr_carea' id='block_1_111' title="bbox 2034 5126 3696 5205">
    <p class='ocr_par' dir='ltr' id='par_1_111' title="bbox 2034 5126 3696 5205">
     <span class='ocr_line' id='line_1_111' title="bbox 2034 5126 3696 5205; baseline -0.007 -14"><span class='ocrx_word' id='word_1_821' title='bbox 2034 5142 2220 5191; x_wconf 92' lang='lat' dir='ltr'><strong>menta</strong></span> <span class='ocrx_word' id='word_1_822' title='bbox 2248 5136 2431 5205; x_wconf 88' lang='lat' dir='ltr'><strong>igitur</strong></span> <span class='ocrx_word' id='word_1_823' title='bbox 2462 5131 2815 5203; x_wconf 88' lang='lat' dir='ltr'><strong>pontiﬁcalia</strong></span> <span class='ocrx_word' id='word_1_824' title='bbox 2844 5128 3033 5183; x_wconf 71' lang='lat' dir='ltr'><strong>tetatis</strong></span> <span class='ocrx_word' id='word_1_825' title='bbox 3059 5126 3277 5182; x_wconf 91' lang='lat' dir='ltr'><strong>Nicolai</strong></span> <span class='ocrx_word' id='word_1_826' title='bbox 3304 5128 3397 5195; x_wconf 86' lang='lat' dir='ltr'><strong>Ill,</strong></span> <span class='ocrx_word' id='word_1_827' title='bbox 3427 5137 3526 5195; x_wconf 91' lang='lat' dir='ltr'><strong>per</strong></span> <span class='ocrx_word' id='word_1_828' title='bbox 3552 5138 3696 5194; x_wconf 88' lang='lat' dir='ltr'><strong>pro—</strong></span> 
     </span>
    </p>
   </div>
   <div class='ocr_carea' id='block_1_112' title="bbox 2034 5214 3691 5292">
    <p class='ocr_par' dir='ltr' id='par_1_112' title="bbox 2034 5214 3691 5292">
     <span class='ocr_line' id='line_1_112' title="bbox 2034 5214 3691 5292; baseline -0.005 -15"><span class='ocrx_word' id='word_1_829' title='bbox 2034 5224 2235 5292; x_wconf 91' lang='lat' dir='ltr'><strong>lepsim</strong></span> <span class='ocrx_word' id='word_1_830' title='bbox 2253 5223 2528 5277; x_wconf 87' lang='lat' dir='ltr'><strong>translata</strong></span> <span class='ocrx_word' id='word_1_831' title='bbox 2540 5218 2977 5289; x_wconf 87' lang='lat' dir='ltr'><strong>etsuperaddita</strong></span> <span class='ocrx_word' id='word_1_832' title='bbox 2998 5216 3259 5272; x_wconf 90' lang='lat' dir='ltr'><strong>Silvestri</strong></span> <span class='ocrx_word' id='word_1_833' title='bbox 3288 5215 3518 5285; x_wconf 66' lang='lat' dir='ltr'><strong>saeculo,</strong></span> <span class='ocrx_word' id='word_1_834' title='bbox 3541 5214 3691 5269; x_wconf 90' lang='lat' dir='ltr'><strong>nihil</strong></span> 
     </span>
    </p>
   </div>
   <div class='ocr_carea' id='block_1_113' title="bbox 2032 5303 3689 5378">
    <p class='ocr_par' dir='ltr' id='par_1_113' title="bbox 2032 5303 3689 5378">
     <span class='ocr_line' id='line_1_113' title="bbox 2032 5303 3689 5378; baseline -0.005 -13"><span class='ocrx_word' id='word_1_835' title='bbox 2032 5310 2405 5366; x_wconf 89' lang='lat' dir='ltr'><strong>auctoritatis</strong></span> <span class='ocrx_word' id='word_1_836' title='bbox 2430 5310 2684 5378; x_wconf 68' lang='lat' dir='ltr'><strong>antiqua:</strong></span> <span class='ocrx_word' id='word_1_837' title='bbox 2706 5306 3064 5364; x_wconf 87' lang='lat' dir='ltr'><strong>transferunt</strong></span> <span class='ocrx_word' id='word_1_838' title='bbox 3096 5305 3153 5361; x_wconf 94' lang='lat' dir='ltr'><strong>in</strong></span> <span class='ocrx_word' id='word_1_839' title='bbox 3184 5305 3436 5360; x_wconf 90' lang='lat' dir='ltr'><strong>eamdem</strong></span> <span class='ocrx_word' id='word_1_840' title='bbox 3462 5303 3689 5359; x_wconf 88' lang='lat' dir='ltr'><strong>seriem.</strong></span> 
     </span>
    </p>
   </div>
   <div class='ocr_carea' id='block_1_114' title="bbox 2034 5394 3694 5466">
    <p class='ocr_par' dir='ltr' id='par_1_114' title="bbox 2034 5394 3694 5466">
     <span class='ocr_line' id='line_1_114' title="bbox 2034 5394 3694 5466; baseline -0.002 -16"><span class='ocrx_word' id='word_1_841' title='bbox 2034 5399 2191 5453; x_wconf 71' lang='lat' dir='ltr'><strong>Notae</strong></span> <span class='ocrx_word' id='word_1_842' title='bbox 2212 5408 2345 5450; x_wconf 89' lang='lat' dir='ltr'><strong>vero</strong></span> <span class='ocrx_word' id='word_1_843' title='bbox 2371 5394 2810 5466; x_wconf 66' lang='lat' dir='ltr'><strong>chronologicaa,</strong></span> <span class='ocrx_word' id='word_1_844' title='bbox 2847 5402 3214 5450; x_wconf 84' lang='lat' dir='ltr'><strong>numerantes</strong></span> <span class='ocrx_word' id='word_1_845' title='bbox 3240 5405 3441 5460; x_wconf 90' lang='lat' dir='ltr'><strong>annos,</strong></span> <span class='ocrx_word' id='word_1_846' title='bbox 3473 5405 3694 5447; x_wconf 92' lang='lat' dir='ltr'><strong>menses</strong></span> 
     </span>
    </p>
   </div>
   <div class='ocr_carea' id='block_1_115' title="bbox 2034 5480 3695 5554">
    <p class='ocr_par' dir='ltr' id='par_1_115' title="bbox 2034 5480 3695 5554">
     <span class='ocr_line' id='line_1_115' title="bbox 2034 5480 3695 5554; baseline -0.007 -9"><span class='ocrx_word' id='word_1_847' title='bbox 2034 5487 2238 5544; x_wconf 87' lang='lat' dir='ltr'><strong>acdies</strong></span> <span class='ocrx_word' id='word_1_848' title='bbox 2253 5483 2410 5538; x_wconf 92' lang='lat' dir='ltr'><strong>sedis</strong></span> <span class='ocrx_word' id='word_1_849' title='bbox 2434 5482 2752 5552; x_wconf 78' lang='lat' dir='ltr'><strong>unicuique</strong></span> <span class='ocrx_word' id='word_1_850' title='bbox 2776 5482 3032 5550; x_wconf 89' lang='lat' dir='ltr'><strong>pontiﬁci</strong></span> <span class='ocrx_word' id='word_1_851' title='bbox 3061 5483 3409 5554; x_wconf 89' lang='lat' dir='ltr'><strong>assignatos,</strong></span> <span class='ocrx_word' id='word_1_852' title='bbox 3434 5486 3491 5535; x_wconf 89' lang='lat' dir='ltr'><strong>et</strong></span> <span class='ocrx_word' id='word_1_853' title='bbox 3513 5480 3570 5535; x_wconf 92' lang='lat' dir='ltr'><strong>in</strong></span> <span class='ocrx_word' id='word_1_854' title='bbox 3594 5493 3695 5534; x_wconf 77' lang='lat' dir='ltr'><strong>ve—</strong></span> 
     </span>
    </p>
   </div>
   <div class='ocr_carea' id='block_1_116' title="bbox 2036 5567 3695 5636">
    <p class='ocr_par' dir='ltr' id='par_1_116' title="bbox 2036 5567 3695 5636">
     <span class='ocr_line' id='line_1_116' title="bbox 2036 5567 3695 5636; baseline -0.008 -4"><span class='ocrx_word' id='word_1_855' title='bbox 2036 5580 2190 5631; x_wconf 88' lang='lat' dir='ltr'><strong>tusta</strong></span> <span class='ocrx_word' id='word_1_856' title='bbox 2222 5570 2372 5625; x_wconf 90' lang='lat' dir='ltr'><strong>serie</strong></span> <span class='ocrx_word' id='word_1_857' title='bbox 2400 5568 2589 5622; x_wconf 89' lang='lat' dir='ltr'><strong>adhuc</strong></span> <span class='ocrx_word' id='word_1_858' title='bbox 2609 5571 2974 5636; x_wconf 89' lang='lat' dir='ltr'><strong>superstites,</strong></span> <span class='ocrx_word' id='word_1_859' title='bbox 3006 5583 3137 5625; x_wconf 88' lang='lat' dir='ltr'><strong>cum</strong></span> <span class='ocrx_word' id='word_1_860' title='bbox 3166 5569 3418 5624; x_wconf 91' lang='lat' dir='ltr'><strong>eamdem</strong></span> <span class='ocrx_word' id='word_1_861' title='bbox 3447 5567 3695 5621; x_wconf 87' lang='lat' dir='ltr'><strong>ﬁdeliter</strong></span> 
     </span>
    </p>
   </div>
   <div class='ocr_carea' id='block_1_117' title="bbox 2037 5648 3693 5727">
    <p class='ocr_par' dir='ltr' id='par_1_117' title="bbox 2037 5648 3693 5727">
     <span class='ocr_line' id='line_1_117' title="bbox 2037 5648 3693 5727; baseline -0.01 -8"><span class='ocrx_word' id='word_1_862' title='bbox 2037 5660 2288 5718; x_wconf 88' lang='lat' dir='ltr'><strong>referant</strong></span> <span class='ocrx_word' id='word_1_863' title='bbox 2306 5657 2605 5727; x_wconf 88' lang='lat' dir='ltr'><strong>(quantum</strong></span> <span class='ocrx_word' id='word_1_864' title='bbox 2630 5655 2907 5726; x_wconf 87' lang='lat' dir='ltr'><strong>consequi</strong></span> <span class='ocrx_word' id='word_1_865' title='bbox 2939 5655 3075 5711; x_wconf 90' lang='lat' dir='ltr'><strong>licet</strong></span> <span class='ocrx_word' id='word_1_866' title='bbox 3099 5669 3168 5712; x_wconf 80' lang='lat' dir='ltr'><strong>ex</strong></span> <span class='ocrx_word' id='word_1_867' title='bbox 3195 5656 3273 5711; x_wconf 88' lang='lat' dir='ltr'><strong>iis</strong></span> <span class='ocrx_word' id='word_1_868' title='bbox 3303 5651 3562 5709; x_wconf 86' lang='lat' dir='ltr'><strong>numeris</strong></span> <span class='ocrx_word' id='word_1_869' title='bbox 3589 5648 3693 5719; x_wconf 86' lang='lat' dir='ltr'><strong>qui</strong></span> 
     </span>
    </p>
   </div>
   <div class='ocr_carea' id='block_1_118' title="bbox 3574 413 3783 473">
    <p class='ocr_par' dir='ltr' id='par_1_118' title="bbox 3574 413 3783 473">
     <span class='ocr_line' id='line_1_118' title="bbox 3574 413 3783 473; baseline 0.01 -2"><span class='ocrx_word' id='word_1_870' title='bbox 3574 413 3783 473; x_wconf 62' lang='lat'><strong>258&#39;</strong></span> 
     </span>
    </p>
   </div>
  </div>
