3950 6396
351 431 458 491 259

1135 430 1229 484 AD
1273 425 1702 484 ANASTASIUM
1775 420 2291 478 PROLEGOMENA
2354 421 2530 476 EDlT.
2583 417 3010 478 ROM.—VATIC.

3659 426 3776 484 260

353 557 703 628 supersunt),
742 556 810 612 ad
859 555 1064 611 seriem
1096 555 1318 610 Nicolai
1354 554 1707 610 transferunt
1736 556 2001 610 aucto'i-
2026 547 2081 605 A
2121 548 2355 603 tertium
2399 552 2637 620 repetita
2683 553 2742 608 in
2782 552 3023 608 basilica
3067 553 3359 617 Vaticana,
3403 553 3620 608 diserte
3669 567 3782 608 nos

353 651 522 701 tatem
545 644 918 715 antiquioris,
950 657 1060 699 non
1083 659 1248 699 secus
1271 657 1335 698 ac
1357 643 1606 712 exempla
1639 643 1870 712 publica
1892 657 2005 699 au—

351 732 618 788 ctoritate
686 732 981 802 recognita
1039 730 1112 786 ab
1173 731 1596 800 exemplaribus
1644 736 2002 786 mutuantur.

349 819 535 888 Quare
566 817 664 874 ubi
701 819 923 875 numeri
953 820 1124 875 seriei
1193 821 1512 887 superioris
1541 820 1755 888 injuria
1782 825 2009 888 tempo—

350 908 434 963 ris
483 908 563 962 ita
605 907 897 964 obliterati
947 908 1086 977 sint,
1139 915 1204 962 ut
1257 909 1465 979 integri
1518 922 1628 962 non
1673 913 2001 977 appareant,

349 995 608 1065 suppleri
643 1001 883 1066 possunt
911 1009 980 1051 ex
1013 997 1116 1050 hac
1146 996 1370 1051 Nicolai
1397 997 1546 1052 serie
1583 997 1807 1052 eosdem
1837 1009 2001 1062 repe‘

351 1089 524 1154 tente,
563 1085 728 1152 juxta
759 1083 1012 1155 regulam
1057 1084 1281 1138 criterii
1318 1084 1708 1154 chron010gici
1756 1098 1786 1138 a
1839 1084 2005 1139 nobis

351 1171 726 1227 constitutam
757 1173 946 1242 capite
976 1171 1261 1240 superiori
1307 1186 1542 1228 numero
1573 1171 1608 1226 6
1636 1178 1690 1226 et
1714 1169 1768 1226 7.
1802 1173 1873 1226 Ut
1897 1186 2004 1226 su-

355 1274 454 1331 pra
477 1267 662 1316 tamen
681 1260 875 1328 retuli,
902 1260 1140 1329 pictura
1163 1261 1285 1314 ista
1310 1273 1341 1314 a
1367 1260 1602 1316 Nicolao
1624 1263 1692 1315 ill
1719 1261 2008 1330 superad—

351 1349 488 1404 dita
507 1349 771 1418 antiquis
790 1349 846 1403 in
873 1348 1176 1416 parietinis
1199 1362 1370 1416 supra
1395 1348 1602 1403 calcem
1629 1363 1804 1420 gypso
1823 1348 2005 1404 suba-

351 1443 500 1492 ctam
523 1450 554 1492 a
577 1435 758 1492 fabris
780 1437 1058 1492 murariis
1090 1437 1394 1506 imperitis,
1431 1438 1624 1494 minus
1650 1439 1890 1492 ﬁrmiter
1912 1437 2006 1492 ad-

353 1525 630 1581 harentes
666 1525 969 1580 maximam
1004 1532 1217 1595 partem
1257 1527 1612 1581 exciderunt.
1645 1527 1830 1594 Quare
1860 1525 2008 1580 sub—

351 1614 506 1672 sidio
553 1620 690 1670 sunt
735 1613 944 1684 exiguo
1003 1613 1206 1684 paucis
1249 1613 1308 1668 in
1359 1615 1614 1668 numeris
1642 1616 2002 1684 supplendis.

348 1702 602 1760 Aliunde
615 1711 800 1760 tamen
814 1716 934 1759 com
945 1706 1176 1775 plentur
1187 1703 1577 1774 supplementa
1599 1704 2005 1776 chronologica

349 1791 524 1848 seriei
551 1793 907 1859 vetustioris,
935 1805 1132 1862 nempe
1157 1805 1224 1846 ex
1255 1793 1496 1846 vetustis
1527 1792 1807 1861 exemplis
1827 1791 1897 1846 ab
1917 1805 2004 1846 eo-

2118 640 2343 696 monuit
2376 641 2526 696 inter
2568 642 2866 710 pontiﬁces
2897 641 3088 711 quarti
3135 640 3332 696 saculi
3365 639 3550 695 solum
3599 642 3786 697 Libe—

2117 729 2267 785 rium
2302 729 2405 784 hoc
2451 732 2657 796 insigni
2705 731 2975 798 quadrato
3019 729 3199 785 fuisse
3243 731 3598 798 decoratum,
3640 743 3782 786 cum

2116 822 2350 872 cateros
2384 823 2515 872 ante
2557 817 2892 872 Silvestrum
2935 831 3144 873 corona
3175 816 3466 872 clericalis
3496 823 3777 884 tonsura,

2117 912 2244 974 post
2295 907 2634 962 Silvestrum
2698 907 2846 962 tiara
2901 907 3086 976 pictor
3141 905 3363 959 Nicolai
3425 905 3778 960 ornavisset.

2114 993 2417 1064 Singulare
2453 995 2558 1050 hoc
2587 996 2813 1066 insigne
2844 995 3209 1064 quadratum,
3237 1006 3269 1047 a
3302 999 3528 1048 vetusto
3573 1006 3784 1048 exem—

2116 1083 2262 1152 plari
2310 1084 2572 1155 petitum,
2621 1098 2750 1139 cum
2795 1081 3003 1138 artifex
3045 1095 3155 1138 non
3205 1082 3284 1136 sit
3329 1095 3509 1137 ausus
3549 1087 3784 1137 mutare

2117 1171 2174 1225 in
2219 1170 2464 1240 Liberio,
2514 1186 2695 1242 neque
2738 1171 2874 1227 aliis
2917 1171 3246 1240 appingere,
3294 1169 3516 1225 indicio
3557 1175 3643 1225 est
3675 1183 3783 1224 se—

2115 1259 2257 1314 riem
2301 1260 2556 1329 aliquam
2597 1260 2926 1330 antiquitus
2950 1259 3269 1326 exstitisse,
3305 1272 3429 1328 qua
3455 1271 3568 1313 non
3603 1271 3781 1312 secus

2115 1361 2180 1402 ac
2229 1347 2329 1402 ille
2363 1348 2669 1418 Catalogus
2730 1348 3124 1402 Bucherianus
3170 1348 3358 1416 posita
3403 1345 3582 1401 fuerit
3624 1360 3781 1401 con-

2115 1442 2302 1491 stante
2330 1437 2447 1492 vita
2471 1437 2687 1492 Liberii
2721 1455 2736 1504 ;
2770 1445 2825 1491 et
2848 1437 3064 1491 idcirco
3089 1437 3140 1490 is
3166 1436 3499 1504 quadratum
3532 1437 3780 1502 insigne,

2118 1524 2400 1580 indicium
2459 1525 2685 1580 scilicet
2736 1525 3000 1595 viventis,
3051 1524 3302 1592 ejusdem
3357 1524 3533 1592 capiti
3587 1536 3787 1592 appo—

2116 1614 2319 1669 suerit.
2359 1613 2544 1683 Quare
2576 1613 2774 1685 gratia
2804 1613 3077 1668 habenda
3126 1617 3262 1667 sunt
3300 1611 3618 1680 Grimaldo,
3669 1613 3782 1682 qui

2115 1701 2287 1756 etiam
2334 1702 2392 1756 in
2439 1703 2589 1756 serie
2635 1699 2856 1756 Nicolai
2905 1703 2976 1756 Ill
3016 1701 3443 1770 praservaverit
3491 1699 3609 1754 hac
3661 1701 3787 1755 do—

2115 1795 2379 1845 cumenta
2409 1795 2640 1845 atatum
2681 1789 3046 1858 superiorum
3079 1797 3134 1843 et
3162 1788 3416 1859 Catalogi
3452 1787 3781 1843 Liberiani.

347 1877 475 1934 dem
513 1880 818 1950 archetypo
868 1861 1210 1949 desumptis,
1256 1886 1312 1934 et
1343 1880 1590 1936 ﬁdeliter
1623 1882 1910 1950 expressis
1942 1881 2002 1934 in
2033 1861 2086 1921 Β
2185 1876 2239 1931 9.
2270 1879 2548 1932 Caterum
2605 1877 2751 1932 hanc
2821 1877 3024 1932 seriem
3079 1877 3472 1945 recentiorem,
3530 1877 3782 1933 Nicolao

347 1966 651 2022 codicibus
671 1975 727 2023 et
746 1967 1033 2040 Catalogis
1063 1983 1162 2037 per
1181 1982 1361 2024 annos
1384 1971 1744 2038 octingentos
1774 1975 1830 2024 et
1848 1983 2004 2024 non—

349 2060 551 2125 gentos
582 2061 833 2110 nostram
866 2062 1088 2112 atatem
1131 2056 1563 2128 superantibus,
1603 2063 1668 2112 ut
1707 2056 1857 2112 infra
1898 2071 2005 2112 ex—

349 2155 643 2211 ponemus.

415 2227 470 2283 8.
502 2230 638 2298 Qua
669 2233 941 2302 superius
970 2247 1002 2288 a
1034 2247 1122 2288 me
1150 2232 1305 2287 dicta
1331 2239 1467 2288 sunt
1491 2233 1560 2287 de
1585 2231 1838 2287 clericali
1869 2238 2004 2288 tan—

345 2321 464 2373 tum
494 2332 704 2375 corona
727 2321 785 2375 in
817 2320 1110 2390 capitibus
1137 2321 1520 2374 Romanorum
1550 2320 1884 2388 pontiﬁcum
1914 2334 2005 2375 ex-

346 2419 538 2474 pressa
561 2415 684 2462 tum
710 2407 769 2462 in
801 2407 1064 2473 musivis,
1089 2413 1210 2461 tum
1243 2407 1300 2459 in
1327 2406 1466 2461 aliis
1491 2407 1780 2462 veteribus
1808 2407 2006 2475 pictu-

345 2493 430 2548 ris
464 2507 646 2564 usque
676 2494 744 2548 ad
778 2494 1050 2548 saculum
1083 2493 1300 2547 Christi
1328 2494 1610 2547 decimum
1645 2493 1998 2559 inchoatum,

345 2579 496 2634 nihil
532 2585 854 2648 repugnant
879 2581 1152 2648 quadrato
1182 2580 1272 2634 illi
1304 2583 1457 2646 signo
1487 2581 1607 2634 sive
1637 2582 1844 2645 insigni
1861 2593 2002 2649 pone

347 2667 537 2736 capita
558 2667 886 2722 eorumdem
913 2680 1204 2736 expresso,
1231 2675 1287 2722 et
1310 2668 1382 2722 ab
1411 2669 1662 2723 eruditis
1692 2669 2004 2738 scriptori-

346 2755 456 2810 bus
479 2768 590 2810 non
621 2754 810 2810 solum
853 2754 1127 2822 indicato,
1170 2755 1265 2810 sed
1298 2757 1470 2810 etiam
1511 2757 1817 2827 explicato,
1847 2761 1998 2829 quod

344 2842 570 2897 scilicet
611 2841 962 2898 adhibebant
999 2844 1067 2898 ad
1103 2844 1474 2904 indicandum
1505 2860 1634 2900 eum
1666 2846 1852 2902 virum
1903 2847 1998 2902 cui

345 2930 459 2986 tale
497 2937 894 2987 ornamentum
925 2932 1339 3002 apponebatur,
1396 2934 1456 2988 in
1484 2935 1634 2989 vivis
1662 2941 1798 2991 tunc
1835 2950 2001 3006 agere

347 3019 575 3088 quando
617 3019 873 3088 ejusdem
917 3021 1103 3092 imago
1153 3021 1514 3092 pingebatur.
1558 3025 1618 3078 In
1671 3026 2000 3081 memoratis

347 3108 591 3163 musivis
637 3110 844 3163 Leonis
879 3110 1036 3164 tertii
1083 3116 1138 3164 et
1163 3111 1455 3165 Paschalis
1504 3113 1700 3180 primi,
1749 3112 2000 3183 aliisque

2113 1965 2288 2021 tertio
2320 1965 2622 2020 mandante
2645 1965 2930 2034 depictam
2961 1965 3142 2021 fuisse
3161 1965 3334 2020 annis
3353 1964 3422 2019 ab
3458 1964 3592 2019 hinc
3617 1979 3786 2033 qua—

2111 2054 2440 2125 dringentis
2471 2060 2527 2109 et
2558 2055 2937 2124 quadraginta
2961 2063 3072 2109 tam
3105 2055 3163 2108 in
3195 2053 3438 2108 basilica
3479 2053 3534 2108 S.
3579 2053 3782 2122 Pauli,

2115 2142 2214 2198 ubi
2237 2143 2425 2198 adhuc
2464 2143 2694 2213 visitur,
2737 2156 2906 2213 quam
2931 2145 2988 2198 in
3013 2142 3149 2197 aliis
3167 2141 3394 2197 duabus
3419 2141 3786 2211 patriarcha-

2113 2230 2289 2298 libus,
2323 2232 2688 2286 Lateranensi
2721 2245 2785 2285 ac
2827 2231 3114 2298 Vaticana,
3171 2238 3225 2285 et
3266 2243 3567 2284 numerum
3598 2235 3788 2299 atque

2113 2317 2373 2372 ordinem
2408 2318 2740 2386 pontiﬁcum
2781 2319 3144 2387 desumptum
3183 2316 3364 2372 fuisse
3393 2332 3424 2372 a
3468 2317 3618 2371 serie
3671 2316 3788 2371 illa

2113 2404 2457 2472 antiquiori,
2491 2405 2700 2459 saculo
2732 2405 2936 2458 Leonis
2967 2404 3154 2473 Magni
3186 2404 3244 2458 in
3279 2404 3537 2469 Paulina,
3569 2409 3626 2458 et
3659 2418 3790 2458 sa—

2112 2490 2244 2544 culo
2263 2491 2517 2544 Formosi
2539 2491 2598 2544 in
2627 2491 2909 2545 Vaticana
2929 2490 3248 2560 parietibus
3267 2491 3538 2558 superius
3559 2492 3785 2561 posita,

2111 2585 2400 2634 contestes
2432 2579 2609 2634 habeo
2637 2581 2946 2636 historicos
2976 2585 3260 2650 quotquot
3283 2593 3316 2634 a
3345 2579 3570 2634 Nicolai
3602 2586 3791 2636 atate

2111 2669 2180 2723 ad
2227 2674 2479 2723 nostram
2527 2674 2922 2724 numerantur.
2977 2669 3105 2723 Sint
3156 2668 3340 2722 instar
3385 2667 3644 2722 omnium
3719 2669 3784 2724 hi

2112 2771 2258 2827 quos
2289 2757 2591 2812 brevitatis
2620 2771 2794 2813 causa
2823 2758 2914 2812 hic
2950 2771 3231 2812 recenseo.
3267 2755 3607 2810 Benedictus
3633 2757 3788 2812 Pla—

2111 2847 2235 2901 tina
2263 2847 2320 2901 in
2353 2848 2481 2901 Vita
2507 2847 2726 2902 Nicolai
2762 2849 2831 2902 IIl
2861 2848 2939 2902 ita
2986 2853 3212 2902 enarrat
3242 2865 3254 2900 :
3292 2845 3376 2900 uti
3409 2845 3581 2898 etiam
3630 2845 3783 2901 Pto-

2113 2934 2344 2990 lemaus
2378 2936 2650 2990 Lucensis
2679 2935 2828 3004 apud
2863 2935 3216 3004 Raynaldum
3245 2935 3313 2989 ad
3345 2946 3558 2987 annum
3589 2932 3780 2988 Chri—

2111 3023 2186 3078 sti
2234 3020 2390 3092 4280,
2427 3037 2664 3078 numero
2711 3021 2800 3079 25.
2851 3023 3030 3078 Verba
3064 3022 3349 3076 Ptolemai
3383 3019 3775 3076 transcribam

2112 3126 2181 3168 ex
2211 3112 2500 3182 Raynaldo
2529 3131 2542 3182 ;
2573 3126 2700 3166 nam
2737 3113 2995 3167 indicant
3037 3113 3093 3167 in
3124 3111 3314 3166 tribus
3346 3109 3774 3180 patriarchali—

349 3194 614 3262 pluribus
650 3198 840 3252 Roma
877 3199 1247 3265 constructis,
1297 3205 1354 3254 et
1384 3200 1798 3269 superstitibus
1827 3217 2002 3271 super
2025 3199 2074 3260 Ο
2111 3199 2220 3256 bus
2241 3200 2504 3255 basilicis
2527 3201 2730 3256 seriem
2756 3200 2911 3256 illam
2937 3200 3304 3256 vetustiorem
3330 3198 3510 3254 fuisse
3540 3200 3778 3270 conspi-

343 3284 576 3354 apsidas
625 3285 927 3341 titulorum
973 3287 1025 3341 S.
1078 3288 1256 3342 Marci
1305 3293 1359 3343 et
1403 3290 1493 3343 SS.
1539 3290 1751 3345 Cosma
1782 3304 1846 3344 ac
1883 3292 2002 3346 Da-

345 3372 546 3443 miani,
577 3373 918 3442 quadratum
950 3374 1094 3430 illud
1146 3375 1372 3446 insigne
1398 3377 1726 3431 viventibus
1763 3381 2001 3446 pontiﬁ-

340 3458 511 3515 cibus
543 3461 872 3530 adbibetur,
903 3464 1053 3532 quod
1088 3477 1210 3518 esse
1241 3466 1555 3520 viventium
1590 3466 1873 3522 indicium
1905 3475 2000 3522 te—

339 3552 530 3603 statur
573 3549 746 3604 etiam
788 3551 1030 3605 Joannes
1057 3551 1340 3608 diaconus
1388 3553 1446 3608 in
1480 3553 1606 3608 Vita
1643 3555 1699 3609 S.
1731 3556 1995 3627 Gregorii

340 3637 551 3708 Magni,
583 3636 684 3692 lib.
715 3653 789 3705 ιν,
827 3653 950 3709 cap.
996 3637 1086 3694 84.
1113 3640 1292 3696 Addit
1331 3641 1684 3698 Alamannus
1713 3644 1770 3698 in
1804 3645 1998 3713 expli-

337 3727 564 3782 catione
592 3728 802 3782 musivi
835 3729 1254 3799 Lateranensis,
1293 3745 1414 3801 pag.
1449 3729 1540 3792 65,
1574 3737 1844 3787 tesseram
1872 3747 1996 3788 esse

339 3818 460 3868 tum
487 3814 618 3869 vita
660 3817 1004 3886 constantis,
1039 3824 1158 3873 tum
1199 3818 1479 3874 virtutum
1523 3821 1790 3890 retradis,
1817 3821 1996 3876 attri-

341 3901 533 3957 butam
552 3903 836 3972 pracipue
852 3904 1198 3972 prasulibus
1211 3908 1591 3972 sacerdotum,
1609 3917 1662 3962 et
1679 3909 1996 3979 aliquando

338 3991 512 4045 etiam
538 3991 922 4061 principibus,
945 3995 1099 4065 regia
1113 3997 1419 4051 siveetiam
1446 4005 1690 4067 augusta
1711 3997 1996 4069 dignitate

341 4077 768 4150 fungentibus;
815 4082 900 4135 uti
942 4083 1234 4140 evidenter
1273 4085 1528 4141 ostendit
1561 4092 1884 4153 pervetusta
1927 4100 1994 4142 ex

339 4167 650 4238 epigraphe
681 4169 954 4240 imaginis
979 4171 1164 4228 Caroli
1199 4174 1387 4245 Magni
1420 4173 1498 4227 ita
1530 4180 1763 4238 ornata,
1798 4175 1854 4228 in
1885 4188 1994 4244 qua

339 4254 657 4326 signiﬁcari
673 4257 952 4314 dicuntur
972 4269 1219 4330 quatuor
1239 4263 1484 4316 virtutes
1509 4261 1828 4329 pracipua,
1853 4275 1996 4330 quas

335 4342 590 4400 dicimus
620 4346 929 4399 cardinales
961 4347 1019 4401 in
1052 4348 1154 4402 illo
1179 4349 1369 4403 adhuc
1399 4349 1620 4401 vivente
1646 4348 1990 4418 conspicua.

408 4432 523 4486 Hoc
554 4432 738 4503 igitur
763 4434 1107 4502 quadratum
1143 4435 1392 4505 insigne,
1423 4433 1739 4489 viventium
1769 4437 1995 4504 pontiﬁ-

337 4533 468 4575 cum
495 4519 850 4588 imaginibus
882 4521 1056 4574 veteri
1083 4533 1151 4574 ex
1183 4535 1292 4575 usu
1323 4519 1672 4592 adhibitum,
1703 4524 1852 4592 quod
1885 4525 1996 4580 ob—

338 4620 630 4664 servamus
655 4607 713 4662 in
740 4606 1034 4675 plerisque
1058 4608 1300 4664 musivis
1319 4615 1452 4664 ante
1471 4610 1754 4666 decimum
1775 4612 1990 4668 Christi

339 4695 614 4751 saculum
659 4695 1032 4763 constructis,
1067 4709 1176 4750 non
1227 4699 1393 4752 modo
1426 4711 1536 4752 non
1563 4699 1895 4755 excluditur
1921 4701 1992 4756 ab

343 4784 581 4840 indiciis
632 4783 885 4854 antiqua
929 4784 1099 4839 seriei
1149 4786 1479 4856 pontiﬁcia,
1525 4789 1620 4842 sed
1679 4789 1886 4844 mirum
1931 4791 1990 4845 in

340 4873 570 4927 modum
613 4871 837 4929 confert
865 4873 933 4928 ad
983 4872 1462 4943 comprobandam
1508 4889 1695 4945 parem
1728 4879 1992 4933 auctori—

337 4966 506 5015 tatem
541 4962 825 5030 ejusmodi
873 4967 1109 5018 vetusta
1138 4963 1311 5016 seriei
1360 4963 1710 5030 pontiﬁcalis
1749 4966 1990 5034 depicta

339 5048 400 5102 in
430 5047 694 5105 basilicis
717 5051 1009 5120 Romanis,
1037 5064 1102 5106 ac
1130 5056 1381 5106 veterum
1411 5051 1832 5124 Catalogorum,
1853 5069 1991 5123 pra-

336 5137 506 5206 cipue
530 5138 694 5194 illius
712 5139 1112 5209 antiquissimi
1139 5139 1435 5202 inLiberio
1460 5140 1798 5213 desinentis,
1820 5157 1986 5213 quem

337 5237 618 5281 consensu
672 5228 1033 5283 eruditorum
1101 5228 1360 5284 omnium
1417 5230 1566 5298 apud
1619 5231 1984 5304 Bucherium,

335 5311 804 5369 Schelestratium
845 5321 902 5370 et
943 5322 1176 5370 cateros
1215 5316 1285 5370 de
1317 5316 1421 5370 hoc
1451 5327 1784 5388 argumento
1831 5323 1987 5378 scri—

337 5399 553 5467 bentes,
575 5402 832 5458 vidimus
850 5404 1194 5459 auctoritate
1222 5417 1287 5457 ac
1301 5410 1810 5466 vetustatecateris
1833 5419 1986 5467 ante-

341 5485 497 5541 ferri.
983 5481 990 5490 “

406 5573 722 5644 Diligentia
773 5592 941 5647 quam
985 5579 1318 5637 Grimaldus
1355 5585 1627 5640 adhibuit
1666 5586 1721 5640 in
1754 5587 1982 5642 descri-

335 5662 520 5718 benda
554 5663 704 5718 serie
744 5678 1096 5723 summorum
1147 5672 1500 5742 pontiﬁcum,
1546 5688 1645 5743 per
1682 5675 1981 5731 Nicolaum

2111 3277 2387 3353 cuam,‘et
2415 3289 2485 3343 ab
2517 3302 2581 3344 ea
2611 3289 2778 3358 serie,
2813 3289 3032 3344 Nicolai
3060 3291 3250 3357 jussu,
3287 3288 3546 3343 ordinem
3577 3301 3644 3341 ac
3667 3302 3772 3344 nu-

2111 3391 2328 3432 merum
2374 3391 2728 3434 summorum
2776 3377 3111 3446 pontiﬁcum
3146 3376 3327 3432 fuisse
3369 3378 3769 3446 desumptum,

2110 3479 2275 3536 quem
2325 3467 2395 3520 de
2427 3467 2692 3536 proximo
2737 3466 3105 3532 spectandum
3162 3464 3427 3520 inferiori
3458 3478 3522 3519 ac
3559 3479 3773 3520 recen—

2109 3555 2246 3609 tiori
2280 3569 2384 3610 sua
2416 3555 2536 3624 ipse
2568 3555 2886 3624 proposuit.
2922 3575 2947 3604 ‹‹
2977 3554 3251 3609 Nicotaus
3283 3553 3511 3621 tertius,
3545 3554 3773 3622 inquit.

2109 3643 2322 3697 multas
2354 3645 2634 3698 novitates
2667 3643 2802 3698 fecit
2830 3661 2842 3697 :
2880 3645 3065 3712 primo
3097 3643 3233 3712 quia
3265 3643 3413 3711 apud
3447 3643 3501 3696 S.
3534 3642 3769 3696 Petrum

2106 3731 2410 3788 adiﬁcavit
2435 3733 2707 3802 palatium
2739 3733 2978 3788 multum
3004 3733 3255 3788 solemne
3283 3729 3626 3800 pontiﬁcale,
3650 3735 3768 3784 etc.

2106 3823 2210 3877 Hic
2253 3822 2552 3877 ecclesiam
2603 3822 2754 3877 beati
2805 3822 2955 3877 Petri
3009 3821 3174 3892 quasi
3219 3828 3390 3876 totam
3445 3819 3766 3885 renovavit,

2106 3918 2163 3966 et
2207 3924 2509 3966 numerum
2559 3924 2916 3966 summorum
2965 3909 3296 3980 pontiﬁcum
3329 3907 3466 3963 fecit
3507 3905 3766 3961 describi

2107 3999 2426 4054 secundum
2471 3999 2754 4068 imagines
2788 3999 2844 4053 in
2885 3999 3124 4054 ecclesia
3156 3997 3307 4052 beati
3352 3995 3501 4051 Petri
3546 3995 3603 4049 in
3637 3994 3766 4050 loco

2107 4087 2408 4154 eminenti,
2451 4093 2508 4140 et
2552 4086 2702 4140 beati
2735 4087 2922 4155 Pauli,
2964 4100 3028 4141 ac
3069 4087 3252 4140 sancti
3278 4084 3514 4139 Joannis
3547 4082 3618 4136 de
3651 4084 3768 4137 La—

2107 4179 2325 4227 terano.
2374 4192 2400 4222 ιδ

2183 4258 2274 4315 40.
2313 4260 2395 4316 Ad
2423 4261 2567 4315 hanc
2601 4261 2782 4332 igitur
2811 4263 3015 4317 seriem
3046 4262 3406 4332 archetypam
3444 4259 3631 4314 redire
3654 4274 3763 4314 ne—

2106 4364 2263 4405 cesse
2307 4357 2411 4416 est,
2460 4365 2631 4421 quam
2677 4352 2947 4407 Nicolaus
2997 4352 3202 4422 quinto
3250 4365 3283 4405 a
3334 4349 3500 4405 nobis
3549 4350 3762 4406 saculo

2105 4440 2356 4495 dissitas
2384 4440 2716 4495 imitandam
2749 4446 2804 4494 et
2831 4442 3176 4511 sequendam
3212 4439 3531 4510 proposuit.
3562 4444 3762 4508 utpote

2106 4527 2433 4599 genuinam,
2462 4534 2517 4582 et
2537 4542 2569 4583 a
2594 4529 2993 4585 decessoribus
3010 4529 3137 4584 suis
3164 4543 3261 4598 per
3286 4534 3370 4583 tot
3384 4527 3593 4582 sacula
3619 4541 3761 4596 pro—

2108 4617 2349 4686 positam
2400 4617 2456 4670 in
2507 4618 2720 4672 eisdem
2754 4618 3236 4687 patriarchalibus
3283 4617 3568 4686 basilicis,
3614 4629 3759 4686 quas

2106 4705 2412 4760 universus
2452 4705 2822 4761 Christianus
2863 4706 3129 4776 p0pulus,
3170 4707 3238 4760 ad
3275 4706 3479 4760 limina
3519 4713 3761 4774 aposto—

2105 4807 2230 4847 rum
2258 4807 2585 4863 accurrens,
2615 4793 2998 4866 frequentare,
3030 4795 3328 4850 observare
3348 4808 3414 4849 ac
3431 4793 3757 4849 describere

2101 4881 2410 4952 satagebat.

2172 4971 2240 5024 Et
2269 4977 2420 5026 certe
2453 4972 2652 5026 mirari
2682 4972 2926 5028 subitad
2955 4972 3321 5042 archetypam
3354 4970 3513 5026 illam
3547 4971 3752 5026 seriem

2097 5071 2131 5112 a
2161 5059 2397 5115 Nicolao
2429 5062 2676 5131 posteris
2709 5061 3020 5116 indicatam
3050 5067 3321 5132 tanquam
3353 5059 3665 5129 exemplar,
3699 5066 3755 5116 et

2102 5147 2162 5202 in
2188 5148 2412 5204 duabus
2443 5150 2644 5206 saltem
2674 5150 2937 5206 basilicis
2983 5165 3164 5220 usque
3204 5151 3274 5206 ad
3316 5155 3538 5204 atatem
3587 5147 3752 5204 Pauli

2099 5237 2291 5305 quinti
2321 5239 2688 5306 superstitem
2720 5238 2869 5307 (nam
2898 5238 3016 5294 sola
3051 5237 3452 5293 Lateranensis
3482 5236 3752 5294 incendio

2097 5331 2436 5394 consumpta
2463 5325 2648 5382 fuerat
2670 5334 2797 5396 post
2825 5327 3147 5397 Nicolaum)
3178 5326 3377 5382 oculos
3403 5339 3598 5381 eorum
3634 5339 3748 5381 non

2097 5410 2279 5468 fuisse
2321 5427 2622 5469 conversos
2667 5415 2767 5485 qui
2813 5416 2882 5470 de
2933 5415 3221 5486 Catalogis
3268 5422 3323 5470 et
3371 5413 3751 5484 chronologia

2097 5503 2430 5569 pontiﬁcum
2462 5505 2724 5560 solliciti.
2753 5505 3077 5560 totcodices
3107 5504 3412 5559 etarchiva
3432 5503 3752 5559 consulue-

2097 5594 2252 5656 runt,
2303 5597 2366 5644 ut
2407 5593 2818 5661 antiquissima
2863 5599 3228 5647 monumenta
3259 5597 3312 5646 et
3355 5593 3600 5646 maxime
3647 5607 3750 5664 ge-

2094 5677 2277 5733 nuina
2309 5678 2645 5746 proferrent.
2680 5680 2968 5748 Quantum
2999 5679 3232 5749 assequi
3257 5680 3585 5736 meditando
3609 5693 3750 5750 pos—
