3924 6440
355 337 509 397 1135

1521 331 1936 392 ANASTASII
1979 331 2605 392 BlBLlO'l‘HECAItII

3625 331 3783 392 1136

353 473 569 525 nostris
597 467 866 524 Ecclesize
899 465 1200 520 recondita
1222 468 1522 519 tenetur...
1550 463 1902 518 Prmnomina

355 546 550 591 autem
587 540 874 591 Fulradns
905 537 1252 591 venerabilis
1275 536 1478 591 abbas.
1504 540 1562 590 ct
1587 536 1887 591 nrosbvtcs

2236 463 2467 518 andum.
2494 484 2521 511 ι»
2551 463 2612 519 In
2647 461 2894 589 epistola
2922 464 2958 518 5
2986 479 2998 518 :
3025 485 3052 512 ‹‹
3087 463 3358 520 Ριιωειιιίθ
3401 479 3538 591 ergo
3569 463 3785 537 populo

2236 535 2539 590 iltomano
2599 535 2676 589 mi
2729 535 2742 588 i
2785 552 2817 589 a
2862 535 2978 590 Deo
3029 535 3412 591 commisso...
3505 537 3785 591 ummodo

355 546 550 597 autem
587 540 874 595 Fulradus
905 537 1252 592 venerabilis
1275 536 1478 601 abbas,
1504 540 1562 590 ct
1587 536 1887 607 presbytcs
1912 537 2014 590 Ita-

355 613 719 676 venuatium,
746 616 938 682 partes
963 627 1095 682 cum
1121 607 1584 682 niissisjam_l'ati
1612 607 1834 682 Aistulli
1866 609 2018 676 regis

361 678 822 756 conjungcus,'et
845 699 946 752 per
963 678 1587 756 singulasingrediens
1610 679 1873 756 civitates
1899 685 2018 734 tam

365 750 743 827 Pentapoleos
778 750 954 824 quam
989 757 1044 806 et
1067 750 1338 827 ζἘωὶὶίίῄ
1371 767 1588 827 easque
1621 750 1927 827 recipiens,
1965 757 2022 805 et

362 821 597 883 obsides
620 842 722 896 per
736 821 1214 948 unamquamque
1234 823 1523 888 auferens,
1541 826 1715 903 atque
1739 821 2020 893 primates

363 915 561 948 secum
594 913 713 948 una
741 912 874 948 cum
907 911 935 948 c
965 895 1170 948 avibus
1201 899 1502 948 portarum
1537 893 1836 948 civntatum
1870 893 2020 947 defe-

363 915 561 954 sccum
594 893 713 952 una
741 912 874 952 cum
907 893 1170 950 clavibus
1201 899 1502 965 portarum
1537 893 1836 948 civitatum
1870 893 2022 947 defe-

364 986 518 1034 rens,
546 969 789 1023 Romam
819 966 1141 1038 conjunxit.
1161 963 1229 1021 Et
1259 966 1419 1036 ipsas
1453 963 1642 1038 claves
1664 968 1842 1032 (nam.
1867 966 2016 1038 254),

363 1046 484 1096 tam
510 1036 940 1095 Ravennatium'
969 1037 1153 1101 urbis,
1175 1053 1474 1108 quamque
1494 1037 1854 1092 diversarum
1883 1036 2020 1090 civi-

361 1116 549 1166 tatum
583 1111 769 1182 ipsius
793 1109 1225 1182 Itavennatium
1245 1109 1590 1164 cxarchatus
1613 1125 1730 1162 una
1761 1123 1893 1182 cum
1929 1124 2023 1182 su-

361 1177 692 1263 prascripta
738 1181 1054 1263 donatione
1085 1181 1154 1263 de
1179 1179 1263 1234 cis
1297 1199 1328 1234 a
1357 1197 1474 1262 suo.
1499 1196 1648 1263 ‘rege
1693 1181 1910 1263 emissa
1961 1177 2020 1263 in

361 1250 727 1310 confessione
759 1253 910 1308 beati
957 1251 1109 1306 Petri
1150 1268 1393 1324 ponens,
1427 1250 1613 1306 eidem
1649 1250 1942 1324 apostolo.
1967 1255 2024 1305 et

361 1326 491 1396 ejus
519 1325 736 1380 vicario
761 1322 1349 1396 sanctissiniopapaa,
1380 1327 1556 1396 atque
1587 1322 1863 1396 omnibus
1894 1323 2024 1396 ejus

361 1393 806 1453 successoribus
839 1393 1608 1467 pontiﬁcibusfpcrcnniter
1638 1393 2022 1467 possidendas

360 1473 538 1540 atque
569 1465 964 1540 disponendas
995 1466 1255 1540 tradidit.
1275 1465 1305 1516 Ξ»
1333 1466 1615 1540 Recenset
1655 1465 1865 1520 deinde
1897 1465 2023 1540 sin—

360 1485 538 1594 atque
569 1485 964 1540 msponenaas
995 1485 1255 1522 tradidit.
1278 1489 1305 1516 »
1333 1485 1615 1521 necensct
1655 1485 1865 1520 deinde
1897 1485 2023 1519 sin—

360 1555 438 1611 gu
467 1540 612 1595 atim
643 1541 820 1595 urbes
844 1555 992 1611 quas
1015 1539 1251 1611 nomine
1285 1537 1440 1611 regis
1469 1536 2025 1611 perpetuumpossi-

362 1607 590 1666 dcndas
647 1615 821 1681 atque
867 1607 1266 1680 disponendas
1317 1607 1596 1663 Romanis
1645 1607 2025 1679 pontiﬁcibus

363 1683 547 1738 abbas
571 1682 856 1738 Fulradus
879 1683 1033 1750 regis
1055 1681 1274 1736 missus
1295 1681 1592 1752 Stephano
1617 1697 1801 1752 papm,
1819 1695 2021 1752 earum

363 1753 554 1810 claves
584 1753 1004 1834 consignando,
1039 1751 1559 1834 tradiditnntilluin
1611 1751 1898 1834 superjis
1944 1767 2027 1834 re-

2127 552 2243 589 meo
2277 535 2539 590 Romano
2599 535 2742 589 mihi
2785 552 2817 589 a
2862 535 2978 590 Deo
3029 535 3412 592 commisso...
3463 535 3788 591 dummodo

2127 625 2305 661 nu'unz
2340 606 2692 678 peculiarem
2729 607 3036 678 populum,
3059 613 3112 662 et
3147 609 3471 662 Romanam
3502 625 3682 663 meum
3719 608 3792 661 ci-

2129 679 2436 734 vitatem...
2465 701 2493 726 »
2519 679 2626 752 Qui
2662 678 2936 749 loquendi
2966 679 3178 752 modus
3209 679 3445 752 evidens
3476 696 3794 752 argumenf

2128 753 2255 822 tum
2289 755 2376 804 est
2407 765 2522 804 non
2551 749 2836 814 alienatae,
2863 754 2965 805 aut
2987 749 3181 805 divisa:
3205 749 3664 822 jurisdictionis,
3690 750 3792 806 sed

2128 820 2354 891 integre
2386 838 2419 875 a
2451 837 2602 892 papa
2635 825 2870 875 retenta:
2911 838 3144 892 semper
3172 820 3228 877 et
3269 828 3644 878 conservataz.
3680 822 3795 877 Sed

2128 898 2185 948 et
2217 893 2328 965 ipsi
2362 891 2542 965 primi
2567 892 2826 965 Francici
2853 891 3233 965 imperatores
3257 893 3325 965 de
3347 893 3530 965 tutela
3550 893 3796 965 quidem

2129 968 2185 1019 et
2207 963 2543 1018 defensione
2567 969 2782 1018 sanctae
2808 963 3081 1020 Romanae
3107 963 3372 1019 Ecclesia:
3395 964 3455 1020 in
3489 963 3636 1020 actis
3669 964 3798 1020 suis

2130 1034 2312 1108 locuti
2332 1039 2500 1108 sunt,
2527 1052 2834 1108 nunquam
2856 1052 2990 1091 vero
3021 1037 3093 1092 de
3115 1035 3236 1108 rsibi
3260 1053 3293 1091 a
3315 1036 3482 1108 papis
3513 1051 3800 1092 concessa

2122 1107 2541 1178 jurisdictione
2583 1107 2639 1161 in
2675 1107 2912 1170 Urbem,
2945 1113 3047 1162 aut
3095 1107 3407 1163 ducatum’
3436 1107 3797 1164 Romanum.

2131 1177 2374 1262 garolus
2407 1178 2767 1262 Magnushiln
2802 1178 3088 1262 divisione
3129 1178 3220 1235 sui
3261 1178 3421 1262 r‘egni
3457 1180 3608 1262 facta
3639 1179 3802 1262 inter

2133 1249 2287 1304 ﬁlios
2309 1266 2448 1322 suos
2471 1249 2625 1322 anno
2645 1249 2869 1314 806,ait
2893 1267 2941 1305 :«
2969 1252 3156 1322 Super
3178 1249 3378 1306 omnia
3406 1255 3600 1306 autem
3625 1252 3802 1322 jube-

2131 1337 2267 1376 mus
2299 1326 2364 1376 ut
2392 1321 2501 1392 ipsi
2534 1326 2654 1375 tres
2689 1321 3128 1392 fratrescuram
3171 1327 3226 1377 et
3257 1321 3659 1379 defensionem
3693 1323 3802 1378 Ec-

2132 1393 2321 1466 clesia:
2345 1391 2530 1447 sancti
2557 1393 2710 1466 Petri
2741 1391 2917 1466 simul
2947 1393 3298 1466 suscipiant,
3323 1394 3475 1466 sicut
3495 1393 3802 1466 quondam

2133 1465 2206 1519 ab
2239 1480 2343 1519 avo
2393 1470 2591 1538 nostro
2628 1464 2853 1534 Carolo,
2873 1468 2930 1520 et
2978 1464 3158 1520 beatae
3203 1464 3802 1538 memoria—Pippino

2133 1552 2288 1608 rege,
2313 1539 2369 1608 et
2391 1552 2424 1589 a
2447 1535 2616 1608 nobis
2642 1542 2864 1608 postea,
2885 1541 3162 1608 suscepta
3183 1541 3300 1603 est;
3325 1541 3382 1592 et
3409 1541 3477 1592 ut
3497 1535 3633 1592 eam
3659 1535 3803 1594 cum

2133 1607 2234 1661 Dei
2268 1606 2562 1676 adjutorio
2611 1606 2683 1663 ab
2745 1607 3016 1663 hostibus
3065 1606 3382 1664 defendere
3429 1608 3723 1676 nitantur,
3749 1614 3806 1664 et

2127 1677 2423 1752 justitiam
2457 1695 2652 1752 suam,
2674 1684 2967 1752 quantum
2991 1679 3061 1734 ad
3088 1680 3247 1752 ipsos
3268 1679 3538 1752 pertinet,
3557 1685 3619 1752 et
3650 1679 3804 1752 ratio

2133 1699 2423 1750 JUSllllﬂIIl
2457 1699 2650 1743 suam,
2674 1699 2967 1750 quantum
2991 1699 3061 1734 au
3088 1699 3100 1733 Ι
3151 1699 3247 1735 SOS
3268 1699 3538 1752 pertinet,
3563 1699 3619 1734 et.
3650 1699 3804 1735 rauo

2133 1749 2536 1822 postulaverit,
2563 1749 2777 1822 habere
2796 1751 3082 1822 faciant.»
3109 1699 3180 1807 Et
3205 1752 3532 1807 Ludovicus
3555 1751 3717 1818 Pius,
3741 1751 3804 1806 in

365 1843 604 1906 servans
635 1821 986 1906 dominium,
1020 1829 1122 1906 aut
1172 1824 1425 1906 speciem
1476 1821 1742 1906 dominii,
1770 1822 2026 1906 siveju-
2056 1840 2105 1906 Β
2136 1821 2419 1906 divisione
2452 1821 2669 1892 pariter
2716 1821 2826 1906 sui
2861 1822 3252 1906 regni_,-qua’m
3302 1823 3573 1906 Baluzius
3621 1824 3807 1906 refcrt

365 1896 448 1953 ris
479 1897 832 1969 cujuspiam,
856 1893 998 1969 regi,
1023 1893 1355 1969 sedomnia
1391 1896 1530 1964 jura
1559 1900 1734 1966 atque
1759 1893 2028 1969 justitias

365 1964 614 2035 donaris,
641 1964 744 2024 seu
775 1964 970 2024 verius
1011 1967 1348 2033 restituens,
1379 1971 1548 2021 Petro
1581 1964 2026 2022 etsuCcessori-

363 2041 478 2096 bus
509 2041 685 2095 Petri.

439 2111 586 2184 Quid
619 2110 826 2184 plura?
845 2110 1258 2184 SiStopbanus
1281 2109 1634 2184 conferendo
1656 2106 2026 2184 patriciatum

368 2179 867 2264 PippinoIaliqiiod
889 2179 1086 2264 illijus
1099 2180 1446 2264 cgptiilissct
1463 2181 1518 2264 in
1536 2179 2024 2264 urbem-Romam,

367 2251 671 2334 in'litteris
703 2251 1081 2334 adcumdem
1128 2253 1438 2334 Pippinum
1473 2252 1627 2334 datis
1666 2251 2027 2334 potuissctne

368 2325 626 2398 amplius
659 2332 723 2381 ut
753 2326 826 2380 iis
871 2325 1130 2398 vocibus,
1157 2323 1214 2378 ct
1237 2323 1551 2398 'tcrminis,
1583 2323 1800 2394 quibus
1849 2327 2026 2398 testa-

365 2393 492 2453 tum
526 2399 740 2452 faceret
787 2413 963 2451 suum
997 2395 1234 2466 plenum
1267 2393 1615 2448 dominium’
1649 2409 1826 2466 super
1875 2393 2026 2466 Urbe

363 2485 658 2539 superque
689 2469 914 2522 civibus
964 2464 1280 2520 Romanis?
1313 2467 1380 2539 Et
1410 2469 1604 2539 tamen
1663 2464 2025 2539 loquitur_de

365 2535 674 2611 republica
709 2539 1106 2611 Romanorum
1149 2537 1369 2611 sua,de
1401 2535 1616 2611 populo
1658 2551 1784 2601 suo,
1810 2535 1879 2588 de
1915 2535 2024 2588 Ro-

363 2607 542 2666 mana
571 2609 801 2664 civitate
833 2624 960 2664 sua.
988 2608 1048 2662 In
1083 2607 1256 2678 epist.
1287 2609 1322 2660 3
1360 2623 1426 2661 :«
1461 2607 1724 2661 Cunctus
1769 2621 2026 2678 namque

363 2687 546 2737 noster
562 2678 814 2752 populus
831 2677 1161 2752 reipublicae
1183 2679 1577 2752 Romanorum
1599 2695 1813 2752 magno
1829 2677 2026 2732 dolore

367 2756 424 2808 et
439 2748 829 2806 amarissimis
854 2748 1126 2820 lacrymis
1145 2767 1262 2803 una
1279 2749 1586 2820 nobiscum
1605 2749 1676 2803 tri
1689 2748 1928 2803 hulantu
1941 2766 2023 2801 r.»

367 2823 434 2880 In
463 2821 635 2894 epist.
663 2823 696 2877 4
729 2839 790 2876 τα
818 2819 1093 2894 Sanctam
1144 2820 1245 2876 Dei
1300 2819 1618 2894 Ecclesium
1671 2824 1736 2894 et
1776 2828 2027 2875 nostr-um

373 2890 771 2951 Romanorum
803 2892 1136 2966 reipublicae
1159 2891 1441 2964 populum
1469 2890 1878 2948 commisimus
1899 2907 2028 2964 pro-

2140 1899 2258 1948 tom
2287 1894 2330 1947 Ι.
2359 1891 2520 1965 Cap.,
2546 1909 2700 1966 anno
2723 1896 2847 1966 837,
2871 1891 3067 1966 inquit
3089 1891 3106 1949 Ξ
3130 1917 3156 1944 ‹‹
3183 1895 3373 1966 Super
3400 1894 3599 1950 omnia
3619 1894 3804 1965 jube—

2140 1981 2294 2029 mus,
2321 1963 2496 2035 atque
2519 1965 2915 2037 prmeipimus,
2935 1963 3000 2020 ut
3018 1963 3131 2037 ipsi
3151 1963 3497 2024 trcs't'ratres
3517 1963 3722 2022 curam
3749 1970 3808 2022 et

2138 2035 2534 2110 defensionem
2562 2035 2826 2092 Ecclesia:
2849 2035 3210 2092 sancti—Petri
3225 2037 3412 2110 simul
3445 2037 3804 2110 suscipiant,

2139 2107 2294 2190 sicut
2309 2107 2941 2190 'quondam-aiproavo
2981 2113 3180 2190 nostro
3213 2109 3443 2190 Carolo,
3469 2115 3526 2165 ct
3555 2107 3807 2190 avonc-

2139 2183 2262 2260 stro
2309 2179 2656 2260 Pippino,ct
2708 2179 2885 2260 beata:
2934 2181 3240 2260 memoriae
3279 2179 3484 2237 Carolo
3533 2179 3808 2260 genitore

2138 2255 2338 2328 nostro
2373 2252 2740 2328 imperatore,
2763 2255 2822 2305 et
2854 2252 3086 2328 arnobis
3120 2257 3621 2328 posteasuscepta
3651 2256 3809 2328 est.»

2141 2323 2268 2395 tlzec
2295 2321 2366 2395 de
2395 2321 2791 2395 Romanorum
2819 2321 3346 2395 patriciamputavi
3367 2342 3402 2380 a
3424 2321 3813 2395 mc'breviter

2137 2393 2197 2447 in
2232 2393 2386 2448 notis
2419 2393 2487 2446 ad
2524 2393 2712 2446 Vitam
2737 2393 3017 2464 Stephani
3039 2393 3400 2450 disserenda.
3426 2395 3530 2460 Qui
3566 2394 3810 2450 uberio-

2137 2480 2259 2546 rem
2318 2465 2585 2546 notitiam
2620 2464 2863 2546 cupiat,
2897 2466 3068 2519 adeat
3124 2467 3436 2546 egregium
3476 2470 3810 2546 tractatum

2133 2535 2678 2615 Ile/“ensz'oﬁrrlcsia’
2711 2535 2934 2615 ΡῙιινίιιιη
2992 2535 3178 2606 supra
3221 2535 3533 2615 Canuleium
3587 2537 3812 2615 inscri-

2134 2611 2325 2674 ptum,
2351 2606 2449 2660 ubi
2486 2605 2864 2660 doctissimus
2925 2605 3146 2670 auctor,
3183 2611 3240 2660 et
3287 2624 3400 2662 non
3460 2612 3700 2663 tantum
3739 2609 3812 2664 de

2135 2677 2401 2732 Romana
2450 2676 2706 2731 Ecclesia
2737 2693 2914 2747 quam
2941 2678 3012 2731 de
3061 2677 3331 2733 universa
3391 2694 3450 2733 re
3507 2677 3814 2735 litteraria

2135 2747 2355 2823 Optime
2377 2748 2643 2823 meritus,
2670 2747 2776 2802 hoc
2799 2748 2954 2823 idem
2977 2755 3390 2823 argumentum
3413 2749 3541 2822 jam
3562 2750 3808 2822 pridem

2134 2835 2238 2893 pro
2270 2819 2554 2892 dignitate
2585 2818 2917 2875 illustravit.

1557 3289 1758 3360 XCV.
1818 3287 2204 3362 SANCTUS
2257 3289 2606 3362 PAULUS.

1261 3483 1427 3530 anno
1471 3483 1716 3529 cuals'ri
1761 3469 1900 3544 747,
1952 3481 2352 3529 CONSTANTINI
2397 3481 2734 3528 cornonrm
2781 3467 2880 3526 17.

617 3824 779 3880 ιω
839 3819 1096 3891 Paulus,
1155 3817 1411 3878 natione
1474 3819 1818 3889 Romanus,
1874 3835 1949 3878 ex
2010 3821 2190 3896 patre
2242 3815 2680 3890 Constantino,
2739 3814 2900 3876 sedit
2953 3831 3154 3876 annos
3203 3815 3446 3892 decem,
3508 3835 3797 3882 mensem

539 3944 759 3986 unum.
821 3925 934 3985 llic
988 3925 1068 3986 ab
1126 3924 1383 3985 ineunte
1440 3929 1625 3984 {etate
1676 3923 1740 3984 in
1800 3922 2207 3986 Lateranensi
2255 3921 2640 4003 patriarcbio
2693 3941 2833 3982 cum
2890 3923 3146 4002 proprio
3178 3923 3436 3986 ’seniore
3483 3943 3799 4004 germano

536 4031 885 4112 Stephano,
943 4031 1402 4111 praedecessore
1458 4029 1597 4108 ejus
1651 4030 1968 4109 pontiﬁce,
2032 4047 2145 4110 pro
2200 4028 2552 4090 eruditione
2611 4028 3046 4090 ecclesiastica:
3115 4029 3464 4110 disciplinae
3525 4033 3800 4094 traditus

537 4144 632 4200 est
687 4137 1079 4218 temporibus
1133 4137 1351 4198 domui
1423 4136 1706 4216 Gregorii
1783 4136 2042 4198 secundi
2109 4135 2385 4214 junioris
2461 4134 2814 4216 pontiﬁcis;
2879 4141 2941 4197 et
2999 4136 3402 4216 postmodum
3461 4156 3500 4198 a
3553 4137 3799 4202 domno

451 4249 488 4307 5
531 4245 836 4307 Zacharia
895 4245 1257 4306 beatissimo
1318 4263 1487 4324 papa
1540 4243 1604 4302 in
1663 4243 1935 4305 diaconii
1994 4243 2216 4304 ordine
2273 4243 2514 4324 pariter
2569 4261 2713 4303 cum
2773 4243 3053 4304 aulefato
3110 4261 3224 4304 suo
3285 4263 3588 4323 germano
3639 4265 3797 4308 con-

535 4358 816 4414 sccratus
872 4359 987 4412 cst.
1048 4354 1204 4412 Nam
1265 4352 1413 4411 dum
1470 4351 1667 4412 isdem
1723 4349 1858 4430 ejus
1930 4369 2272 4430 germanus
2341 4356 2403 4412 et
2483 4356 2842 4411 antecessor
2919 4351 3208 4429 pontifex
3287 4351 3368 4412 ad
3440 4357 3797 4414 extremum

531 4460 920 4541 pertingcrct
973 4459 1140 4531 vitas,
1198 4458 1365 4519 illico
1425 4465 1486 4519 et
1547 4457 1818 4539 populus
1873 4476 2017 4519 cum
2077 4477 2152 4518 co
2211 4458 2402 4538 hujus
2461 4460 2760 4518 Romanae
2839 4456 3011 4517 urbis
3089 4457 3324 4518 divisus
3382 4462 3496 4530 est,
3557 4464 3622 4520 et
3689 4459 3800 4520 alii

531 4585 672 4628 cum
731 4565 1210 4645 Thcopbylacto
1285 4564 1728 4626 archidiacono
1787 4570 2094 4638 tenentes,
2150 4564 2217 4625 in
2296 4565 2431 4643 ejus
2511 4565 2700 4625 domo
2777 4563 3145 4643 congregati
3226 4563 3604 4628 residebant.
3676 4566 3800 4628 Alii

536 4686 684 4735 vero
745 4672 947 4762 cidem
1007 4673 1370 4734 beatissimo
1421 4671 1893 4733 concordabant
1947 4671 2144 4733 Paulo
2202 4671 2504 4744 Diacono,
2571 4671 2844 4750 plurima
2909 4689 3055 4750 pars
3104 4669 3395 4750 judicum
3454 4676 3516 4733 et
3571 4672 3800 4752 populi

413 4784 489 4844 10
532 4799 673 4842 cum
734 4800 808 4840 eo
867 4784 1173 4853 tenentes,
1236 4797 1427 4859 quam
1483 4797 1626 4839 cum
1685 4778 1985 4858 praedicto
2043 4777 2522 4858 TheOphylacto
2579 4776 3048 4839 archidiacono.
3101 4778 3242 4858 Ipse
3315 4797 3464 4840 vero
3531 4779 3798 4840 sanctis-

537 4888 733 4949 simus
781 4887 874 4946 vir
942 4905 1344 4966 nequaquam
1402 4905 1441 4946 a
1502 4887 1905 4947 Lateranensi
1982 4885 2369 4966 patriarcbio
2448 4885 2723 4959 recessit,
2787 4884 2895 4944 sed
2975 4901 3118 4945 cum
3196 4886 3437 4946 caeteris
3505 4886 3799 4948 ﬁdelibus

530 5014 644 5056 suo
703 4994 1037 5074 mgrotanti
1094 5011 1400 5071 germano
1457 5000 1519 5054 et
1573 4992 2018 5072 praedecessori
2075 4992 2360 5073 pontifici
2419 4997 2897 5072 perseveranter
2947 4991 3398 5053 famulabatur.
3453 4995 3613 5054 Dum
3647 5012 3796 5055 vero

529 5104 605 5161 de
667 5102 784 5162 hac
843 5101 970 5162 vita
1029 5101 1365 5180 praedictus
1413 5099 1550 5179 ejus
1603 5119 1947 5179 germanus
2001 5106 2064 5161 et
2122 5101 2553 5180 praedecessor
2611 5099 2897 5179 pontifex
2959 5099 3313 5178 migrasset,
3375 5117 3575 5180 eoque
3652 5117 3796 5161 cum

527 5208 769 5286 ingenti
826 5208 1067 5268 honore
1126 5208 1186 5267 in
1249 5207 1507 5268 basilica
1577 5207 1745 5268 beati
1811 5207 1983 5268 Petri
2055 5205 2324 5287 sepulto,
2391 5206 2690 5268 continuo
2765 5205 2986 5266 eadem
3066 5207 3286 5286 populi
3357 5207 3795 5286 congregatio,

408 5315 484 5373 15
527 5334 670 5393 quae
727 5334 868 5374 cum
930 5315 1230 5393 saepelato
1291 5315 1650 5376 beatissimo
1710 5315 1910 5376 Paulo
1968 5321 2118 5376 tunc
2177 5315 2446 5376 diacono
2505 5313 2784 5386 tenebat,
2847 5313 3149 5394 quoniam
3207 5311 3478 5375 validior
3545 5320 3609 5375 et
3667 5313 3797 5376 for-

529 5420 654 5482 tior
709 5427 866 5494 erat,
927 5439 1069 5481 cum
1157 5421 1218 5481 in
1309 5421 1712 5501 pontiﬁcatus
1787 5422 2036 5484 culmen
2123 5423 2474 5502 elegerunt.
2534 5421 2687 5481 Post
2759 5419 2892 5481 haac
2971 5419 3039 5481 bi
3114 5423 3224 5500 qui
3308 5439 3452 5482 cum
3529 5422 3796 5500 praefato

532 5527 980 5588 archidiacono
1037 5529 1365 5606 aggregati
1423 5534 1626 5601 erant,
1688 5528 1953 5606 dispersi
2010 5536 2178 5590 sunt.
2240 5532 2318 5590 Et
2373 5528 2460 5590 ita
2517 5530 2648 5588 Deo
2708 5534 3031 5588 annuente
3099 5527 3298 5588 isdem
3365 5527 3799 5589 sanctissimus

527 5631 622 5691 vir
676 5633 743 5692 in
802 5632 1216 5711 apostolicam
1275 5635 1446 5696 beati
1503 5635 1671 5696 Petri
1727 5636 2216 5698 sacratissimam
2275 5636 2486 5697 sedem
2548 5637 2949 5696 consecratus
3007 5635 3292 5716 pontifex
3351 5639 3470 5697 est.

611 5759 778 5812 ,δε
823 5754 965 5814 Fuit
1018 5763 1229 5852 autem
1289 5757 1682 5840 temporibus
1733 5759 2131 5820 Constantini
2200 5765 2264 5822 et
2333 5761 2559 5822 Leonis
2632 5759 3115 5842 imperatorum.
3174 5759 3327 5821 Erat
3398 5757 3568 5821 enim
3629 5757 3798 5821 mitis

533 5857 722 5932 atque
784 5855 962 5916 valde
1023 5861 1395 5936 misericors,
1463 5863 1620 5926 nulli
1679 5881 1958 5944 unquam
2018 5865 2252 5927 malum
2311 5884 2426 5946 pro
2486 5865 2655 5928 malo
2733 5864 3026 5928 reddens.
3085 5866 3166 5928 Et
3239 5864 3294 5927 si
3359 5882 3476 5946 pro
3551 5863 3797 5928 modico
