3924 6390
127 358 293 422 1137
931 361 1299 424 HISTORIA
1349 364 1451 426 DE
1494 364 1697 426 VITIS
1745 366 1932 427 ROM.
1983 367 2296 428 PONT.-—
2330 369 2395 429 S.
2442 370 2774 433 PAULUS.
3404 372 3557 433 1138

299 510 692 574 quemquam
751 512 864 575 per
920 494 1169 575 iniquos
1227 498 1557 560 statellites
1634 500 1976 561 tribulabat
2050 502 2112 562 in
2191 504 2479 584 proximo
2556 505 2661 585 (a),
2722 511 2932 566 tamen
3014 505 3248 585 pietate
3326 514 3557 580 motus,

299 601 755 663 consolationis
835 603 940 664 ille
1027 604 1339 666 inferebat
1433 607 1947 667 misericordiam.
2012 610 2144 681 llic,
2217 618 2286 670 ut
2368 612 2545 671 multi
2633 612 2840 672 testati
2925 619 3096 685 sunt,
3187 618 3369 674 nocte
3452 631 3564 694 per

214 710 256 769 5
300 709 713 788 semetipsum
775 711 968 771 cellas
1026 730 1382 791 pauperum
1442 714 1839 774 infirmorum
1904 716 2385 795 perjacentium,
2446 719 2556 798 qui
2608 738 2681 779 ex
2732 721 2858 779 suis
2941 738 3342 799 nequaquam
3404 719 3566 781 valc~

294 816 452 877 bant
534 816 802 890 lectulis,
869 836 1115 879 necnon
1188 826 1251 880 et
1326 820 1600 881 aliorum
1688 822 1949 900 inopum
2034 843 2175 883 cum
2256 826 2384 885 suis
2469 826 2883 885 familiaribus
2969 828 3170 886 noctis
3256 827 3563 889 circuibat

298 923 575 997 silentio,
637 924 1023 1003 amplissime
1074 924 1198 985 illis
1256 926 1625 987 ministrans
1684 930 2050 989 alimoniam
2123 936 2313 1009 atque
2387 933 2645 991 subsidii
2696 932 2973 992 inferens
3046 952 3252 1011 opem.
3316 934 3439 995 Sed
3498 940 3563 996 et

295 1048 582 1090 carceres
644 1036 832 1110 atque
886 1031 1013 1092 alia
1070 1032 1348 1094 claustra
1406 1053 1518 1113 per
1576 1035 1796 1096 eadem
1858 1036 2135 1097 noctium
2195 1045 2435 1098 secreta
2495 1039 2811 1109 visitabat,
2871 1046 2933 1099 et
2989 1039 3041 1098 si
3108 1058 3268 1118 quos
3324 1040 3558 1101 ibidem

297 1136 718 1199 conveniebat
773 1145 1066 1210 retrusos,
1133 1157 1171 1199 a
1232 1141 1450 1201 mortis
1509 1161 1725 1202 emens
1786 1138 2090 1222 periculo,
2151 1144 2383 1204 liberos
2436 1145 2525 1205 ire
2599 1146 2945 1206 relaxabat.
3006 1146 3127 1207 Sed
3213 1152 3274 1206 et
3349 1147 3560 1226 plures

174 1243 253 1303 10
295 1244 430 1323 qui,
492 1243 718 1305 debitis
774 1245 1040 1324 obligati
1095 1252 1285 1325 atque
1345 1249 1591 1320 afflicti,
1648 1268 1686 1310 a
1742 1250 1871 1309 suis
1931 1252 2392 1313 feneratoribus
2467 1253 3013 1332 opprimebantur,
3099 1252 3344 1313 reddito
3417 1253 3554 1333 ipso

297 1350 535 1423 debito,
596 1368 634 1411 a
683 1349 844 1429 jugo
902 1352 1253 1412 redimebat
1326 1354 1563 1413 servitii
1626 1372 1639 1414 :
1704 1355 1907 1416 viduis
1984 1364 2048 1417 et
2125 1359 2383 1438 pUpillis
2457 1360 2877 1439 omnibusque
2962 1359 3290 1439 egentibus
3366 1376 3554 1439 opem

300 1457 548 1529 ferens;
611 1456 987 1517 fortissimus
1062 1460 1227 1519 enim
1306 1467 1442 1520 erat
1520 1461 1892 1522 orthodoxae
1973 1464 2116 1524 fidei
2188 1466 2502 1526 defensor.
2565 1467 2743 1527 Unde
2822 1466 3049 1545 saepius
3102 1485 3261 1533 ,suos
3337 1466 3557 1527 missos

296 1581 441 1624 cum
502 1564 862 1643 apostolicis
919 1565 1365 1625 obsecratoriis
1416 1572 1604 1646 atque
1664 1567 2101 1630 admonitoriis
2183 1571 2404 1631 litteris
2467 1572 2746 1651 praefatis
2799 1573 3206 1632 Constantino
3251 1578 3312 1633 et
3366 1572 3561 1634 Leoni

295 1671 596 1749 Augustis
672 1670 901 1731 direxit
979 1692 1091 1751 pro
1161 1674 1564 1733 restituendis
1631 1676 2205 1756 confirmandisque
2282 1679 2342 1738 in
2431 1679 2763 1758 pristinum
2842 1680 3263 1739 venerationis
3325 1685 3553 1739 statum

174 1778 253 1836 15
301 1777 744 1837 sacratissimis
801 1778 1184 1856 imaginibus
1238 1781 1511 1840 Domiui‘
1550 1782 1656 1841 Dei
1710 1788 1772 1842 et
1827 1784 2172 1844 Salvatoris
2236 1786 2434 1845 nostri
2515 1787 2661 1847 Jesu
2722 1786 2947 1846 Christi
3006 1791 3365 1865 sanetaeque
3422 1785 3559 1864 ejus

301 1883 639 1946 Genitricis
694 1889 883 1964 atque
940 1885 1271 1948 beatorum
1325 1889 1754 1966 apostolorum
1804 1891 2215 1971 omniumque
2262 1898 2626 1952 sanctorum
2689 1892 3170 1972 prophetarum,
3208 1897 3553 1972 martyrum

302 1996 368 2052 et
423 1990 873 2052 confessorum.

391 2128 554 2187 ιω
597 2123 712 2184 Hic
770 2124 937 2186 enim
998 2124 1397 2186 beatissimus
1454 2124 1734 2205 pontifex
1793 2146 1936 2188 cum
1996 2130 2289 2190 omnibus
2338 2130 2775 2210 spiritualibus
2831 2131 2961 2191 suis
3008 2130 3231 2191 studiis
3263 2149 3554 2209 magnam

302 2229 743 2291 sollicitudinis
798 2249 1014 2292 curam
1074 2250 1225 2311 erga
1280 2239 1499 2293 sancta
1556 2235 1916 2295 ccemeteria
1972 2235 2403 2296 indesinenter
2459 2237 2738 2316 gerebat.
2788 2238 2967 2299 Unde
3040 2256 3303 2298 cernens
3360 2237 3558 2316 pluri-

314 2354 421 2397 ma
505 2338 870 2399 eorumdem
951 2346 1313 2400 sanctorum
1399 2340 1903 2400 cmmeteriorum
1987 2342 2124 2403 loca
2212 2343 2519 2423 neglecta,
2609 2362 2681 2404 ac
2765 2343 3075 2404 desideria
3166 2341 3562 2422 antiquitatis

311 2443 593 2503 maxima
648 2444 1080 2519 demolitione,
1142 2453 1333 2526 atque
1378 2446 1513 2524 jam
1575 2447 1779 2507 vicina
1830 2448 2029 2508 ruinae
2086 2450 2309 2529 posita,
2377 2450 2661 2529 protinus
2709 2451 2927 2511 eadem
3006 2457 3369 2510 sanctorum
3426 2467 3563 2508 cor-

226 2551 265 2610 5
308 2569 470 2631 pora
524 2550 602 2612 de
660 2550 811 2631 ipsis
868 2552 1091 2612 dirutis
1143 2553 1406 2613 abstulit
1469 2553 1867 2615 cmmeteriis.
1929 2556 2078 2626 Quae
2138 2574 2279 2615 cum
2352 2556 2606 2636 hymnis
2682 2561 2745 2617 et
2804 2556 3065 2619 canticis
3122 2554 3554 2635 spiritualibus

306 2656 477 2716 infra
534 2657 699 2717 hanc
755 2658 1071 2719 civitatem
1134 2661 1482 2719 Romanam
1544 2660 1971 2733 introducens,
2033 2662 2160 2722 alia
2217 2681 2437 2722 eorum
2498 2682 2608 2743 per
2664 2663 2881 2723 titulos
2938 2682 3009 2722 ac
3066 2662 3390 2723 diaconias
3449 2680 3559 2721 s-‘u

310 2764 695 2824 monasteria
751 2770 807 2825 et
868 2764 1141 2845 reliquas
1199 2766 1493 2826 ecclesias
1545 2785 1689 2826 cum
1742 2768 2112 2828 condecenti
2169 2769 2410 2829 studuit
2460 2770 2714 2830 recondi
2773 2769 3034 2830 honore.

395 2904 569 2958 ιω
619 2898 732 2958 Hic
789 2900 1221 2960 sanctissimus
1262 2899 1492 2979 praesul
1544 2899 1606 2960 in
1666 2919 1781 2960 sua
1838 2901 2093 2980 propria
2151 2902 2342 2963 domo
2418 2903 2868 2964 monasterium
2930 2920 2968 2962 a
3022 2900 3448 2962 fundamentis
3504 2899 3569 2960 in

311 3003 556 3064 honore
613 3006 815 3065 sancti
873 3005 1204 3085 Stephani,
1266 3006 1502 3067 scilicet
1559 3007 1854 3086 martyris
1911 3014 2101 3086 atque
2160 3009 2495 3086 pontificis,
2559 3026 2802 3068 necnon
2882 3013 2945 3067 et
3020 3007 3183 3067 beati
3258 3004 3561 3077 Silvestri,

308 3110 459 3171 item
521 3112 832 3189 pontificis
876 3117 938 3172 et
980 3113 1354 3173 confessoris
1397 3113 1648 3186 Christi,
1697 3113 2068 3186 construxit,
2120 3113 2227 3173 ubi
2276 3119 2338 3175 et
2400 3113 2726 3174 oraculum
2772 3114 2837 3173 in
2904 3113 3334 3192 superioribus
3391 3112 3561 3189 ejus-

311 3216 456 3276 dem
516 3218 883 3278 monasterii
941 3219 1189 3279 mceniis
1248 3219 1586 3292 aedificans,
1657 3238 1875 3279 eorum
1940 3238 2208 3298 corpora
2278 3238 2511 3298 magna
2580 3238 2725 3279 cum
2791 3219 3193 3279 veneratione
3258 3216 3562 3278 condidit.

223 3325 262 3384 5
308 3324 484 3384 Infra
528 3324 803 3385 claustra
846 3343 994 3386 vero
1038 3324 1233 3404 ipsius
1278 3325 1644 3386 monasterii
1703 3325 2029 3386 ecclesiam
2088 3325 2261 3386 mirae
2308 3326 2793 3405 pulchritudinis
2835 3344 2873 3386 a
2916 3324 3341 3385 fundamentis
3388 3322 3563 3384 novi-

313 3435 409 3490 ter
452 3431 822 3490 construxit.
873 3432 1073 3503 Quam
1134 3431 1376 3492 musivo
1421 3438 1485 3492 et
1530 3432 1948 3491 marmoribus
1992 3432 2320 3505 decorans,
2370 3439 2433 3492 et
2476 3451 2727 3493 omnem
2773 3432 2897 3492 illis
2953 3436 3248 3491 ornatum
3300 3430 3364 3489 in
3409 3448 3564 3490 auro

312 3542 703 3615 argentoque
748 3547 811 3597 et
852 3537 1114 3599 diversis
1157 3538 1486 3617 speciebus
1528 3537 1828 3615 largiens,
1875 3538 1983 3598 sed
2027 3545 2089 3597 et
2132 3538 2439 3598 cibarium
2501 3538 2733 3598 ibidem
2795 3558 2871 3598 ex
2932 3543 3194 3615 argento
3256 3536 3562 3595 librarum

310 3644 484 3715 fecit,
530 3643 784 3722 illicque
854 3634 1842 3704 innumerabiliumsanctorum
1902 3662 2191 3724 corpora,
2239 3664 2379 3723 quas
2444 3644 2520 3704 de
2586 3646 2864 3723 praefatis
2924 3642 3240 3704 demolitis
3309 3641 3571 3702 abstulit

312 3750 712 3823 cmmeteriis,
764 3750 1041 3812 maximo
1087 3751 1513 3811 venerationis
1558 3751 1841 3810 condidit
1885 3752 2137 3811 affectu.
2184 3754 2253 3811 ln
2298 3751 2518 3811 eodem
2565 3752 2800 3830 quippe
2856 3750 3236 3811 monasterio
3296 3748 3568 3829 plurima

190 3860 271 3918 10
312 3856 585 3917 contulit
626 3857 866 3936 praedia
909 3864 971 3917 et
1016 3858 1441 3937 possessiones
1485 3875 1558 3917 ac
1602 3859 1741 3917 loca
1788 3857 2031 3917 urbana
2093 3856 2191 3917 vel
2240 3859 2492 3930 rustica,
2545 3858 2863 3937 superflue
2922 3864 3113 3937 atque
3171 3856 3571 3917 abundanter

312 3964 526 4024 ditans
570 3983 725 4025 auro
770 3970 832 4025 et
872 3971 1137 4043 argento
1181 3964 1447 4043 aliisque
1492 3983 1703 4024 rerum
1755 3964 2083 4043 speciebus
2144 3970 2207 4025 et
2268 3966 2561 4025 omnibus
2628 3965 3028 4037 utilitatibus,
3082 3964 3189 4024 ubi
3251 3970 3314 4023 et
3355 3981 3573 4024 mona-

316 4070 586 4131 chorum
659 4072 1214 4151 congregationem
1290 4077 1682 4143 construens,
1752 4073 1982 4131 Graecae
2047 4070 2496 4132 modulationis
2567 4071 2935 4151 psalmodize
3004 4070 3365 4131 ccenobium
3438 4087 3571 4129 esse

316 4177 619 4251 decrevit,
666 4182 856 4257 atque
920 4181 1046 4239 Deo
1131 4183 1350 4238 nostro
1437 4178 1859 4256 omnipotenti
1943 4183 2005 4238 et
2064 4178 2358 4238 omnibus
2434 4178 2666 4239 ibidem
2732 4176 3269 4256 requiescentibus
3337 4174 3572 4236 sanctis

317 4285 570 4363 magnis
670 4286 786 4345 sub
921 4285 1473 4346 interdictionibus
1574 4284 1791 4345 sedule
1893 4303 1966 4345 ac
2049 4285 2479 4346 indesinenter
2575 4285 2792 4346 laudes
2893 4284 3112 4346 statuit
3205 4283 3568 4363 persolven-

193 4392 273 4453 15
318 4390 455 4453 das.

402 4532 563 4585 eos
616 4524 731 4586 Hic
774 4524 1212 4591 fecitnoviter
1274 4524 1599 4586 ecclesiam
1662 4524 1830 4585 infra
1874 4524 2037 4585 hanc
2080 4524 2395 4585 civitatem
2460 4527 2806 4585 Romanam
2871 4523 2935 4582 in
2991 4522 3095 4583 via
3155 4539 3320 4594 acra,
3387 4519 3576 4599 juxta

321 4631 634 4711 templum
680 4631 954 4705 Romuli,
1004 4633 1069 4691 in
1114 4632 1355 4693 honore
1399 4638 1766 4692 sanctorum
1811 4631 2238 4711 apostolorum
2298 4632 2466 4692 Petri
2507 4638 2568 4691 et
2630 4630 2831 4703 Pauli,
2881 4630 2990 4690 ubi
3050 4629 3168 4708 ipsi
3229 4625 3575 4688 beatissimi

323 4738 644 4819 principes
692 4738 1151 4817 apostolorum,
1200 4745 1483 4818 tempore
1528 4757 1652 4818 quo
1717 4757 1829 4818 pro
1898 4737 2127 4798 Christi
2188 4738 2443 4798 nomine
2501 4737 2800 4816 martyrio
2863 4736 3147 4796 coronati
3206 4739 3372 4805 sunt,
3421 4733 3572 4792 dum

326 4846 732 4924 Redemptori
777 4851 993 4907 nostro
1041 4845 1381 4906 funderent
1424 4864 1659 4924 preces,
1710 4846 1967 4924 propria
2010 4863 2217 4923 genua
2260 4845 2509 4905 ﬂectere
2548 4834 2663 4904 visi
2706 4849 2873 4903 sunt.
2920 4844 2988 4902 In
3035 4861 3161 4920 quo
3203 4840 3342 4901 loco
3375 4858 3572 4918 usque

160 4962 173 4973 '
233 4955 274 5013 5
326 4952 633 5012 hactenus
682 4970 901 5012 eorum
950 4970 1160 5029 genua
1204 4971 1317 5031 pro
1364 4952 1723 5012 testimonio
1767 4951 1973 5012 omnis
2020 4951 2081 5010 in
2132 4956 2449 5030 postremo
2506 4956 2790 5012 venturas
2840 4946 3262 5029 generationis
3303 4946 3368 5005 in
3413 4963 3573 5024 quo-

324 5059 474 5119 dam
523 5057 862 5119 fortissimo
905 5059 1079 5119 silice
1124 5058 1272 5119 licet
1316 5078 1450 5119 esse
1494 5064 1844 5119 noscuntur
1886 5058 2237 5136 designata.
2289 5060 2445 5118 Nam
2491 5065 2553 5117 et
2596 5058 2757 5118 infra
2818 5056 3142 5118 ecclesiam
3189 5052 3359 5113 beati
3406 5049 3577 5111 Petri

324 5165 590 5246 apostoli
637 5166 791 5226 foris
837 5184 1049 5226 muros
1089 5166 1282 5244 hujus
1326 5165 1596 5226 civitatis
1642 5167 1943 5225 Romanae
1991 5165 2235 5225 noviter
2278 5166 2603 5224 oraculum
2652 5164 2727 5245 (b)
2778 5166 2840 5223 in
2900 5163 3140 5223 honore
3183 5166 3418 5221 sanctae
3464 5158 3577 5218 Dei

326 5272 663 5335 Genitricis
705 5273 1080 5346 construxit,
1119 5273 1304 5350 juxta
1347 5272 1695 5333 oratorium
1753 5272 1953 5331 sancti
2002 5272 2223 5332 Leonis
2268 5292 2468 5351 papae,
2519 5292 2697 5332 secus
2764 5273 2923 5331 fores
2987 5268 3280 5328 introitus
3342 5270 3577 5325 sanetae

322 5380 687 5441 Petronillze
714 5385 905 5458 atque
950 5380 1119 5440 beati
1160 5378 1427 5439 Andreae
1474 5378 1742 5458 apostoli
1790 5379 2032 5439 musivo
2078 5384 2140 5438 et
2185 5377 2447 5437 diversis
2494 5377 2763 5437 metallis
2786 5397 2925 5437 eum
2954 5376 3314 5436 adormans.
3366 5371 3486 5434 Ubi
3517 5377 3580 5432 et

201 5489 283 5548 10
328 5487 605 5565 efﬁgiem
640 5491 874 5547 sanctae
916 5487 1031 5548 Dei
1074 5486 1411 5548 Genitricis
1455 5486 1517 5545 in
1562 5490 1771 5545 statua
1814 5505 1889 5546 ex
1935 5492 2199 5562 argento
2243 5486 2569 5557 deaurato,
2603 5505 2743 5564 quae
2793 5490 3013 5563 pensat
3058 5483 3251 5542 libras
3296 5486 3574 5552 centum,

1363 5718 1615 5762 NOTULE
1657 5718 1740 5761 MA
1751 5717 2039 5761 RGINALES
2084 5717 2396 5762 FABROTTI.

234 5898 313 5972 (α)
347 5899 411 5954 Β.
446 5895 757 5953 tribulatos
788 5897 1080 5953 audiebat.
1160 5897 1236 5969 (ὁ)
1267 5897 1591 5966 oraculum,
1628 5897 1682 5953 id
1711 5906 1787 5953 est
1818 5897 2155 5952 oratorium.
