3924 6412
309 351 461 417 1151
1465 362 1850 425 ANASTASI

2183 367 2436 430 THECA
2451 368 2580 431 RII.
3579 375 3642 435 Η
3656 372 3730 447 52

451 486 674 545 dicium
706 489 915 546 ducem
949 489 1410 564 Spoletinum,ut
1438 511 1535 551 eos
1566 501 1729 554 trans
1762 499 1986 556 Padum
2018 502 2089 557 ad
2126 501 2493 559 Desiderium
2526 520 2702 560 suum
2730 503 3068 561 deduxisset
3096 520 3292 579 regem
3318 505 3732 579 Longobardo-

378 586 425 643 5
454 604 608 655 rum,
634 588 884 645 nitentes
914 590 987 646 ob
1019 589 1128 646 hoc
1162 593 1623 665 redemptionem
1656 603 1870 654 sancta:
1906 600 2000 656 Dei
2038 600 2301 657 Ecclesia:
2333 603 2628 674 perficere.
2663 604 2894 675 Eosque
2924 604 3078 660 idem
3111 603 3448 676 Spoletinus
3489 604 3610 660 dux
3660 606 3734 663 ad

453 703 626 741 suum
661 688 983 758 deportavit
1015 707 1229 762 regem.
1265 693 1333 747 Et
1363 694 1504 749 dum
1537 696 1665 766 ejus
1699 698 2005 754 obtutibus
2036 700 2368 771 praasentati
2397 701 2666 769 fuissent,
2701 702 2910 758 obnixe
2956 703 3229 758 eumdem
3280 719 3476 776 regem
3528 703 3733 777 depre-

453 784 565 840 cati
595 790 734 841 sunt
764 787 892 857 ejus
922 787 1207 845 auxilium
1239 790 1417 847 tribui
1450 798 1516 848 ut
1545 793 1681 850 talis
1714 796 1991 853 novitatis
2021 815 2182 853 error
2212 800 2284 855 ab
2317 798 2576 857 Ecclesia
2607 800 2706 856 Dei
2743 805 3169 873 amputaretur.
3205 801 3358 857 Dum
3406 818 3542 857 vero
3592 820 3735 876 prae-

454 882 793 939 nominatus
824 884 1279 959 Christophorus
1310 890 1680 963 primicerius
1710 897 1767 949 et
1798 895 2038 968 Sergius
2068 897 2196 969 ejus
2244 896 2403 954 ﬁlius
2452 899 2605 971 apud
2657 899 2965 973 praefatum
3015 899 3461 955 demorarcntur
3510 917 3732 973 regem,

454 981 589 1037 fecit
616 982 931 1055 praedictus
962 985 1742 1062 Constantinus,apostolicm
1767 995 1922 1051 sedis
1951 995 2203 1064 invasor,
2238 997 2668 1054 ordinationem
2702 999 3177 1071 presbyterorum
3210 1016 3315 1056 seu
3329 999 3735 1067 diaconorum,

451 1080 820 1150 presbyteros
850 1088 1000 1150 octo,
1036 1085 1313 1145 diaconos
1344 1095 1619 1163 quatuor,
1652 1094 1752 1148 sed
1786 1098 1842 1149 et
1872 1094 2161 1167 episcopis
2193 1094 2251 1150 in
2282 1094 2469 1166 ipsius
2501 1097 2640 1153 anni
2667 1096 2884 1153 circulo
2916 1102 2973 1153 et
3003 1097 3180 1153 unius
3212 1097 3435 1153 mensis
3464 1097 3599 1153 fecit
3632 1115 3739 1171 per

453 1177 679 1234 diversa
713 1178 842 1238 loca
867 1200 1112 1240 numero
1144 1192 1293 1243 octo.

527 1277 675 1333 207
710 1282 783 1348 (a)
815 1281 1161 1341 Antedictus
1189 1304 1321 1343 vero
1354 1288 1635 1363 Georgius
1669 1291 2106 1359 Praenestimus,
2138 1293 2238 1365 qui
2265 1309 2399 1349 eum
2432 1294 2736 1350 diaconem
2770 1299 2826 1349 et
2853 1294 3195 1367 pontiﬁcem
3224 1291 3734 1358 consecravit,uon

450 1379 583 1445 post
632 1376 850 1434 multos
901 1380 1027 1437 dies
1074 1386 1530 1442 consecrationis
1578 1388 1769 1460 ipsius
1812 1389 2201 1458 Constantini,
2232 1391 2429 1447 valida
2474 1409 2542 1448 ac
2593 1391 2850 1464 pessima
2878 1391 3226 1465 aegritudine
3267 1395 3737 1463 praeoccupatus,

453 1471 775 1531 immobilis
807 1476 995 1534 factus
1023 1485 1130 1549 est,
1164 1486 1222 1538 et
1251 1486 1626 1556 postmodum
1657 1486 1975 1543 missarum
2014 1489 2301 1545 solemnia
2348 1507 2723 1563 nequaquam
2767 1489 3099 1546 celebravit.
3133 1490 3276 1561 Ejus
3325 1487 3483 1544 enim
3534 1488 3743 1544 dextra

456 1586 670 1627 manus
699 1575 855 1630 aruit
882 1581 1059 1649 atque
1086 1584 1384 1637 contracta
1411 1584 1633 1650 est.Qui
1665 1586 1843 1641 etiam
1875 1604 1981 1642 nec
2011 1588 2083 1643 ad
2117 1605 2182 1643 os
2215 1605 2388 1644 suum
2422 1590 2627 1644 afferre
2657 1587 3079 1660 valuit,sicque
3109 1591 3370 1642 tremens
3384 1590 3439 1642 et
3452 1585 3743 1659 languens

378 1669 416 1724 5
453 1668 631 1726 vitam
666 1672 873 1729 finivit.
907 1676 1057 1731 Dum
1081 1695 1213 1734 vero
1246 1679 1367 1736 haec
1399 1685 2168 1756 agerentur,conjuuxerunt
2198 1686 2489 1741 antefatus
2521 1686 2978 1759 ChristOphorus
3008 1691 3065 1741 et
3095 1684 3411 1758 Sergiusin
3444 1683 3742 1739 civitatem

455 1766 762 1825 Reatinam
794 1772 1045 1828 absoluti
1080 1791 1114 1830 a
1144 1778 1660 1850 Langobardorum
1693 1797 1846 1855 rege.
1879 1783 1949 1837 Et
1976 1783 2371 1855 praecedentes
2403 1783 2643 1855 Sergius
2692 1788 2747 1838 et
2792 1781 3196 1855 Waldipertus
3244 1781 3549 1854 presbyter
3596 1797 3738 1835 cum

456 1864 719 1924 Reatinis
749 1875 803 1924 et
834 1871 1174 1929 Forconinis
1207 1879 1381 1948 atque
1406 1876 1539 1935 aliis
1573 1880 1975 1953 Longobardis
2008 1880 2256 1936 ducatus
2286 1878 2590 1953 Spoletini,
2624 1882 3056 1952 conjunxerunt
3086 1878 3302 1946 subito,
3324 1895 3389 1934 ac
3421 1882 3657 1950 repente
3681 1877 3744 1932 in

456 1962 608 2019 hanc
638 1964 963 2024 Romanam
997 1971 1201 2027 urbem
1230 1973 1509 2031 vicesima
1538 1981 1740 2033 octava
1768 1977 1861 2033 die
1908 1977 2050 2033 Julii
2094 1978 2336 2047 mensis,
2370 1978 2574 2035 indict.
2608 1984 2791 2047 sexta,
2823 1995 3061 2051 vespere
3109 1976 3169 2033 in
3218 1976 3345 2051 ipso
3394 1974 3746 2049 crepusculo

456 2061 666 2129 noctis,
699 2063 898 2138 vigilia
927 2066 1233 2126 beatorum
1265 2077 1590 2145 martyrum
1623 2075 1819 2132 Abdou
1853 2079 1912 2131 et
1943 2076 2195 2143 Sennen,
2230 2081 2584 2150 occupantes
2616 2081 2852 2150 pontem
2885 2075 3198 2132 Salarium.

529 2161 682 2218 268
714 2162 843 2219 Alia
870 2180 1005 2221 vero
1038 2166 1131 2224 die
1158 2169 1510 2230 transientes
1534 2190 1637 2246 per
1666 2177 1904 2245 pontem
1944 2173 2210 2230 Milvium
2260 2181 2548 2232 venerunt
2592 2177 2665 2232 ad
2717 2180 2945 2249 portam
2994 2176 3150 2233 beati
3199 2174 3374 2245 Petri,
3423 2178 3481 2231 et
3528 2172 3747 2228 deinde

457 2264 765 2331 pergentes
794 2263 1412 2339 appropinquaverunt
1440 2271 1511 2326 ad
1545 2275 1774 2343 portam
1803 2271 1958 2327 beati
1989 2272 2560 2341 Pancratii.Quidam
2590 2291 2724 2331 vero
2738 2272 3051 2347 propinqui
3056 2275 3187 2345 jam
3215 2270 3318 2328 fati
3335 2269 3747 2342 Christophori

458 2372 524 2412 ac
556 2356 742 2431 Sergii
775 2359 965 2433 ipsam
997 2367 1229 2435 portam
1259 2367 1635 2425 observantes
1664 2385 1732 2425 ac
1761 2370 2488 2438 custodientes,cernentes
2517 2370 2714 2444 ipsum
2747 2371 3016 2444 Sergium
3071 2371 3146 2426 ad
3199 2370 3470 2428 eamdem
3512 2372 3748 2441 portam

458 2455 987 2529 appropinquasse,
1021 2467 1361 2519 annuerunt
1388 2465 1439 2520 ei
1470 2470 1527 2521 et
1557 2465 1825 2538 protinus
1853 2466 2046 2540 ipsam
2076 2474 2436 2541 aperuerunt
2467 2474 2718 2542 portam.
2755 2468 2967 2540 Sicque
2987 2469 3115 2540 jam
3166 2469 3359 2523 dictus
3407 2466 3648 2537 Sergius
3693 2469 3758 2521 et

385 2551 422 2606 5
459 2550 856 2625 Waldipertus
884 2574 1019 2612 cum
1055 2560 1454 2633 Longobardis
1486 2562 1812 2619 Romanam
1840 2565 2046 2621 urbem
2077 2564 2328 2639 ingressi
2361 2570 2522 2634 sunt,
2542 2571 2600 2620 et
2628 2584 2733 2639 per
2761 2583 2962 2621 muros
2994 2564 3245 2620 civitatis
3276 2579 3409 2618 cum
3442 2561 3763 2618 ﬂammula

457 2651 874 2722 ascendebant,
906 2660 1234 2714 metuentes
1265 2659 1595 2717 Romanum
1628 2661 1936 2734 populum,
1968 2667 2025 2718 et
2055 2680 2429 2736 nequaquam
2461 2664 2531 2719 de
2562 2663 2849 2736 genuculo
2882 2663 2993 2736 ipsi
3029 2659 3396 2735 Longobardi
3442 2658 3570 2715 ausi
3604 2664 3763 2716 sunt

405 2774 414 2783 -
460 2749 835 2822 descendere,
869 2753 966 2809 sed
1002 2771 1136 2810 cum
1170 2756 1353 2813 nimio
1385 2762 1636 2816 tremore
1665 2759 1884 2816 ibidem
1912 2761 2285 2819 assistebant.

532 2847 686 2904 209
718 2848 837 2905 Hoc
866 2868 999 2908 vero
1032 2853 1277 2912 audiens
1309 2857 1453 2913 Toto
1484 2861 1542 2913 et
1566 2857 1840 2915 Passivus
1869 2859 2133 2932 germani
2165 2860 2396 2930 fratres,
2430 2859 2767 2933 ignorantes
2798 2859 3103 2934 ingenium
3143 2862 3201 2914 et
3248 2856 3452 2913 dolum
3501 2856 3659 2929 quod
3699 2843 3763 2911 ei

460 2945 788 3018 proditores
818 2948 1098 3021 inierunt,
1129 2960 1555 3012 concurrerunt
1585 2973 1719 3012 cum
1753 2957 2074 3029 aliquantis
2122 2959 2190 3014 ad
2222 2959 2564 3031 prazdictam
2596 2962 2848 3031 portam,
2883 2975 3020 3014 cum
3052 2956 3270 3029 quibus
3310 2959 3369 3012 et
3422 2953 3757 3012 Demetrius

460 3045 901 3104 secundicerius
929 3066 1031 3106 seu
1060 3051 1365 3109 Gratiosus
1389 3058 1531 3110 tunc
1562 3054 2367 3128 chartularius,postmodum
2400 3055 3146 3130 dux,properaverunt,qui
3177 3058 3238 3110 et
3266 3052 3378 3126 ipsi
3407 3052 3467 3109 in
3499 3051 3753 3109 consilio

461 3147 628 3199 erant
655 3161 790 3202 cum
821 3147 1078 3219 prmfatis
1109 3149 1552 3209 uefandissimis
1582 3153 2079 3226 proditoribus.Et
2109 3155 2655 3229 apprOpinquantes
2686 3156 2759 3211 ad
2792 3155 3029 3211 eosdem
3052 3149 3755 3227 Langobardos,obviavit

388 3241 427 3297 5
462 3241 672 3299 Totoni
705 3244 840 3300 duci
871 3262 940 3302 ex
970 3247 1192 3305 eisdem
1225 3250 1648 3325 Longobardis,
1692 3252 1795 3325 qui
1843 3252 2092 3311 bellator
2133 3271 2250 3327 pres
2297 3253 2574 3310 omnibus
2621 3252 2958 3326 apparebat,
2994 3251 3341 3323 Racipertus
3392 3248 3653 3313 nomine,
3691 3250 3755 3303 et

462 3339 751 3413 impetum
782 3343 919 3400 fecit
947 3362 1127 3419 super
1154 3349 1429 3406 eumdem
1462 3351 1767 3417 Totonem,
1800 3368 1979 3424 super
2006 3369 2184 3426 quem
2214 3352 2403 3408 isdem
2433 3352 2580 3408 Toto
2612 3352 2864 3418 irruens,
2901 3355 3078 3422 atque
3108 3348 3332 3405 fortiter
3384 3346 3750 3420 percutiens,

464 3456 600 3496 eum
632 3441 941 3499 interfecit.
976 3445 1139 3511 Quod
1160 3447 1513 3519 aspicientes
1544 3448 1933 3522 Longobardi,
1967 3451 2027 3506 in
2060 3451 2259 3524 fugam
2309 3450 2571 3507 conversi
2622 3448 2962 3506 nitebantur
2986 3448 3246 3514 evadere,
3279 3446 3380 3501 sed
3414 3442 3753 3501 Demetrius

463 3539 900 3599 secundicerius
932 3547 990 3599 et
1015 3543 1320 3601 Gratiosus
1351 3551 1486 3619 post
1516 3551 1745 3621 tergum
1777 3550 2103 3621 supradicti
2134 3549 2377 3606 Totonis
2408 3548 2755 3605 assistentes
2780 3564 2916 3604 eum
2947 3547 3007 3602 in
3055 3546 3297 3602 dorsum
3344 3542 3565 3599 lanceis
3614 3559 3752 3615 per-

465 3626 776 3707 cutientes,
811 3640 896 3696 sic
929 3641 1211 3699 adversus
1241 3660 1377 3699 cum
1408 3645 1838 3717 praevaluerunt
1858 3650 2037 3720 atque
2066 3646 2506 3703 interfecerunt.
2542 3645 2815 3701 Passivus
2861 3660 2995 3701 vero
3045 3644 3104 3700 in
3156 3643 3548 3700 Lateranense
3597 3640 3753 3715 fugit

361 3735 428 3789 10
465 3735 909 3807 patriarchium,
944 3739 1305 3796 annuntians
1333 3758 1439 3796 suo
1470 3758 1748 3814 germano
1781 3743 2160 3800 Constantino
2192 3761 2321 3816 qua:
2352 3748 2516 3817 gesta
2543 3743 2793 3798 fuerant.

538 3834 694 3889 210
724 3834 842 3890 Hoc
872 3852 1005 3891 vero
1037 3837 1235 3893 audito
1266 3839 1495 3912 aufugit
1527 3840 1713 3897 isdem
1745 3841 2168 3898 Constantinus
2202 3859 2336 3898 cum
2371 3840 2771 3915 suprascripto
2805 3820 3037 3897 Passivo
3068 3842 3125 3894 et
3154 3837 3458 3895 Theodoro
3475 3836 3752 3909 episcopo

467 3932 525 3985 et
548 3927 911 3989 vicedomino
945 3951 1051 3990 suo
1084 3934 1143 3990 in
1172 3935 1473 3992 basilicam
1508 3936 1845 4006 Salvatoris,
1879 3943 1936 3995 et
1968 3939 2391 3996 descendentes
2420 3939 2492 3995 ad
2526 3939 2746 3994 fontem
2779 3938 2838 3992 in
2870 3936 3175 3994 ecclesiam
3228 3933 3416 3992 sancti
3454 3933 3753 4001 Venautii,

468 4026 902 4101 aliquantulum
933 4031 1154 4089 ibidem
1186 4035 1613 4103 resederunt,et
1641 4037 2082 4093 considerantes
2115 4037 2327 4095 melius
2359 4054 2422 4093 se
2452 4054 2623 4110 posse
2656 4035 2958 4110 salvari,iu
2975 4033 3316 4091 vestiarium
3334 4033 3750 4091 ascenderunt.

471 4125 595 4183 Huc
623 4126 782 4186 intus
814 4131 1135 4188 oratorium
1165 4132 1352 4188 sancti
1384 4132 1615 4189 Caesarii
1648 4134 2069 4207 ingredientes,
2100 4135 2436 4208 clausisque
2466 4152 2646 4209 super
2675 4151 2736 4191 se
2770 4133 2976 4206 januis
3022 4133 3242 4189 ibidem
3291 4131 3645 4188 residebant.
3682 4132 3756 4187 Et

395 4226 434 4282 5
467 4226 766 4284 venientes
796 4232 929 4301 post
958 4228 1295 4303 aliquautas
1326 4230 1502 4288 horas
1534 4231 1716 4304 hujus
1748 4233 2023 4290 Romana:
2057 4234 2282 4290 militiae
2304 4234 2560 4306 judices,
2595 4250 2692 4289 eos
2723 4249 2792 4289 ex
2822 4232 2950 4305 ipso
2989 4229 3242 4288 oratorio
3286 4229 3607 4300 sjicientes,
3640 4229 3753 4284 sub

469 4325 702 4381 cautela
725 4326 1084 4384 munierunt.
1118 4328 1240 4385 Alio
1271 4346 1405 4385 vero
1444 4330 1539 4386 die
1588 4330 1916 4399 Dominico,
1966 4349 2333 4406 congregans
2375 4330 2775 4405 Waldipertus
2824 4329 3146 4404 presbyter,
3196 4327 3503 4401 ignorante
3551 4331 3753 4383 autem

471 4423 746 4497 praadicto
780 4424 1001 4498 Sergio,
1036 4426 1372 4498 aliquantos
1405 4428 1720 4497 Romanos,
1752 4433 2179 4503 pergentesque
2210 4430 2268 4484 in
2300 4428 2724 4485 monasterium
2756 4427 2942 4483 sancti
2973 4426 3113 4498 Viti,
3144 4424 3517 4482 abstulerunt
3544 4424 3755 4480 exinde

474 4520 808 4595 Philippum
839 4524 1266 4595 presbyterum,
1298 4542 1475 4598 quem
1507 4525 1790 4599 eligentes
1821 4531 1878 4583 et
1907 4544 2044 4583 cum
2084 4527 2298 4601 gaudio
2345 4526 2585 4584 vocibus
2634 4524 3028 4583 acclamantes
3060 4540 3075 4580 :
3133 4522 3465 4595 Philippum
3514 4536 3753 4593 papam,

474 4625 715 4676 sanctus
747 4622 948 4678 Petrus
982 4620 1155 4695 elegit
1182 4640 1317 4679 eum
1352 4640 1366 4678 :
1400 4624 1461 4679 in
1496 4624 1803 4681 basilicam
1853 4623 2173 4682 Salvatoris
2225 4642 2387 4681 more
2434 4623 2604 4681 solito
2654 4624 3042 4680 deduxerunt.
3076 4620 3319 4694 Illicque
3367 4619 3629 4677 oratione
3679 4619 3755 4676 ab

370 4720 437 4774 10
473 4720 746 4794 episcopo
776 4719 915 4775 data
934 4719 1105 4792 juxta
1135 4721 1506 4795 antiquitatis
1537 4738 1760 4779 morem
1792 4723 2271 4796 tribuentemque
2301 4739 2505 4797 pacem
2519 4722 2871 4779 omnibusin
2895 4720 3286 4777 Lateranense
3309 4718 3759 4775 introduxerant

475 4817 917 4892 patriarchium.
950 4819 1018 4875 Et
1046 4818 1265 4876 ibidem
1292 4818 1564 4878 similiter
1592 4821 1651 4876 in
1684 4821 1828 4878 sella
1858 4821 2179 4894 pontiﬁcali
2212 4822 2445 4892 sedens,
2478 4820 2862 4893 tribuensque
2892 4819 3104 4887 denuo,
3133 4822 3199 4874 ut
3230 4834 3357 4873 mos
3383 4820 3491 4885 est,
3524 4831 3754 4888 pacem,

475 4917 740 4974 ascendit
766 4934 1005 4974 sursum
1034 4921 1092 4974 et
1120 4935 1410 4987 mensam,
1444 4922 1511 4974 ut
1539 4918 1799 4976 assolent
1816 4920 2146 4993 pontiﬁces,
2178 4919 2388 4989 tenuit,
2414 4919 2685 4977 sedentes
2717 4935 2854 4977 cum
2886 4934 2953 4974 eo
2984 4916 3271 4989 aliquanti
3303 4933 3372 4972 ex
3402 4913 3756 4988 primatibus

475 5014 745 5072 Esclesiaa
775 5020 833 5072 et
861 5016 1248 5089 optimatibus
1280 5016 1523 5072 militiae.

548 5115 695 5172 δτι
736 5115 868 5172 Post
897 5113 1207 5187 paululum
1237 5131 1373 5171 vero
1404 5115 1769 5188 conjungens
1799 5116 2003 5173 eodem
2035 5116 2128 5173 die
2160 5116 2472 5189 saapefatus
2504 5114 2963 5187 Christophorus
2996 5112 3387 5185 primicerius,
3407 5108 3758 5183 cognitaque

477 5230 658 5270 causa
685 5212 988 5275 electionis
1016 5213 1206 5287 ipsius
1236 5213 1511 5287 Philippi,
1547 5215 1701 5271 illico
1733 5214 1794 5271 in
1828 5232 2043 5289 magna
2072 5216 2395 5272 ascendens
2427 5215 2502 5287 (b)
2537 5214 3029 5287 irajurejurando
3042 5228 3240 5269 coram
3258 5210 3537 5268 omnibus
3551 5209 3760 5264 Roma-

481 5318 573 5372 nis
603 5316 1167 5384 afﬁrmabat,dicens
1197 5334 1259 5373 se
1291 5317 1537 5373 Romam
1570 5314 1811 5374 minime
1841 5317 2247 5392 ingressurum
2280 5332 2588 5389 quousque
2620 5316 2925 5390 Philippus
2951 5316 3255 5388 presbyter
3283 5315 3354 5370 de
3385 5308 3760 5369 Lateranensi

481 5412 760 5488 expulsus
780 5431 896 5470 non
928 5414 1138 5470 fuisset
1168 5414 1547 5488 patriarchio.
1581 5415 1747 5471 Tunc
1778 5432 2099 5488 properans
2127 5415 2457 5473 antedictus
2488 5414 2797 5472 Gratiosus
2829 5432 2962 5471 cum
2994 5412 3314 5486 aliquantis
3354 5408 3636 5467 Romanis
3666 5426 3760 5464 ex-

407 5509 445 5565 5
482 5511 758 5584 pulerunt
773 5514 900 5585 jam
933 5512 1157 5567 dictum
1193 5510 1523 5585 Philippum
1554 5512 1960 5586 presbyterum
1992 5515 2064 5570 de
2089 5514 2293 5570 eodem
2325 5513 2700 5587 patriarchio,
2735 5515 2835 5587 qui
2871 5517 2928 5569 et
2961 5530 3063 5585 per
3092 5511 3312 5568 scalam
3335 5526 3463 5583 quae
3497 5506 3659 5564 ducit
3688 5507 3758 5561 ad

483 5607 761 5666 balneum
791 5609 1175 5679 descendens,
1210 5626 1344 5665 cum
1366 5626 1581 5683 magna
1612 5610 1934 5667 reverentia
1965 5611 2036 5667 ad
2068 5628 2243 5668 suum
2289 5628 2556 5669 reversus
2604 5616 2693 5669 est
2741 5610 3189 5669 monasterium.
3224 5609 3437 5681 Sicque
3487 5605 3761 5679 prazfatus

1530 5780 1785 5826 NOTULJE
1827 5780 2211 5828 HARGINALES
2254 5783 2567 5829 FABROTTI.

415 5908 493 5987 (a)
522 5910 722 5964 Baron.
756 5924 890 5963 ann.
918 5907 1047 5960 767.
1122 5913 1203 5985 (b)
1233 5913 1716 5986 succensusﬁdel.
1751 5913 1832 5968 in.
