3950 6454
395 381 503 442 263

1197 381 1290 437 ΑΙ)
1326 377 1758 436 ANASTASIUM
1797 370 2311 432 PROLEGOMENA
2348 377 2526 432 EDIT.
2568 375 3006 435 ROM.-VATIC.

3701 381 3800 440 264

399 515 588 566 tutum
615 507 747 578 fuit,
777 523 844 561 ea:
871 507 1202 561 documentis
1223 507 1448 559 aliunde
1472 504 1818 569 ministratis,
1875 513 2039 569 quam
2072 499 2126 554 Α
2151 500 2346 556 dianis
2372 520 2387 571 ;
2435 520 2558 576 qua
2580 512 2764 564 tamen
2815 505 3074 561 fenestra
3119 505 3402 575 proximis
3451 503 3804 576 imaginibus

395 613 462 651 ea
474 597 605 658 loco,
633 597 728 650 ubi
739 601 845 650 tres
858 597 1104 664 proaime
1119 595 1468 662 gerebantur,
1493 593 1746 661 suﬂ'ragii
1756 603 2038 659 praeroga-

391 687 558 738 tivam
586 699 697 738 esse
719 699 879 752 penes
920 683 1082 750 illud,
1119 683 1275 750 cujus
1323 683 1534 734 auctori
1575 695 1741 732 causa
1777 678 2034 743 scientia,

381 773 588 840 peritia
615 772 936 840 disciplina,
969 787 1033 824 ac
1062 771 1307 824 studium
1330 770 1575 823 veritatis
1615 767 1932 835 facultatem
1953 765 2041 817 de-

389 859 531 912 derit
553 861 870 929 ampliorem
905 861 1157 927 temporis
1190 875 1253 912 ac
1294 873 1476 912 rerum
1515 853 2034 926 perquirendarum.

386 948 634 1003 Tandem
681 959 916 1002 numero
974 952 1169 1001 octavo
1213 947 1270 1001 id
1314 945 1658 1000 inferebam:
1709 942 2036 996 Consensum

380 1037 636 1105 plurium
664 1037 990 1104 scriptorum
1018 1035 1102 1088 uel
1123 1035 1582 1094 documentorum,
1624 1033 1732 1084 loco
1788 1046 1852 1083 ac
1901 1033 2031 1082 tem-

380 1140 514 1195 pore
546 1126 961 1192 proaimiorum,
1002 1125 1304 1192 praesertim
1345 1125 1394 1175 si
1433 1122 1659 1191 publica
1713 1119 2032 1172 auctoritate

385 1205 732 1264 muniantur,
754 1203 1021 1256 indicium
1040 1203 1348 1255 habendum
1377 1217 1490 1255 esse
1505 1202 1750 1254 veritatis
1767 1199 2034 1251 historica

386 1295 437 1345 et
457 1291 858 1358 chronologica.
1127 1291 1131 1294 ’

422 1376 481 1434 3.
516 1379 688 1433 Nemo
715 1391 828 1432 non
854 1376 1136 1447 intelliget
1169 1391 1274 1431 cur
1312 1375 1432 1431 hac
1479 1374 1839 1432 conditiones
1870 1386 2033 1443 qua—

385 1466 574 1522 renda
603 1463 822 1520 fuerint
852 1465 909 1519 in
939 1463 1237 1520 codicibus
1267 1463 1466 1530 italia,
1503 1461 1813 1532 prasertim
1845 1461 2032 1515 Roma

384 1553 862 1623 proximioribus,
887 1566 1130 1624 quorum
1163 1551 1454 1608 Farfensis
1477 1553 1714 1621 primus,
1761 1550 2032 1604 Cavensis

383 1641 550 1709 alter,
572 1643 872 1714 Bergomas
893 1643 1100 1698 tertius
1125 1641 1356 1696 vicinia
1379 1641 1550 1695 titulo
1577 1639 1769 1694 haberi
1801 1637 2028 1692 debent.

380 1729 821 1786 Considerabam
859 1731 1012 1785 enim
1052 1729 1440 1798 scriptoribus
1463 1735 1517 1783 et
1547 1726 1886 1782 custodibus
1933 1726 2035 1780 bi-

2151 593 2293 646 satis
2335 595 2580 651 vividam
2613 597 2794 652 lucem
2840 595 3226 660 distribuunt,
3259 593 3354 648 sed
3393 591 3800 648 remotioribus

2150 679 2592 750 languidiorem.
2643 685 2914 740 Pluribus
2935 685 3107 739 etiam
3163 683 3222 737 in
3256 681 3400 738 locis
3429 681 3482 736 ei
3530 680 3798 750 picturis,

2151 769 2464 835 prasertim
2506 771 2581 826 iis
2608 786 2733 842 qua
2758 772 3042 842 imagines
3069 770 3342 825 exhibent
3366 781 3399 823 a
3447 767 3614 822 beato
3639 769 3800 823 Petro

2148 857 2454 925 proximas,
2473 871 2620 928 aqua
2645 861 2920 929 depluens
2943 859 3082 915 olim
3106 871 3204 928 per
3239 858 3372 912 tecti
3395 861 3497 913 aut
3534 855 3805 911 fenestra-

2145 957 2271 998 rum
2330 945 2524 1012 rimas,
2568 949 2774 1004 vitium
2827 949 3148 1004 induxerat.
3176 951 3232 1002 et
3282 945 3472 1015 pulvis
3506 945 3802 1000 adharens

2143 1032 2417 1099 parietem
2439 1034 2517 1088 ita
2537 1040 2884 1101 contexerat,
2912 1041 2975 1090 ut
3002 1036 3214 1090 ductus
3241 1033 3567 1088 litterarum
3611 1037 3802 1088 essent

2143 1117 2336 1174 minus
2365 1121 2676 1177 manifesti.
2705 1121 2992 1178 Adversus
3017 1124 3159 1177 hanc
3187 1120 3588 1177 difﬁcultatem
3629 1132 3800 1186 aspe-

2141 1213 2270 1260 ctus
2295 1212 2352 1261 et
2375 1221 2638 1265 accessus
2655 1209 2821 1279 plura
2842 1210 3107 1265 subsidia
3127 1207 3583 1278 comparavimus
3623 1214 3800 1276 quot-

2142 1300 2284 1362 quot
2305 1307 2371 1348 ex
2395 1298 2662 1352 condicto
2703 1298 3076 1352 convenimus
3114 1309 3264 1352 anno
3296 1295 3583 1364 superiori
3636 1291 3796 1352 4720.

2141 1381 2348 1438 diebus
2381 1386 2692 1453 prasertim
2728 1383 2794 1440 12
2823 1385 3037 1452 Martii,
3071 1382 3141 1439 29
3178 1383 3400 1452 Aprilis
3428 1388 3484 1438 et
3535 1380 3600 1436 40
3634 1381 3798 1451 Maii,

2142 1472 2211 1526 ad
2267 1475 2746 1543 recognoscendas
2783 1473 3060 1544 imagines
3090 1477 3147 1527 et
3186 1473 3531 1543 epigraphes
3558 1471 3641 1525 ibi
3690 1471 3800 1526 de-

2145 1559 2346 1628 pictas.
2377 1563 2512 1616 Nam
2545 1561 2663 1617 sole
2683 1561 3010 1616 clarissimo
3031 1561 3183 1616 circa
3210 1561 3527 1627 meridiem,
3555 1566 3612 1614 et
3635 1559 3802 1613 horis

2142 1661 2175 1702 a
2209 1649 2446 1704 meridie
2467 1650 2744 1718 proximis
2770 1649 3067 1704 basilicam
3099 1649 3428 1704 illustrante
3453 1645 3801 1702 intendeba-

2145 1748 2272 1790 mus
2299 1737 2595 1792 oculorum
2637 1737 2840 1804 aciem,
2893 1749 3004 1791 non
3029 1735 3216 1791 solum
3247 1748 3310 1790 ea
3361 1735 3487 1790 luce
3515 1734 3796 1802 adjutam,

383 1818 798 1875 hliothecarum
837 1825 1007 1888 atque
1061 1817 1425 1873 archivorum
1470 1817 1658 1870 Roma
1709 1815 2033 1886 proximio-
2066 1809 2334 1878 Bverum
2367 1825 2538 1879 etiam
2586 1823 2744 1879 tubis
2777 1823 2988 1892 cpticis
3036 1827 3308 1878 armatam
3357 1823 3426 1877 ad
3468 1821 3796 1891 augendum

383 1923 532 1978 rum,
562 1909 917 1964 occasionem
941 1906 1120 1962 fuisse
1144 1913 1394 1975 paratam
1414 1905 1662 1961 adeundi
1705 1903 2035 1974 frequenter

379 1995 604 2064 Urbem,
635 2000 692 2050 et
733 1993 1062 2050 conferendi
1095 1995 1310 2063 sapius
1341 2008 1478 2048 suos
1506 1993 1808 2066 Catalogos
1837 1999 1892 2047 et
1921 1995 2034 2049 do—

379 2089 643 2138 cumenta
667 2083 1054 2154 chronOIOgia
1084 2083 1389 2152 pontiﬁcia
1424 2082 1680 2152 pr0priis
1710 2084 1767 2136 in
1801 2083 2036 2138 codici-

377 2170 487 2226 bus
516 2171 864 2240 consignata
895 2185 1024 2226 cum
1048 2171 1376 2240 arehetypis
1399 2171 1786 2225 monumentis
1823 2169 2036 2225 basili-

378 2271 574 2314 carum
604 2258 1077 2326 patriarchalium
1110 2259 1261 2314 intra
1291 2265 1348 2312 et
1366 2257 1518 2312 circa
1553 2257 1793 2327 Urbem;
1818 2257 1876 2312 in
1909 2256 2037 2327 qui-

377 2347 488 2402 bus
527 2346 791 2416 patebant
833 2347 1022 2402 oculis
1067 2346 1324 2402 omnium
1371 2347 1550 2402 series
1595 2353 1650 2400 et
1693 2345 2035 2416 epigraphes

378 2436 736 2505 pontiﬁcum,
795 2435 1101 2504 complexa
1146 2436 1474 2492 eorumdem
1529 2436 1924 2490 successiones
1969 2447 2035 2489 ac

379 2530 658 2592 tempora.
692 2525 953 2578 Eruditis
974 2530 1162 2579 autem
1181 2524 1327 2579 viris
1360 2523 1537 2578 maria
1572 2521 2034 2590 transmissuris,

379 2619 484 2668 aut
515 2617 730 2667 montes
761 2612 1140 2682 superaturis,
1172 2627 1238 2667 ac
1273 2613 1465 2681 plures
1495 2610 1818 2679 provincias
1865 2622 2035 2678 pera—

377 2700 657 2772 graturis,
687 2705 750 2756 ut
783 2701 838 2754 in
873 2700 1096 2756 Italiam
1123 2706 1178 2755 et
1220 2700 1443 2756 Latium
1491 2699 1716 2753 tandem
1768 2697 2035 2766 perveni—

376 2798 522 2858 rent,
579 2803 720 2845 rara
757 2791 1065 2845 admodum
1109 2790 1442 2844 occasiones
1487 2787 1872 2843 oﬁ‘erebantur
1912 2787 2031 2840 Ro—

376 2891 525 2934 mam
555 2878 924 2944 concedendi,
953 2882 1127 2948 atque
1151 2877 1244 2932 hic
1278 2889 1491 2932 moram
1521 2876 1859 2930 diuturnam
1904 2881 2030 2930 trao

379 2967 573 3036 hendi,
604 2973 665 3021 et
697 2967 1016 3022 necessaria
1041 2966 1120 3020 ita
1154 2965 1394 3034 parandi
1426 2965 1495 3019 ad
1526 2963 1782 3032 picturas
1811 2969 1868 3018 et
1891 2963 2023 3032 epi-

375 3056 618 3127 graphes
638 3055 948 3126 diligenter
977 3053 1371 3122 inspiciendas
1404 3053 1608 3108 iterato
1637 3051 2024 3122 experimento

374 3144 548 3214 (quod
583 3143 728 3198 mihi
752 3143 1136 3198 necessarium
1163 3139 1297 3208 fuit,
1331 3140 1468 3195 licet
1488 3140 1559 3195 ab
1585 3141 1755 3194 annis
1782 3140 2026 3210 triginta

374 3237 590 3302 septem
626 3233 684 3286 in
709 3231 854 3286 Urbe
879 3229 1154 3297 versanti,
1187 3235 1244 3284 et
1279 3229 1534 3297 cupienti
1561 3227 1712 3282 nihil
1758 3227 2026 3297 inexplo-

375 3329 562 3377 ratum
597 3321 923 3390 relinquere
950 3320 1008 3374 in
1032 3319 1110 3374 iis
1143 3333 1270 3388 qua
1312 3318 1492 3374 dubia
1540 3317 1936 3388 videbantur);
1965 3323 2028 3373 ut

373 3409 708 3477 monachus,
743 3407 988 3477 exempli
1017 3420 1214 3474 causa,
1244 3405 1491 3462 canobii
1521 3407 1580 3460 in
1613 3405 1800 3461 Gallia
1825 3407 1908 3462 vel
1963 3406 2024 3461 in

370 3498 668 3554 Britannia
699 3497 799 3552 siti
823 3497 1013 3551 eadem
1049 3493 1329 3550 facilitate
1353 3495 1548 3550 omnia
1592 3493 1839 3550 lustrare
1888 3508 2026 3564 pos—

369 3593 474 3655 set,
522 3599 632 3657 qua
679 3584 870 3655 potuit
919 3582 1232 3638 monachus
1285 3581 1530 3638 abbatia
1589 3580 1878 3638 Farfensis
1925 3587 2026 3637 aut

366 3675 659 3744 Cavensis,
692 3687 860 3745 quem
887 3671 1084 3728 studia
1113 3672 1430 3727 amicorum
1465 3668 1744 3740 omnium,
1769 3676 1825 3725 et
1860 3684 2025 3726 com-

373 3762 816 3832 provincialium
853 3761 1150 3832 iuvabant,
1202 3767 1267 3816 ut
1315 3773 1403 3816 me
1447 3761 1787 3830 adiuvarent.
1823 3759 1881 3814 in
1931 3759 2023 3814 his

373 3851 661 3907 morosius
683 3850 1086 3920 disquirendis
1106 3863 1172 3904 ac
1191 3849 1645 3921 distinguendis.

445 3939 617 3994 Nemo
677 3939 850 3993 etiam
905 3950 1016 3992 non
1062 3939 1333 3993 concedet
1376 3939 1676 3994 oculorum
1733 3935 2021 3992 fallaciam

373 4037 498 4079 esse
525 4023 875 4095 frequentem
909 4026 969 4080 in
1002 4026 1259 4081 numeris
1283 4027 1702 4091 describendis,
1737 4025 2024 4093 pracipue

373 4124 503 4167 cum
525 4125 593 4167 ex
619 4112 827 4168 humili
858 4113 1000 4180 loco,
1034 4127 1100 4169 ex
1125 4115 1446 4184 pavimento
1485 4114 1710 4169 scilicet
1743 4111 2020 4180 ecclesia,

376 4198 580 4268 hospes
607 4199 870 4256 observat
906 4202 1246 4273 epigraphes
1297 4206 1353 4255 et
1387 4200 1612 4256 litteras
1650 4209 2022 4250 numerorum

373 4289 614 4357 indices,
640 4290 981 4360 depictasin
1031 4290 1267 4348 editiori
1313 4289 1455 4349 loco,
1497 4297 1678 4355 eoque
1722 4294 1832 4336 non
1881 4283 2024 4338 satis

371 4378 546 4442 claro,
578 4380 716 4434 totis
738 4380 1006 4434 ducentis
1039 4381 1376 4449 plerumque
1402 4374 1610 4444 palmis
1643 4371 1796 4425 inter
1826 4371 2025 4440 pictu-

2143 1911 2416 1982 angulum
2442 1925 2474 1966 a
2503 1912 2744 1968 minutis
2762 1913 2935 1968 etiam
2973 1912 3234 1980 partibus
3266 1911 3472 1981 objecti
3525 1909 3801 1965 eﬁ'orma-

2143 2007 2288 2065 tum,
2344 2015 2458 2070 quo
2513 2000 2835 2056 evidentius
2885 2003 3330 2070 perciperentur.
3373 1997 3620 2054 Directis
3665 2009 3801 2052 vero

2145 2089 2414 2160 pluribus
2443 2088 2601 2144 tubis
2624 2089 2759 2144 hinc
2779 2091 3166 2157 inmusivum,
3196 2089 3251 2144 S.
3289 2088 3490 2144 Leonis
3525 2086 3716 2157 Magni
3737 2090 3796 2141 et

2145 2176 2412 2232 Placidia
2444 2177 2778 2233 nominibus
2812 2178 3182 2248 insignitum,
3227 2176 3358 2232 inde
3407 2177 3464 2229 in
3512 2173 3798 2228 historias

2142 2265 2362 2319 Veteris
2389 2265 2756 2333 Testamenti,
2807 2279 2983 2334 supra
3033 2265 3314 2335 imagines
3363 2263 3699 2333 pontiﬁcum
3740 2261 3799 2316 in

2145 2353 2363 2421 pariete
2391 2353 2636 2408 australi
2677 2353 2981 2421 coloratas,
3009 2359 3077 2408 ut
3099 2353 3313 2422 stylum
3349 2353 3586 2421 pictura
3622 2354 3806 2406 utm-

2145 2439 2320 2508 bique
2363 2439 2794 2494 observaremus
2850 2445 2908 2494 et
2953 2452 3434 2507 compararemus.
3484 2438 3804 2507 Perspicue

2144 2533 2333 2583 autem
2363 2527 2748 2596 comperimus
2780 2528 2974 2582 vultus
3003 2526 3210 2596 viginti
3231 2531 3480 2594 quatuor
3495 2527 3804 2581 seniorum

2143 2613 2580 2684 Apocalypseos,
2616 2615 2673 2668 in
2717 2614 2940 2670 musivo
2979 2614 3034 2668 S.
3082 2613 3281 2668 Leonis
3327 2613 3670 2680 delineatos,
3723 2617 3808 2670 ita

2145 2702 2367 2756 similes
2391 2715 2514 2757 esse
2534 2702 2792 2758 vultibus
2835 2701 3080 2756 Aaronis
3111 2707 3168 2754 et
3209 2699 3412 2769 Moysi,
3439 2699 3668 2768 pictura
3694 2715 3806 2757 ex-

2147 2792 2362 2860 pressis
2384 2791 2441 2845 in
2485 2791 2812 2846 memoratis
2841 2788 3108 2844 historiis
3137 2787 3336 2855 Exodi,
3371 2786 3658 2856 pracipue
3693 2789 3802 2844 ubi

2142 2879 2338 2948 plagas
2358 2880 2594 2950 1Egypto
2625 2879 2817 2934 illatas
2869 2878 3054 2948 pictor
3091 2875 3380 2944 exhibuit,
3419 2879 3483 2928 ut
3528 2875 3798 2943 ejusdem

2139 2967 2382 3023 artiﬁcis
2406 2981 2608 3022 manus
2637 2973 2738 3022 aut
2757 2973 2908 3022 certe
2937 2966 3188 3034 ejusdem
3218 2963 3426 3018 schola
3470 2962 3798 3021 artiﬁcium

2139 3055 2448 3124 utrobique
2473 3069 2533 3110 se
2561 3056 2782 3124 prodat.
2816 3055 3020 3110 Eadem
3061 3053 3211 3108 ratio
3257 3052 3502 3107 vestium
3547 3065 3799 3119 compo-

2138 3145 2478 3208 nendarum,
2508 3144 2657 3199 idem
2690 3143 2884 3200 cultus
2908 3156 3252 3211 corporum;
3301 3141 3496 3198 omnia
3535 3141 3797 3211 denique

2138 3231 2434 3301 ingenium
2467 3231 2726 3286 indicant
2754 3229 3008 3299 ejusdem
3040 3228 3286 3298 opiﬁcis.
3323 3229 3433 3283 Nec
3471 3227 3673 3297 dispar
3700 3234 3797 3284 est

2137 3318 2415 3374 habitudo
2432 3317 2730 3387 facierum,
2745 3332 2888 3388 quas
2912 3317 3119 3372 tribuit
3142 3317 3326 3386 pictor
3347 3315 3590 3371 summis
3604 3318 3794 3384 ponti-

2136 3405 2363 3477 ﬁcibus,
2399 3407 2458 3462 in
2484 3420 2548 3462 ea
2579 3408 2726 3462 serie
2755 3406 3060 3474 dispositis
3103 3406 3213 3460 aS.
3275 3405 3438 3460 Petro
3487 3404 3555 3460 ad
3606 3405 3797 3460 Inno-

2133 3497 2386 3550 centium
2425 3496 2696 3565 primum,
2760 3494 3038 3550 exhibens
3077 3500 3361 3564 protomen
3395 3491 3788 3564 singulorum,

2134 3589 2393 3639 ornatam
2425 3585 2669 3640 candida
2701 3585 2918 3652 tunica,
2955 3583 3262 3652 purpureis
3288 3581 3486 3636 limbis
3505 3581 3794 3636 distincta

2135 3672 2194 3726 in
2230 3671 2465 3739 futuris,
2483 3679 2537 3727 et
2561 3673 2737 3742 pallio
2758 3671 3004 3727 candido
3025 3671 3282 3726 humeris
3297 3667 3604 3739 superfuso
3625 3687 3638 3722 :
3658 3683 3792 3740 qua

2133 3763 2420 3828 imagines,
2447 3774 2545 3816 seu
2571 3767 2837 3830 protomes
2867 3758 3210 3829 singillatim
3239 3755 3619 3812 includuntur
3655 3769 3791 3812 area

2133 3849 2485 3904 orbicularis
2549 3848 2766 3920 ﬁgura,
2821 3860 2922 3903 seu
2989 3845 3184 3916 clypeo
3238 3843 3429 3916 (unde
3486 3843 3790 3900 veteribus

2133 3938 2303 3992 dicta
2329 3945 2465 3994 sunt
2490 3940 2754 4004 imagines
2785 3937 3086 4004 clypeata),
3116 3935 3378 4003 apposita
3399 3933 3654 4002 singulis
3685 3947 3793 3989 or—

2133 4023 2348 4080 biculis
2363 4025 2516 4079 brevi
2534 4024 2864 4092 epigraphe,
2887 4022 3237 4092 palmaribus
3253 4021 3466 4076 litteris
3490 4020 3791 4076 indicante

2139 4124 2343 4167 nomen
2375 4111 2686 4180 pontificis,
2712 4117 3090 4179 etannorum,
3120 4110 3402 4164 mensium
3445 4122 3512 4163 ac
3553 4109 3787 4164 dierum

2135 4211 2436 4253 numerum
2487 4199 2587 4267 qui
2619 4198 2874 4266 ejusdem
2922 4198 3039 4254 sedi
3084 4198 3443 4255 tribuuntur.
3495 4198 3604 4252 Has
3651 4210 3789 4252 vero

2133 4285 2472 4356 epigraphes
2510 4299 2633 4340 esse
2671 4287 2951 4343 contendo
2997 4288 3365 4357 archetypum
3419 4286 3789 4355 praestantis-

2133 4377 2346 4430 simum
2374 4374 2628 4446 Catalogi
2651 4375 3021 4444 pontiﬁcalis,
3045 4391 3112 4432 ex
3134 4375 3404 4447 genuinis
3421 4374 3788 4430 documentis

370 4482 465 4523 ras
485 4475 541 4522 et
584 4467 813 4522 oculum
848 4465 1202 4534 interceptis,
1233 4469 1444 4532 quanta
1474 4467 1561 4516 est
1602 4457 1883 4515 distantia
1913 4459 2020 4515 ob—
2049 4478 2101 4538 D
2134 4465 2398 4518 Romana
2420 4463 2686 4518 Ecclesia
2724 4465 3084 4534 productum,
3140 4465 3338 4534 ibique
3378 4462 3785 4532 consignatum

371 4553 736 4610 servantibus
763 4565 830 4605 ex
859 4552 1182 4618 pavimento
1205 4547 1461 4604 basilica
1485 4547 1665 4604 sancti
1694 4547 1871 4603 Pauli.
1897 4549 2018 4602 Non

370 4639 592 4712 pigebit
618 4652 682 4694 ea
731 4638 980 4692 breviter
1020 4638 1298 4704 indicare,
1349 4651 1475 4705 qua
1536 4649 1687 4691 anno
1735 4635 2020 4706 superiori

373 4727 511 4784 4720
537 4726 934 4799 prastitimus,
973 4739 1073 4796 per
1097 4727 1224 4782 dies
1273 4725 1466 4796 plures
1511 4725 1736 4780 iteratis
1791 4725 2024 4794 experi-

371 4817 602 4887 mentis,
635 4821 700 4872 ut
723 4829 918 4870 verum
942 4815 1182 4872 ductum
1211 4814 1533 4871 litterarum
1566 4826 1877 4884 earumque
1907 4826 2026 4869 nu-

372 4919 590 4962 merum
620 4917 1076 4975 assequeremur.

405 4994 464 5053 4.
505 4995 660 5051 Licet
683 4993 835 5049 enim
865 4993 1147 5063 palmares
1175 4993 1297 5048 sint
1322 4991 1676 5047 characteres
1713 4990 1902 5046 Latini
1929 4990 2024 5046 al—

371 5086 626 5157 phabeti,
677 5083 892 5156 quibus
940 5087 1208 5138 constant
1252 5081 1613 5151 epigraphes,
1681 5077 1912 5136 nomina
1969 5084 2024 5134 et

369 5175 799 5246 chronOIOgiam
846 5173 1182 5244 pontiﬁcum
1223 5169 1590 5226 enuntiantes
1620 5169 1678 5224 in
1710 5171 1856 5225 serie
1899 5183 2022 5224 me—

371 5270 589 5322 morata
620 5266 783 5318 navis
809 5263 1007 5318 media
1035 5275 1102 5316 ac
1126 5261 1300 5316 latere
1321 5258 1563 5314 australi
1603 5257 1856 5314 basilica
1887 5271 2019 5314 san-

369 5353 447 5407 cti
469 5353 656 5423 Pauli,
687 5353 745 5406 in
766 5365 831 5406 ea
855 5356 1042 5405 tamen
1064 5347 1346 5404 distantia
1365 5348 1398 5402 d
1413 5355 1742 5403 ucentorum
1767 5347 1884 5402 fere
1904 5347 2024 5416 pal-

372 5453 593 5494 morum
622 5454 652 5495 a
671 5443 1042 5508 conspectore
1067 5437 1127 5490 in
1157 5437 1476 5504 pavimento
1510 5437 1695 5506 posito
1725 5449 1872 5506 agre
1907 5435 2018 5491 ad—

371 5528 602 5584 modum
618 5526 872 5582 discerni
904 5529 1164 5594 possunt,
1193 5525 1306 5580 nisi
1337 5523 1500 5594 pleno
1532 5525 1748 5581 lumine
1790 5523 2014 5594 perfun-

368 5616 582 5672 dantur
617 5627 718 5684 per
746 5611 889 5667 solis
910 5610 1180 5682 radios,a
1217 5611 1485 5670 fenestris
1521 5613 1904 5683 amplioribus
1954 5615 2014 5669 in

368 5701 559 5760 fronte
587 5697 935 5758 occidentali
959 5698 1212 5757 ecclesia
1254 5701 1540 5760 admissos
1570 5703 1730 5758 horis
1761 5702 2025 5772 pomeri-

2131 4555 2297 4606 atate
2343 4552 2542 4606 Leonis
2585 4553 2794 4623 Magni,
2847 4553 3052 4608 merito
3081 4566 3112 4606 a
3161 4551 3329 4607 nobis
3365 4549 3786 4606 observandum

2133 4652 2199 4694 ac
2222 4637 2684 4707 describendum,
2721 4645 2777 4694 et
2805 4637 3210 4695 conferendum
3243 4653 3373 4695 cum
3397 4636 3643 4692 vetustis
3673 4637 3791 4691 Ca-

2135 4726 2346 4797 talogis
2379 4727 2558 4782 multo
2583 4729 2795 4797 majore
2813 4743 2950 4784 cura
2975 4741 3143 4798 quam
3173 4727 3506 4796 impendant
3539 4724 3784 4794 politio-

2135 4830 2260 4872 rum
2294 4817 2616 4872 litterarum
2651 4818 2902 4872 studiosi
2955 4817 3013 4872 in
3063 4816 3408 4888 colligendis
3444 4813 3787 4886 fragmentis

2132 4905 2328 4974 Ennii,
2349 4905 2582 4960 Catonis
2599 4905 2962 4975 aliorumque
2988 4904 3234 4974 profana
3251 4903 3606 4960 eruditionis
3629 4903 3790 4957 insi-

2133 4993 2328 5064 gnium
2357 4994 2725 5062 scriptorum.
2756 4991 2963 5048 Omnia
2987 4993 3203 5049 idcirco
3229 4991 3496 5048 subsidia
3523 4990 3788 5060 undique

2132 5083 2601 5154 conquisivimus
2621 5083 2690 5138 ad
2725 5084 2892 5138 hasce
2937 5083 3282 5153 epigraphes
3325 5081 3509 5136 nitide
3556 5079 3788 5136 distin—

2134 5171 2386 5241 guendas
2415 5184 2480 5225 ac
2503 5171 2750 5226 ﬁdeliter
2777 5171 3204 5226 describendas.

2203 5261 2304 5315 His
2319 5265 2504 5316 autem
2522 5259 2804 5314 subsidiis
2818 5259 3084 5314 destituti
3104 5259 3440 5329 (prasertim
3471 5257 3789 5326 dioptricis

2095 5415 2100 5417 _
2132 5346 2593 5417 telescopiorum)
2619 5349 2718 5417 qui
2749 5353 2882 5403 ante
2922 5348 3215 5404 inventum
3248 5347 3577 5404 eorumdem
3607 5347 3788 5403 nudis

2132 5437 2318 5494 oculis
2361 5449 2429 5492 ex
2461 5437 2780 5505 pavimento
2824 5436 3220 5505 observabant,
3254 5435 3561 5492 allucinari
3613 5435 3790 5490 tacite

2132 5531 2391 5596 poterant
2424 5526 2482 5580 in
2521 5525 2732 5579 litteris
2765 5527 3198 5582 numerabilbus
3245 5526 3692 5594 discernendis;
3729 5535 3790 5584 et

2133 5613 2292 5669 nullo
2319 5613 2546 5684 negotio
2567 5613 2796 5684 signum
2821 5613 3076 5683 quinarii
3111 5614 3154 5668 V
3185 5613 3539 5670 substituere
3567 5614 3698 5670 suis
3721 5614 3789 5671 in

2132 5701 2410 5770 exemplis
2433 5705 2690 5770 poterant
2727 5714 2827 5769 pro
2849 5701 3071 5772 integra
3106 5702 3334 5758 denarii
3362 5707 3497 5758 nota
3524 5701 3580 5756 X
3609 5704 3790 5774 cujus
