3924 6394
145 349 320 424 1169
895 353 1265 418 HISTORIA
1311 355 1414 419 DE
1457 357 1662 421 Vl'l‘IS
1709 358 1899 421 80M.
1943 359 2280 421 PONT.—-
2311 360 2378 422 S.
2423 360 2847 424 ADRIANUS.
3429 363 3583 426 H7O

299 502 484 547 mane
511 484 714 546 damni
750 485 1030 560 Stephani
1070 504 1254 562 papa,
1274 493 1452 563 atoue
1471 508 1506 548 a
1525 491 1763 550 Calvulo
1784 495 1864 563 (α)
1889 491 2247 550 cubicularia
2275 493 2389 551 sibi
2419 492 2530 552 hoc
2567 495 2750 554 ﬁnisse
2782 498 3162 570 praeceptum,
3186 495 3335 553 tradi
3365 497 3584 556 eisdem

303 584 641 658 Cmnpanis.

380 683 533 742 2⁸8
563 682 952 757 Dirigensque
981 684 1137 741 idem
1169 685 1582 744 sanctissimus
1613 687 1825 761 praesul
1857 705 1998 745 suos
2029 689 2244 745 missos
2275 689 2331 745 in
2359 690 2741 763 Campaniam
2773 691 2833 747 in
2865 692 3162 749 civitatem
3197 693 3589 768 Anagninum,

303 781 517 841 adduci
547 780 687 838 fecit
716 781 1024 854 pradictas
1054 782 1444 842 Tuaissonem
1468 787 1545 855 (ὁ)
1575 792 1636 843 et
1658 787 2147 854 Leonatium.0ui
2172 789 2504 860 praesentati
2533 790 2871 861 apostolicis
2901 791 3222 860 obtulibus,
3248 792 3589 867 fortiterque

306 879 632 948 constricti,
656 881 909 937 confessi
939 886 1097 950 sunt,
1131 883 1391 940 dicentes
1421 885 1575 958 quod
1598 903 1633 940 a
1652 886 2076 958 praenominato
2109 886 2286 942 Paulo
2316 887 2676 944 eubiculario
2698 894 2752 944 et
2775 889 3055 960 Gregorio
3077 891 3382 948 defensore
3413 892 3594 965 regio-

308 978 473 1038 nario
501 994 605 1036 seu
635 978 861 1036 Joanne
890 995 1171 1052 germano
1202 980 1426 1054 praefati
1473 983 1675 1039 damni
1709 984 1989 1058 Stephani
2039 1002 2222 1058 papae,
2256 990 2312 1040 et
2343 985 2577 1042 Calvulo
2626 986 2766 1042 item
2821 987 3202 1055 cubicularia,
3229 994 3287 1044 et
3334 989 3591 1063 Maligna

229 1077 270 1136 5
305 1081 796 1145 oonsentaneo,et
816 1078 1073 1150 saepth
1097 1079 1259 1136 Pauli
1282 1079 1442 1136 illius
1463 1086 1817 1154 praeceptum
1840 1082 2046 1139 fuisset
2067 1083 2556 1156 prsenaminatum
2575 1085 2843 1157 Sergium
2867 1085 3300 1142 abstollendum
3325 1103 3390 1143 ac
3412 1087 3594 1144 inter-

307 1173 648 1234 ficiendum.
672 1174 948 1232 Protinus
966 1176 1179 1233 direxit
1207 1176 1332 1250 ipse
1361 1177 1775 1236 sanctissimus
1804 1181 2064 1252 pontifex
2089 1197 2225 1237 cum
2247 1182 2691 1254 praenominatis
2714 1183 3027 1255 Campanis
3050 1201 3188 1240 suos
3210 1184 3588 1242 ﬁdelissimos

309 1272 714 1340 ministros,ut
741 1273 1217 1332 demonstrarent
1237 1274 1430 1332 locum
1451 1276 1550 1332 ubi
1585 1276 1779 1350 ipsum
1804 1278 2071 1350 Sergium
2103 1278 2519 1335 interfecerunt
2542 1284 2717 1352 atque
2740 1280 3122 1354 sepelierunt;
3139 1286 3195 1336 et
3216 1288 3591 1354 properantes

308 1375 596 1429 venerunt
622 1385 811 1444 usque
842 1371 903 1427 in
935 1371 1291 1428 Merolanam
1323 1374 1395 1430 ad
1427 1389 1629 1429 arcum
1661 1376 1982 1448 depictum,
2016 1391 2218 1432 sercus
2265 1376 2418 1433 viam
2437 1393 2566 1449 quae
2597 1379 2763 1433 ducit
2791 1379 2862 1434 ad
2894 1379 3200 1436 ecclesiam
3249 1384 3460 1435 sancta:
3490 1378 3592 1436 Dei

310 1467 626 1530 Genitrieis
655 1469 725 1526 ad
761 1470 1038 1542 Princeps,
1074 1469 1272 1542 ibique
1305 1471 1477 1541 juxta
1506 1473 1780 1528 eumdem
1811 1489 2014 1529 arcum
2053 1475 2384 1547 aperientes
2413 1491 2594 1530 unam
2626 1475 3017 1547 sepulturam,
3047 1478 3595 1534 demonstraverunt

203 1567 274 1628 10
309 1583 526 1639 corpus
547 1565 706 1630 illius
726 1567 912 1641 Sergii
936 1567 1282 1640 repositum,
1299 1569 1552 1642 {uaeque
1575 1570 1705 1642 ejus
1728 1575 1933 1644 guttur
1951 1572 2356 1640 constrictum,
2373 1576 2548 1645 atque
2572 1573 2785 1628 ictibus
2809 1578 2994 1630 totum
3014 1592 3226 1648 corpus
3250 1576 3378 1647 ejus
3398 1575 3594 1633 vulne-

312 1669 530 1726 ratum.
556 1664 719 1724 Unde
749 1679 865 1722 non
897 1665 1074 1722 dubie
1104 1671 1194 1722 est
1223 1667 1573 1723 suli'oc-a-tum
1604 1685 1671 1724 ac
1702 1668 2048 1724 semivivum
2083 1669 2264 1726 fuisse
2294 1674 2450 1726 terra
2479 1672 2780 1726 obrutum.
2811 1673 2969 1737 Quod
3004 1677 3306 1730 cernentes
3335 1673 3591 1730 universi

314 1763 598 1836 primates
627 1762 917 1828 Ecclesiae,
949 1773 1016 1820 ao
1037 1763 1272 1834 judices
1303 1764 1545 1833 militia,
1578 1767 1961 1822 ascendentes
1992 1767 2352 1824 unanimiter
2393 1784 2529 1824 cum
2560 1770 2831 1826 universo
2863 1770 3078 1842 popula
3109 1771 3168 1825 in
3202 1772 3592 1828 Lateranense

312 1861 773 1935 patriarchium,
807 1862 1088 1935 prostrati
1117 1862 1454 1935 apostolicis
1481 1864 1981 1937 vestigiis,obnixe
2008 1867 2280 1922 eumdem
2311 1865 2634 1922 almiﬁcum
2667 1868 3000 1939 pontiﬁcem
3035 1869 3323 1940 deprecati
3359 1874 3498 1924 sunt
3528 1873 3594 1924 ut

312 1959 637 2017 vindictam
667 1963 844 2032 atque
863 1959 1336 2017 emendationem
1355 1961 1482 2017 ﬁeri
1504 1960 1874 2035 praecepisset
1895 1963 1965 2018 de
1986 1967 2149 2019 tanta
2171 1963 2435 2019 inaudito
2457 1964 2708 2037 piacula,
2733 1965 2792 2020 in
2816 1982 2882 2021 eo
2900 1967 3055 2037 quod
3079 1968 3424 2038 praesumpsi
3433 1973 3594 2024 ssent

204 2059 278 2118 15
315 2071 516 2116 secum
539 2056 840 2117 hominem
865 2057 1081 2130 sepius
1106 2057 1415 2115 tormentis
1435 2064 1875 2116 concrematum
1897 2060 2214 2117 crudeliter
2233 2060 2580 2130 interﬁcere,
2607 2061 2761 2134 quod
2784 2063 3002 2118 factum
3025 2079 3329 2136 nunquam
3351 2064 3592 2138 legitur;

313 2159 647 2216 umentes
666 2155 807 2228 quia
824 2155 878 2211 si
899 2155 1036 2213 talis
1059 2155 1265 2229 ﬂagitii
1291 2161 1490 2213 reatus
1518 2174 1635 2213 non
1666 2159 2020 2230 expiaretur,
2045 2158 2223 2215 nimis
2252 2158 2381 2230 ipsa
2409 2159 2594 2232 impia
2613 2160 2959 2217 temeritatis
2985 2163 3366 2234 praesumptio
3396 2163 3454 2216 in
3487 2163 3596 2218 hac

317 2254 582 2314 Romana
615 2253 761 2312 urbe
788 2252 1124 2326 pullularet,
1149 2260 1522 2311 assumentes
1555 2271 1624 2312 ex
1654 2255 1763 2311 hoc
1810 2257 2118 2312 audaciam
2148 2255 2403 2329 perversi
2443 2255 2714 2312 homines
2746 2263 2811 2313 ut
2841 2263 3134 2314 tentarent
3165 2261 3361 2331 pejora
3392 2276 3597 2333 perpe-

314 2355 491 2410 trare.
517 2351 681 2410 Tunc
711 2350 988 2424 praefatus
1017 2351 1431 2408 sanctissimus
1462 2351 1675 2425 praesul
1708 2353 1979 2426 precibus
2013 2353 2287 2425 judicum
2329 2354 2703 2427 universique
2735 2356 2934 2428 populi
2970 2357 3215 2412 Romani
3243 2356 3427 2428 jussit
3453 2371 3597 2412 con-

316 2449 552 2506 tradens
579 2449 904 2508 autel‘atum
935 2448 1240 2506 Calvulum
1271 2449 1720 2518 cubicularium,
1751 2455 1811 2506 et
1839 2451 2295 2523 prenominatos
2324 2451 2655 2524 Campanos
2684 2454 2955 2525 prssfacta
2989 2454 3180 2520 Urbis,
3211 2460 3276 2508 ut
3305 2470 3464 2510 more
3493 2453 3596 2509 ho-

208 2548 288 2606 20
324 2545 677 2604 micidarum
713 2559 814 2606 eos
849 2559 1048 2606 coram
1091 2547 1365 2604 uniVerso
1405 2547 1620 2620 popula
1660 2547 2041 2604 examinaret.
2077 2547 2442 2622 Deductique
2475 2565 2505 2605 e
2535 2549 2856 2622 Elephanto
2887 2554 2959 2620 (ε)
2991 2551 3050 2606 in
3082 2565 3372 2608 carcerem
3405 2551 3601 2624 publi-

320 2659 480 2711 cum,
515 2643 634 2704 illic
665 2660 862 2703 coram
894 2643 1165 2702 universo
1195 2645 1410 2717 populo
1439 2645 1753 2702 examinati
1781 2650 1941 2702 sunt.

391 2743 548 2801 299
579 2741 796 2814 Sicque
824 2742 936 2814 ipsi
971 2742 1262 2814 Campini,
1285 2742 1439 2799 sicut
1468 2743 1653 2816 prius,
1676 2743 1758 2798 ita
1788 2746 1848 2799 et
1874 2742 1934 2798 in
1965 2743 2168 2799 eadem
2208 2743 2640 2801 examinatione
2669 2745 2920 2801 confossi
2952 2749 3111 2801 sunt.
3139 2745 3414 2801 Calvulus
3443 2761 3598 2809 vero,

319 2839 619 2900 obduraas
641 2855 742 2896 car
767 2839 1076 2905 suum,vix
1095 2841 1402 2896 confessus
1422 2845 1512 2896 est
1542 2840 1624 2897 ita
1643 2840 1841 2897 omnia
1867 2855 2028 2908 esse;
2047 2840 2151 2913 qui
2185 2845 2379 2897 tanien
2412 2841 2472 2896 in
2495 2843 2700 2898 eodem
2724 2858 2953 2899 carcere
2983 2839 3203 2898 crudeli
3237 2846 3423 2899 morte
3449 2842 3602 2897 ami-

320 2937 403 2994 sit
426 2935 507 3007 (ἁ)
537 2936 836 3008 spiritum.
864 2936 970 2994 Pro
995 2953 1134 2994 vero
1163 2937 1546 3009 amputandis
1572 2942 1695 2994 tam
1742 2937 2216 2996 intolerabilibus
2245 2937 2451 3010 ﬂagitii
2483 2939 2744 2996 rentibus
2792 2939 2961 2996 missi
3009 2943 3151 2996 sunt
3178 2939 3292 3012 ipsi
3320 2939 3602 3011 Campani

320 3032 889 3106 Constantinopolim
919 3033 980 3089 in
1010 3033 1302 3090 exsilium.

395 3132 556 3190 ³00
581 3131 715 3191 Post
744 3131 868 3188 hac
913 3131 1101 3204 jussit
1149 3132 1444 3189 antefatus
1494 3131 1874 3190 beatissimus
1901 3145 2054 3206 papa
2083 3132 2317 3189 abstolli
2347 3149 2593 3205 corpora
2620 3132 3024 3205 Christophori
3081 3135 3138 3188 et
3196 3132 3604 3205 prmnominati

315 3227 506 3302 Sergii
533 3229 666 3300 ejus
694 3229 821 3295 ﬁlii,
844 3241 1030 3302 eaque
1060 3247 1197 3288 cum
1230 3229 1448 3288 honore
1474 3229 1536 3287 in
1565 3228 1810 3288 ecclesia
1841 3231 1996 3286 beati
2027 3231 2178 3287 Petri
2210 3231 2348 3287 fecit
2377 3230 2779 3302 speiiri.Gesta
2805 3247 2940 3286 vero
2969 3230 3427 3287 examinationis
3457 3247 3604 3302 qua-

322 3326 458 3388 litor
487 3327 703 3400 proprii
736 3331 938 3384 matus
964 3343 1175 3385 noxam
1205 3326 1458 3385 confessi
1487 3332 1629 3385 sunt
1661 3329 1788 3400 jam
1819 3328 2016 3385 dictus
2045 3328 2322 3385 Calvulus
2351 3327 2750 3384 cubicularius
2779 3333 2838 3384 et
2867 3328 3274 3401 praenaminati
3297 3327 3600 3400 Campani,

319 3423 532 3482 direxit
562 3423 857 3484 antelatus
887 3423 1182 3482 almiﬁous
1225 3425 1484 3497 pontifex
1534 3426 1891 3494 Ravennam,
1926 3431 1993 3482 ut
2037 3426 2228 3482 eidem
2263 3425 2440 3482 Paulo
2469 3425 2668 3481 omnia
2720 3442 2822 3497 per
2869 3425 3135 3482 ordinem
3182 3425 3600 3497 relegerentur.

244 3523 283 3578 5
323 3520 665 3594 Suscipiens
684 3538 818 3578 vero
850 3523 962 3578 Leo
993 3522 1470 3595 archiepiscopus
1503 3523 1926 3580 Ravennatium
1953 3524 2157 3580 eadem
2187 3528 2375 3595 gesta,
2402 3522 2709 3578 confestim
2725 3523 2860 3579 sine
2881 3523 3228 3579 auctoritate
3258 3521 3600 3595 apostolica,

315 3618 844 3692 tradiditeumdem
875 3618 1121 3678 Paulum
1147 3619 1440 3677 consulari
1463 3621 1888 3678 Ravennatium
1909 3619 2597 3693 urbis.Examinatusque
2625 3627 2822 3677 coram
2849 3621 3125 3677 omnibus
3147 3618 3604 3686 Ravennatibus,

313 3716 528 3777 eadem
553 3719 685 3776 uota
715 3715 802 3778 illi
833 3715 1050 3776 reiecta
1077 3722 1236 3784 sunt,
1271 3717 1472 3790 sicque
1502 3733 1564 3773 se
1597 3735 1762 3774 reum
1795 3718 2180 3774 manifestans
2224 3718 2370 3774 tanti
2417 3717 2653 3790 piaculi,
2691 3719 2996 3774 confessus
3027 3724 3118 3774 est
3147 3735 3210 3773 se
3241 3721 3609 3790 perpetrasse

315 3827 554 3876 nexam.
587 3812 676 3874 ita
703 3829 838 3872 vero
867 3813 1058 3874 isdem
1112 3813 1328 3872 Paulus
1385 3815 1756 3872 examinatus
1785 3819 1894 3883 est,
1929 3815 2069 3888 quin
2130 3815 2312 3871 etiam
2371 3831 2478 3871 nec
2534 3815 2780 3870 scientia
2810 3816 3016 3872 estinde
3046 3817 3185 3871 data
3232 3819 3322 3871 est
3369 3814 3606 3887 praefata

317 3909 696 3975 sanctissimo
722 3911 1007 3984 pontiﬁci,
1031 3909 1221 3984 neque
1251 3911 1324 3970 ab
1354 3911 1818 3985 archiepiscopo,
1838 3929 2028 3984 neque
2058 3930 2094 3969 a
2121 3913 2480 3985 quibusdam
2513 3913 2875 3980 Raviniariis,
2901 3914 3006 3969 sed
3036 3929 3139 3986 per
3161 3913 3309 3969 alios
3336 3911 3447 3967 hoc
3475 3911 3606 3982 ejus

204 4011 286 4071 10
319 4008 612 4070 sanctitas
627 4009 882 4083 agnovit.
907 4010 1058 4068 Dum
1091 4026 1222 4066 vom
1252 4009 1362 4067 hoc
1393 4015 1682 4083 ageretur,
1708 4011 1954 4082 cupiens
1982 4009 2108 4083 ipse
2141 4011 2478 4083 pmcipuus
2507 4015 2707 4082 pastor
2725 4015 2782 4066 et
2803 4011 3072 4083 egregius
3103 4010 3362 4083 pontifex
3386 4008 3609 4065 salvere

320 4105 584 4170 animam
605 4107 735 4179 jam
766 4106 906 4167 dicti
938 4106 1122 4173 Pauli,
1153 4121 1229 4165 ne
1276 4106 1338 4163 in
1389 4111 1672 4164 aeternum
1714 4107 1952 4180 periret,
1983 4107 2198 4164 ascribi
2242 4109 2380 4164 fecit
2430 4107 2864 4181 suggestionem
2918 4123 3088 4164 suam
3139 4107 3522 4162 Constantina
3552 4109 3612 4161 et

323 4204 503 4266 Leoni
529 4203 815 4276 Augustis
847 4203 1204 4277 magnisque
1232 4204 1713 4277 imperatoribus,
1746 4204 2089 4278 signiﬁcans
2135 4221 2212 4261 ne
2245 4205 2440 4278 ipsius
2477 4204 2660 4278 Sergii
2693 4204 2828 4260 casei
2858 4205 3042 4277 impia
3073 4207 3278 4269 morte,
3303 4207 3476 4274 atque
3503 4203 3609 4258 de-

323 4314 804 4374 precans-eorum
833 4299 1201 4372 imperialem
1234 4300 1610 4358 clementiam
1641 4306 1709 4357 ut
1733 4302 1806 4358 ad
1833 4301 2305 4358 emendationem
2355 4302 2502 4358 tanti
2536 4306 2734 4358 reatus
2766 4302 2962 4374 ipsum
2996 4300 3241 4356 Paulum
3280 4299 3502 4371 suscipi
3551 4302 3610 4353 et

320 4399 392 4460 in
415 4398 563 4471 ipsis
589 4398 824 4463 Gracia
847 4397 1114 4470 partibus
1144 4398 1206 4453 in
1236 4397 1437 4455 exsilio
1471 4398 1874 4470 mancipatum
1905 4398 2164 4466 retineri,
2202 4398 2616 4471 praecepissent
2645 4399 2736 4469 (ε).

395 4499 544 4558 ⁸01
581 4495 918 4568 Direxitque
944 4497 1217 4554 eamdem
1247 4496 1686 4568 suggestionem
1719 4497 1849 4567 ejus
1879 4501 1971 4551 ter
1999 4495 2298 4552 beatitudo
2328 4495 2505 4551 Leoni
2547 4495 3008 4568 archiepiscopo,
3039 4499 3106 4550 ut
3134 4495 3330 4567 ipsum
3363 4491 3606 4548 Paulum

318 4592 886 4666 Constantinopolim
918 4592 980 4652 in
1011 4592 1214 4650 exsilio
1245 4593 1368 4652 sive
1395 4609 1498 4665 per
1516 4593 1811 4660 Venetiae,
1846 4593 1969 4649 sive
1995 4592 2234 4649 aliunde
2263 4592 2516 4665 qualiter
2545 4593 2858 4664 potuisset,
2883 4592 3182 4665 dirigeret,
3205 4608 3339 4646 eum
3372 4591 3611 4662 praefata

322 4690 654 4770 apostolica
674 4690 1068 4764 suggestione.
1094 4690 1230 4764 Ipse
1244 4707 1377 4748 vero
1399 4690 1902 4763 arohiepisoOpus.
1927 4690 2217 4748 insidians
2235 4690 2612 4747 vehementer
2629 4690 2820 4747 eidem
2843 4691 3041 4758 Paulo,
3067 4689 3342 4746 adhibuit
3364 4687 3609 4760 impiam

323 4789 724 4858 occasionem.
747 4787 1017 4860 dirigens.
1036 4787 1230 4852 eidem
1262 4788 1554 4860 prmoipuo
1600 4788 1861 4860 pontiﬁci
1893 4787 1952 4843 in
1993 4787 2336 4859 responsis:
2371 4787 2706 4860 Expedibile
2736 4805 2850 4844 non
2882 4802 3012 4843 esse
3050 4787 3324 4842 eumdem
3366 4783 3609 4841 Paulum

248 4890 290 4947 5
327 4886 473 4944 illuc
498 4884 774 4958 dirigere,
802 4885 869 4949 in
892 4901 962 4944 eo
991 4886 1154 4957 quod}
1180 4884 1524 4945 Desiderius'
1549 4885 2070 4958 Langobardorum
2101 4899 2199 4940 rex
2229 4884 2418 4941 ﬁlium
2462 4885 2727 4942 Mauricii
2757 4885 2926 4942 ducis
2955 4883 3328 4940 Venetiarum
3360 4881 3516 4953 apud
3548 4897 3611 4937 se

329 4982 1020 5056 captum-detinerehne
1047 4981 1544 5054 ipse-Mauricius,
1566 4981 1755 5041 ﬁlium
1785 4995 1965 5040 suum
1985 4981 2229 5054 cupiens
2254 4982 2328 5038 ab
2359 4983 2564 5039 eodem
2596 4999 2729 5054 rege
2759 4981 3326 5054 recipere,eumdem
3357 4977 3609 5034 Paulum

328 5080 416 5138 illi
445 5079 732 5144 vicarium
764 5079 1217 5144 traderet..Ecoe
1264 5078 1512 5151 qualem
1548 5078 1916 5136 occasionem
1955 5077 2885 5151 ipse‘arobiepiscopus-Ecolesite
2931 5077 3354 5133 Ravennatium
3402 5074 3612 5130 callide

327 5177 702 5241 adhibuit“
727 5175 924 5250 ipsum
958 5176 1200 5240 Paulum
1231 5175 1602 5250 exstinguere
1629 5175 1880 5245 valeret;
1913 5175 2115 5248 sicque
2161 5175 2392 5232 remisit
2416 5176 2492 5231 ad
2525 5176 2907 5248 apostolicam
2939 5175 3137 5231 sedem
3169 5171 3608 5246 suggestionem

326 5275 516 5340 illam.

403 5373 558 5437 398
594 5372 727 5432 Post
755 5371 1037 5436 iuravere
1052 5386 1188 5433 cum
1221 5371 1347 5444 ipse
1373 5370 1786 5434 sanctissimus
1815 5369 2028 5444 praesul
2047 5371 2362 5430 direxisset
2382 5369 3119 5443 Gregorium-sacellorium
3143 5383 3317 5424 suum
3351 5366 3422 5422 ad
3445 5365 3608 5421 Desi-

326 5469 565 5535 derium
593 5469 1117 5541 Langobardorum
1145 5486 1341 5543 regem
1371 5468 1802 5542 deprecationis
1831 5473 2005 5541 atque
2035 5468 2382 5529 hortationis
2411 5479 2590 5526 causa
2620 5479 2731 5540 pro
2754 5467 3130 5525 restituendis
3162 5465 3418 5538 prmfatis
3446 5464 3518 5520 ab
3541 5480 3608 5519 ea

327 5566 544 5625 ablatis
572 5566 927 5636 civitatibus,
951 5566 1225 5640 precepit
1254 5566 1307 5622 ei
1337 5571 1402 5623 ut
1433 5566 1679 5622 ﬁrmiter
1707 5570 2137 5623 contestaretur
2165 5571 2413 5626 Leonem
2443 5566 2950 5639 archiepiscopum
2981 5569 3273 5637 quatenus
3302 5579 3440 5619 eum
3470 5579 3610 5617 can-

327 5665 858 5730 ωηερε-ειηίίψὲ
884 5663 1151 5732 Paulum,-
1173 5668 1233 5725 et
1261 5680 1396 5722 cum
1429 5668 1816 5720 reverteretur
1843 5681 1876 5719 a
1905 5664 2132 5733 Ticina,
2156 5680 2364 5721 secum.
2385 5680 2522 5721 eum
2562 5663 2680 5719 huc
2717 5663 2962 5719 Romam
2991 5663 3314 5718 reduceret.
3340 5661 3610 5731 Dumque

1375 5789 1632 5836 Βθτυιὸ
1667 5787 2052 5838 ΠΑΒΕιΝΔῙιΕΞ
2095 5788 2362 5834 ἙΛΒΚΟΤἮ
2370 5788 2412 5832 ἰν.

251 5877 360 5950 (α)”
391 5876 714 5935 Balventio.
789 5879 895 5948 (b)"
927 5875 1324 5934 Lavissonem.
1402 5878 1472 5949 (c)
1502 5878 1568 5949 Β,
1590 5894 1621 5934 e
1651 5876 2018 5949 patriarchioa
2037 5877 2274 5950 pratum
2303 5875 2369 5936 in
2396 5893 2548 5934 care.
2621 5877 2712 5947 (dav
2731 5877 2950 5935 emisit.
3028 5876 3187 5949 (3)3,
3207 5875 3604 5948 praeciperent.
