3924 6402
211 439 216 444 _
326 343 477 403 H71
1478 345 1905 408 ANASTASII
1941 346 2598 410 BlBLIOTHECARIl.
2946 376 2950 380 ·
3598 349 3752 414 1172

391 477 429 533 5
466 477 746 550 praefatus
769 475 1083 550 Gregorius
1103 475 1445 535 sacellarius
1465 477 1525 534 in
1551 479 1976 537 Ravennatium
2007 479 2383 554 properasset
2413 481 2642 552 urbem,
2669 484 3011 539 constanter
3029 498 3097 540 ac
3117 480 3364 539 ﬁrmiter
3391 484 3749 556 protestatus

465 579 554 632 est
583 575 907 631 antefatum
940 576 1444 649 archiepiscopum
1468 582 1526 632 et
1546 577 1779 648 judices
1801 579 2156 636 Ravinianos
2182 596 2250 636 ex
2280 580 2669 653 praeceptione
2699 579 3038 653 apostolica,
3063 580 3122 636 in
3156 581 3467 654 praesentia
3495 556 3751 640 Anualdi

467 673 806 729 chartularii
830 678 968 729 tunc
1003 674 1079 729 ibi
1111 674 1438 743 existentis,
1461 675 1604 732 civis
1629 676 1896 746 Romani,
1923 677 2024 751 qui
2057 678 2275 734 ibidem
2309 677 2530 735 missus
2553 682 2678 735 erat
2699 680 2774 734 ab
2797 679 3118 753 apostolica
3137 679 3295 748 sede,
3324 677 3551 736 salvum
3574 686 3751 754 atque

468 771 821 828 incolumem
853 771 1049 844 ipsum
1080 772 1327 828 Paulum
1357 775 1995 843 reservandum,doncc
2016 794 2049 830 a
2069 776 2273 832 Ticino
2304 781 2708 843 reverteretur,
2732 794 3005 834 asserens
3037 778 3150 834 sibi
3181 776 3364 834 fuisse
3393 784 3749 852 praceptum

469 871 542 925 ab
565 868 886 941 apostolica
905 876 1192 942 potestate
1213 889 1348 928 eum
1377 888 1579 928 secum
1604 873 1849 929 Romam
1870 875 2300 946 deportandum
2322 879 2379 931 et
2408 874 2751 947 apostolicis
2772 875 2999 932 salvum
3021 877 3495 949 praesentandum
3527 877 3750 933 obtuti-

366 969 431 1023 10
470 969 600 1023 bus.
625 967 754 1023 Haec
776 984 910 1024 vero
936 968 1132 1041 ipsum
1154 973 1486 1043 protestans
1505 970 2033 1045 archiepiscopum,
2055 977 2312 1046 emptum
2335 973 2610 1030 Ticinum
2633 973 2930 1046 profectus
2950 978 3040 1031 est
3068 973 3208 1043 iter;
3235 979 3294 1030 et
3314 975 3593 1031 continuo
3615 993 3754 1049 prae-

471 1065 809 1121 nominatus
826 1066 1321 1140 archiepiscopus,
1337 1069 1615 1125 accersito
1632 1069 1941 1126 consulare
1958 1071 2384 1127 Ravennatium
2403 1071 2676 1138 civitatis,
2695 1071 2967 1144 praecepit
2987 1071 3039 1129 ei
3060 1071 3257 1145 ipsum
3280 1071 3751 1129 interﬁciendum

473 1162 742 1219 Paulum.
765 1165 834 1219 Et
865 1165 1007 1220 dum
1040 1183 1306 1223 reversus
1337 1167 1547 1223 fuisset
1575 1168 1888 1239 saepefatus
1919 1167 2262 1224 sacellarius
2296 1169 2750 1242 Ravennamque
2771 1169 3171 1243 conjungeret,
3197 1169 3417 1226 invenit
3438 1170 3753 1243 praenomi-

473 1266 679 1317 natum
703 1262 950 1318 Paulum
976 1265 1101 1335 jam
1130 1264 1520 1331 interiectum,
1545 1282 1649 1338 pro
1671 1283 1788 1338 quo
1814 1266 1991 1323 nimis
2023 1266 2343 1340 increpavit
2373 1267 2878 1340 archiepiscopum
2903 1268 3178 1324 eumdem
3209 1285 3316 1324 cur
3342 1268 3756 1342 praesumpsis-

471 1364 561 1416 set
589 1364 793 1417 contra
823 1362 1210 1434 apostolicum
1247 1367 1601 1436 praeceptum
1623 1363 1819 1420 taliter
1842 1365 1913 1420 de
1935 1367 2140 1422 eodem
2162 1365 2341 1422 Paulo
2371 1366 2586 1439 agere?
2619 1366 2754 1422 Post
2776 1365 3109 1438 aliquantus
3138 1367 3336 1439 itaque
3364 1367 3489 1424 dies
3521 1367 3758 1441 propria

364 1457 436 1513 45
471 1459 831 1515 conscientia
860 1459 1050 1516 isdem
1081 1461 1556 1534 archiepiscopus
1587 1463 1798 1518 tertius
1821 1462 2031 1519 direxit
2060 1463 2482 1536 praenominato
2513 1463 2886 1521 sanctissimo
2917 1481 3078 1538 papa:
3109 1481 3214 1537 per
3239 1463 3542 1521 Julianum
3574 1465 3762 1522 tribu-

474 1574 618 1613 num
651 1575 828 1613 suum
860 1559 1111 1615 missum
1161 1561 1484 1633 deprecans
1514 1559 1866 1634 apostolicae
1909 1561 2022 1618 sibi
2069 1561 2240 1635 dirigi
2300 1561 2526 1618 litteras
2557 1579 2622 1618 ac
2653 1560 3074 1619 consolationis
3103 1563 3352 1636 monita,
3373 1563 3544 1637 quasi
3592 1562 3760 1620 nulla

475 1655 637 1712 illius
669 1661 974 1729 putaretur
1004 1657 1177 1730 culpa
1209 1659 1278 1715 de
1308 1660 1572 1730 ejusdem
1606 1659 1764 1716 Pauli
1795 1664 2001 1728 morte,
2026 1660 2086 1715 in
2107 1661 2352 1732 eoquod
2385 1659 2630 1733 sanguis
2659 1659 2990 1717 innocentis
3009 1659 3173 1717 ultus
3206 1660 3434 1719 fuisset.
3459 1662 3570 1719 Sed
3593 1661 3758 1718 nullo

475 1755 650 1810 modo
681 1753 874 1827 potuit
903 1755 1099 1827 ipsum
1131 1757 1575 1814 sanctissimum
1596 1775 1807 1831 papam
1831 1757 2169 1830 pontiﬁcem
2201 1757 2492 1814 declinare
2523 1761 2637 1828 (a);
2669 1757 2750 1814 ita
2781 1757 2865 1814 illi
2892 1756 3149 1832 dirigens
3171 1758 3231 1815 in
3255 1759 3572 1833 responsis,
3591 1760 3758 1827 Quod

475 1850 600 1924 ipse
629 1852 825 1909 videat
855 1854 997 1926 quid
1028 1853 1087 1909 in
1119 1855 1322 1911 eodem
1355 1854 1532 1912 Paulo
1563 1861 1837 1929 operatus
1868 1859 1977 1912 est.

547 1952 702 2007 808
732 1952 880 2008 Nam
911 1955 1064 2008 certe
1110 1969 1215 2026 ego
1272 1954 1533 2010 animam
1587 1955 1717 2026 ejus
1771 1953 1996 2010 salvere
2050 1953 2314 2026 cupiens,
2347 1953 2700 2028 poenitentiae
2731 1970 2868 2010 eum
2900 1953 3145 2011 submiti
3196 1956 3588 2011 decreveram.
3622 1955 3761 2012 Ideo

479 2066 677 2105 meum
709 2049 1083 2107 sacellarium
1104 2051 1285 2108 direxi
1308 2051 1426 2109 huc
1446 2053 1692 2109 Romam
1715 2069 1851 2109 eum
1873 2051 2275 2108 deferendum.
2296 2052 2600 2124 Siquidem
2631 2051 2973 2109 nominatus
2993 2052 3332 2109 Desiderius
3356 2052 3768 2127 Longohardo-

478 2165 610 2204 rum
642 2165 760 2217 rex,
792 2149 1080 2222 superbiai
1110 2154 1168 2206 et
1197 2150 1496 2222 jactantize
1541 2151 1696 2206 fastu
1744 2149 1992 2221 levatus,
2024 2166 2144 2222 qua
2171 2149 2316 2206 hora
2341 2151 2610 2223 praefatae
2640 2149 2905 2207 civitates
2933 2150 3282 2208 exarchatus
3331 2151 3765 2208 Ravennatium

479 2246 743 2316 abstulit,
769 2247 1074 2305 confestim
1107 2247 1316 2304 direxit
1346 2247 1789 2304 multitudinem
1834 2247 2141 2316 exercitus,
2165 2253 2221 2303 et
2251 2265 2536 2323 occupare
2567 2248 2704 2305 fecit
2745 2249 2891 2305 ﬁnes
2921 2249 3246 2319 civitatum,
3269 2249 3328 2306 id
3359 2253 3449 2306 est
3477 2248 3768 2322 Senogal-

404 2346 441 2401 5
478 2343 703 2413 liensis,
728 2346 1107 2413 Montefereti,
1131 2345 1356 2414 Urbini,
1381 2346 1659 2418 Eugubii,
1680 2349 1738 2402 et
1762 2349 2103 2402 caaterarum
2128 2345 2431 2402 civitatum
2463 2347 2884 2415 Romanorum,
2907 2345 3080 2419 plura
3108 2346 3427 2404 homicidia
3456 2351 3514 2404 et
3541 2347 3770 2420 deprae-

478 2442 744 2499 dationes
775 2447 950 2515 atque
983 2443 1255 2499 incendia
1283 2443 1342 2498 in
1375 2443 1521 2515 ipsis
1543 2444 1760 2499 ﬁnibus
1783 2447 2202 2516 perpetrantes.
2226 2444 2375 2500 Nam
2408 2445 2467 2500 in
2493 2445 2788 2500 civitatem
2812 2444 3117 2500 Bleranam
3138 2444 3402 2518 dirigens
3426 2444 3770 2519 generalem

479 2541 796 2597 exercitum
829 2541 1084 2613 partium
1107 2540 1352 2608 Tusciae,
1378 2542 1518 2596 dum
1552 2541 1665 2614 ipsi
1691 2541 1917 2597 Blerani
1941 2542 1999 2596 in
2023 2541 2240 2598 ﬁducia
2263 2541 2424 2614 pacis
2446 2542 2517 2597 ad
2541 2541 2964 2614 recolligendas
2984 2541 3254 2615 proprias
3275 2547 3504 2616 segetes
3525 2558 3776 2616 genera-

477 2637 612 2694 liter
644 2655 778 2694 cum
813 2637 1161 2693 mulieribus
1181 2642 1238 2693 et
1258 2637 1395 2693 ﬁliis
1416 2643 1593 2710 atque
1614 2638 1853 2695 famulis
1874 2639 2307 2712 egrederentur,
2332 2639 2633 2695 irruerunt
2652 2643 2889 2711 repente
2909 2655 3088 2711 super
3109 2655 3209 2696 eos
3230 2639 3342 2712 ipsi
3368 2639 3771 2712 Langobardi,

478 2739 536 2792 et
563 2740 807 2791 cunctos
838 2735 1118 2808 primates
1148 2736 1354 2808 quanti
1389 2736 1609 2792 utiliter
1629 2737 1703 2806 (b)
1726 2737 1782 2792 in
1815 2737 2020 2793 eadem
2051 2736 2281 2793 civitate
2305 2742 2490 2803 erant,
2513 2736 2953 2804 interfecerunt,
2979 2741 3038 2792 et
3068 2736 3325 2809 prmdam
3356 2736 3605 2792 multam
3637 2742 3771 2793 tam

372 2834 442 2890 40
480 2833 550 2890 de
581 2833 923 2890 hominibus
955 2851 1133 2906 quam
1164 2835 1236 2890 dc
1267 2833 1512 2907 peculiis
1545 2833 1936 2906 abstulerunt,
1961 2835 2112 2892 ferro
2160 2839 2218 2891 et
2257 2834 2392 2908 igne
2423 2838 2636 2891 cuncta
2662 2833 2720 2889 in
2754 2833 3003 2891 circuitu
3051 2835 3444 2891 devastantes.
3469 2833 3582 2890 Sed
3614 2834 3666 2891 ei
3705 2835 3771 2891 in

479 2931 698 2987 ﬁnibus
729 2932 1002 2988 Romanae
1034 2932 1219 3000 urbis,
1253 2949 1359 2988 ceu
1389 2937 1447 2988 et
1477 2937 1815 2990 ceterarum
1846 2933 2152 2989 civitatum
2191 2933 2378 2989 multa
2407 2931 2563 2989 mala
2592 2949 2660 2988 ac
2692 2931 3153 3005 depraedationes
3184 2931 3372 2989 isdem
3423 2931 3772 2990 Desiderius

481 3034 813 3103 perpetrare
835 3029 1038 3102 jussit,
1071 3029 1248 3085 etiam
1281 3035 1338 3085 et
1367 3035 1628 3086 castrum
1662 3031 1989 3088 Utriculum
2021 3048 2306 3104 occupare
2338 3030 2488 3086 fecit.

553 3129 708 3184 804
739 3127 900 3184 Unde
931 3127 1145 3200 saepius
1176 3131 1354 3201 atque
1385 3128 1600 3200 saepius
1631 3128 1757 3202 ipse
1783 3129 2166 3186 beatissimus
2198 3128 2412 3202 praesul
2443 3132 2561 3184 tam
2592 3145 2696 3201 per
2725 3127 3149 3184 obsecrationis
3179 3128 3248 3200 (c)
3279 3127 3525 3196 litteras,
3557 3143 3771 3201 quam-

484 3244 598 3299 que
628 3244 730 3299 per
759 3226 974 3283 missos
1003 3226 1190 3282 eidem
1224 3225 1523 3283 Desiderio
1565 3226 1794 3294 direxit,
1831 3227 2153 3300 deprecans
2199 3243 2336 3282 eum
2369 3230 2435 3282 ut
2464 3243 2498 3282 a
2530 3225 2710 3281 tantis
2758 3224 2933 3281 malis
2979 3224 3368 3298 resipisceret,
3400 3229 3460 3282 et
3485 3242 3585 3282 eas
3614 3241 3770 3298 quas

485 3324 810 3382 abstulerat
837 3324 1099 3381 civitates
1128 3325 1413 3382 redderet.
1448 3324 1548 3381 Ille
1577 3341 1711 3382 vero
1754 3342 1869 3381 non
1923 3325 2116 3382 solum
2164 3325 2401 3382 easdem
2432 3341 2581 3397 quas
2609 3328 2996 3398 occupaverat
3023 3323 3289 3380 civitates
3338 3321 3580 3378 minime
3626 3323 3773 3380 red-

479 3425 616 3480 dere
646 3427 735 3479 est
763 3422 1104 3489 inclinatus,
1129 3423 1230 3480 sed
1264 3440 1370 3479 nec
1401 3423 1472 3479 ab
1513 3424 1719 3480 eadem
1766 3423 1994 3480 malitia
2040 3423 2308 3480 recedam
2338 3423 2540 3492 voluit,
2576 3439 2692 3479 non
2723 3439 2964 3480 cessans
2991 3420 3307 3478 crudeliter
3355 3420 3541 3478 multa
3587 3425 3772 3493 atque

479 3520 874 3578 intolerabilia
903 3521 1058 3577 mala
1088 3521 1308 3577 ﬁnibus
1340 3521 1760 3589 Romanorum,
1796 3526 1862 3578 ut
1891 3520 2116 3578 dictum
2149 3525 2256 3589 est,
2286 3520 2572 3594 ingerere.

547 3619 699 3676 805
733 3620 898 3676 Tunc
928 3619 1207 3692 prafatus
1239 3618 1654 3675 sanctissimus
1699 3618 1981 3691 pontifex,
2018 3618 2290 3676 accersiri
2337 3617 2556 3675 faciens
2586 3619 2893 3691 praefatum
2944 3615 3284 3691 religiosum
3332 3614 3605 3673 abbatem
3636 3631 3769 3672 mo-

479 3716 723 3774 nasterii
755 3722 971 3773 sanctae
1008 3717 1103 3772 Dei
1131 3716 1460 3785 Genitricis,
1486 3717 1580 3772 siti
1610 3717 1668 3772 in
1691 3716 1986 3772 territorio
2007 3716 2342 3788 Sabinensi,
2367 3733 2501 3772 cum
2523 3715 2728 3790 viginti
2752 3715 3084 3772 senioribus
3107 3714 3208 3772 Dei
3230 3713 3411 3772 servis
3431 3712 3767 3781 monachis,

471 3815 682 3871 direxit
711 3832 810 3870 eos
839 3815 912 3871 ad
944 3815 1219 3870 eumdem
1251 3815 1618 3871 Desiderium
1650 3814 2079 3887 deprecationis
2123 3825 2322 3870 causa.
2355 3814 2582 3880 Quibus
2613 3813 2687 3869 ad
2733 3830 2868 3870 eum
2915 3813 3392 3887 properantibus,
3419 3815 3486 3868 ut
3513 3811 3627 3885 ipsi
3658 3811 3767 3868 Dei

473 3912 680 3968 famuli
707 3911 1053 3983 retulerunt,
1076 3913 1205 3983 ejus
1233 3911 1482 3984 pedibus
1507 3911 1796 3985 provoluti
1818 3929 2014 3968 coram
2038 3912 2348 3984 judicibus
2370 3912 2891 3985 Longobardorum
2913 3927 3048 3968 cum
3077 3909 3378 3983 lacrymis,
3407 3926 3478 3966 ex
3505 3925 3765 3982 persona

401 4012 438 4067 5
475 4009 716 4067 antefati
748 4009 944 4066 vicarii
979 4011 1131 4066 beati
1160 4011 1311 4066 Petri
1343 4027 1481 4066 eum
1501 4011 1792 4083 deprecati
1826 4015 1968 4066 sunt
1989 4015 2055 4065 ut
2083 4027 2118 4066 a
2147 4010 2327 4066 tantis
2355 4009 2526 4065 malis
2558 4008 2946 4081 resipisceret,
2972 4011 3029 4064 et
3049 4009 3317 4080 praefatae
3347 4023 3496 4080 quas
3515 4006 3767 4063 abstulit

475 4108 738 4165 civitates
767 4109 937 4164 beato
969 4109 1134 4164 Petro
1165 4108 1451 4165 redderet.
1476 4109 1586 4164 Sed
1620 4125 1995 4181 nequaquam
2027 4108 2156 4179 ejus
2187 4107 2484 4181 lapideum
2515 4125 2616 4163 cor
2644 4107 2949 4163 deﬂectere
2977 4105 3308 4162 valuerunt.
3332 4105 3545 4178 Sicque
3574 4105 3763 4161 infru-

477 4206 662 4262 ctuosi
696 4205 810 4278 ipsi
840 4206 942 4261 Dei
974 4205 1178 4261 famuli
1212 4206 1427 4262 reversi
1470 4209 1630 4262 sunt.
1665 4205 1936 4278 Dirigens
1984 4222 2125 4262 suos
2177 4205 2391 4263 missos
2420 4204 2758 4262 Desiderius
2790 4205 2976 4262 isdem
3009 4205 3081 4260 ad
3115 4203 3441 4261 antefatum
3489 4201 3764 4259 beatissi-

478 4322 643 4360 mum
699 4304 1058 4377 pontiﬁcem,
1091 4305 1149 4360 id
1206 4308 1314 4373 est,
1350 4305 1653 4360 Andraeam
1713 4303 2172 4360 referendarium
2205 4308 2263 4359 et
2291 4302 2573 4361 Stabilem
2605 4304 2838 4372 ducem,
2873 4308 2939 4358 ut
2994 4318 3130 4358 cum
3156 4318 3224 4358 eo
3269 4300 3487 4373 pariter
3542 4301 3614 4356 ad
3673 4299 3764 4357 lo-

477 4403 778 4476 quendam
810 4403 1048 4457 deberet
1079 4401 1390 4474 conjungi;
1425 4419 1574 4475 quos
1605 4401 1934 4473 suscipiens
1965 4401 2153 4458 isdem
2185 4401 2477 4458 almiﬁcus
2517 4406 2718 4475 pastor
2743 4399 2825 4456 ita
2852 4399 2938 4457 eis
2969 4398 3292 4473 respondit,
3316 4398 3590 4470 inquiens
3617 4414 3631 4454 :
3665 4397 3762 4455 Sic

373 4501 439 4555 10
477 4500 595 4572 regi
629 4505 818 4556 vestro
850 4515 919 4554 ex
951 4517 1079 4555 mea
1108 4516 1359 4571 persona
1391 4500 1729 4564 satisfacite,
1762 4516 1858 4555 me
1887 4500 2050 4556 vobis
2083 4500 2329 4555 ﬁrmiter
2356 4515 2555 4556 coram
2607 4501 2716 4554 Deo
2763 4497 3167 4571 omnipotente
3196 4496 3588 4570 promitetnte,
3621 4495 3764 4568 quia

476 4597 526 4653 si
557 4598 865 4670 praedictas
895 4597 1157 4652 civitates
1190 4597 1342 4653 beati
1393 4597 1539 4654 Petri
1571 4615 1720 4669 quas
1761 4602 2022 4670 tempore
2063 4613 2192 4653 meo
2223 4597 2490 4664 abstulit,
2523 4595 2669 4652 mihi
2709 4595 3050 4664 reddiderit,
3081 4595 3362 4651 continuo
3393 4593 3514 4651 sive
3544 4593 3757 4663 Ticini,

476 4695 597 4751 sive
653 4696 961 4762 Ravennae,
995 4694 1113 4751 sive
1174 4695 1445 4763 Perusiae,
1479 4695 1599 4752 sive
1631 4695 1726 4751 hic
1759 4696 1973 4764 Romae,
2008 4694 2096 4752 vel
2129 4695 2306 4752 etiam
2338 4695 2438 4751 ubi
2469 4693 2553 4750 illi
2585 4693 2870 4767 placitum
2902 4693 3078 4750 fuerit
3132 4693 3207 4750 ad
3255 4693 3386 4764 eius
3433 4691 3758 4765 properabo

476 4793 869 4866 praesentiam,
902 4799 958 4850 et
987 4810 1120 4850 cum
1153 4811 1221 4849 eo
1253 4793 1470 4865 pariter
1499 4809 1593 4849 me
1619 4795 2099 4866 cenjungendum
2144 4796 2320 4865 atque
2365 4792 2843 4865 colloquendum,
2875 4808 3004 4864 quae
3034 4791 3108 4848 ad
3141 4789 3391 4847 salutem
3423 4787 3624 4862 populi
3656 4788 3760 4844 Dei

475 4895 859 4964 utrarumque
918 4891 1175 4964 partium
1236 4890 1580 4963 respiciunt,
1613 4896 1670 4946 et
1702 4891 1750 4947 si
1783 4891 2026 4948 forsitan
2077 4891 2147 4946 de
2204 4891 2313 4946 hoc
2370 4889 2802 4946 dubitationem
2863 4889 3060 4958 habet,
3096 4905 3192 4946 me
3246 4904 3381 4945 cum
3412 4904 3480 4943 eo
3511 4885 3759 4943 minime

373 4990 440 5044 15
477 4990 687 5046 debere
717 4990 1019 5061 conjungi.
1054 4990 1368 5061 Postquam
1401 4989 1562 5061 ipsas
1593 4989 1855 5044 civitates
1887 4988 2223 5056 reddiderit,
2257 4988 2306 5045 si
2355 5006 2448 5045 me
2478 5004 2613 5044 cum
2647 4988 2774 5060 ipso
2819 5004 2935 5044 non
2984 4987 3340 5059 conjunxero
3371 4985 3756 5058 loquendum,

479 5087 775 5144 licentiam
807 5087 1019 5144 habeat
1047 5103 1144 5143 eas
1172 5088 1364 5142 denuo
1395 5087 1743 5160 occupandi.
1778 5087 1924 5142 Nam
1985 5087 2034 5143 si
2095 5087 2260 5159 prius
2291 5086 2452 5159 ipsas
2483 5085 2750 5142 civitates
2810 5102 2924 5141 non
2983 5084 3320 5152 reddiderit,
3352 5088 3410 5140 et
3458 5082 3757 5155 justitiam

478 5185 647 5242 nobis
695 5185 939 5240 minime
998 5184 1214 5251 fecerit,
1249 5185 1396 5240 sciat
1451 5201 1556 5257 pro
1615 5188 1791 5251 certo,
1827 5199 2020 5241 meam
2077 5199 2452 5256 nequaquam
2484 5182 2702 5238 videbit
2733 5181 2962 5238 faciem.
2999 5182 3164 5240 Unde
3219 5197 3351 5238 ecce
3410 5179 3760 5253 sequipedes

473 5289 697 5339 vestros
729 5281 978 5354 dirigere
1019 5283 1265 5338 studebo
1299 5299 1459 5338 meos
1518 5283 1732 5339 missos
1764 5283 1834 5337 ad
1869 5283 2142 5338 eumdem
2203 5286 2460 5338 vestrum
2521 5297 2740 5354 regem,
2770 5279 2872 5352 qui
2920 5281 3156 5337 easdem
3207 5278 3512 5352 recipiant,
3543 5276 3596 5334 si
3629 5279 3758 5334 red-

473 5381 608 5437 dere
639 5379 905 5445 voluerit,
938 5379 1221 5445 civitates,
1255 5385 1311 5436 et
1339 5381 1412 5436 de
1464 5380 1735 5453 przesenti
1767 5397 1885 5452 qua
1937 5380 2083 5436 hora
2113 5380 2226 5436 mei
2260 5379 2423 5436 missi
2458 5379 2705 5452 receptis
2735 5379 2957 5435 eisdem
2991 5377 3328 5435 civitatibus
3385 5376 3460 5432 ad
3519 5392 3614 5431 me
3646 5375 3756 5432 hoc

364 5475 437 5528 20
477 5477 670 5549 ipsum
703 5476 1040 5534 nuntiantes
1071 5478 1282 5534 reversi
1313 5478 1548 5545 fuerint,
1583 5478 1863 5535 continuo
1915 5479 1987 5534 ad
2037 5479 2165 5550 ejus
2198 5478 2299 5534 ubi
2329 5477 2595 5545 voluerit,
2629 5481 2696 5533 ut
2725 5477 2948 5533 dictum
2981 5480 3089 5546 est,
3124 5475 3448 5550 properabo
3497 5491 3756 5548 presen-

473 5573 612 5630 tiam
643 5575 713 5629 ad
750 5573 928 5628 simul
962 5591 1096 5630 cum
1131 5592 1197 5631 eo
1229 5575 1612 5646 loquendum.

540 5672 696 5725 800
725 5670 992 5740 lpsisque
1052 5673 1566 5744 Longobardorum
1627 5674 1826 5728 missis
1886 5673 2337 5746 properantibus
2381 5677 2557 5746 atque
2587 5673 2660 5730 ad
2694 5689 2871 5730 suum
2931 5673 3357 5730 revertentibus
3410 5686 3630 5745 regem,
3663 5670 3755 5726 di-

1517 5805 1768 5850 uorum
1809 5787 2194 5850 uA'aeINALss
2240 5805 2564 5851 rasaorrr.

399 5878 481 5944 (α)
512 5883 572 5948 Β,
605 5881 911 5936 inclinare.
989 5889 1110 5956 (b)'
1143 5890 1245 5961 qui
1277 5891 1470 5948 utiles.
1512 5894 1619 5964 ⁵(ε)
1656 5892 2102 5950 obsecratorias.
