3924 6416
192 352 374 416 .1173
940 353 1312 416 HISTORIA
1355 353 1457 415 DE
1500 354 1708 416 VlTlS

2081 358 2221 418 tN'l‘.
2255 390 2333 402 —
2377 358 2439 419 S.
2488 356 2907 420 ADRIANUS.
3040 386 3043 389 ·
3476 362 3630 422 11³74

350 485 499 546 rexit
528 486 660 560 ejus
688 490 779 544 ter
806 486 1109 544 beatitudo
1140 487 1414 544 continuo
1447 489 1516 544 ad
1551 489 1823 545 eumdem
1857 489 2219 545 Desiderium
2255 508 2445 563 regem
2476 508 2613 546 suos
2649 492 2863 547 missos
2897 492 2967 546 ad
3002 494 3239 549 easdem
3275 493 3635 566 recipiendas

353 585 642 653 civitates,
676 585 898 643 scilicet
930 585 1204 653 Pardum,
1236 585 1577 659 religiosum
1608 604 1962 660 cgumcnum
2010 590 2345 661 przefectum
2389 588 2743 644 monasterio
2776 590 2929 645 beati
2963 591 3151 659 Sabcc,
3185 596 3241 646 et
3267 592 3643 650 Anastasium

355 685 618 759 primum
651 684 1047 755 defensorem;
1082 686 1534 765 przesentatique
1585 686 1713 756 ejus
1762 685 2087 753 obtutibus,
2122 692 2177 741 et
2211 686 2319 758 ipsi
2369 688 2615 759 pedibus
2648 689 2776 759 ejus
2809 695 3167 755 eorruentes,
3204 688 3479 763 lacrymis
3513 709 3646 763 pro-

276 784 320 840 5
356 781 507 841 fusis
536 799 673 839 eum
705 782 1086 854 deprecantes
1118 788 1182 838 ut
1214 783 1539 839 antedictas
1572 784 1837 839 redderet
1869 784 2149 851 civitates,
2176 786 2581 856 promittentes
2614 786 2662 839 ei
2690 803 2791 857 per
2822 785 3203 856 apostolicam
3236 788 3645 844 auctoritatem

359 882 472 939 sub
510 880 899 955 jurejurando
929 881 1068 954 quia
1098 882 1279 937 sicas
1330 881 1699 949 reddidisset,
1735 882 1936 937 statim
1985 882 2445 955 prrenominatus
2476 883 2765 938 almificus
2816 883 3077 955 pontifex
3121 885 3193 938 ad
3244 901 3380 940 eum
3432 904 3643 959 prope-

358 985 517 1037 raret
547 979 1061 1054 proficiscendum,
1092 981 1163 1035 ad
1198 979 1651 1051 colloquendum
1694 979 1929 1051 pariter.
1963 980 2074 1037 Sed
2128 998 2230 1053 per
2262 981 2485 1036 nullam
2539 982 2823 1037 rationem
2876 984 3002 1053 ejus
3055 983 3305 1039 ferreum
3355 990 3561 1055 pectus
3590 990 3647 1040 et

360 1078 746 1136 durissimam
778 1082 1034 1135 mentem
1067 1078 1294 1135 mollire
1326 1080 1401 1147 (ιι)
1435 1083 1777 1149 potuerunt;
1828 1078 2094 1151 nihilque
2135 1080 2483 1151 recipientes
2535 1080 2659 1135 sine
2708 1082 2915 1135 effectu
2967 1080 3178 1135 reversi
3230 1086 3385 1135 sunt.
3422 1083 3642 1137 Tamen

360 1193 480 1234 non
511 1177 837 1233 desistebat
867 1177 1199 1233 antedictos
1229 1176 1489 1249 pontifex
1522 1194 1660 1231 suos
1688 1176 1900 1232 missos
1931 1177 2001 1232 ad
2036 1194 2170 1233 eum
2204 1194 2307 1249 per
2337 1178 2445 1233 hoc
2479 1178 2673 1250 ipsum
2706 1178 3077 1247 dirigendme
3112 1182 3229 1233 tam
3258 1181 3335 1249 (ὁ)
3358 1179 3428 1234 de
3460 1198 3645 1235 sacer-

247 1275 323 1331 10
358 1274 597 1331 dotibus
626 1290 924 1347 quamque
955 1275 1025 1330 de
1056 1274 1307 1347 singulis
1364 1272 1618 1345 religiosi
1676 1274 1913 1330 habitus
1947 1275 2285 1343 ordinibus;
2334 1276 2434 1330 sed
2493 1275 2636 1330 nihil
2696 1277 2849 1348 apud
2909 1294 3043 1332 eum
3104 1275 3417 1347 impetrare
3448 1277 3641 1333 value-

358 1378 499 1429 runt
531 1389 546 1429 :
582 1374 779 1447 potius
807 1388 1160 1446 permanens
1191 1373 1251 1427 in
1283 1389 1394 1428 sua
1423 1372 1732 1444 iniquitate
1764 1371 1962 1428 multis
1992 1373 2328 1429 civitatibus
2363 1391 2427 1429 ac
2462 1374 2678 1429 finibus
2724 1374 3119 1429 Romanorum
3152 1375 3361 1429 inferre
3394 1375 3644 1431 faciebat

361 1485 432 1527 ex
459 1470 619 1527 omni
649 1475 812 1546 parte
842 1470 999 1526 mala
1027 1475 1085 1527 et
1115 1486 1362 1543 magnas
1409 1468 1916 1540 comminationes,
1948 1470 2207 1542 dirigens
2239 1470 2429 1526 eidem
2464 1472 2753 1544 prmeipuo
2786 1472 3042 1544 pontifici
3085 1489 3145 1526 se
3190 1489 3322 1526 cum
3355 1471 3643 1528 universis

361 1569 883 1643 Langobardorum
913 1569 1263 1625 exercitibus
1315 1572 1763 1640 properaturum
1796 1568 1866 1623 ad
1901 1568 2229 1624 Romanam
2269 1569 2564 1625 civitatem
2606 1570 3143 1641 constringendam.
3179 1570 3283 1625 Pro
3316 1587 3430 1642 quo
3462 1570 3644 1626 nimio

362 1667 501 1724 ﬂetu
532 1665 659 1740 ipse
689 1666 1103 1725 sanctissimus
1137 1667 1394 1740 pontifex
1426 1683 1560 1723 cum
1594 1684 1699 1723 suo
1750 1664 1967 1739 populo
2021 1666 2269 1739 positus,
2303 1672 2502 1740 portas
2532 1667 2783 1724 civitatis
2818 1669 3089 1724 Romanae
3140 1668 3333 1723 claudi
3374 1668 3559 1740 jussit
3588 1673 3647 1724 ct

248 1766 324 1821 15
359 1764 508 1822 alias
536 1782 605 1821 ex
633 1764 718 1822 eis
750 1764 1023 1822 fabricari
1054 1764 1187 1821 fecit
1218 1768 1310 1834 (τ’).

431 1864 584 1921 807
614 1864 686 1919 Et
713 1864 857 1918 dum
889 1863 949 1917 in
980 1879 1196 1935 magna
1226 1862 1502 1935 angustia
1533 1881 1599 1919 ac
1630 1863 2007 1919 tribulatione
2060 1864 2425 1929 consisteret,
2458 1864 2805 1919 necessitate
2851 1864 3214 1935 compulsus,
3250 1863 3460 1918 direxit
3506 1882 3646 1919 suos

359 1961 577 2018 missos
606 1961 837 2018 marino
868 1960 1072 2017 itinere
1102 1977 1237 2016 cum
1272 1960 1607 2033 apostolicis
1640 1961 1850 2017 litteris
1882 1961 1952 2015 ad
1985 1960 2541 2017 excellentissimum
2568 1960 2838 2017 Carolum
2874 1980 2908 2017 a
2938 1961 3055 2017 Deo
3088 1967 3415 2034 protectum
3449 1978 3647 2033 regem

362 2061 719 2117 Francorum
749 2063 808 2115 et
838 2058 1152 2133 patricium
1186 2060 1606 2126 Romanorum,
1631 2060 1952 2131 deprecans
1982 2059 2111 2131 ejus
2142 2058 2543 2114 excellentiam
2577 2064 2641 2114 ut
2670 2059 2824 2114 sicut
2859 2078 3003 2115 suus
3036 2065 3199 2132 pater
3220 2065 3433 2115 sanctae
3466 2076 3643 2115 mem.

361 2157 666 2231 Pippinus,
697 2161 755 2214 et
784 2156 910 2231 ipse
942 2162 1321 2213 succurreret
1372 2161 1545 2229 atque
1600 2156 1937 2213 subveniret
1993 2162 2207 2212 sancta:
2264 2156 2360 2211 Dei
2421 2155 2712 2227 Ecclesiae,
2743 2160 2799 2212 et
2828 2158 3053 2212 afflicta:
3115 2158 3513 2214 Romanorum
3542 2175 3647 2213 seu

282 2256 324 2312 5
359 2256 708 2313 exarchatus
737 2254 1161 2312 Ravennatium
1196 2255 1522 2328 provincia},
1556 2259 1730 2327 atque
1762 2254 2053 2327 plenarias
2092 2254 2244 2309 beati
2279 2253 2428 2310 Petri
2470 2253 2735 2326 justitias
2766 2260 2820 2311 et
2852 2255 3140 2311 abstultas
3172 2256 3249 2324 ((1)
3281 2256 3543 2311 civitates
3574 2256 3645 2310 ab

359 2353 566 2411 eodem
595 2353 898 2410 Desiderio
928 2368 1062 2425 rege
1092 2352 1342 2425 exigeret
1367 2354 1459 2424 (ε).
1483 2354 1555 2407 At
1583 2370 1715 2408 vero
1738 2352 1880 2408 dum
1914 2369 2018 2424 per
2047 2351 2270 2406 nullam
2302 2352 2624 2407 occasionis
2646 2352 2963 2408 versutiam
2989 2354 3275 2425 potuisset
3309 2353 3494 2408 isdem
3529 2369 3648 2407 ma-

363 2450 565 2524 lignus
595 2450 935 2508 Desiderius
964 2451 1317 2523 persuadere
1368 2450 1689 2506 antefatum
1738 2448 2179 2505 sanctissimum
2211 2449 2550 2522 pontificem
2582 2450 2653 2505 ad
2688 2468 2748 2505 se
2778 2468 2911 2505 eum
2963 2452 3395 2518 deducendum,
3420 2456 3484 2505 ut
3514 2453 3647 2506 ante

365 2548 469 2605 fati
498 2548 684 2606 Caroli
715 2548 913 2622 Magni
944 2548 1096 2604 filios
1126 2565 1292 2621 reges
1343 2548 1627 2616 unxisset,
1660 2553 1717 2603 et
1763 2546 1959 2620 ipsum
1992 2546 2315 2603 almificum
2364 2547 2700 2619 pontificem
2733 2566 2766 2603 a
2798 2549 3087 2603 charitate
3118 2553 3175 2604 et
3206 2548 3512 2603 dilectione
3541 2566 3649 2603 sa:-

364 2646 544 2720 pefati
588 2646 1073 2703 Cbristianissimi
1105 2645 1291 2702 Caroli
1324 2645 1519 2718 Magni
1542 2645 1695 2719 regis
1724 2661 1995 2717 separare
2026 2644 2330 2701 voluisset.
2364 2647 2527 2701 Tunc
2561 2646 2879 2717 pertinacia
2927 2652 2983 2701 et
3028 2646 3272 2701 audacia
3320 2662 3590 2719 egressus
3620 2663 3654 2700 a

253 2746 329 2802 10
363 2761 474 2801 suo
503 2744 723 2818 palatio
753 2760 889 2800 cum
916 2743 1191 2817 Adalgiso
1250 2744 1482 2817 proprio
1523 2743 1641 2798 filio
1674 2748 1727 2799 et
1758 2743 2017 2798 exercitu
2074 2743 2618 2815 Longobardorum,
2654 2745 2919 2799 deferens
2980 2763 3179 2800 secum
3240 2749 3295 2799 et
3356 2760 3562 2799 uxores
3595 2747 3653 2798 et

362 2842 517 2899 ﬁlios
550 2841 847 2915 saepedicti
887 2842 1185 2914 quondam
1217 2840 1648 2908 Carolomanni,
1683 2856 1907 2896 necnon
1940 2845 1997 2895 et
2025 2840 2438 2910 Autcharium,
2473 2842 2573 2912 qui
2622 2842 2692 2895 ad
2745 2860 2901 2909 eum,
2938 2847 3000 2896 ut
3033 2842 3253 2897 dictum
3305 2846 3411 2908 est,
3445 2842 3648 2913 fugam

364 2938 739 3012 arripuerant
770 2955 782 2995 :
815 2939 911 2995 hic
940 2955 1075 2995 vero
1104 2939 1349 2995 Romam
1381 2955 1693 3011 properare
1747 2938 2059 3005 nitebatur,
2094 2938 2219 2993 sine
2252 2937 2497 2993 scientia
2544 2938 2823 2993 antedicti
2874 2938 3169 3011 pontiﬁcis
3218 2938 3480 3010 dirigens
3514 2955 3655 2994 suos

366 3038 606 3108 missos,
638 3036 860 3093 scilicet
891 3036 1379 3109 praenominatum
1409 3037 1701 3092 Andream
1745 3035 2223 3101 referendarium,
2257 3039 2315 3089 et
2346 3034 2491 3089 alios
2522 3036 2672 3089 duos
2720 3052 2789 3090 ex
2840 3036 2965 3090 suis
3015 3035 3333 3106 iudicibus,
3366 3035 3497 3106 ejus
3548 3035 3656 3090 ad-

359 3138 603 3191 ventum
632 3134 1070 3191 denuntiantes.
1104 3134 1327 3201 Quibus
1360 3134 1605 3190 Romam
1637 3133 2150 3205 conjungentibus,
2183 3132 2668 3205 praesentatisque
2699 3132 3033 3204 apostolicis
3060 3131 3385 3199 obtutibus,
3412 3132 3525 3187 tale
3555 3132 3640 3187 eis

252 3235 329 3291 15
365 3233 622 3289 reddidit
662 3248 1012 3305 responsum
1047 3248 1062 3287 :
1094 3232 1251 3304 quod
1281 3230 1395 3287 nisi
1428 3234 1494 3287 ut
1516 3232 1644 3303 jam
1676 3230 1761 3286 illi
1793 3230 2082 3302 promisit,
2118 3229 2435 3285 reddiderit
2465 3229 2631 3285 beato
2664 3229 2828 3285 Petro
2873 3230 3135 3285 civitates
3193 3229 3325 3284 illas
3357 3246 3505 3301 quas
3537 3230 3648 3285 sub

365 3346 497 3386 meo
523 3333 787 3403 tempore
817 3328 1083 3397 abstulit,
1117 3333 1174 3385 et
1201 3327 1523 3401 plenariam
1558 3328 1709 3401 parti
1742 3332 1952 3383 nostrae
1992 3327 2193 3383 fecerit
2231 3328 2552 3399 justitiam,
2587 3326 2746 3381 nullo
2780 3328 2953 3383 modo
3002 3327 3080 3381 sit
3128 3326 3212 3381 illi
3244 3343 3481 3382 necesse
3511 3326 3645 3382 fati-

359 3427 657 3502 gationem
688 3426 981 3493 sumendi,
1015 3425 1156 3498 qnia
1186 3426 1429 3482 minime
1463 3425 1585 3481 ﬁeri
1619 3430 1813 3498 potest
1843 3442 1936 3481 me
1967 3426 2132 3497 prius
2161 3442 2296 3480 cum
2327 3423 2427 3479 illo
2460 3424 2821 3496 prmsentari.

438 3525 592 3582 808
624 3524 965 3597 Suscipiens
991 3539 1126 3580 vero
1165 3523 1354 3580 isdem
1404 3523 1740 3579 Desiderius
1784 3523 1893 3578 hoc
1943 3538 2313 3594 responsum,
2348 3538 2719 3594 nequaquam
2769 3520 2975 3577 exinde
3007 3520 3321 3593 repedavit,
3355 3520 3455 3576 sed
3489 3538 3641 3592 ccep-

362 3627 494 3679 tum
524 3622 773 3678 Romam
798 3621 1073 3693 carpebat
1101 3621 1231 3677 iter.
1256 3621 1439 3693 Cujus
1454 3622 1582 3693 jam
1616 3621 1933 3676 adventum
1967 3621 2539 3692 apprOpinquantem
2572 3622 2645 3689 (Γ)
2678 3636 3035 3690 cognoscens
3076 3616 3490 3674 sanctissimus
3520 3616 3649 3689 ipse

366 3719 700 3794 praecipuus
743 3724 967 3793 pastor,
997 3735 1323 3791 aggregans
1372 3718 1713 3773 universum
1765 3717 2048 3790 populum
2081 3716 2327 3787 Tusciae,
2361 3716 2689 3788 Campania:
2740 3721 2796 3771 et
2845 3717 3095 3771 ducatus
3143 3714 3427 3783 Perusini,
3463 3718 3520 3770 et
3545 3714 3650 3770 ali-

368 3820 621 3891 quantos
654 3818 725 3873 de
754 3814 1090 3873 civitatibus
1130 3815 1532 3889 Pantapoleos,
1559 3813 1810 3870 munivit
1864 3815 2018 3870 hanc
2075 3814 2367 3869 civitatem
2427 3815 3130 3887 Romanam,‘omnesque
3186 3812 3400 3869 armati
3460 3812 3651 3884 parati

286 3917 330 3973 5
363 3918 534 3972 erant
565 3931 579 3969 :
613 3919 679 3971 ut
708 3913 758 3970 si
792 3915 915 3987 ipse
947 3930 1046 3970 rex
1074 3909 1393 3981 adveniret,
1418 3913 1467 3968 ei
1504 3912 1727 3968 fortiter
1757 3928 1891 3967 cum
1940 3912 2043 3967 Dei
2076 3911 2289 3967 auxilio
2321 3916 2379 3966 et
2409 3912 2561 3966 beati
2597 3910 2767 3977 Petri,
2794 3904 2923 3965 fulti
2975 3910 3342 3967 orationibus
3391 3909 3651 3983 praedicti

364 4011 728 4071 sanctissimi
758 4011 1047 4085 praesulis,
1077 4010 1161 4066 illi
1194 4010 1549 4066 resisterent.
1574 4010 1721 4064 Nam
1751 4008 2027 4064 ecclesias
2057 4008 2208 4065 beati
2242 4009 2392 4064 Petri
2426 4014 2481 4064 et
2513 4008 2674 4063 Pauli
2706 4026 2983 4063 exornare
3005 4013 3082 4077 (υ)
3114 4009 3251 4064 fecit
3279 4010 3409 4081 ejus
3436 4008 3650 4063 sancti-

361 4116 476 4176 tas,
498 4114 558 4167 et
585 4114 800 4165 cuncta
827 4125 1030 4165 eorum
1052 4107 1273 4164 cimilia
1296 4112 1353 4163 et
1383 4111 1627 4163 ornatus
1648 4106 1709 4161 in
1741 4107 1892 4162 hanc
1919 4105 2212 4162 civitatem
2244 4107 2567 4162 Romanam
2602 4105 2945 4175 introduxit,
2970 4105 3163 4162 claudi
3195 4106 3415 4162 faciens
3445 4122 3649 4162 omnes

357 4210 579 4281 januas
608 4206 866 4264 ecclesia;
897 4206 1049 4262 beati
1083 4206 1257 4273 Petri,
1290 4211 1345 4261 et
1376 4205 1612 4260 deintus
1645 4204 1811 4259 ferris
1844 4203 2096 4276 supponi
2129 4222 2194 4259 ac
2234 4203 2453 4259 muniri
2475 4204 2696 4275 jussit:
2728 4207 2793 4258 ut
2825 4204 2871 4258 si
2906 4204 3029 4275 ipse
3060 4208 3363 4275 protervus
3396 4220 3493 4258 rex
3522 4202 3648 4258 sine

361 4305 599 4362 licentia
626 4308 685 4361 et
713 4304 1002 4378 permisso
1032 4302 1325 4376 pontificis
1358 4302 1711 4370 advenisset,
1748 4300 1995 4358 minime
2024 4302 2250 4357 aditum
2281 4301 2341 4356 in
2383 4302 2648 4357 eamdem
2683 4302 2989 4357 ecclesiam
3022 4301 3355 4357 introeundi
3387 4299 3645 4369 haberet,

252 4404 326 4460 10
364 4402 481 4460 nisi
511 4401 751 4459 brachio
779 4401 916 4458 forti
956 4402 1028 4458 ad
1077 4417 1196 4458 sum
1246 4399 1454 4456 animae
1503 4398 1806 4455 interitum
1836 4399 1997 4471 ipsas
2029 4399 2423 4471 confringeret
2444 4401 2683 4471 januas.
2721 4402 2985 4470 Dumque
3037 4397 3156 4453 haec
3205 4398 3405 4453 omnia
3450 4396 3647 4470 dispo-

197 4492 203 4499 ’
363 4500 584 4557 suisset
612 4502 877 4573 exemplo
927 4499 1079 4556 facto
1109 4498 1171 4554 in
1202 4497 1436 4571 scriptis
1470 4497 1864 4554 anathematis
1894 4498 2069 4553 verbo
2128 4498 2339 4553 direxit
2368 4497 2557 4553 eidem
2608 4498 2907 4553 Desiderio
2966 4497 3087 4569 regi
3144 4501 3263 4553 tres
3321 4496 3646 4569 episcopos,

363 4598 425 4654 id
456 4600 565 4666 est,
596 4597 961 4655 Eustratium
998 4596 1413 4668 Albanensem,
1444 4595 1738 4651 Andream
1800 4599 2227 4651 Praenestinum
2286 4599 2343 4651 et
2399 4595 2797 4651 Theodosium
2830 4594 3147 4651 Tiburtinae
3208 4594 3480 4665 civitatis,
3510 4611 3648 4666 pro-

364 4700 589 4752 testans
619 4712 755 4752 eum
809 4694 869 4751 in
929 4695 1132 4751 eodem
1192 4693 1567 4767 obligationis
1626 4691 2162 4764 exhortationisque
2191 4694 2386 4763 verbo,
2422 4698 2479 4748 et
2512 4694 2793 4765 adjurans
2852 4711 2954 4766 per
3010 4694 3208 4748 omnia
3268 4691 3464 4748 divina
3521 4708 3646 4764 my-

368 4793 564 4860 steria‘,
596 4794 663 4848 ut
701 4791 866 4849 nullo
926 4793 1099 4849 modo
1130 4792 1189 4847 in
1250 4791 1466 4847 finibus
1500 4793 1578 4863 (ἡ)
1616 4790 2016 4846 Romanorum
2076 4790 2203 4845 sine
2260 4792 2389 4863 ejus
2448 4790 2816 4847 absolutione
2872 4790 3099 4863 ingredi
3158 4794 3261 4846 aut
3318 4787 3648 4844 conculcari

218 4922 221 4925 ι
258 4890 331 4946 15
368 4889 842 4963 praesumpsisset
873 4890 960 4962 (ἢ,
994 4905 1184 4961 neque
1217 4888 1363 4962 ipse,
1395 4904 1586 4961 neque
1616 4887 1912 4960 quispiam
1947 4887 2492 4959 Langobardorum,
2528 4889 2629 4943 sed
2664 4906 2769 4943 nec
2799 4888 3156 4943 Autcharius
3190 4889 3466 4943 Francus.
3500 4886 3646 4941 Sus-

368 4974 651 5060 ceptoque
680 4988 884 5044 eodem
939 4985 1317 5060 obligationis
1346 4987 1520 5042 verbo
1564 5002 1666 5058 per
1704 4984 1991 5041 antefatos
2024 4984 2350 5057 episcopos,
2387 4986 2511 5058 ipse
2567 4986 3084 5058 Longobardorum
3144 5002 3239 5039 rex
3295 4983 3449 5039 illico
3508 5001 3645 5038 cum

367 5100 583 5159 magna
611 5084 934 5143 reverentia
980 5102 1014 5141 a
1063 5084 1293 5141 civitate
1321 5083 1687 5139 Viterbiensc
1736 5083 2017 5139 confusus
2048 5082 2119 5138 ad
2154 5084 2392 5155 propria
2422 5100 2690 5139 reversus
2722 5089 2830 5139 est.
2870 5084 3001 5139 Post
3046 5082 3167 5137 haec
3215 5083 3647 5153 conjunxerunt

280 5216 283 5217 ν
368 5185 442 5242 ad
473 5184 673 5241 sedem
706 5181 1089 5256 apostolicam
1120 5182 1289 5237 missi
1333 5181 1548 5254 saepius
1580 5181 1718 5237 dicti
1751 5180 1937 5238 Caroli
1970 5179 2445 5236 excellentissimi
2478 5181 2630 5253 regis
2665 5183 3017 5237 Francorum
3065 5185 3122 5236 et
3169 5179 3398 5252 patricii
3432 5179 3643 5235 Roma-

365 5298 611 5350 norum;
640 5280 699 5337 id
732 5285 841 5351 est,
870 5278 1155 5353 Georgius
1213 5279 1627 5335 sanctissimus
1684 5278 2013 5351 episcopus,
2040 5277 2358 5334 Gulfardus
2389 5278 2697 5351 religiosus
2759 5280 2939 5334 abbas
2998 5283 3053 5333 et
3110 5277 3503 5345 consiliarius,
3538 5294 3644 5333 seu

202 5388 207 5393 ‘
253 5380 330 5435 20
367 5377 612 5435 Albinus
640 5377 957 5435 deliciosus
988 5377 1177 5452 ipsius
1211 5377 1385 5449 regis,
1412 5376 1779 5449 inquirentes
1812 5376 1859 5432 si
1892 5377 2167 5449 przefatus
2198 5376 2714 5449 Longobardorum
2746 5395 2841 5432 rex
2869 5376 3157 5432 abstultas
3191 5377 3261 5447 (j)
3293 5374 3555 5431 civitates
3586 5380 3645 5431 et

246 5480 251 5481 “
367 5492 574 5533 omnes
595 5476 868 5548 justitias
897 5475 1050 5532 beati
1079 5475 1232 5532 Petri
1272 5474 1642 5543 reddidisset,
1677 5476 1829 5531 sicut
1859 5473 2003 5530 false
2051 5475 2111 5529 in
2162 5473 2467 5530 Franciam
2518 5474 2826 5547 dirigebat,
2857 5493 3125 5531 asserens
3176 5492 3236 5529 se
3285 5474 3485 5529 omnia
3513 5474 3642 5530 red-

408 5592 612 5629 101886.

408 5592 428 5629 l
473 5592 490 5629 ι
598 5615 612 5629 ο

367 5573 404 5630 d
431 5575 467 5630 ἁ
495 5590 591 5632 sse
1412 5660 1662 5706 ﬂO’l‘ULE
1706 5659 2093 5705 MARGIMLES
2136 5660 2451 5706 FABROTTI.

236 5804 261 5813 η
296 5742 382 5816 (ιι)
413 5743 662 5816 ﬂectere.
719 5742 844 5816 (ω’
876 5759 980 5814 pro
1012 5741 1122 5797 hoc
1151 5741 1279 5816 ipso
1324 5742 1394 5797 ad
1448 5760 1581 5797 eum
1604 5812 1611 5816 Δ
1632 5742 1785 5816 dit'ig

2133 5748 2198 5810 (ε)
2230 5744 2642 5816 τητινο-διξίίίιῖθι
2684 5744 2919 5816 claudi,
2943 5814 2948 5816 _
2976 5742 3054 5810 (ιΙ)
3085 5741 3353 5816 εὼΙειίαεη
3408 5744 3480 5812 (e)
3517 5740 3649 5798 Vide

439 5812 844 5957 αάὥηέιδ
876 5812 964 5887 ἶῙ)
993 5812 1515 5887 appropinquasse.
1594 5812 1669 5883 (g)
1700 5812 1998 5881 exornare,
2048 5813 2102 5867 id
2153 5822 2251 5878 est,
2304 5814 2524 5870 nudare
2574 5819 2802 5870 ornatu.
2881 5814 2959 5884 (ὴ)
2993 5818 3156 5869 lines.
3236 5816 3301 5886 (ί)
3332 5815 3394 5881 Β,
3429 5829 3646 5885 praesu-

422 5928 435 5941 .
717 5901 751 5943 a
852 5925 864 5937 .
