3924 6468
282 340 436 401 1175
934 304 941 309 ὴ
1429 339 1846 401 ANAS'I‘ASII
1890 338 2542 403 BIBLIOTHECARII.
3552 338 3738 403 “76

488 473 643 531 309
673 473 745 530 Et
775 470 1057 529 satisfacti
1088 476 1229 529 sunt
1258 470 1723 545 przesentialiter,
1759 470 1906 527 nihil
1935 471 2008 529 ab
2060 488 2126 528 eo
2173 470 2468 529 redditum
2517 472 2721 530 fuisse.
2754 470 2982 540 Quibus
3032 472 3291 531 referens
3341 472 3531 531 isdem
3561 491 3735 548 pra-

414 571 625 645 cipuus
656 571 915 645 pontifex
944 575 1155 627 cuncta
1185 588 1314 642 quae
1344 574 1509 644 gesta
1552 575 1746 639 erant;
1779 587 1879 627 eos
1928 569 1989 626 in
2050 570 2357 626 Franciam
2417 570 2667 628 absolvit
2726 571 3099 638 remeandos,
3131 570 3394 645 dirigens
3450 588 3589 629 cum
3620 574 3727 630 eis

416 687 555 727 suos
587 670 801 726 missos
831 669 901 724 ad
937 669 1240 742 praefatum
1266 668 1827 725 excellentissimum
1860 670 2218 725 Francorum
2251 685 2447 742 regem
2479 686 2615 726 cum
2647 669 2987 744 apostolicis
3015 670 3489 727 admonitionum
3522 670 3725 745 sylla-

419 767 531 837 bis,
564 769 845 840 adjurans
876 785 1011 823 eum
1045 768 1271 822 fortiter
1303 772 1367 822 ut
1396 783 1464 823 ea
1494 784 1622 839 quas
1655 767 1826 823 beato
1876 768 2041 823 Petro
2082 784 2217 823 cum
2249 785 2355 824 suo
2386 767 2649 841 genitore
2680 773 2898 824 sanctae
2928 768 3226 824 memoriae
3278 768 3524 841 Pippino
3574 786 3737 843 rege

352 868 388 922 5
435 866 733 938 pollicitus
771 870 881 931 est,
913 866 1277 938 adimpleret,
1311 869 1369 921 et
1417 865 1879 938 redemptionem
1911 870 2125 921 sancta:
2176 866 2277 922 Dei
2326 866 2593 923 Ecclesiae
2640 868 2962 939 perﬁceret,
2993 883 3096 924 seu
3148 865 3420 923 universa
3448 884 3578 940 qua:
3612 868 3738 925 ab—

430 963 611 1019 stulta
640 965 715 1036 (a)
743 967 883 1020 sunt
913 980 947 1019 a
977 964 1199 1036 perﬁdo
1257 963 1773 1035 Longohardorum
1822 980 1976 1037 rege,
2012 968 2133 1019 tam
2166 964 2430 1021 civitates
2475 981 2653 1037 quam
2708 964 2967 1037 reliquas
3014 964 3302 1037 justitias,
3336 965 3463 1021 sine
3520 970 3735 1023 certa-

433 1061 592 1117 mine
623 1064 701 1131 (ὁ)
732 1061 973 1118 reddere
999 1062 1169 1117 beato
1202 1062 1368 1117 Petro
1400 1061 1648 1134 principi
1682 1062 2081 1135 apostolorum
2112 1063 2347 1119 fecisset
2377 1064 2469 1135 (ε).
2505 1063 2621 1135 Ipsi
2670 1062 2866 1136 itaque
2898 1064 3256 1119 Francorum
3306 1063 3474 1119 missi
3505 1081 3736 1138 prope-

435 1165 634 1216 rantes
664 1176 800 1216 cum
834 1159 1164 1233 apostolicae
1197 1159 1355 1215 sedis
1380 1159 1581 1215 missis
1612 1159 2053 1216 declinaverunt
2094 1160 2167 1215 ad
2210 1161 2700 1233 praenominatum
2732 1160 3119 1217 Desiderium.
3152 1160 3261 1228 Qui
3292 1165 3349 1217 et
3378 1166 3739 1219 constanter

434 1275 570 1314 eum
603 1258 982 1330 deprecantes
1013 1257 1301 1313 adhortati
1335 1262 1497 1324 sunt,
1525 1257 1679 1313 sicut
1710 1256 1828 1314 illis
1858 1275 1893 1314 a
1922 1275 2028 1314 suo
2060 1274 2192 1331 rege
2234 1263 2591 1331 praeceptum
2624 1258 2868 1328 exstitit,
2903 1263 2968 1315 ut
2996 1259 3308 1325 antefatas,
3339 1276 3489 1333 quas
3511 1261 3737 1317 abstu-

328 1358 397 1411 10
432 1356 600 1422 lerat,
633 1355 897 1413 civitates
930 1356 1171 1429 paciﬁca
1200 1357 1369 1412 beato
1401 1356 1569 1411 Petro
1598 1356 1886 1423 redderet,
1921 1360 1979 1412 et
2000 1356 2272 1428 justitias
2314 1356 2465 1429 parti
2498 1357 2896 1415 Romanorum
2928 1356 3162 1414 fecisset
3190 1358 3297 1429 (ά).
3331 1358 3442 1414 Sed
3473 1358 3737 1416 minime

434 1454 759 1528 quidquam
790 1454 1003 1511 horum
1037 1455 1192 1527 apud
1223 1472 1357 1510 eum
1389 1455 1652 1511 obtinere
1680 1454 2012 1524 valuerunt,
2037 1472 2308 1511 asserens
2338 1472 2399 1511 se
2434 1455 2676 1513 minime
2705 1456 3029 1529 quidquam
3060 1454 3448 1513 redditurum.
3472 1458 3738 1531 Accepto

434 1553 634 1626 itaque
665 1571 943 1626 responso
975 1553 1105 1622 hoc,
1140 1552 1354 1609 reversi
1385 1557 1526 1608 sunt
1552 1552 1667 1626 ipsi
1698 1553 1941 1609 antefati
1973 1552 2143 1610 missi
2176 1555 2535 1611 Francorum
2564 1553 2627 1610 in
2659 1554 2957 1627 regionem
2984 1571 3175 1611 suam.

505 1653 662 1709 310
695 1652 1076 1725 Pr0perantes
1105 1651 1284 1708 simul
1314 1656 1373 1708 et
1403 1651 1735 1724 apostolica:
1766 1650 1924 1709 sedis
1968 1651 2159 1721 missi,
2184 1652 2287 1725 qui
2319 1652 2599 1709 subtilius
2628 1656 2843 1709 cuncta
2872 1652 3187 1710 referentes
3233 1656 3293 1709 et
3340 1653 3414 1709 de
3458 1651 3740 1727 maligno

436 1749 735 1823 proposito
788 1748 1197 1822 praenominati
1245 1748 1527 1806 Desiderii
1588 1749 2015 1807 annuntiantes
2074 1749 2329 1805 antefato
2386 1749 2875 1807 excellentissimo
2905 1754 2963 1806 et
2991 1767 3027 1806 a
3058 1754 3169 1807 Deo
3226 1753 3485 1823 protecta
3515 1749 3740 1808 Carolo

440 1848 653 1921 Magno
684 1846 826 1920 regi,
858 1847 1169 1904 confestim
1199 1845 1387 1903 isdem
1434 1846 1788 1904 mitissimus
1835 1852 1907 1923 et,
1942 1864 2003 1904 re
2032 1864 2169 1904 vera
2197 1846 2739 1906 Christianissimus
2780 1848 3021 1905 Carolus
3072 1849 3429 1905 Francorum
3480 1865 3579 1904 rex
3626 1848 3741 1904 di-

442 1944 588 2001 rexit
614 1945 805 2002 eidem
838 1945 1137 2001 Desiderio
1168 1962 1275 2002 suo
1320 1945 1558 2013 missos,
1594 1943 1651 2000 id
1698 1948 1787 2000 est
1833 1945 2155 2017 deprecans
2184 1949 2251 2000 ut
2278 1946 2537 2014 easdem,
2570 1962 2720 2019 quas
2776 1944 3124 2016 abstulerat,
3155 1945 3397 2019 paciﬂce
3454 1946 3743 2003 redderet

443 2043 728 2113 civitates,
752 2048 810 2099 et
838 2042 1133 2116 plenarias
1163 2042 1315 2116 parti
1338 2044 1734 2100 Romanorum
1767 2043 1982 2099 faceret
2008 2043 2275 2115 justitias
2295 2059 2309 2097 :
2331 2043 2683 2116 promittens
2712 2042 2955 2116 insuper
2981 2042 3034 2101 ei
3064 2042 3244 2100 tribui
3274 2044 3741 2117 quatuordecim

444 2142 631 2198 millia
662 2142 788 2198 auri
820 2142 1164 2211 solidorum,
1189 2141 1578 2214 quantitatem
1610 2140 1669 2195 in
1702 2158 1844 2197 auro
1874 2144 1933 2197 et
1962 2146 2223 2213 argento.
2248 2142 2360 2197 Sed
2395 2158 2584 2214 neque
2613 2141 3124 2215 deprecationibus
3154 2158 3345 2215 neque
3375 2141 3744 2199 muneribus

442 2241 573 2312 ejus
602 2240 1034 2297 ferocissimum
1066 2257 1167 2296 cor
1198 2240 1427 2296 ﬂectere
1454 2237 1657 2294 valuit.
1684 2238 1840 2294 Nihil
1862 2238 2020 2294 enim
2043 2238 2375 2295 obtinentes
2398 2238 2509 2313 ipsi
2536 2238 2703 2296 missi
2730 2240 3088 2297 Francorum
3112 2240 3182 2297 ad
3215 2240 3523 2313 prefatum
3547 2256 3745 2297 suum

441 2337 1013 2394 Christianissimum
1046 2336 1295 2410 regressi
1334 2340 1474 2393 sunt
1528 2352 1744 2408 regem.
1780 2337 1945 2392 Tunc
2000 2353 2326 2410 aggregans
2358 2335 2484 2409 ipse
2512 2354 2547 2392 a
2575 2337 2691 2394 Deo
2724 2342 3023 2409 protectus
3051 2338 3290 2397 Carolus
3349 2339 3599 2412 Magnus
3631 2354 3750 2396 rex

443 2435 777 2491 universam
809 2434 971 2508 regni
1003 2434 1094 2492 sui
1127 2436 1483 2490 Francorum
1525 2434 1884 2489 exercituum
1905 2437 1980 2503 (θ)
2001 2433 2463 2501 multitudinem,
2487 2439 2661 2508 atque
2692 2435 2764 2491 ad
2796 2436 3170 2509 occupandas
3200 2436 3398 2494 clusas
3427 2454 3497 2493 ex
3524 2438 3750 2496 eodem

336 2533 406 2587 10
444 2548 551 2586 suo
580 2532 833 2587 exercitu
864 2530 1145 2603 dirigens,
1180 2530 1305 2604 ipse
1337 2547 1570 2603 quoque
1601 2547 1735 2586 cum
1769 2529 2038 2602 pluribus
2069 2529 2408 2589 fortissimis
2440 2529 2824 2587 bellatoribus
2856 2532 3097 2589 Francis
3136 2550 3240 2605 per
3270 2538 3533 2592 montem
3566 2532 3747 2590 Cini-

446 2628 602 2685 sium
634 2630 703 2685 ad
738 2629 978 2685 easdem
1010 2628 1502 2701 appropinquavit
1543 2627 1758 2695 clusas,
1793 2633 1852 2684 et
1880 2632 2143 2685 remotus
2173 2628 2234 2684 in
2265 2629 2484 2685 ﬁnibus
2516 2630 2873 2685 Francorum
2902 2646 3039 2685 cum
3086 2630 3213 2687 suis
3258 2630 3614 2687 exercitibus
3649 2648 3752 2687 re-

448 2724 618 2779 sedit.
651 2724 783 2780 Jam
817 2724 1011 2780 dictus
1042 2740 1176 2780 vero
1207 2723 1567 2791 Desiderius,
1590 2728 1649 2780 et
1678 2725 1954 2780 universa
1982 2725 2496 2798 Langobardorum
2528 2726 2888 2783 exercituum
2911 2726 2984 2799 (f)
3005 2726 3322 2783 multitudo
3351 2728 3425 2782 ad
3459 2726 3726 2785 resisten

450 2822 593 2877 dum
626 2822 852 2878 fortiter
880 2822 941 2877 in
971 2821 1119 2894 ipsis
1151 2820 1333 2878 clusis
1364 2822 1739 2891 assistebant,
1758 2838 1905 2895 quas
1953 2820 2190 2879 fabricis
2220 2827 2278 2879 et
2307 2823 2555 2881 diversis
2584 2823 2855 2881 maceriis
2886 2822 3115 2881 curiose
3157 2824 3389 2880 munire
3420 2824 3536 2881 nisi
3564 2829 3742 2883 sunt.

448 2921 522 2975 At
552 2936 683 2975 vero
714 2937 831 2992 qua
859 2919 1003 2976 hora
1034 2920 1493 2993 praenominatus
1523 2918 2064 2977 Christianissimus
2096 2923 2450 2977 Francorum
2486 2938 2585 2977 rex
2613 2922 2684 2977 ad
2716 2922 2953 2978 easdem
2985 2921 3480 2995 appropinquavit
3507 2921 3745 2990 clusas,

346 3018 413 3073 15
449 3016 605 3072 illico
638 3018 829 3073 denuo
860 3034 1000 3074 suos
1032 3016 1246 3074 missos
1277 3019 1350 3074 ad
1384 3019 1688 3091 praefatum
1722 3017 1932 3075 direxit
1978 3018 2369 3088 Desiderium,
2402 3020 2745 3093 deprecans,
2778 3018 2933 3076 sicut
2969 3020 3220 3093 pridem,
3244 3024 3309 3076 ut
3339 3019 3743 3092 quantitatem

449 3115 859 3189 praedictorum
890 3115 1214 3172 solidorum
1248 3115 1573 3190 susciperet
1618 3132 1737 3183 rex,
1769 3119 1826 3171 et
1852 3115 2088 3172 easdem
2135 3114 2377 3188 paciﬁce
2426 3116 2695 3171 redderet
2745 3114 3030 3172 civitates.
3064 3116 3175 3171 Sed
3225 3132 3596 3188 nequaquam
3630 3133 3745 3188 pe-

445 3213 609 3269 nitus
639 3213 1007 3286 acquiescere
1038 3214 1267 3283 maluit,
1291 3218 1347 3271 et
1376 3215 1518 3270 dum
1550 3213 1611 3270 in
1640 3218 1807 3270 tanta
1836 3213 2057 3270 duritia
2086 3218 2387 3287 protervus
2418 3212 2545 3286 ipse
2571 3218 2942 3285 permaneret
2971 3230 3069 3269 rex
3099 3212 3461 3280 Desiderius,
3483 3212 3742 3286 cupiens

445 3310 775 3367 antedictus
807 3311 1352 3369 Christianissimus
1388 3314 1745 3368 Francorum
1775 3329 1874 3367 rex
1906 3311 2145 3384 paciﬁca
2182 3310 2451 3382 justitias
2498 3309 2655 3367 beati
2705 3309 2856 3367 Petri
2906 3310 3160 3383 recipere
3181 3310 3280 3383 (g),
3303 3308 3513 3366 direxit
3541 3309 3742 3367 eidem

446 3409 966 3481 Longobardorum
1001 3409 1141 3482 regi,
1168 3413 1233 3464 ut
1264 3408 1635 3465 solummodo
1667 3415 1785 3465 tres
1812 3408 2048 3465 obsides
2090 3409 2612 3481 Longobardorum
2653 3408 2928 3480 judicum
2961 3408 3114 3464 filios
3144 3407 3228 3463 illi
3260 3408 3599 3464 tradidisset
3630 3425 3745 3481 pro

337 3507 409 3562 20
449 3504 567 3561 illis
599 3506 977 3562 restituendis
1008 3505 1363 3575 civitatibus,
1391 3511 1448 3563 et
1479 3507 1759 3562 continuo
1782 3506 1909 3562 sine
1931 3504 2053 3560 ulla
2076 3504 2289 3562 inferta
2319 3505 2543 3562 malitia
2565 3505 2663 3580 (h),
2688 3509 2791 3562 aut
2817 3505 3136 3562 commisso
3166 3504 3366 3578 praelia
3396 3506 3469 3561 ad
3500 3504 3748 3578 propria

447 3619 584 3658 cum
617 3602 742 3659 suis
775 3604 1133 3658 Francorum
1155 3603 1507 3659 exercitibus
1543 3606 1946 3658 reverteretur.
1972 3602 2080 3658 Sed
2117 3619 2306 3676 neque
2336 3603 2421 3659 sic
2465 3601 2650 3659 valuit
2677 3603 2806 3675 ejus
2835 3601 3157 3677 malignam
3189 3606 3447 3660 mentem
3478 3603 3740 3659 flectere.

455 3700 619 3757 Unde
650 3701 1023 3774 omnipotens
1052 3702 1227 3773 Deus,
1252 3696 1620 3775 conspiciens
1651 3700 1839 3773 ipsius
1869 3699 2110 3773 maligni
2141 3700 2420 3757 Desiderii
2451 3700 2720 3773 iniquam
2751 3701 3057 3774 perfidiam
3088 3705 3264 3775 atque
3303 3699 3740 3758 intolerabilem

456 3797 807 3869 proterviam
839 3798 981 3854 dum
1012 3797 1226 3863 vellent
1258 3797 1463 3854 Franci
1494 3798 1607 3854 alio
1632 3798 1725 3854 die
1754 3798 1827 3853 ad
1856 3797 2093 3871 propria
2124 3797 2353 3866 revorti,
2376 3797 2539 3854 misit
2575 3802 2858 3855 terrorem
2897 3802 2956 3855 et
2996 3798 3250 3856 validam
3281 3797 3740 3871 trepidationem

458 3894 519 3949 in
551 3911 651 3950 cor
694 3896 823 3966 ejus
868 3895 956 3952 vel
1017 3896 1122 3952 ﬁlii
1179 3897 1389 3969 ipsius,
1422 3895 1683 3969 Adalgisi
1741 3894 1986 3962 scilicet,
2017 3899 2075 3951 et
2129 3896 2536 3952 universorum
2596 3896 3135 3967 Longobardorum,
3168 3899 3226 3951 et
3278 3896 3485 3953 eadem
3543 3899 3738 3963 nocte,

353 3993 425 4047 25
461 3991 726 4047 dimissis
756 3994 1010 4067 propriis
1034 3996 1301 4052 tentoriis
1331 3999 1508 4067 atque
1538 3994 1698 4051 omni
1725 3992 2106 4067 supellectile,
2129 3994 2330 4067 fugam
2360 4010 2566 4051 omnes
2595 3994 2946 4068 generaliter
2973 3992 3206 4051 nemine
3226 4011 3326 4051 eos
3353 3997 3743 4067 persequente

462 4090 856 4163 arripuerunt.
890 4094 1052 4161 Quod
1084 4098 1391 4150 cernentes
1418 4092 1705 4149 exercitus
1739 4094 2093 4148 Francorum
2139 4092 2429 4166 persecuti
2480 4098 2619 4149 sunt
2647 4110 2746 4150 eos
2776 4097 2835 4149 et
2862 4092 3062 4166 plures
3089 4109 3160 4149 ex
3186 4091 3271 4149 eis
3298 4090 3739 4150 interfecerunt.

463 4188 592 4260 Ipse
614 4206 746 4245 vero
768 4191 1104 4248 Desiderius
1126 4193 1475 4265 quantocius
1498 4208 1633 4247 cum
1657 4190 1783 4247 suis
1801 4191 2106 4262 judicibus
2126 4190 2395 4248 velociori
2416 4207 2592 4248 cursu
2618 4192 2869 4265 fugiens,
2894 4196 3069 4264 atque
3089 4191 3329 4263 Papiam
3351 4190 3739 4263 conjungens,

463 4286 680 4343 ibidem
706 4305 767 4344 se
793 4306 924 4345 cum
950 4290 1075 4346 suis
1092 4290 1399 4363 judicibus
1428 4295 1484 4346 et
1514 4288 1894 4345 multitudine
1942 4287 2142 4361 populi
2176 4288 2542 4362 Longobardi
2592 4287 2813 4345 recludi
2861 4288 3108 4345 studuit.
3132 4288 3204 4343 Et
3234 4285 3509 4344 muniens
3539 4301 3742 4342 muros

462 4383 649 4456 ipsius
680 4384 929 4443 civitatis
961 4388 1032 4443 ad
1065 4386 1455 4444 resistendum
1482 4388 1840 4443 Francorum
1870 4386 2243 4455 exercitibus,
2270 4390 2331 4441 et
2350 4385 2648 4459 propriam
2680 4385 3108 4441 defendendam
3131 4384 3426 4441 civitatem
3457 4399 3594 4439 cum
3617 4381 3741 4439 suis

355 4482 426 4535 3O
466 4481 865 4554 Longobardis
896 4500 957 4541 se
989 4484 1352 4558 prmparavit.
1374 4483 1688 4557 Adalgisus
1709 4484 1776 4555 (ἱ)
1796 4499 1929 4539 vero
1958 4483 2087 4555 ejus
2136 4482 2315 4551 filius,
2353 4498 2667 4540 assumens
2716 4498 2917 4539 secum
2946 4481 3333 4538 Autcharium
3368 4481 3657 4537 Francum
3685 4483 3744 4535 et

464 4595 703 4635 uxorem
735 4584 908 4653 atque
940 4581 1092 4637 filios
1122 4581 1416 4654 saepedicti
1450 4581 1881 4647 Carolomanni,
1915 4580 1974 4637 in
2007 4580 2237 4637 civitate
2270 4598 2397 4653 quae
2426 4580 2655 4637 Verona
2689 4584 3086 4653 nuncupatur,
3120 4596 3225 4653 pro
3256 4593 3324 4635 eo
3356 4577 3512 4651 quod
3544 4576 3743 4633 fortis~

467 4674 621 4731 sima
650 4694 765 4749 pra:
798 4680 1075 4736 omnibus
1105 4680 1437 4737 civitatibus
1469 4680 1987 4753 Longobardorum
2019 4695 2149 4735 esse
2176 4678 2490 4745 videretur,
2521 4677 2827 4752 ingressus
2859 4682 2968 4734 est.

538 4775 683 4830 8H
751 4780 929 4833 Porro
988 4778 1356 4853 Longobardi
1402 4777 1617 4850 reliqui
1665 4777 1916 4851 dispersi
1976 4776 2034 4832 in
2093 4776 2361 4849 proprias
2420 4775 2633 4833 reversi
2664 4780 2805 4832 sunt
2830 4774 3095 4832 civitates
3127 4792 3142 4831 :
3176 4791 3313 4831 nam
3375 4770 3656 4846 Spoletini
3686 4782 3744 4837 et

468 4872 695 4929 Reatini
727 4874 1011 4948 aliquanti
1045 4894 1246 4935 eorum
1277 4876 1449 4933 utiles
1480 4893 1741 4949 personae
1772 4879 2089 4949 antequam
2120 4873 2478 4942 Desiderius,
2506 4890 2612 4930 seu
2645 4872 3166 4947 Longobardorum
3196 4872 3327 4945 ejus
3356 4870 3642 4928 exercitus
3669 4868 3740 4925 ad

469 4971 664 5028 clusas
694 4981 1023 5048 pergerent,
1056 4975 1139 5030 illi
1172 4977 1246 5032 ad
1276 4977 1513 5031 beatum
1546 4975 1782 5030 Petrum
1835 4971 2177 5047 confugium
2227 4971 2527 5039 facientes,
2560 4970 2836 5043 praedicto
2868 4970 3244 5028 sanctissimo
3276 4969 3532 5025 Adriano
3583 4982 3741 5039 papa

471 5085 531 5125 se
561 5072 946 5143 tradiderunt,
968 5078 1024 5130 et
1054 5074 1112 5129 in
1145 5074 1257 5129 ﬁde
1286 5072 1475 5146 ipsius
1507 5072 1787 5145 principis
1827 5068 2249 5143 apostolorum,
2274 5073 2448 5141 atque
2478 5067 2739 5140 praedicti
2771 5067 3132 5124 sanctissimi
3162 5065 3458 5141 pontificis
3473 5065 3742 5136 jurantes

396 5167 432 5221 5
472 5184 631 5224 more
664 5170 1083 5243 Romanorum,
1103 5171 1392 5228 tonsurati
1422 5176 1564 5227 sunt
1586 5171 1678 5243 (j).
1705 5169 1897 5226 Etiam
1926 5172 1984 5224 et
2016 5165 2226 5239 reliqui
2269 5183 2474 5222 omnes
2521 5183 2590 5222 ex
2636 5166 2841 5222 eodem
2872 5166 3091 5223 ducatu
3123 5163 3423 5237 Spoletina
3454 5160 3744 5217 inhianter

467 5266 880 5324 desiderabant
910 5287 972 5325 se
1002 5271 1352 5326 tradendum
1380 5270 1453 5341 (k)
1485 5270 1543 5323 in
1576 5267 1808 5325 servitio
1858 5265 2011 5322 beati
2060 5264 2211 5321 Petri
2261 5269 2595 5337 sanctasque
2624 5268 2898 5321 Romanis
2928 5262 3219 5321 Ecclesiae.
3254 5262 3368 5318 Sed
3418 5262 3742 5317 metuentes

472 5381 646 5420 suum
678 5383 873 5439 regem
906 5384 1279 5441 nequaquam
1312 5367 1439 5424 ausi
1472 5371 1614 5423 sunt
1652 5368 2006 5439 perpetrare,
2040 5362 2195 5420 unde
2252 5362 2395 5419 dum
2427 5379 2461 5418 a
2491 5360 2671 5419 clusis
2727 5361 2928 5435 fugam
2982 5359 3393 5433 arripuissent,
3425 5370 3742 5429 omnesque

471 5464 679 5520 exinde
725 5467 796 5522 de
846 5466 1091 5523 diversis
1148 5466 1484 5523 civitatibus
1541 5466 1789 5522 ducatus
1832 5460 2114 5536 Spoletini
2174 5460 2389 5517 reversi
2447 5463 2663 5528 essent,
2696 5456 3006 5517 confestim
3062 5455 3412 5531 generaliter
3468 5454 3540 5512 ad
3600 5468 3741 5525 pris-

1516 5667 1769 5713 NOTULE.
1810 5664 2200 5711 MARGINALES
2243 5663 2568 5711 FABROTTI.

336 5861 349 5872 .
405 5795 477 5862 (α)
510 5794 721 5851 ablata.
791 5799 864 5867 (ὁ)
897 5816 1002 5854 suo
1033 5807 1171 5858 cert.
1240 5803 1308 5873 (ε)
1340 5803 1572 5860 faceret.
1642 5801 1747 5870 (ἀγ
1782 5801 1885 5855 fact

336 5867 554 5917 inserta
583 5865 813 5919 militia.
892 5870 953 5925 (ii
985 5876 1050 5925 Β.
1084 5872 1412 5925 Αὶᾶρείδυε.
1489 5875 1561 5925 (ii
1593 5872 1878 5925 Tonsurati

2203 5798 2513 5881 exercitus.
2580 5798 2683 5868 (fr
2716 5795 3024 5879 exercitus.
3092 5794 3173 5925 (ρέ
3200 5792 3527 5850 restituere.
3570 5790 3649 5861 (ἠ)
3675 5793 3735 5863 Β,

2186 5869 2479 5925 μηροὺξιτάι
2514 5868 2736 5925 solutos
2765 5885 2956 5925 erines
2986 5866 3135 5925 habe
3179 5869 3299 5923 ant.
3379 5864 3457 5925 (k)
3493 5861 3734 5921 tradem.

336 5861 554 5917 inserta
583 5861 813 5919 militia.
849 5861 858 5867 ’
892 5870 953 5936 (ἰ)
985 5876 1050 5937 II,
1084 5861 1412 5943 Aldegisus.
1489 5875 1561 5945 (j)
1593 5861 1899 5940 Τὸηὲιιναιί,
1923 5861 2092 5941 quod
2114 5861 2479 5940 Longobardi
2514 5861 2736 5926 solutos
2765 5868 2956 5925 erines
2986 5861 3299 5926 habebant.
3379 5864 3457 5935 (k)
3493 5861 3734 5949 tradem.
