3924 6396
196 361 363 427 11⁵17
947 367 1320 432 HISTORIA
1361 369 1465 432 DE
1507 369 1711 433 VITIS

2063 371 2316 434 )NT.—
2338 370 2404 434 S.
2447 370 2875 435 ADRIANUS.
3458 369 3612 433 1178

339 498 530 556 fatum
562 497 886 556 almifieum
931 501 1273 558 Pontificem
1321 503 1682 559 confluentes
1733 504 2114 569 advenerunt,
2145 505 2394 576 ejusque
2441 502 2727 577 provoluti
2788 503 3039 576 pedibus
3088 501 3301 561 obnixe
3348 506 3612 562 sanetam

231 597 301 652 10
339 595 533 670 ipsius
561 601 651 653 ter
675 597 1102 655 beatitudinem
1135 600 1426 672 deprecati
1459 606 1598 656 sunt
1629 606 1689 657 ut
1719 618 1818 656 eos
1848 601 1908 657 in
1931 602 2165 658 servitio
2197 601 2346 658 beati
2381 602 2528 657 Petri
2552 605 2884 674 sanctisque
2905 602 3034 673 ejus
3052 601 3328 660 Romanae
3344 600 3612 658 Eeciesie

339 693 666 767 susciperet
695 699 752 751 et
782 711 943 753 more
975 697 1373 754 Romanorum
1405 701 1700 755 tonsurari
1732 700 1964 756 faceret.

411 792 567 848 812
598 795 754 860 Quos
775 793 1105 867 suscipiens
1127 796 1419 866 profectus
1449 802 1538 852 est
1568 813 1700 852 cum
1733 798 1818 852 eis
1850 797 1908 852 in
1941 797 2247 853 ecclesiam
2282 797 2432 853 beati
2461 797 2631 864 Petri,
2657 801 2714 852 et
2733 811 2938 853 omnes
2967 795 3326 852 unanimiter
3345 811 3614 868 amagno

338 905 530 962 usque
558 890 632 946 ad
657 889 965 963 parvulum
993 892 1104 948 sub
1138 892 1394 949 indiculo
1416 898 1494 963 (a)
1512 896 1858 951 sacramenti
1873 896 2260 968 jurejurando
2284 897 2677 968 promiserunt
2707 895 2896 950 eidem
2929 894 3029 950 Dei
3047 893 3310 967 apostolo
3340 893 3400 950 in
3431 893 3612 950 servi-

335 986 420 1044 tio
448 989 599 1060 ejus,
631 993 806 1061 atque
838 990 1112 1046 antedicti
1143 991 1341 1046 vicarii
1392 993 1580 1064 ipsius
1623 993 1980 1050 sanctissimi
2030 994 2266 1049 Adriani
2316 1011 2498 1066 papze,
2533 1000 2706 1066 atque
2736 992 3010 1048 omnibus
3040 1009 3450 1048 successorum
3481 993 3613 1064 ejus
3704 1053 3716 1062 _

336 1085 683 1157 pontificum
715 1087 963 1143 fideliter
992 1104 1406 1161 permansuros
1435 1107 1570 1146 cum
1603 1091 1740 1146 filiis
1761 1097 1816 1146 et
1845 1097 2058 1147 cuncta
2088 1109 2286 1147 eorum
2321 1092 2891 1165 generatione.Tunc
2914 1094 3043 1162 post
3062 1090 3389 1164 praestitum
3413 1107 3611 1146 sacra-

259 1182 300 1238 5
337 1188 606 1240 mentum
636 1201 844 1241 omnes
874 1202 1034 1241 more
1066 1187 1463 1244 Romanorum
1498 1190 1784 1244 tonsurati
1808 1196 1966 1245 sunt.
1992 1192 2062 1246 Et
2093 1190 2399 1246 confestim
2434 1191 2556 1263 ipse
2585 1194 2674 1246 ter
2703 1189 3084 1246 beatissimus
3115 1188 3305 1245 bonus
3335 1193 3538 1261 pastor
3552 1192 3612 1246 et

337 1286 503 1354 pater
528 1297 662 1338 cum
693 1282 970 1339 omnibus
999 1283 1267 1340 exultans
1297 1287 1600 1342 constituit
1629 1287 1713 1342 eis
1743 1288 1954 1343 ducem
1973 1306 2146 1360 quem
2179 1288 2290 1360 ipsi
2324 1288 2557 1360 propria
2577 1287 2871 1344 voluntate
2902 1287 3012 1343 sibi
3045 1285 3365 1359 elegerunt,
3388 1285 3612 1344 scilicet

337 1377 802 1452 Hildeprandum
833 1381 1290 1449 nobilissimum,
1325 1383 1424 1456 qui
1456 1384 1620 1457 prius
1650 1401 1785 1440 cum
1819 1385 2059 1458 reliquis
2086 1387 2158 1442 ad
2189 1385 2570 1459 apostolicam
2603 1386 2801 1441 sedem
2833 1384 3126 1457 refugium
3157 1384 3389 1440 fecerat.

407 1478 562 1535 818
593 1479 662 1535 Et
691 1479 773 1536 ita
804 1479 921 1536 Deo
942 1486 1234 1538 annuente
1266 1481 1609 1554 praedictum
1632 1484 1911 1539 ducatum
1945 1484 2311 1556 Spoletinum
2343 1483 2692 1556 generaliter
2711 1501 2818 1540 suo
2849 1482 3168 1539 certamine
3189 1481 3376 1542 isdem
3404 1479 3608 1554 praci-

335 1591 492 1647 puus
523 1577 782 1649 pontifex
804 1578 914 1634 sub
938 1579 1072 1650 jure
1103 1584 1160 1634 et
1192 1584 1477 1651 potestate
1504 1581 1656 1636 beati
1705 1582 1858 1637 Petri
1907 1581 2264 1654 subjugavit.
2291 1583 2401 1638 Sed
2452 1587 2508 1637 et
2554 1598 2758 1638 omnes
2805 1580 3161 1636 habitatores
3205 1584 3325 1635 tam
3357 1580 3607 1636 ducatus

335 1671 616 1743 Firmani,
648 1676 959 1732 Auximani
989 1681 1046 1731 et
1074 1677 1444 1742 Anconitani,
1479 1679 1774 1752 simulque
1805 1685 1861 1735 et
1892 1681 1964 1735 de
1995 1680 2234 1736 castello
2267 1680 2582 1737 Felicitatis
2606 1680 2773 1751 (b),et
2803 1677 2916 1752 ipsi
2938 1679 3079 1734 dum
3113 1695 3147 1733 a
3175 1675 3356 1734 clusis
3381 1681 3607 1752 Longo-

332 1769 653 1828 bardorum
684 1773 976 1846 fugientes
997 1775 1207 1830 reversi
1237 1780 1378 1831 sunt
1406 1778 1476 1832 ad
1511 1779 1817 1850 praefatum
1849 1777 2294 1833 sanctissimum
2326 1778 2658 1850 pontificem
2691 1780 3098 1832 concurrentes
3128 1775 3256 1846 ejus
3275 1792 3337 1832 se
3357 1779 3446 1831 ter
3466 1777 3606 1833 bea-

259 1866 300 1922 5
338 1867 580 1925 titudini
612 1869 1394 1946 tradiderunt,prestitoque
1426 1880 1794 1931 sacramento
1826 1875 1884 1930 in
1917 1875 2030 1930 fide
2051 1881 2108 1930 et
2137 1875 2374 1932 servitio
2399 1873 2552 1930 beati
2586 1874 2735 1931 Petri
2766 1880 2942 1948 atque
2971 1875 3101 1946 ejus
3127 1872 3326 1929 vicarii
3365 1873 3607 1931 antefati

334 1962 574 2021 almifici
603 1966 842 2024 Adriani
874 1984 1036 2042 papa:
1057 1985 1583 2043 successorumque
1613 1973 1741 2044 ejus
1775 1972 2120 2046 pontificum
2153 1972 2402 2029 fideliter
2427 1989 3040 2046 permansuros,more
3065 1972 3462 2030 Romanorum
3484 1974 3611 2030 ton-

332 2062 522 2118 aurati
551 2068 711 2120 sunt.

406 2161 563 2218 814
588 2162 661 2217 At
686 2178 821 2218 vero
841 2153 1164 2236 'ssapefatus
1203 2164 1740 2223 Christianissimus
1785 2167 2028 2225 Carolus
2080 2169 2434 2226 Francorum
2482 2186 2580 2226 rex
2628 2186 2866 2226 movens
2905 2185 3041 2226 cum
3075 2168 3200 2225 suis
3231 2165 3604 2242 generalibus

331 2257 896 2334 exercitibus,atque
918 2261 1156 2334 Papiam
1188 2265 1554 2338 conjungens
1582 2265 1899 2334 civitatem,
1925 2283 2052 2323 eam
2082 2283 2149 2323 ex
2179 2267 2337 2324 omni
2372 2273 2534 2340 parte
2562 2268 2938 2324 circumdans
2967 2265 3605 2339 vallavit,dirigensque

331 2355 611 2413 continuo
634 2358 703 2430 (ε)
726 2359 785 2415 in
822 2360 1125 2416 Franciam
1157 2361 1374 2417 ibidem
1399 2364 1554 2435 apud
1577 2380 1638 2418 se
1657 2363 1892 2436 Papiam
1913 2363 2121 2419 adduci
2147 2364 2279 2419 fecit
2309 2381 2476 2420 suam
2500 2366 2810 2438 conjugem
2837 2363 3387 2420 excellentissimam
3410 2362 3604 2419 Hilde-

331 2454 575 2526 gardam
593 2455 855 2529 reginam
875 2462 933 2514 et
958 2457 1357 2516 nobilissimos
1379 2460 1550 2516 filios.
1573 2463 1642 2517 Et
1661 2461 1801 2517 dum
1820 2462 2151 2535 agnovisset
2175 2462 2371 2535 fugam
2391 2463 2712 2535 arripuisse
2729 2463 3089 2519 inVoronam
3112 2461 3603 2536 pranominatum

251 2551 293 2605 5
329 2551 698 2624 Adalgisum,
733 2553 1070 2628 relinquens
1100 2556 1418 2629 plurimam
1450 2565 1676 2630 partem
1707 2576 1776 2615 ex
1805 2559 1929 2615 suis
1960 2559 2311 2616 exercitibus
2342 2561 2549 2632 Papias,
2570 2562 2693 2634 ipse
2724 2579 2954 2634 quoque
2985 2578 3122 2617 cum
3155 2559 3474 2634 aliquantis
3490 2559 3602 2615 for-

332 2647 582 2705 tissimis
599 2651 836 2709 Francis
865 2653 925 2708 in
947 2655 1212 2710 eamdem
1225 2654 1512 2710 Veronam
1537 2658 1866 2729 properavit
1886 2657 2205 2713 civitatem.
2220 2659 2289 2713 Et
2313 2658 2455 2713 dum
2479 2657 2615 2714 illuc
2637 2659 2767 2731 conj
2777 2657 3335 2730 unxisset,protinus
3354 2655 3603 2713 Autcba-

332 2745 458 2804 rius
488 2752 545 2804 et
573 2766 719 2806 uxor
741 2755 918 2823 atque
946 2751 1050 2806 filii
1082 2753 1296 2825 saepius
1328 2754 1610 2809 nominati
1643 2755 2050 2811 Carolomanni
2083 2755 2320 2828 propria
2348 2755 2646 2813 voluntate
2695 2757 2884 2812 eidem
2932 2755 3358 2830 benignissimo
3402 2753 3604 2812 Carolo

329 2844 454 2917 regi
484 2862 548 2902 se
578 2847 976 2904 tradiderunt
1009 2866 1226 2924 eosque
1251 2851 1537 2924 recipiens
1567 2853 1698 2923 ejus
1717 2851 2054 2908 excellentia
2081 2853 2274 2908 denuo
2307 2852 2601 2924 repedavit
2615 2851 2995 2921 Papiam.0ui
3012 2852 3323 2909 confestim
3344 2851 3606 2925 dirigens

330 2957 549 2998 cuneos
571 2943 931 3002 exercituum
963 2946 1312 3003 bellatorum
1345 2949 1788 3021 comprehendit
1820 2949 2080 3005 diversas
2107 2948 2371 3005 civitates
2393 2949 2910 3024 Langobardorum
2941 2948 3098 3006 ultra
3128 2949 3351 3006 Padum
3384 2947 3604 3005 consti-

221 3041 294 3097 10
329 3044 491 3096 tutas
521 3057 757 3114 suaque
787 3043 1011 3117 redegit
1030 3037 1326 3118 potestati.
1350 3047 1420 3102 Et
1443 3048 1585 3102 dum
1616 3064 1719 3119 per
1747 3063 1848 3103 sex
1878 3045 2170 3102 mensium
2201 3046 2460 3118 spatium
2493 3047 2618 3118 ipse
2646 3047 3002 3102 Francorum
3034 3062 3135 3102 rex
3165 3045 3352 3119 Papiae
3399 3045 3604 3101 demo-

328 3142 560 3193 raretur
587 3137 647 3193 in
677 3139 1016 3198 obsessione
1041 3142 1231 3215 ipsius
1263 3143 1822 3216 civitatis,magnum
1847 3143 2204 3201 desiderium
2233 3143 2458 3201 habens
2486 3145 2557 3200 ad
2580 3143 2786 3200 limina
2806 3143 3204 3217 apostolorum
3225 3142 3598 3216 properandi,

327 3235 712 3294 considerans
741 3240 895 3312 quod
927 3244 983 3296 et
1003 3240 1403 3298 sacratissima
1433 3241 1728 3314 paschalis
1756 3242 2039 3298 festivitas
2059 3241 2756 3315 appropinquasset,tunc
2777 3241 3096 3298 abstollens
3117 3256 3316 3298 secum
3343 3239 3604 3296 diversos

324 3333 634 3407 episcopos
661 3341 718 3392 et
746 3337 1010 3406 abbates,
1041 3340 1218 3395 etiam
1250 3343 1308 3396 et
1328 3340 1772 3411 judices,duces
1804 3356 2013 3412 nempe
2045 3344 2100 3394 et
2129 3339 2643 3413 graphiones,cum
2676 3338 2950 3412 plurimis
2977 3337 3325 3395 exercitibus
3355 3338 3451 3393 hic
3487 3338 3602 3394 Ro-

326 3445 489 3485 mam
512 3447 617 3504 per
644 3433 869 3490 Tusciae
900 3440 1094 3508 partes
1126 3436 1473 3509 properavit,
1499 3438 1580 3492 ita
1601 3437 1947 3492 festinanter
1974 3436 2312 3505 adveniens,
2345 3441 2412 3491 ut
2440 3435 2499 3491 in
2530 3436 2658 3509 ipso
2691 3437 2945 3492 Sabbato
2965 3439 3168 3493 sancto
3189 3452 3252 3491 se
3288 3433 3601 3490 liminibus

217 3529 289 3584 15
325 3533 707 3601 presentaret
734 3532 1089 3604 apostolicis.
1106 3534 1288 3606 Cujus
1318 3536 1633 3592 adventum
1664 3536 1912 3591 audiens
1943 3535 2275 3590 antedictus
2305 3533 2686 3591 beatissimus
2714 3533 3011 3590 Adrianus
3029 3550 3202 3606 papa,
3217 3531 3374 3606 quod
3397 3530 3484 3588 sic
3505 3547 3602 3587 re-

324 3631 502 3698 pente
528 3625 656 3699 ipse
687 3629 1041 3686 Francorum
1071 3632 1404 3689 advenisset
1433 3650 1532 3688 rex
1563 3633 1622 3688 in
1655 3649 1870 3707 magno
1900 3637 2137 3705 stupore
2167 3636 2225 3688 et
2248 3631 2460 3688 exstasi
2494 3631 3020 3698 deductus,direxit
3049 3631 3108 3686 in
3140 3631 3270 3703 ejus
3285 3645 3599 3686 occursum

323 3722 633 3781 universos
652 3725 886 3797 judices
915 3728 988 3784 ad
1021 3729 1138 3785 fere
1169 3730 1410 3803 triginta
1441 3729 1627 3786 millia
1655 3731 1729 3787 ab
1761 3730 1868 3786 bac
1900 3730 2164 3786 Romana
2193 3729 2354 3800 urbe,
2379 3727 2438 3784 in
2467 3727 2663 3784 locum
2695 3728 2796 3801 qui
2829 3732 3071 3785 vocatur
3090 3728 3302 3800 Novas,
3333 3726 3435 3784 ubi
3463 3741 3602 3783 eum

324 3837 466 3876 cum
498 3821 762 3880 bandora
789 3832 1175 3898 susceperunt
1201 3829 1298 3900 (ά).

403 3917 559 3976 818
593 3920 664 3976 Et
693 3921 837 3976 dum
867 3923 1398 3997 appropinquasset
1425 3926 1541 3982 fere
1570 3941 1688 3982 uno
1719 3925 1994 3981 milliario
2027 3941 2061 3980 a
2092 3925 2355 3981 Romana
2379 3923 2543 3990 urbe,
2566 3922 2776 3980 direxit
2803 3923 3108 3981 universas
3129 3921 3361 3981 scholas
3381 3919 3602 3978 militia

327 4029 452 4071 una
477 4031 614 4072 cum
635 4019 900 4089 patronis
927 4020 1223 4095 simulque
1251 4027 1309 4079 et
1336 4023 1534 4096 pueris
1565 4024 1666 4096 qui
1692 4025 1765 4080 ad
1799 4022 2109 4080 discendas
2139 4021 2364 4078 litteras
2395 4021 2735 4095 pergebant,
2767 4022 3142 4094 deportantes
3169 4037 3376 4080 omnes
3407 4034 3602 4076 ramos

328 4111 663 4184 palmarum
685 4121 862 4190 atque
885 4118 1515 4194 olivarum,laudesque
1535 4140 1742 4180 omnes
1762 4125 2200 4187 canentes,cum
2221 4121 2712 4177 acclamationum
2733 4120 3074 4176 earumdem
3095 4119 3338 4176 laudum
3359 4117 3602 4175 vocibus

329 4207 528 4280 ipsum
560 4211 917 4271 Francorum
949 4225 1334 4290 susceperunt
1366 4237 1581 4294 regem.
1603 4219 1845 4276 Obviam
1874 4219 1960 4274 illi
1991 4219 2120 4290 ejus
2151 4219 2434 4275 sanctitas
2467 4218 2726 4291 dirigens
2756 4219 3120 4276 venerandas
3165 4233 3390 4287 cruces,
3421 4214 3480 4270 id
3511 4217 3602 4270 est

245 4321 286 4376 ς
327 4304 681 4378 signa,sicut
709 4327 836 4366 mos
865 4316 956 4368 est
982 4314 1055 4369 ad
1087 4315 1402 4372 exarehum
1433 4321 1535 4372 aut
1556 4315 1870 4390 patricium
1901 4316 2510 4388 suseipiendum,eum
2541 4332 2677 4371 cum
2711 4315 2934 4388 ingenti
2955 4315 3175 4372 honore
3197 4312 3418 4386 suscipi
3439 4312 3596 4370 fecit.

326 4402 458 4474 Ipse
485 4420 620 4461 vero
650 4422 685 4462 a
712 4407 829 4464 Deo
860 4407 1169 4466 institutus
1199 4411 1661 4485 benignissimus
1691 4413 1933 4470 Carolus
1965 4413 2216 4487 Magnus
2247 4414 2605 4470 Francorum
2637 4430 2735 4470 rex
2777 4417 2835 4469 et
2877 4413 3160 4486 patricius
3199 4413 3597 4468 Romanorum

325 4515 446 4572 qua
472 4500 618 4558 hora
645 4504 882 4562 easdem
913 4508 1346 4566 sacratissimas
1374 4527 1576 4567 cruces
1607 4528 1674 4567 ac
1705 4511 1878 4585 signa
1905 4510 2017 4567 sibi
2049 4511 2278 4567 obviam
2312 4509 2617 4567 advenisse
2645 4509 3335 4584 eonspexit,descendens
3354 4509 3428 4565 de
3447 4523 3598 4580 equo

325 4613 443 4671 quo
472 4599 732 4670 sedebat,
764 4601 850 4659 ita
867 4620 1004 4661 cum
1029 4605 1154 4662 suis
1175 4606 1478 4678 judieibus
1501 4610 1572 4664 ad
1602 4609 1840 4665 beatum
1872 4609 2106 4665 Petrum
2150 4607 2440 4680 pedestris
2493 4624 2807 4681 properare
2865 4607 3115 4665 studuit.
3141 4607 3306 4675 Quod
3355 4605 3596 4680 quidem

324 4693 620 4754 almificus
638 4701 967 4758 antedictus
999 4703 1256 4775 pontifex
1280 4703 1542 4762 diluculo
1561 4722 1811 4780 surgens
1831 4705 1892 4761 in
1912 4705 2115 4762 eodem
2138 4705 2394 4760 Sabbato
2415 4708 2618 4760 saneto
2651 4720 2784 4760 cum
2832 4703 3103 4761 universo
3123 4704 3276 4760 clero
3296 4707 3356 4758 et
3383 4701 3598 4775 populo

211 4792 284 4849 10
323 4793 589 4852 Romano
618 4798 691 4854 ad
724 4798 962 4857 beatum
993 4801 1227 4860 Petrum
1258 4805 1589 4877 properavit
1610 4805 1684 4861 ad
1713 4803 2158 4876 suscipiendum
2193 4803 2468 4859 eumdem
2501 4803 2858 4859 Francorum
2889 4818 3108 4877 regem,
3137 4806 3196 4858 et
3221 4801 3283 4857 in
3313 4799 3595 4874 gradibus

321 4891 512 4964 ipsiu
540 4895 872 4968 apostolica
902 4899 1048 4955 aula
1077 4916 1214 4956 eum
1243 4917 1380 4957 cum
1409 4901 1562 4958 clero
1594 4919 1701 4958 suo
1723 4901 2093 4976 prestolatus
2118 4905 2231 4957 est.

395 4991 552 5048 ιη
578 4994 1012 5068 Gonjungentes
1031 5015 1164 5054 vero
1184 5000 1387 5055 eodem
1409 4999 1896 5057 excellentissimo
1917 5015 1983 5055 ac
2003 4996 2430 5071 benignissimo
2444 4997 2646 5054 Carolo
2668 5013 3034 5071 rege,omnes
3054 4997 3274 5071 gradus
3291 4994 3593 5069 sigillatim

317 5086 588 5158 ejusdem
618 5092 1032 5150 sacratissime
1062 5094 1214 5152 beati
1248 5095 1400 5153 Petri
1427 5097 1682 5154 ecclesia:
1712 5096 2090 5154 deosculatus
2121 5099 2232 5162 est,
2265 5099 2322 5150 et
2351 5093 2434 5150 ita
2457 5111 2645 5167 usque
2673 5095 2746 5151 ad
2797 5094 3284 5168 praenominatum
3331 5091 3595 5166 pervenit

319 5185 682 5256 pontificem,
714 5189 816 5245 ubi
846 5190 907 5246 in
919 5192 1066 5248 atrio
1095 5209 1276 5266 super
1302 5195 1521 5267 gradus
1543 5196 1718 5268 juxta
1739 5195 1891 5252 fores
1919 5191 2178 5250 ecclesia:
2205 5191 2544 5248 assistebat.
2569 5193 2768 5264 quue
2815 5197 3087 5264 suscepto
3137 5196 3344 5247 mutuo
3373 5207 3436 5246 se
3464 5205 3590 5246 am-

313 5279 656 5356 plectentes,
689 5287 882 5344 tenuit
911 5287 1100 5346 isdem
1129 5290 1670 5349 Christianissimus
1699 5292 1944 5349 Carolus
1975 5308 2074 5347 rex
2102 5290 2400 5346 dexteram
2449 5305 2693 5346 manum
2736 5289 3015 5346 antedicti
3048 5287 3363 5362 pontificis.
3399 5288 3469 5343 Et
3507 5285 3592 5342 ita

242 5377 283 5434 5
320 5377 382 5435 in
411 5382 682 5439 eamdem
709 5387 1102 5444 venerandam
1135 5388 1334 5446 aulam
1367 5391 1519 5446 beati
1551 5392 1704 5448 Petri
1736 5390 2020 5464 principis
2049 5387 2449 5460 apostolorum
2471 5386 2720 5460 ingressi
2740 5391 2900 5454 sunt,
2923 5386 3157 5443 laudem
3204 5385 3322 5443 Deo
3361 5389 3420 5442 et
3461 5383 3590 5456 ejus

316 5475 674 5537 excellentia
703 5483 1106 5554 decantantes,
1138 5487 1449 5545 universus
1480 5489 1671 5546 cleru
1701 5494 1760 5546 et
1788 5486 1987 5546 cuncti
2019 5485 2275 5558 religiosi
2303 5483 2404 5540 Dei
2438 5482 2644 5540 famuli
2694 5489 2935 5540 extensa
2959 5499 3098 5540 voce
3145 5482 3539 5540 acclamantes
3571 5495 3588 5535 :

312 5574 635 5634 Benedictus
661 5582 762 5652 qui
788 5583 936 5638 venit
964 5584 1027 5638 in
1054 5587 1277 5642 nomine
1303 5586 1546 5660 Domini,
1563 5593 1672 5644 etc.
1691 5588 1902 5660 Sicque
1931 5601 2069 5642 cum
2099 5583 2302 5640 eodem
2335 5580 2606 5654 pontifice
2635 5580 2761 5653 ipse
2793 5582 3149 5638 Francorum
3181 5597 3279 5636 rex
3296 5577 3590 5651 simulque

315 5675 375 5729 et
402 5690 608 5732 omnes
636 5676 917 5752 episcopi,
945 5680 1188 5739 abbates
1218 5687 1277 5739 et
1299 5684 1554 5756 judices,
1585 5688 1644 5741 et
1688 5683 1944 5741 universi
1995 5679 2199 5738 Franci
2224 5679 2484 5752 quicum
2514 5695 2581 5735 eo
2627 5679 3002 5748 advenerant,
3035 5680 3109 5736 ad
3157 5677 3589 5736 confessionem

1277 5819 1282 5824 '
1361 5808 1614 5857 NOTULE
1640 5807 2034 5879 ΔΠΔῐὶιίΙΙίΛῙΕΒ
2076 5803 2396 5852 FABROTTI.

239 5884 596 5958 (a)vineulo.
709 5892 789 5962 (ὁ)
821 5891 1159 5952 Fulcinatis.
1271 5897 1342 5969 (c)
1373 5899 1616 5956 concite.
1730 5899 1788 5970 (ἀγ

1110 5912 1159 5952 s.
1271 5897 1342 5969 (c)
1373 5899 1616 5956 concite.
1730 5899 1808 5970 (d)
1839 5897 2118 5963 bandora,
2149 5894 2392 5950 militare
2419 5894 2657 5965 signum.
