3924 6432
335 346 494 410 1179
1491 353 1878 418 ANASTASI

2242 359 2604 422 [‘HECARII.
3585 364 3791 427 ,1180

323 549 328 568 ς
478 482 634 543 beati
663 483 815 542 Petri
846 485 1409 561 appropinquantes,
1431 505 1676 562 seseque
1705 490 1874 562 proni
1905 490 2124 548 ibidem
2157 495 2612 564 prosternentes,
2639 492 2756 550 Deo
2805 497 3006 551 nostro
3050 494 3436 569 omnipotenti
3485 500 3544 553 et
3573 496 3790 554 eidem

377 584 445 640 10
481 583 883 657 apostolorum
913 585 1165 658 principi
1199 588 1435 660 propria
1457 589 1838 646 reddiderunt
1866 595 2018 657 vota,
2035 589 2431 663 gloriﬁcantes
2456 591 2717 648 divinam
2740 594 3066 666 potentiam
3097 594 3156 649 in
3189 611 3256 651 eo
3275 595 3432 666 quod
3467 594 3645 651 talem
3665 612 3797 670 per

480 681 973 739 interventionum
1007 684 1287 758 suffragia
1315 687 1580 757 ejusdem
1614 687 1896 762 principis
1943 689 2344 761 apostolorum
2388 691 2704 748 concedere
2742 692 2930 763 jussit
2974 692 3300 750 victoriam.
3334 693 3577 767 Expleta
3628 711 3788 750 vero

480 781 686 837 eadem
716 781 998 849 oratione,
1032 781 1240 838 obnixe
1270 784 1615 858 deprecatus
1645 788 1735 842 est
1766 785 1954 842 isdem
1986 787 2345 843 Francorum
2377 805 2476 843 rex
2505 788 2866 845 antedictum
2918 789 3240 847 almificum
3291 792 3631 864 pontificem
3679 791 3788 847 illi

479 879 779 936 licentiam
811 878 989 936 tribui
1013 881 1257 944 Romam
1280 881 1647 956 ingrediendi
1679 885 1750 941 ad
1781 901 1891 941 sua
1923 885 2255 941 orationum
2274 889 2406 942 vota
2442 903 2545 960 per
2563 886 2824 944 diversas
2847 888 2946 944 Dei
2971 888 3247 946 ecclesias
3269 889 3673 962 persolvenda.
3705 891 3792 945 Et

480 977 902 1035 descendentes
929 979 1147 1052 pariter
1172 981 1246 1036 ad
1278 998 1492 1054 corpus
1525 983 1675 1038 beati
1710 982 1859 1038 Petri
1892 987 2012 1038 tam
2047 983 2172 1055 ipse
2201 984 2615 1041 sanctissimus
2650 1003 2799 1059 papa
2826 1004 3124 1060 quamque
3155 989 3449 1045 antefatus
3477 989 3788 1045 excellen-

480 1075 749 1134 tissimus
779 1077 1136 1134 Francorum
1155 1096 1253 1134 rex
1271 1096 1406 1134 cum
1419 1079 1725 1151 judicibus
1741 1082 2137 1137 Romanorum
2161 1086 2217 1136 et
2241 1083 2866 1156 Francorum,seseque
2892 1088 3096 1140 mutuo
3119 1102 3222 1158 per
3237 1091 3673 1141 sacramentum
3697 1093 3790 1154 fa)

481 1173 836 1241 munientes,
871 1174 1175 1249 ingressus
1207 1181 1296 1232 est
1329 1177 1573 1232 Romam
1607 1179 1886 1235 continuo
1917 1196 2053 1236 cum
2084 1179 2287 1236 eodem
2321 1181 2596 1254 pontiﬁce
2620 1181 2744 1254 ipse
2775 1183 3137 1239 Francorum
3162 1201 3261 1240 rex
3290 1199 3425 1239 cum
3455 1182 3582 1240 suis
3600 1185 3790 1256 judi-

481 1271 650 1330 cibus
678 1277 736 1329 et
763 1274 978 1348 populo
1010 1275 1070 1331 in
1095 1276 1297 1332 eodem
1330 1276 1585 1332 Sabbato
1616 1282 1838 1333 sancto.

555 1372 705 1429 817
741 1373 813 1428 Et
837 1373 897 1428 in
927 1372 1174 1430 basilica
1203 1373 1519 1431 Salvatoris
1541 1375 1711 1446 juxta
1729 1376 2032 1432 Lateranis
2049 1376 2129 1447 (b)
2151 1375 2370 1449 pariter
2394 1375 2644 1451 ingressi
2692 1377 2909 1434 ibidem
2951 1379 3077 1451 ipse
3106 1377 3642 1436 excellentissimus
3673 1397 3795 1436 rex

480 1487 620 1527 cum
650 1470 928 1529 omnibus
958 1471 1084 1529 suis
1115 1489 1423 1546 quousque
1453 1473 1640 1530 sancti
1672 1474 2048 1548 baptismatis
2079 1480 2515 1532 sacramentum
2565 1475 2899 1534 antedictus
2949 1482 3037 1533 ter
3084 1477 3462 1536 beatissimus
3510 1479 3797 1552 pontifex

481 1567 816 1626 celebravit.
840 1569 910 1626 Et
941 1569 1022 1626 ita
1043 1571 1420 1644 postmodum
1452 1572 1523 1627 ad
1549 1572 1788 1628 beatum
1820 1573 2054 1629 Petrum
2088 1574 2214 1647 ipse
2243 1573 2624 1630 beatissimus
2655 1574 2952 1648 repedavit
2976 1593 3094 1632 rex.

557 1668 712 1726 818
739 1667 868 1725 Alio
897 1686 1030 1726 vero
1061 1670 1153 1726 die
1182 1669 1555 1730 illucessente
1584 1673 1887 1730 Dominico
1919 1677 2144 1742 sancto,
2170 1673 2230 1728 in
2280 1673 2409 1746 ipsa
2458 1673 2862 1730 sacratissima
2904 1673 3165 1746 paschali
3218 1674 3531 1732 festivitate
3563 1673 3798 1731 direxit

484 1766 744 1824 diluculo
770 1767 895 1842 ipse
925 1768 1341 1826 sanctissimus
1366 1772 1580 1844 prtesul
1611 1776 1854 1828 cunctos
1875 1771 2111 1844 judices
2141 1775 2197 1827 et
2226 1771 2501 1828 universa
2525 1771 2808 1844 obsequia
2830 1771 3052 1828 militia
3075 1773 3148 1829 ad
3164 1773 3439 1830 eumdem
3462 1789 3690 1847 regem,
3728 1778 3796 1828 et

484 1881 622 1923 cum
653 1883 869 1941 magno
894 1866 1115 1925 honore
1143 1885 1280 1925 eum
1305 1869 1692 1942 suscipientes
1723 1869 1782 1926 in
1815 1869 2062 1928 ecclesia
2090 1876 2305 1926 sanctae
2344 1870 2440 1927 Dei
2471 1870 2782 1927 Genitricis
2829 1871 2902 1927 ad
2949 1871 3208 1943 Prasepe
3252 1871 3588 1944 properavit
3633 1887 3794 1927 cum

485 1963 764 2022 omnibus
791 1964 894 2038 qui
922 1981 1058 2022 cum
1081 1983 1147 2023 eo
1179 1967 1535 2024 advenerant
1565 1967 1823 2025 Francis.
1857 1969 1926 2025 Et
1957 1973 2090 2041 post
2113 1967 2432 2025 missarum
2466 1968 2755 2026 solemnia
2785 1969 3076 2026 celebrata
3097 1969 3350 2042 perrexit
3371 1986 3514 2026 cum.
3546 1987 3794 2042 praeno-

411 2063 450 2118 5
487 2061 710 2119 minato
741 2064 1016 2136 pontiﬁce
1048 2065 1107 2121 in
1133 2067 1522 2124 Lateranense
1552 2067 1999 2140 patriarchium,
2024 2066 2261 2139 illicque
2293 2068 2364 2124 ad
2397 2084 2664 2124 mensam
2695 2067 3077 2140 apostolicam
3111 2067 3329 2140 pariter
3357 2066 3576 2140 epulati
3607 2071 3796 2123 sunt.

484 2159 611 2217 Alio
636 2178 768 2218 vero
799 2161 893 2217 die
923 2163 1185 2220 secunda
1213 2163 1360 2220 feria
1383 2163 1564 2221 simili
1596 2165 1770 2221 modo
1799 2165 1859 2220 in
1891 2163 2138 2221 ecclesm
2169 2164 2322 2221 beati
2355 2164 2506 2222 Petri
2537 2181 2699 2222 more
2741 2163 2911 2221 solito
2960 2165 3085 2238 ipse
3127 2164 3483 2237 conspicuus
3517 2165 3696 2220 Pater
3732 2168 3800 2218 et

484 2259 756 2333 egregius
787 2259 1046 2333 pontifex
1074 2261 1392 2319 missarum
1425 2261 1712 2320 solemnia
1740 2263 2065 2332 celebrans,
2099 2263 2215 2319 Deo
2248 2262 2634 2336 omnipotenti
2664 2268 2722 2319 et
2751 2264 2992 2336 praefato
3024 2262 3226 2320 Carolo
3277 2261 3798 2320 excellentissimo

486 2357 610 2431 regi
644 2358 1002 2414 Francorum
1031 2361 1091 2415 et
1119 2359 1364 2432 patricio
1395 2359 1795 2416 Romanorum
1826 2359 2034 2416 laudes
2064 2360 2307 2416 reddere
2327 2361 2482 2417 fecit.
2517 2361 2716 2417 Tertia
2745 2377 2878 2418 vero
2911 2361 3027 2433 die,
3051 2363 3222 2434 juxta
3270 2365 3336 2416 ut
3385 2377 3514 2416 mos
3559 2363 3677 2428 est,
3729 2358 3797 2414 in

487 2453 734 2511 ecclesia
753 2453 905 2510 beati
938 2455 1101 2511 Pauli
1131 2455 1381 2528 apostoli
1412 2456 1630 2513 missas
1661 2456 1852 2512 eidem
1884 2457 2005 2530 regi
2038 2457 2191 2514 fecit.
2227 2459 2300 2514 At
2347 2475 2483 2515 vero
2533 2463 2746 2530 quarta
2793 2457 2937 2514 feria
2985 2475 3258 2531 egressus
3309 2457 3802 2531 praanominatus

383 2551 451 2606 10
488 2550 748 2623 pontifex
778 2567 912 2607 cum
943 2552 1070 2608 suis
1090 2551 1397 2624 judicibus
1427 2557 1548 2610 tam
1579 2553 1716 2610 cleri
1741 2571 2036 2627 quamque
2061 2554 2284 2612 militia:
2300 2555 2360 2611 in
2382 2555 2629 2612 ecclesia
2647 2555 2800 2612 beati
2825 2555 2977 2612 Petri
3000 2554 3616 2628 apostoli,pan'tcrque
3641 2571 3801 2611 cum

489 2647 695 2704 eodem
727 2664 862 2721 rege
892 2665 954 2706 se
985 2649 1060 2706 ad
1085 2649 1445 2723 loquendum
1476 2651 2206 2724 conjungens,constanter
2236 2669 2374 2709 eum
2405 2654 2753 2726 deprecatus
2781 2656 3084 2725 est,atque
3114 2651 3508 2718 admonuit,et
3528 2658 3802 2723 paterno

490 2745 699 2802 aﬂ'ectu
731 2746 1025 2804 adhortari
1055 2748 1304 2816 studuit,
1321 2754 1387 2804 ut
1416 2749 1872 2823 promissionem
1904 2749 2066 2806 illam
2098 2767 2276 2823 quam
2309 2753 2437 2824 ejus
2467 2755 2683 2808 sanctae
2715 2750 3009 2808 memoriae
3037 2749 3267 2823 genitor
3287 2748 3571 2821 Pippinus
3592 2755 3804 2818 rex,et

490 2843 616 2918 ipse
643 2843 1219 2917 praecellentissimus
1241 2847 1482 2904 Carolus
1513 2865 1648 2905 cum
1677 2865 1784 2905 suo
1805 2865 2084 2921 germano
2107 2848 2531 2906 Carolomanno
2557 2853 2734 2921 atque
2753 2847 3353 2920 omnibusjudicibus
3372 2847 3613 2903 Francis
3640 2847 3805 2903 fece-

493 2947 627 2998 rant
654 2943 823 3000 beato
853 2943 1021 3000 Petro
1051 2949 1110 3010 et
1139 2946 1270 3018 ejus
1287 2945 1503 3002 vicario
1533 2951 1748 3003 sanctae
1780 2945 2074 3003 memoria:
2105 2947 2320 3003 domno
2353 2947 2649 3020 Stephano
2673 2946 2899 3019 juniori
2922 2945 3350 3018 papae,quando
3373 2944 3432 2998 in
3470 2944 3801 3000 Franciam

388 3041 456 3098 15
492 3040 747 3114 perrexit
775 3058 879 3114 pro
899 3043 1291 3100 concedendis
1311 3044 1557 3101 diversis
1579 3044 1916 3102 civitatibus
1938 3062 2004 3102 ac
2027 3045 2334 3101 territoriis
2354 3045 2529 3102 istius
2552 3045 2732 3102 Italia:
2753 3043 3149 3118 provinciae,et
3175 3042 3592 3100 contradendis
3609 3043 3801 3098 beato

494 3139 658 3198 Petro
687 3141 934 3214 ejusque
961 3139 1239 3198 omnibus
1259 3141 1495 3199 vicariis
1535 3143 1596 3198 iu
1645 3147 1993 3216 perpetuum
2045 3142 2442 3215 possidendis,
2465 3142 2811 3215 adimpleret
2842 3143 2901 3198 in
2933 3141 3242 3210 omnibus;
3284 3157 3538 3212 cumque
3587 3139 3800 3212 ipsam

491 3239 946 3312 promissionem
977 3257 1106 3313 quaa
1137 3239 1198 3295 in
1232 3241 1476 3297 Francia
1504 3239 1565 3296 in
1596 3241 1723 3297 loco
1750 3241 1851 3313 qui
1876 3244 2117 3297 vocatur
2144 3240 2477 3298 Carisiacus
2510 3241 2664 3297 facta
2710 3244 2818 3308 est,
2854 3240 2966 3297 sibi
3016 3239 3193 3313 relegi
3223 3238 3478 3307 fecisset,
3509 3238 3801 3310 compla-

495 3343 743 3395 cuerunt
771 3337 856 3394 illi
887 3342 947 3395 et
968 3339 1099 3411 ejus
1119 3338 1428 3412 judicibus
1457 3339 1658 3396 omnia
1687 3357 1817 3412 quae
1850 3339 2070 3396 ibidem
2100 3344 2267 3397 erant
2293 3340 2538 3408 adnexa,
2572 3344 2631 3396 et
2660 3339 2898 3412 propria
2925 3338 3243 3405 voluntate,
3275 3338 3428 3394 bono
3459 3353 3524 3392 ac
3569 3335 3796 3393 libenti

495 3435 693 3492 animo
722 3435 899 3492 aliam
924 3436 1257 3493 donationis
1279 3437 1731 3510 promissionem
1763 3438 1835 3494 ad
1857 3437 2044 3494 instar
2061 3437 2373 3494 anterioris
2394 3438 2519 3510 ipse
2540 3437 2870 3494 antedictus
2891 3434 3472 3509 praecellentissimus
3489 3438 3546 3490 et
3565 3451 3628 3491 re
3650 3451 3800 3490 vera

383 3535 458 3590 20
493 3533 1036 3592 Christianissimus
1067 3535 1308 3593 Carolus
1338 3536 1697 3593 Francorum
1730 3552 1829 3592 rex
1858 3535 2073 3593 ascribi
2096 3535 2281 3608 jussit
2310 3553 2414 3608 per
2443 3535 2747 3592 Etherium
2780 3534 3121 3608 religiosum
3146 3534 3220 3591 ad
3251 3531 3797 3606 prudentissimum

497 3631 868 3706 capellanum
899 3637 958 3689 ct
985 3634 1281 3690 notarium
1311 3633 1616 3702 suum,ubi
1649 3634 1939 3690 concessit
1967 3634 2206 3690 easdem
2233 3632 2496 3690 civitates
2525 3637 2582 3690 et
2604 3632 2897 3690 territoria
2919 3633 3088 3690 beato
3111 3633 3518 3703 Petro,easque
3540 3630 3794 3703 prmfato

499 3730 762 3803 pontiﬁci
791 3731 1057 3788 contradi
1089 3731 1424 3804 spopondit,
1456 3749 1560 3805 per
1589 3731 2054 3805 designationem
2088 3731 2432 3799 conﬁnium,
2467 3731 2621 3788 sicut
2649 3732 2708 3786 in
2738 3731 2943 3788 eadem
2975 3729 3288 3787 donatione
3307 3729 3605 3786 continere
3623 3744 3793 3786 mon-

501 3832 742 3896 stratur,
770 3829 825 3884 id
862 3833 998 3886 esta
1028 3829 1210 3886 Lunis
1240 3846 1376 3885 cum
1398 3829 1595 3887 insula
1627 3830 1880 3898 Corsica,
1914 3830 2127 3886 deinde
2158 3830 2216 3885 in
2249 3829 2519 3898 Suriano,
2553 3829 2762 3886 deinde
2793 3829 2853 3885 in
2885 3833 3082 3886 monte
3113 3829 3397 3896 Bardone,
3413 3826 3471 3883 id
3497 3830 3588 3882 est
3622 3826 3683 3880 in
3719 3829 3790 3895 (ε)

497 3925 763 3994 Verceto,
796 3925 1005 3985 deinde
1035 3926 1096 3984 in
1125 3929 1350 3996 Parma,
1383 3928 1592 3985 deinde
1623 3929 1682 3984 in
1715 3928 1956 4002 Rbegio,
1989 3933 2048 3985 et
2074 3928 2282 3985 exinde
2314 3929 2373 3985 in
2403 3929 2846 4001 Mantua,atque
2867 3933 3063 3984 monte
3081 3927 3156 4000 (d)
3177 3923 3701 3998 Silicis,simulque
3731 3928 3791 3980 et

391 4026 466 4081 25
502 4025 841 4082 universum
872 4026 1254 4084 exarchatum
1286 4026 1714 4084 Ravennatium
1737 4027 1892 4082 sicut
1921 4025 2252 4099 antiquitus
2283 4031 2434 4096 erat,
2463 4031 2640 4098 atque
2669 4025 3000 4099 provincias
3023 4024 3402 4082 Venetiarum
3433 4027 3491 4080 et
3525 4021 3785 4079 Istriam.

502 4142 729 4182 necnon
757 4130 817 4182 et
847 4130 1125 4183 cunctum
1147 4126 1427 4182 ducatum
1459 4123 1829 4198 Spoletinum
1859 4129 1915 4181 et
1945 4125 2441 4181 Beneventanum.
2897 4180 2912 4190 ,

573 4227 730 4284 819
762 4226 1052 4298 Factaque
1081 4224 1287 4281 eadem
1318 4223 1649 4292 donatione,
1665 4227 1723 4280 ct
1752 4221 1991 4296 propria
2020 4239 2130 4279 sua
2167 4239 2347 4279 manu
2377 4222 2504 4296 ipse
2533 4221 3076 4278 Christianissimus
3128 4223 3485 4278 Francorum
3517 4236 3618 4274 rex
3658 4233 3787 4274 eam

503 4323 1220 4391 corroborans,universos
1249 4321 2238 4395 episcopos,abbates,duces,etiam
2269 4326 2329 4378 et
2357 4321 2698 4394 Graphones
2729 4320 2788 4376 in
2810 4337 2879 4378 ea
2909 4319 3123 4376 ascribi
3145 4322 3217 4389 (ε)
3239 4319 3600 4384 fecit.Quam
3625 4315 3792 4389 prius

507 4441 685 4499 super
711 4421 895 4482 altare
926 4421 1081 4480 beati
1108 4420 1358 4487 Petri,et
1377 4421 1757 4492 postmodum
1777 4419 1941 4477 intus
1972 4420 2031 4476 in
2053 4424 2260 4477 sancta
2290 4420 2420 4492 ejus
2449 4419 2818 4476 confessione
2848 4423 3098 4492 ponente
3118 4421 3238 4473 tam
3278 4416 3404 4490 ipse
3428 4416 3789 4472 Francorum

507 4539 607 4580 rex
635 4527 874 4594 tamque
890 4521 1020 4593 ejus
1039 4518 1295 4592 judices,
1310 4520 1479 4576 beato
1492 4519 1658 4576 Petro
1675 4523 1734 4576 et
1748 4519 1876 4591 ejus
1905 4517 2121 4575 vicario
2154 4517 2531 4576 sanctissimo
2551 4517 2808 4574 Adriano
2829 4515 3134 4590 papae,sub
3155 4513 3403 4571 terribili
3420 4515 3790 4570 sacramento

433 4623 473 4679 5
508 4637 637 4680 sese
657 4620 857 4678 omnia
870 4622 1317 4676 conservaturos
1347 4634 1476 4691 quae
1507 4617 1567 4673 in
1598 4617 1801 4674 eadem
1823 4616 2138 4674 donatione
2167 4615 2560 4682 continentur,
2576 4614 2985 4689 promittentes
3011 4613 3786 4684 tradiderunt.(/)Apparem

508 4717 699 4794 ipsius
729 4715 1064 4775 donationis
1094 4733 1198 4790 per
1220 4715 1496 4772 eumdem
1523 4714 1827 4772 Etherium
1858 4714 2071 4772 ascribi
2104 4714 2324 4772 faciens
2353 4715 2478 4788 ipse
2506 4711 3051 4770 Christianissimus
3086 4729 3186 4768 rex
3215 4711 3594 4776 Francorum,
3630 4708 3784 4763 intus

508 4835 687 4892 super
713 4832 928 4890 corpus
946 4814 1102 4872 beati
1129 4814 1280 4871 Petri
1311 4814 1522 4870 subtus
1552 4813 1890 4887 Evangelia,
1919 4830 2047 4886 qua:
2078 4813 2298 4870 ibidem
2330 4811 2676 4870 osculantur
2713 4829 2819 4886 pro
2859 4809 3205 4866 ﬁrmissima
3234 4807 3461 4865 cautela
3487 4811 3548 4863 et
3575 4810 3787 4862 aeterna

509 4915 768 4974 nominis
797 4914 889 4971 sui
919 4931 985 4970 ac
1015 4911 1178 4988 regni
1211 4913 1568 4969 Francorum
1598 4910 2169 4984 memoria,pr0priis
2197 4911 2324 4968 suis
2355 4909 2630 4968 manibus
2661 4909 2877 4983 posuit.
2895 4907 3139 4980 Aliaquc
3159 4907 3424 4980 ejusdem
3455 4901 3785 4960 donationis

511 5014 776 5089 exempla
805 5031 908 5088 per
936 5011 1312 5070 seriniarium
1344 5011 1524 5082 hujus
1555 5015 1767 5068 sanctae
1800 5014 2011 5067 nostra:
2038 5009 2305 5066 Ecclesia:
2336 5009 2649 5083 descripta,
2683 5009 2812 5081 ejus
2833 5005 3171 5064 excellentia
3201 5021 3401 5061 secum
3441 4999 3781 5075 deportavit.

407 5114 476 5170 10
513 5113 920 5184 Reversusque
939 5128 1075 5167 cum
1097 5109 1222 5167 suis
1248 5107 1599 5166 exercitibus
1623 5107 2047 5180 Ticinum,ipse
2068 5106 2596 5165 excellentissimus
2610 5108 2968 5163 Francorum
2985 5121 3085 5160 rex
3106 5103 3446 5175 fortiterque
3467 5098 3780 5162 debellans,

513 5216 689 5285 atque
718 5209 996 5267 obsidens
1016 5207 1308 5266 civitatem
1333 5207 1741 5280 Papiam,dum
1764 5207 1851 5262 ira
1880 5205 1982 5264 Dei
2008 5223 2186 5279 super
2216 5223 2420 5263 omnes
2453 5205 2872 5279 Longobardos
2891 5204 2994 5276 qui
3025 5203 3085 5259 in
3117 5202 3319 5259 eadem
3349 5199 3583 5257 civitate
3603 5199 3780 5261 erant,

513 5312 884 5383 grassaretur
912 5311 1087 5379 atque
1113 5306 1358 5373 saaviret,
1383 5309 1441 5362 et
1469 5304 1670 5378 plures
1716 5304 2104 5378 languoribus
2149 5321 2254 5361 seu
2303 5302 2682 5360 mortalitatis
2730 5301 2895 5358 clade
2938 5301 3310 5368 defecissent,
3348 5297 3430 5354 ita
3487 5295 3588 5352 Dei
3644 5297 3780 5351 nutu

514 5405 781 5464 eamdem
811 5403 1126 5472 civitatem,
1160 5402 1458 5476 simulque
1477 5408 1536 5460 et
1565 5403 1935 5460 Desiderium
1969 5402 2489 5476 Longobardorum
2520 5418 2738 5475 regem,
2764 5405 2938 5474 atque
2957 5403 3201 5456 cunctos
3232 5397 3489 5471 quicum
3532 5411 3600 5452 eo
3632 5394 3782 5451 erant

514 5502 642 5575 ipse
659 5501 1188 5560 excellentissimus
1210 5503 1567 5559 Francorum
1586 5517 1686 5558 rex
1704 5501 2233 5575 comprehendit,et
2264 5519 2385 5559 sua:
2405 5501 2677 5575 potestati
2703 5504 2984 5557 cunctum
3006 5513 3252 5572 regnum
3272 5493 3777 5568 Longobardorum

1564 5696 1817 5744 NOTULE
1858 5697 2253 5744 HABGINALES
2295 5697 2608 5744 FABROTTI.

391 5898 402 5908 .
449 5832 526 5901 (a)
547 5833 946 5888 Sacramenta.
1008 5839 1085 5907 (b)
1116 5841 1487 5895 Lateranum.
1576 5838 1646 5909 (ο)
1679 5838 1742 5904 Β,
1775 5837 1912 5895 inde

380 5897 437 5952 ιά
464 5911 542 5960 εει
570 5899 856 5970 exempla.

2220 5845 2248 5895 ι.
2283 5845 2477 5913 ponte.
2558 5842 2630 5910 (ε)
2662 5841 2726 5909 Β,
2759 5857 2889 5898 eam
2921 5837 3307 5898 subscribere.
3375 5836 3446 5909 (Γ)
3475 5836 3769 5908 Αρρωωι
