3924 6408
169 379 330 443 1181
922 383 1299 447 HISTORIA
1341 385 1443 447 DE
1485 384 1690 447 VITIS
1738 384 1929 447 ROM.
1979 384 2306 446 PONT.—
2336 384 2401 446 S.
2451 382 2876 446 ADRIANUS.
3443 359 3598 442 “8D

205 513 279 573 15
317 513 1008 589 subjugavit.Przefatum
1037 533 1172 573 vero
1203 516 1571 573 Desiderium
1606 517 2127 589 Longobnrdorum
2161 532 2355 588 regem
2387 519 2445 572 et
2474 515 2602 588 ejus
2631 515 2942 588 conjugem
2977 527 3178 570 secum
3209 509 3269 569 in
3295 510 3597 569 Franciam

318 613 666 688 deportavit.
701 615 838 670 Erat
867 615 1026 670 enim
1058 602 1370 690 smpefatus
1403 614 1780 671 beatissimus
1813 616 2070 687 pontifex
2097 620 2323 671 amator
2353 613 2755 670 ecclesiarum.

393 712 552 768 820
583 711 685 768 Hic
716 711 872 767 enim
904 710 1274 785 coangelicus
1304 711 1392 767 vir
1420 713 1554 768 fecit
1586 713 1644 768 in
1677 713 1920 769 ecclesia
1946 713 2100 769 beati
2138 713 2282 769 Petri
2311 711 2557 784 apostoli
2587 715 2809 767 vestem
2844 709 3002 766 mira
3040 706 3500 782 pulchritudinis
3529 723 3601 765 ex

323 825 467 866 auro
497 813 553 865 et
581 811 855 882 gemmis,
888 809 1200 866 habentem
1234 812 1663 884 przefiguratam
1697 811 2004 867 historiam
2039 811 2292 884 qualiter
2320 812 2526 866 beatus
2560 811 2764 865 Petrus
2795 826 2830 865 a
2874 807 3125 864 vinculis
3173 824 3276 880 per
3322 805 3598 880 angelum

322 913 562 981 ereptus
593 910 862 963 est.Item
894 907 953 962 in
984 908 1187 964 eadem
1219 908 1463 964 basilica
1492 911 1564 965 ab
1598 909 1838 965 introitu
1870 910 1941 965 de
1969 927 2146 981 rugas
2178 926 2364 981 usque
2399 909 2470 964 ad
2494 906 2920 964 confessionem
2951 905 3348 979 pavimentum
3370 903 3603 960 vestivit

321 1004 394 1060 de
425 1008 663 1078 argento
694 1004 1032 1078 purissimo,
1075 1007 1230 1078 quod
1265 1024 1429 1079 pens.
1473 1006 1654 1064 libras
1685 1011 1919 1064 centum
1951 1007 2404 1080 quinquaginta.
2440 1006 2596 1062 Fecit
2645 1005 2820 1062 etiam
2852 1005 2909 1060 in
2941 1004 3144 1060 eadem
3197 1001 3327 1076 ipsa
3357 1001 3603 1059 basilica

241 1103 283 1159 5
312 1102 467 1159 beati
504 1103 650 1159 Petri
676 1103 848 1175 juxta
869 1105 1086 1176 januas
1118 1105 1370 1176 majores
1399 1109 1706 1178 argenteas
1737 1105 1994 1161 cortinas
2026 1105 2187 1160 miras
2220 1103 2647 1178 magnitudinis
2677 1105 2748 1158 de
2779 1101 2972 1176 palliis
3002 1100 3298 1158 stauracin
3333 1116 3436 1156 seu
3459 1117 3600 1172 qua-

321 1200 600 1273 drapolis.
635 1200 782 1256 Nam
814 1206 871 1256 et
902 1217 1005 1275 per
1035 1202 1338 1257 universos
1371 1219 1542 1258 arcus
1565 1204 1830 1275 ejusdem
1863 1203 2262 1276 apostolorum
2288 1203 2572 1276 principis
2599 1201 2852 1257 basilica
2884 1202 2955 1256 de
2986 1198 3180 1272 palliis
3208 1197 3375 1272 tyriis
3421 1202 3601 1270 atque

321 1298 584 1354 fundatis
616 1298 751 1354 fecit
779 1299 906 1356 vela
936 1317 1178 1356 numero
1213 1300 1516 1371 sexaginta
1546 1300 1827 1374 quinque.
1861 1301 2120 1374 Denique
2153 1302 2282 1374 ejus
2316 1300 2614 1356 beatitudo
2647 1299 2781 1354 fecit
2809 1303 2865 1354 et
2892 1297 3142 1371 pharum
3193 1296 3475 1367 majorem
3536 1294 3596 1350 in

319 1395 525 1453 eadem
559 1401 619 1453 Β.
656 1396 808 1453 Petri
839 1397 1085 1454 ecclesia
1115 1397 1174 1453 in
1198 1403 1404 1471 typum
1438 1399 1650 1465 crucis,
1684 1399 1781 1472 qui
1816 1400 2030 1472 pendet
2076 1405 2211 1455 ante
2259 1398 2711 1472 presbyterium,
2742 1397 3057 1453 habentem
3107 1391 3382 1450 candelas
3436 1391 3598 1448 mille

321 1498 616 1551 trecentas
649 1498 706 1551 et
736 1494 1129 1569 septuaginta.
1165 1497 1235 1552 Et
1265 1496 1569 1552 constituit
1602 1502 1665 1552 ut
1695 1503 1947 1570 quatuor
1974 1497 2200 1554 vicibus
2231 1497 2290 1552 in
2323 1513 2476 1553 anno
2506 1497 2702 1570 ipsum
2733 1495 2984 1569 pharum
3016 1491 3384 1560 accendatur,
3418 1490 3476 1547 id
3507 1494 3599 1547 est

207 1591 282 1649 10
319 1591 379 1648 in
407 1592 715 1648 Nativitate
749 1592 1004 1661 Domini,
1037 1594 1094 1649 in
1130 1593 1371 1664 Pascha,
1403 1593 1463 1649 in
1497 1594 1677 1650 natali
1710 1595 2128 1668 aportolorum,
2161 1600 2219 1651 et
2249 1596 2305 1650 in
2342 1593 2519 1651 natali
2551 1593 2866 1668 pontificis.

395 1690 543 1748 821
584 1690 842 1764 Itemque
871 1691 1144 1763 praefatus
1177 1691 1592 1748 sanctissimus
1622 1692 1832 1766 praesul
1859 1693 1991 1748 fecit
2013 1693 2072 1748 in
2095 1711 2162 1749 ea
2192 1692 2436 1750 basilica
2466 1692 2705 1748 calicem
2740 1691 3050 1746 fundatum
3073 1692 3596 1764 argenteum,pens

320 1787 506 1845 libras
535 1787 1000 1862 quinque,quem
1032 1793 1088 1846 et
1118 1789 1315 1862 posuit
1346 1790 1404 1844 in
1436 1791 1794 1863 presbyterio
1826 1808 1930 1864 pro
1959 1809 2024 1847 eo
2052 1791 2153 1864 qui
2185 1791 2434 1864 perierat
2456 1789 2820 1863 temporibus
2842 1787 3042 1845 domui
3066 1785 3226 1843 Pauli
3249 1785 3597 1860 papa.Nam

319 1891 382 1943 et
407 1886 465 1942 in
495 1886 740 1942 ecclesia
772 1887 925 1942 beati
942 1888 1184 1943 Andreae
1205 1887 1593 1961 apostoli,sita
1607 1890 1777 1960 juxta
1798 1890 2064 1945 eamdem
2089 1889 2243 1945 beati
2270 1889 2420 1945 Petri
2441 1887 2686 1961 apostoli
2719 1886 3024 1943 ecclesiam
3047 1883 3350 1958 cyburiam
3373 1881 3600 1939 noviter

319 2001 392 2041 ex
421 1989 662 2057 argento
693 1984 1088 2042 mundissimo
1120 1985 1243 2058 ipse
1277 1991 1364 2042 ter
1393 1986 1772 2043 beatissimus
1802 1988 2060 2059 pontifex
2091 1986 2360 2060 fecit,qui
2390 1986 2742 2060 pens.libras
2771 1989 3008 2042 centum
3039 1982 3280 2057 triginta
3310 1979 3595 2056 quinque.

240 2084 280 2139 5
322 2082 526 2156 Itaque
557 2087 614 2139 et
642 2081 701 2138 in
733 2082 979 2140 ecclesia
1007 2084 1160 2140 beati
1197 2083 1358 2140 Pauli
1389 2085 1632 2156 apostoli
1669 2085 1960 2142 investivit
1988 2103 2202 2160 corpus
2231 2086 2496 2157 ejusdem
2528 2085 2783 2141 doctoris
2814 2081 3021 2140 mundi
3043 2099 3112 2139 ex
3135 2079 3372 2137 laminis
3395 2095 3598 2153 argen-

317 2181 455 2248 teis,
487 2198 630 2254 pens
660 2180 844 2237 libras
873 2182 1137 2255 triginta.

394 2279 550 2336 822
583 2280 738 2345 Quas
768 2279 996 2336 addidit
1025 2280 1213 2337 isdem
1246 2282 1655 2339 sanstissimus
1684 2282 2203 2356 praesul,quoniam
2237 2287 2544 2356 argentum
2578 2281 2743 2348 illud,
2769 2281 2922 2354 quod
2963 2277 3238 2353 primitus
3265 2273 3594 2342 erat,nimis

321 2376 685 2432 confractum
719 2375 1020 2433 existebat.
1038 2383 1180 2434 Item
1215 2378 1348 2434 fecit
1378 2378 1436 2434 in
1469 2380 1673 2435 eadem
1700 2379 1944 2436 basilica
1965 2379 2116 2436 beati
2134 2379 2291 2435 Pauli
2315 2380 2560 2452 apostoli
2583 2379 2869 2435 cortinam
2895 2380 3176 2450 majorem
3191 2376 3365 2447 juxta
3376 2374 3594 2446 januas

320 2473 677 2548 principales
707 2492 774 2531 ex
805 2475 999 2548 palliis
1031 2476 1409 2550 quadrapolis
1441 2478 1511 2532 ad
1545 2477 1735 2533 instar
1765 2479 2022 2546 cortinae,
2055 2495 2233 2551 quam
2265 2478 2323 2534 in
2356 2477 2614 2534 Ecclesia
2645 2477 2798 2533 beati
2833 2475 2985 2531 Petri
3018 2475 3172 2530 fecit.
3202 2474 3314 2530 Sed
3337 2476 3396 2528 et
3417 2470 3594 2528 aliam

323 2571 611 2628 cortinam
643 2573 923 2644 majorem
955 2574 1089 2630 fecit
1117 2578 1173 2630 et
1204 2574 1398 2647 palliis
1431 2575 1965 2649 quadrapolis,quze
1997 2578 2210 2649 pendet
2240 2576 2350 2632 sub
2382 2593 2521 2632 arcu
2557 2577 2777 2648 majore
2800 2575 2972 2646 juxta
2991 2572 3174 2628 altare
3194 2590 3206 2641 ;
3226 2570 3402 2628 etiam
3419 2574 3475 2626 et
3494 2585 3598 2642 per

244 2672 284 2726 5
323 2670 584 2727 diversos
615 2687 787 2727 arcus
817 2671 1005 2744 ipsius
1037 2673 1292 2728 ecclesiae
1323 2690 1391 2728 ex
1422 2673 1616 2746 palliis
1640 2676 2017 2747 quadrapolis
2046 2675 2180 2730 fecit
2200 2675 2326 2730 vela
2343 2691 2587 2731 numero
2605 2671 3230 2747 septuaginta.Atrium
3252 2686 3386 2725 vero
3410 2667 3598 2741 ipsius

323 2769 476 2826 beati
513 2768 671 2826 Pauli
701 2769 980 2842 ecclesia,
1013 2771 1168 2844 quod
1193 2776 1327 2826 ante
1359 2771 1684 2828 desolatum
1715 2772 2133 2840 existebat,ubi
2163 2773 2337 2829 boves
2368 2779 2544 2845 atque
2575 2771 2784 2830 caballi
2815 2769 3298 2844 ingrediebantur
3323 2767 3396 2823 ad
3419 2765 3601 2841 pabu-

326 2866 569 2922 landum
601 2872 839 2940 propter
864 2867 1106 2924 herbam
1153 2886 1280 2940 quas
1327 2868 1545 2925 ibidem
1595 2871 1964 2935 nascebatur,
1998 2869 2320 2943 inspiratus
2369 2888 2404 2926 a
2432 2871 2548 2927 Deo
2579 2870 2767 2926 isdem
2799 2867 3212 2925 sanctissimus
3242 2865 3500 2938 pontifex
3528 2880 3599 2919 ex

325 2964 722 3020 marmoribus
753 2963 1013 3037 pulchris
1042 2970 1298 3021 sternere
1333 2967 1484 3022 fecit.
1520 2967 1583 3022 In
1616 2966 1862 3022 ecclesia
1891 2972 2107 3022 sancta:
2132 2966 2231 3022 Dei
2265 2967 2578 3023 Genitricis
2605 2966 2676 3021 ad
2728 2966 2987 3036 Przesepe
3033 2963 3168 3019 fecit
3209 2965 3398 3018 vestes
3446 2961 3596 3016 duas

325 3078 505 3134 super
533 3061 712 3118 altare
743 3063 982 3135 majore,
1018 3081 1197 3119 unam
1229 3081 1296 3120 ex
1328 3081 1470 3120 auro
1500 3065 1816 3138 purissimo
1847 3068 2020 3137 atque
2050 3064 2321 3138 gemmis,
2355 3063 2669 3120 habentem
2716 3061 3182 3134 assumptionem
3229 3063 3445 3116 sanctae
3491 3055 3594 3113 Dei

209 3160 288 3213 70
326 3157 657 3228 Genitricis,
691 3165 749 3216 et
781 3160 956 3216 aliam
988 3161 1058 3217 de
1091 3161 1406 3217 stauracim
1429 3164 1503 3232 (α)
1534 3168 1799 3218 ornatam
1830 3161 1889 3218 in
1922 3161 2170 3218 circuitu
2203 3161 2410 3217 blattin
2436 3164 2531 3233 (b).
2571 3160 2724 3217 Fecit
2754 3161 2813 3216 in
2846 3176 2914 3215 ea
2956 3157 3202 3215 ecclesia
3250 3160 3308 3214 et
3335 3156 3594 3214 cortinas

318 3257 574 3328 majores
605 3273 674 3314 ex
704 3255 897 3330 palliis
927 3258 1304 3331 quadrapolis
1335 3260 1401 3330 (ιτ)
1433 3260 1506 3315 ad
1536 3259 1984 3316 similitudinem
2019 3276 2196 3333 quam
2219 3258 2278 3314 in
2309 3258 2552 3315 ecclesia
2581 3257 2767 3315 sancti
2793 3256 2940 3314 Petri
2970 3257 3125 3313 fecit.

392 3353 546 3410 828
576 3354 689 3410 Sed
717 3359 776 3410 et
806 3371 909 3427 per
937 3355 1196 3412 diversos
1227 3373 1399 3413 arcus
1430 3357 1694 3428 ejusdem
1724 3357 1978 3413 basilica:
2011 3361 2226 3414 sanctae
2259 3357 2358 3412 Dei
2384 3356 2694 3414 Genitricis
2725 3355 2906 3412 simili
2938 3355 3111 3411 modo
3141 3371 3211 3410 ex
3238 3351 3412 3426 pallis
3443 3369 3593 3424 qua-

318 3450 580 3524 drapolis
611 3451 749 3508 fecit
775 3451 903 3508 vela
933 3469 1178 3509 numero
1208 3455 1597 3527 quadraginta
1626 3455 1763 3510 duo.
1798 3454 1860 3510 In
1892 3454 2136 3511 basilica
2166 3472 2299 3510 vero
2331 3454 2648 3510 Salvatoris
2680 3452 2911 3510 Domini
2956 3451 3139 3508 nostri
3189 3451 3328 3508 Jesu
3373 3449 3591 3506 Christi

306 3549 483 3621 juxta
513 3549 817 3606 Lateranis
848 3547 1122 3606 similiter
1144 3550 1278 3607 fecit
1305 3555 1526 3608 vestem
1561 3553 1630 3608 de
1655 3551 1951 3608 stauracin
1984 3569 2086 3608 seu
2117 3553 2405 3609 cortinam
2438 3553 2721 3625 majorem
2761 3567 2832 3608 ex
2860 3548 3031 3624 pallis
3062 3547 3458 3624 quadrapolis,
3489 3548 3592 3604 sed

317 3649 376 3703 et
405 3663 510 3719 per
536 3645 795 3703 diversos
827 3663 1000 3704 arcus
1028 3647 1152 3704 vela
1173 3648 1375 3719 Syrica
1403 3665 1649 3706 numero
1672 3650 2104 3723 quinquaginta
2133 3650 2583 3724 septem,omnia
2602 3665 2672 3705 ex
2699 3647 2893 3722 palliis
2919 3646 3295 3721 quadrapolis
3317 3663 3421 3703 seu
3439 3651 3592 3702 stau-

243 3746 277 3801 4
317 3743 675 3801 racin.Fecit
704 3745 762 3799 in
797 3743 1043 3801 ecclesia
1073 3745 1226 3801 beati
1251 3746 1547 3802 Laurentii
1581 3747 1854 3820 martyris
1885 3747 2027 3804 foris
2059 3747 2522 3814 muros,scilicet
2550 3747 2651 3803 ubi
2683 3750 2954 3803 sanctum
2985 3747 3113 3817 ejus
3135 3761 3348 3819 corpus
3370 3743 3592 3816 requie.

319 3843 681 3909 scit,vestem
714 3842 785 3899 de
816 3843 1155 3910 stauracim,
1175 3849 1244 3899 et
1270 3843 1328 3899 in
1361 3844 1606 3900 ecclesia
1635 3845 1853 3916 Majore
1883 3845 2059 3902 aliam
2090 3845 2365 3902 similiter
2395 3844 2529 3901 fecit
2557 3849 2795 3902 vestem.
2832 3844 2980 3900 Nam
3013 3848 3070 3900 et
3083 3848 3304 3900 tectum
3326 3843 3593 3916 ejusdem

318 3941 474 3997 beati
508 3941 801 3997 Laurentii
833 3940 1085 3997 basilica;
1109 3942 1403 4015 martyris,
1427 3944 1584 4015 quod
1600 3945 1727 4015 jam
1760 3942 2073 3999 distectum
2099 3950 2242 4012 erat,
2266 3950 2322 4000 et
2344 3947 2538 4001 trabes
2569 3945 2696 4015 ejus
2727 3942 3056 4012 confracta,
3091 3942 3318 3999 noviter
3340 3941 3493 3998 fecit.
3529 3941 3593 3997 In

315 4036 563 4094 basilica
586 4043 780 4094 autem
810 4038 1267 4096 beatiValentini
1297 4039 1473 4096 simili
1506 4041 1679 4097 modo
1714 4041 1849 4096 fecit
1879 4047 2099 4097 vestem
2132 4042 2202 4098 de
2224 4042 2642 4098 stauracim.ln
2659 4039 2903 4097 basilica
2923 4040 3076 4097 beati
3101 4039 3387 4097 Pancratii
3417 4039 3591 4096 aliam

321 4135 502 4192 simili
534 4136 708 4193 modo
729 4138 800 4193 de
831 4137 1149 4194 stauracim
1170 4139 1306 4194 fecit
1328 4145 1570 4196 vestem.
1589 4139 1649 4194 In
1669 4139 1915 4196 ecclesia
1934 4157 2066 4197 vero
2085 4141 2238 4197 beati
2262 4141 2560 4213 Marci,cuj
2570 4157 2638 4196 us
2655 4144 2872 4196 tectum
2887 4141 3013 4212 jam
3026 4141 3312 4195 vetustate
3333 4139 3592 4210 positum

205 4234 280 4292 10
319 4233 577 4290 vicinum
609 4234 792 4291 ruina)
823 4234 1124 4304 existebat,
1157 4235 1439 4308 depositis
1487 4237 1904 4294 vetustissimis
1950 4239 2238 4306 trabibus,
2272 4243 2329 4294 et
2349 4238 2480 4295 aliis
2525 4237 2841 4310 impositis,
2869 4237 3094 4293 noviter
3139 4236 3338 4309 ipsum
3370 4239 3591 4291 tectum

319 4335 497 4404 atque
525 4330 786 4406 porticus
816 4332 877 4388 in
904 4332 1151 4390 circuitu
1185 4333 1339 4400 fecit,
1373 4335 1758 4408 eamdemque
1788 4335 2094 4392 ecclesiam
2126 4336 2492 4393 restauravit.
2525 4338 2709 4392 Arcus
2739 4352 2870 4392 vero
2902 4339 3042 4402 tres,
3075 4333 3174 4407 qui
3205 4330 3590 4389 vetustissimi

317 4433 505 4496 erant,
534 4431 757 4488 addens
788 4431 977 4488 isdem
1010 4431 1388 4489 beatissimus
1414 4433 1672 4505 pontifex
1700 4434 1925 4506 argenti
1956 4433 2087 4490 libr.
2122 4435 2695 4504 duodecim,noviter
2725 4432 2879 4491 fecit.
2904 4432 3060 4489 Fecit
3087 4430 3264 4488 etiam
3295 4429 3355 4486 in
3386 4429 3590 4485 eadem

317 4525 566 4584 ecclesia
595 4544 773 4602 super
801 4528 972 4584 altari
994 4531 1215 4602 majore
1244 4535 1464 4586 vestem
1493 4532 1564 4586 de
1595 4531 2019 4600 stauracin,sed
2053 4538 2107 4588 et
2137 4549 2240 4606 per
2259 4532 2516 4589 diversos
2547 4548 2720 4589 arcus
2741 4532 3009 4604 ejusdem
3030 4527 3287 4586 ecclesia:
3308 4544 3376 4584 ex
3397 4524 3590 4600 palliis

318 4624 695 4700 quadrapolis
717 4625 851 4682 fecit
879 4643 1124 4684 numero
1152 4626 1279 4684 vela
1307 4627 1511 4701 viginti
1544 4629 2095 4702 septem,simulque
2116 4634 2172 4687 et
2199 4647 2474 4688 coronam
2497 4647 2566 4687 ex
2587 4629 2808 4687 eisdem
2840 4628 3035 4703 palliis
3057 4624 3590 4702 quadrapolis,quaa

206 4723 282 4781 15
318 4724 535 4796 pendet
564 4724 676 4780 sub
707 4725 893 4796 trabe,
927 4724 1080 4781 fecit.

390 4821 547 4878 824
577 4821 820 4878 Tectum
836 4838 969 4879 vere
998 4822 1250 4879 basilicae
1281 4823 1436 4879 beati
1469 4824 1788 4882 Laurentii.
1828 4867 1842 4881 .
1878 4869 1892 4882 .
1931 4867 1944 4880 .
1979 4870 1992 4882 .
2030 4867 2043 4881 .
2079 4869 2094 4883 .
2129 4827 2200 4882 ad
2233 4826 2752 4894 Taurellum,dum
2784 4823 2962 4882 nimis
2980 4822 3449 4881 vetustissimum
3471 4820 3592 4875 ine-

315 4923 429 4987 rat,
453 4935 658 4976 omnes
690 4919 818 4992 ejus
848 4920 1042 4976 trabes
1073 4938 1249 4977 novas
1281 4920 1500 4977 ibidem
1532 4922 1729 4995 posuit
1760 4923 2020 4995 illudque
2052 4927 2418 4982 restauravit.
2452 4924 2756 4997 Simulque
2785 4928 2844 4980 et
2873 4926 3091 4979 vestem
3144 4921 3215 4977 de
3260 4916 3588 4993 quadruplo

315 5032 496 5088 super
525 5015 708 5072 altare
737 5017 1007 5089 ejusdem
1040 5017 1296 5074 ecclesiae
1329 5019 1464 5074 fecit
1494 5024 1668 5092 atque
1700 5021 1925 5077 obtulit.
1964 5022 2214 5078 Basilica
2242 5040 2375 5078 vero
2407 5023 2559 5079 beati
2594 5021 2802 5079 Felicis
2833 5021 3024 5094 posita
3053 5020 3113 5075 in
3149 5018 3496 5090 Pincis,quaa
3526 5016 3588 5070 in

315 5111 487 5169 ruina
513 5118 657 5183 erat,
689 5119 745 5170 et
775 5119 996 5170 tectum
1019 5115 1148 5188 ejus
1177 5115 1491 5172 distectum
1523 5116 1988 5186 existebat,facta
2018 5120 2222 5175 eodem
2254 5124 2407 5176 tecto
2441 5120 2664 5176 noviter
2705 5120 2898 5193 ipsam
2929 5115 3235 5174 ecclesiam
3269 5110 3584 5181 renovavit,

235 5211 276 5267 5
303 5213 365 5268 et
392 5215 611 5268 vestem
643 5228 820 5284 super
851 5211 1034 5268 altare
1065 5213 1331 5286 ejusdem
1362 5213 1617 5271 ecclesiae
1651 5217 1722 5272 de
1753 5217 2132 5289 quadrapolis
2161 5217 2378 5274 faciens
2409 5216 2640 5274 obtulit.
2694 5216 3012 5274 Renovavit
3057 5214 3234 5272 etiam
3281 5217 3338 5269 et
3366 5216 3586 5267 tectum

311 5305 567 5364 basilicas
599 5307 788 5364 sancti
820 5309 1142 5376 Laurentii,
1175 5326 1354 5382 quam
1390 5311 1626 5368 Damasi
1652 5317 1882 5382 vocant,
1907 5314 2007 5369 ubi
2040 5319 2097 5370 et
2124 5320 2342 5371 vestem
2375 5331 2552 5388 super
2580 5314 2710 5385 ejus
2740 5313 2922 5370 altare
2952 5314 3024 5368 de
3054 5307 3586 5379 stauracin,simul-

313 5420 429 5476 que
461 5408 517 5461 et
539 5404 716 5462 aliam
744 5410 964 5463 vestem
995 5408 1067 5463 de
1094 5410 1225 5480 post
1253 5406 1436 5464 altare
1469 5409 1729 5477 fecit,ubi
1762 5411 2076 5483 requiescit
2104 5428 2318 5486 corpus
2348 5411 2534 5469 sancti
2565 5410 2822 5468 Damasi.
2841 5410 3100 5467 Basilicas
3133 5409 3330 5481 itaque
3360 5410 3589 5481 aposto-

312 5500 506 5558 lorum
537 5502 598 5558 in
627 5501 721 5560 via
750 5503 892 5560 Lata
919 5503 1182 5577 porticus
1211 5504 1272 5560 in
1304 5504 1552 5562 circuitu
1597 5507 1909 5576 renovavit,
1944 5526 2091 5582 quas
2123 5514 2295 5566 antea
2342 5509 2673 5565 initiaverat
2721 5509 2850 5580 ejus
2901 5509 3294 5583 predecessor
3329 5507 3588 5564 domnus

311 5599 532 5656 Paulus
562 5617 735 5674 papa,
767 5606 826 5657 et
855 5618 972 5658 non
1003 5601 1350 5675 expleverat,
1374 5604 1573 5660 omnia
1602 5605 1718 5661 Deo
1747 5606 1996 5678 prepitio
2025 5607 2304 5680 praefatus
2334 5605 2715 5664 beatissimus
2745 5607 3004 5680 pontifex
3032 5605 3344 5679 reparavit,
3378 5603 3586 5662 simul-

203 5698 276 5754 10
312 5713 428 5770 que
456 5702 514 5755 et
542 5701 764 5756 tectum
791 5701 988 5773 majus
1011 5700 1376 5758 restauravit.
1392 5701 1539 5758 Nam
1572 5703 1840 5760 absidam
1871 5705 2059 5778 ipsius
2097 5705 2353 5764 ecclesiae
2385 5722 2628 5762 cernens
2659 5705 2848 5763 isdem
2898 5705 3280 5763 beatissimus
3329 5703 3587 5779 pontifex

1359 5826 1607 5873 NOTULE
1649 5828 2030 5876 IARGINALES
2071 5829 2386 5876 FABRO’I'I‘I.

239 5911 362 5981 (a)‘
395 5909 714 5968 stauracio.
826 5912 905 5983 (b)
926 5914 948 5936 '
980 5911 1202 5969 blattis.
1317 5914 1426 5986 (c)'
1457 5915 1817 5989 quadraplis,
1848 5918 1937 5976 vel
1969 5917 2336 5992 quadruplis.
