3950 6442
147 459 233 515 26'3
895 458 1260 515 BIANCHINI
1320 462 1620 518 DISSERT.
1675 461 1766 516 DE
1817 460 1973 516 ΑΝΤ.
2024 462 2132 516 RR.
2192 462 2387 516 PONT.
2443 460 2780 516 CATALOG.

3443 451 3550 518 266

147 587 359 643 dimidia
390 602 522 656 pars
552 587 608 642 in
650 587 961 655 exemplari
994 590 1223 658 pulvere
1274 589 1460 644 obsita
1489 590 1862 656 delitesce-A
1894 586 2003 642 bus
2045 602 2213 658 quam
2271 589 2327 644 in
2357 590 2580 644 caeteris
2628 589 2855 645 duabus
2897 589 3183 660 basilicis,
3218 605 3363 663 quas
3386 592 3548 648 adire

152 684 241 747 ret,
265 683 356 732 aut
384 677 604 732 lumine
634 691 744 731 non
779 679 922 732 satis
948 679 1142 734 vivido
1183 678 1645 749 perfunderetur,
1680 686 1781 736 aut

151 767 393 822 imbrium
451 766 844 822 decidentium
895 767 1111 836 injuria
1163 768 1378 824 coloris
1431 769 1779 824 evidentiam

149 856 428 912 amisisset.
482 856 687 910 Eadem
739 855 1080 912 difficultate
1132 848 1468 913 laborarunt
1517 859 1575 914 in
1617 872 1780 914 asse-

153 945 350 1014 quendo
403 944 693 999 unitatum
741 958 999 1013 numero,
1057 945 1154 1000 ubi
1209 946 1403 1015 plures
1443 960 1502 1002 se
1533 947 1776 1002 invicem

146 1039 590 1102 consequuntur;
618 1047 682 1088 ac
709 1034 949 1102 proinde
970 1033 1062 1088 VII
1095 1049 1194 1103 pro
1212 1037 1351 1104 VIII,
1377 1049 1536 1105 aeque
1562 1049 1627 1091 ac
1659 1037 1778 1092 VIII

148 1123 354 1178 reddere
386 1136 487 1192 pro
518 1123 612 1177 VII
654 1129 983 1192 potuerunt,
1020 1124 1120 1179 ubi
1149 1125 1302 1180 acies
1337 1125 1634 1181 oculorum
1661 1125 1777 1180 im-

141 1211 454 1280 pediebatur
503 1213 760 1268 externis
790 1213 1074 1280 ejusmodi
1109 1213 1606 1270 occultationibus
1631 1213 1775 1270 cha-

142 1306 418 1355 racterum.

198 1391 302 1444 Nos
339 1391 405 1446 ad
457 1390 574 1446 hac
625 1391 1032 1460 impedimenta
1063 1393 1375 1447 amovenda
1434 1393 1775 1462 impetravi-

143 1492 252 1533 mus
278 1485 392 1534 tum
413 1493 444 1534 a
469 1481 839 1535 sanctissimo
873 1482 1034 1536 Patre
1057 1481 1346 1536 Clemente
1388 1481 1488 1551 XI,
1518 1482 1688 1551 cujus
1717 1482 1773 1537 in

139 1569 492 1636 patriarchali
537 1569 782 1625 basilica
819 1570 872 1626 id
906 1577 1027 1625 erat
1054 1571 1414 1640 tentandum,
1456 1568 1576 1626 tum
1615 1585 1648 1626 a
1678 1585 1775 1626 re-

136 1659 528 1713 verendissimo
546 1659 748 1714 abbate
761 1666 818 1714 et
837 1659 1134 1714 monachis
1150 1660 1596 1716 Cassinensibus
1613 1674 1776 1715 eam-

131 1745 239 1800 dem
275 1747 716 1818 religiosissime
749 1748 1212 1818 procurantibus,
1238 1753 1302 1804 ut
1325 1749 1614 1820 longiores
1643 1761 1776 1803 sca-

134 1833 205 1888 las
241 1835 536 1892 admovere
587 1837 804 1903 liceret,
840 1853 982 1908 quas
1028 1837 1099 1891 ab
1127 1838 1273 1892 Urbe
1299 1838 1508 1892 adduci
1538 1837 1775 1892 curavi—

1892 676 1960 730 ad
1991 676 2364 733 conferendas
2402 678 2744 749 epigraphes
2783 677 2869 732 illi
2905 692 3018 734 non
3049 679 3304 736 vacabat.
3337 679 3552 735 Praeci-

1894 777 2061 834 puam
2113 765 2258 820 hanc
2302 764 2485 821 fuisse
2531 780 2763 822 causam
2815 768 3024 836 opinor
3066 768 3427 826 diversitatis
3467 773 3551 828 tot

1893 854 1953 908 in
1996 854 2298 925 Catalogos
2347 856 2618 926 inductae,
2671 869 2842 925 quam
2887 856 3095 912 deinde
3135 858 3300 914 novis
3328 860 3553 916 errori-

1890 941 1998 998 bus
2040 943 2415 1000 cumularunt
2467 957 2848 1000 amanuenses
2907 951 3138 1000 aetatum
3192 948 3547 1017 sequiorum,

1889 1036 2009 1087 tum
2066 1032 2165 1088 ubi
2228 1039 2394 1089 notas
2446 1034 2772 1090 numerales
2831 1040 3187 1104 perveterent
3237 1036 3548 1105 incuriose,

1888 1129 2010 1177 tum
2059 1123 2159 1179 ubi
2212 1124 2272 1178 in
2321 1125 2625 1181 codicibus
2672 1125 3038 1182 oblitteratas
3075 1125 3352 1182 audacter
3402 1141 3551 1196 sup-

1889 1212 2110 1282 plerent
2152 1221 2254 1270 aut
2296 1216 2612 1270 oscitanter
2656 1216 3054 1286 praeterirent;
3109 1229 3210 1271 nec
3242 1217 3548 1286 quisquam

1887 1304 2243 1372 reperiretur
2261 1304 2360 1374 qui
2385 1305 2668 1376 COgitaret
2692 1304 2762 1358 de
2782 1305 3229 1360 transmittendo
3247 1305 3316 1360 ad
3343 1304 3549 1360 Urbem

1886 1392 2143 1461 exemplo
2192 1392 2283 1447 sui
2317 1394 2557 1464 codicis,
2613 1398 2678 1448 ut
2710 1394 2934 1450 numeri
2976 1392 3378 1450 conferrentur
3420 1408 3550 1451 cum

1886 1480 2208 1550 prototypis
2239 1480 2635 1549 basilicarum,
2667 1495 2911 1550 quarum
2931 1481 3004 1537 de
3028 1481 3274 1552 picturis
3311 1488 3367 1536 et
3392 1481 3552 1539 chro.

1886 1569 2118 1640 nologia
2151 1570 2301 1625 nihil
2348 1571 2658 1627 admodum
2702 1570 3040 1627 suboluerat
3087 1571 3423 1642 antiquaria
3451 1577 3554 1626 aut

1889 1657 2356 1728 bibliothecario,
2390 1659 2620 1715 dissitis
2668 1660 2727 1716 in
2776 1660 3095 1731 provinciis
3137 1660 3352 1731 agenti,
3400 1664 3456 1714 et
3488 1659 3548 1716 in

1888 1745 2035 1800 Urbe
2072 1758 2370 1816 nunquam
2414 1753 2656 1804 versato.

1961 1833 2016 1890 5.
2047 1837 2172 1891 Haec
2200 1836 2384 1908 igitur
2403 1837 2672 1906 praesidia
2696 1839 3148 1908 comparationis
3170 1845 3227 1895 et
3245 1838 3551 1909 inspectio-

132 1936 262 1992 mus,
292 1931 346 1980 et
377 1941 479 1996 per
512 1927 813 1982 ministros
845 1927 1082 1982 idoneos
1110 1941 1222 1982 non
1256 1926 1442 1981 solum
1491 1925 1683 1994 scapis
1709 1939 1774 1980 ac
1805 1923 1859 1983 B
1891 1926 2004 1995 nis,
2036 1934 2239 1995 paratu
2271 1926 2580 1982 admodum
2625 1927 2886 1983 difficilia
2915 1927 3245 1999 hospitibus
3273 1941 3303 1982 e
3339 1927 3550 1984 dissita

133 2017 309 2073 linteis
331 2019 544 2085 everri,
567 2024 623 2073 et
644 2018 932 2088 pulverem
964 2018 1238 2089 abstergi,
1275 2033 1387 2088 quo
1417 2018 1638 2074 clarius
1671 2019 1778 2073 lit-

132 2112 242 2160 terte
278 2113 334 2161 et
360 2107 590 2162 colores
643 2112 1004 2176 apparerent,
1047 2121 1241 2162 verum
1274 2108 1445 2162 etiam
1486 2106 1780 2163 effecimus

133 2203 183 2248 ut
207 2195 377 2250 iidem
407 2197 604 2250 idonei
631 2195 743 2249 viri
773 2195 873 2264 qui
902 2194 1088 2250 scalas
1113 2197 1412 2264 portatiles
1426 2198 1784 2253 conscende—

132 2293 252 2351 rant,
284 2285 561 2340 absterso
589 2285 820 2354 pulvere
840 2285 1057 2354 digitos
1082 2286 1443 2342 admoverent
1464 2286 1531 2341 ad
1555 2286 1781 2343 litteras

130 2373 389 2443 singulas,
446 2387 663 2444 easque
717 2375 1057 2430 nominatim
1110 2376 1486 2430 inclamarent
1516 2375 1702 2445 nobis,
1749 2392 1779 2432 e

129 2463 434 2530 pavimento
496 2461 937 2517 observantibus
989 2477 1086 2531 per
1137 2463 1304 2518 tubos
1348 2464 1588 2532 opticos,
1640 2479 1775 2520 num

127 2561 414 2621 conspectu
440 2559 642 2608 nostro
664 2553 856 2607 eadem
889 2553 1168 2607 indicatio
1186 2552 1433 2608 fideliter
1452 2559 1771 2622 appareret,

128 2655 235 2708 qua:
272 2656 404 2697 voce
436 2642 732 2712 tangentis
763 2642 987 2696 litteras
1023 2639 1439 2710 proferebatur.
1474 2643 1774 2698 Veteribus

127 2727 234 2784 illis
251 2731 646 2801 chronologia:
673 2730 981 2799 pontificize
1007 2730 1292 2785 studiosis
1311 2732 1539 2785 Romam
1569 2732 1775 2786 adven-

126 2818 364 2874 tantibus
397 2825 536 2874 ante
572 2820 865 2874 inventum
907 2819 1225 2888 telescopii,
1256 2833 1322 2874 ac
1343 2821 1547 2874 seriem
1577 2820 1764 2888 istam,

123 2912 169 2959 et
197 2916 353 2964 notas
371 2909 824 2980 chronOIOgicas
849 2909 1234 2965 transcribere
1274 2909 1653 2977 tentantibus,
1689 2910 1773 2964 li—

126 3009 247 3063 gnea
267 2999 508 3054 castella
528 2991 697 3054 erant
712 2998 1058 3066 adhibenda,
1074 3005 1129 3054 et
1147 2999 1400 3069 singulis
1416 2999 1772 3069 imaginibus

122 3090 273 3154 atque
302 3087 800 3158 inscriptionibus
824 3088 1177 3143 admovenda
1209 3087 1481 3157 plurimis
1506 3102 1635 3144 cum
1672 3089 1771 3142 im-

126 3174 302 3238 pensis
339 3183 395 3230 et
449 3177 640 3243 curis,
678 3182 741 3231 ut
789 3176 911 3245 pari
954 3175 1231 3231 felicitate
1260 3177 1493 3246 assequi
1541 3180 1772 3245 possent

1893 2016 2127 2086 regione
2175 2015 2243 2071 ad
2311 2015 2516 2071 Urbem
2563 2016 2991 2085 accedentibus,
3064 2019 3358 2073 commode
3405 2016 3549 2072 satis

1892 2113 2084 2174 patere
2127 2111 2391 2175 poterant
2431 2106 2824 2176 scriptoribus
2868 2113 2926 2162 et
2968 2105 3456 2172 bibliothecariis,
3488 2105 3547 2159 in

1892 2197 2072 2266 Latio,
2097 2195 2330 2251 Sabinis
2360 2203 2415 2252 et
2439 2197 2751 2266 Campania
2790 2196 3304 2263 commorantibus,
3334 2195 3550 2266 quibus

1893 2282 2086 2340 facilis
2110 2285 2178 2341 ad
2213 2286 2418 2341 Urbem
2449 2299 2736 2356 accessus,
2765 2287 2902 2343 dum
2930 2293 3085 2343 sarta
3116 2291 3264 2341 tecta
3291 2284 3548 2340 basilica:

1891 2383 2255 2446 curarentur,
2308 2377 2665 2432 occasionem
2715 2376 3058 2446 paratiorem
3108 2375 3310 2431 offerre
3360 2374 3550 2444 potuit

1889 2479 2027 2519 suos
2053 2465 2352 2535 Catalogos
2377 2479 2507 2520 cum
2543 2465 2701 2520 hisce
2733 2465 2982 2534 picturis
3009 2465 3082 2519 de
3114 2463 3376 2533 proximo
3401 2477 3546 2518 con-

1889 2551 2142 2608 ferendi:
2193 2555 2342 2625 quod
2386 2555 2561 2610 etiam
2609 2554 2873 2610 obtinere
2901 2567 3012 2609 non
3057 2551 3370 2608 difﬁculter
3398 2564 3546 2607 con-

1888 2643 2022 2713 tigit
2069 2645 2295 2699 caeteris
2362 2643 2419 2698 in
2477 2643 2643 2698 Italia
2703 2643 3063 2714 constitutis,
3115 2647 3172 2698 et
3217 2642 3286 2697 ad
3335 2639 3542 2695 Urbem

1887 2731 2106 2800 pluriés
2133 2733 2405 2788 evocatis.
2435 2733 2511 2787 Ea
2540 2732 2725 2801 igitur
2754 2731 3146 2788 consideratio
3173 2745 3279 2814 nos
3307 2728 3543 2798 impulit

1885 2826 1950 2874 ut
2001 2821 2331 2878 Italicorum
2386 2821 2750 2877 archivorum
2813 2821 3044 2877 codices
3092 2819 3440 2875 vetustiores
3481 2817 3544 2872 in

1882 2909 2257 2981 chronologia
2322 2911 2619 2980 pontificia
2672 2910 3016 2971 ordinanda,
3066 2914 3123 2964 et
3196 2921 3326 2964 cum
3382 2907 3543 2961 hisce

1885 2997 2131 3066 picturis
2171 2997 2513 3054 conferenda
2542 2997 2942 3068 praeferremus
2970 2997 3214 3068 caeteris,
3258 2996 3383 3067 pari
3412 2994 3544 3052 for—

1882 3093 2032 3142 tasse
2071 3087 2424 3158 antiquitate
2463 3087 2894 3157 praestantibus,
2945 3088 3042 3143 sed
3073 3087 3241 3158 longe
3273 3085 3346 3141 ab
3371 3083 3546 3140 Italia

1881 3175 2113 3231 dissitis
2151 3177 2207 3231 in
2242 3176 2616 3234 bibliothecis
2667 3183 2724 3233 et
2766 3176 3025 3233 archivis
3071 3175 3214 3231 olim
3256 3172 3542 3245 depositis

123 3273 368 3320 numeros
398 3267 508 3321 hoc
544 3267 607 3322 in
657 3266 965 3337 archetypo
996 3266 1268 3322 Romanis
1299 3266 1515 3321 litteris
1542 3266 1771 3321 colora—
1801 3250 1850 3312 C
1880 3269 1982 3320 aut
2032 3267 2342 3321 asservatis
2394 3266 2478 3322 vel
2534 3267 2904 3336 transcriptis
2955 3279 3054 3336 per
3120 3278 3217 3320 eos
3269 3263 3372 3334 qui
3425 3262 3542 3317 Ur-

126 3354 214 3403 tos.
262 3352 489 3420 Quanta
522 3369 662 3411 vero
690 3355 1002 3411 difﬁcultas
1037 3356 1115 3411 sit
1160 3355 1493 3426 hospitibus
1533 3355 1767 3410 Romam

121 3440 474 3515 adeuntibus,
529 3452 600 3502 ut
625 3459 854 3501 emenso
880 3446 1047 3517 longo
1094 3445 1302 3500 itinere
1327 3446 1397 3500 de
1433 3445 1690 3500 castellis
1713 3449 1770 3499 et

125 3532 388 3588 machinis
409 3536 680 3607 c0gitent
694 3535 766 3589 ab
787 3533 934 3590 Urbe
954 3536 1012 3590 in
1036 3534 1335 3591 basilicam
1355 3533 1771 3590 transferendis

117 3622 488 3692 eterigendis,
528 3630 600 3682 ut
629 3625 902 3680 sordibus
930 3624 1212 3694 parietum
1244 3624 1508 3686 detersis,
1547 3623 1772 3678 litteras

121 3709 428 3768 evidentius
445 3715 520 3770 de
543 3714 810 3784 proximo
837 3714 1248 3782 transcribant,
1274 3712 1581 3784 imaginari
1605 3711 1774 3766 facile

123 3802 312 3865 poterit
333 3805 623 3875 quisquis
641 3803 1012 3858 altitudinem
1034 3802 1319 3872 parietum
1340 3808 1397 3856 et
1416 3802 1774 3871 picturarum

119 3887 438 3948 distantiam
472 3907 504 3948 a
532 3893 864 3965 pavimento
894 3893 1242 3948 consideret.

178 3980 500 4039 Mirandum
558 3984 751 4053 igitur
783 3996 890 4037 non
931 3989 1018 4037 est
1070 3982 1120 4036 si
1175 3987 1258 4037 tot
1295 3980 1574 4051 Catalogi,
1603 3980 1775 4035 etiam

119 4070 432 4140 antiquitus
470 4073 764 4142 descripti
793 4072 866 4127 ab
893 4073 988 4128 his
1011 4072 1226 4127 eisdem
1263 4072 1533 4142 picturis,
1566 4079 1622 4127 et
1645 4071 1777 4139 epi-

118 4162 523 4225 grammatibus
549 4163 934 4219 basilicarum
967 4160 1138 4216 Urbis
1168 4174 1266 4230 per
1308 4160 1564 4230 hospites
1593 4167 1649 4215 et
1676 4173 1778 4229 pe-

117 4252 361 4319 regrinos
391 4260 735 4309 exterarum
760 4251 1083 4319 nationum,
1119 4251 1350 4305 Romam
1373 4251 1489 4305 voti
1522 4256 1623 4305 aut
1651 4249 1779 4304 reli-

117 4338 292 4404 gionis
307 4356 485 4399 causa
513 4346 825 4411 adeuntes,
858 4347 1012 4397 tanta
1040 4354 1410 4398 numerorum
1443 4338 1777 4394 diversitate

118 4426 252 4483 inter
299 4446 359 4486 se
425 4433 731 4490 differant.
786 4432 923 4487 licet
965 4431 1034 4487 ab
1079 4432 1274 4487 eodem
1334 4427 1488 4484 fonte
1537 4426 1778 4482 fortasse

118 4511 317 4576 fuerint
337 4523 530 4591 petiti.
564 4524 713 4578 Cum
740 4523 893 4577 enim
914 4521 1107 4576 tribus
1131 4521 1188 4574 in
1217 4518 1481 4574 basilicis
1505 4515 1780 4572 Romanis

1881 3353 2004 3410 bem
2055 3355 2219 3411 adire
2269 3361 2325 3410 et
2370 3369 2502 3412 cum
2550 3357 2767 3438 nostris
2820 3353 3082 3411 conferre
3121 3353 3363 3410 minime
3406 3357 3542 3408 stu-

1878 3444 2150 3500 duerunt.

1951 3533 2004 3590 6.
2036 3534 2312 3590 Subsidia
2337 3549 2472 3591 vero
2511 3542 2704 3605 parata
2735 3533 3126 3605 scriptoribus
3151 3536 3208 3587 et
3234 3529 3542 3586 bibliothe-

1881 3624 2060 3678 cariis
2080 3624 2138 3678 in
2165 3623 2574 3679 suburbicaria
2592 3625 2824 3694 regione
2837 3621 3200 3694 degentibus,
3219 3633 3350 3675 cum
3379 3619 3547 3689 longe

1883 3712 2144 3767 auctiora
2169 3718 2226 3767 et
2250 3712 2637 3768 cumulatiora
2666 3711 2835 3767 nobis
2859 3710 3052 3765 oblata
3081 3709 3204 3764 sint
3229 3707 3428 3762 urbem
3459 3706 3544 3760 in-

1885 3800 2231 3870 colentibus,
2262 3801 2362 3870 qui
2396 3806 2693 3869 propterea
2739 3812 2840 3869 pro
2870 3797 3064 3853 lubitu
3095 3803 3181 3852 tot
3205 3800 3544 3867 argumenta

1886 3889 2267 3945 adhibuimus
2296 3890 2354 3944 in
2387 3889 2602 3944 litteris
2625 3887 2940 3959 diligenter
2967 3883 3463 3957 recognoscendis,
3489 3889 3549 3938 et

1891 3980 1952 4034 in
2006 3979 2433 4048 comparatione
2479 3978 2613 4047 styli
2649 3977 2908 4048 picturae,
2960 3982 3017 4033 et
3061 3974 3381 4047 imaginum
3412 3986 3542 4028 cum

1891 4071 2115 4125 musivo
2149 4070 2204 4123 S.
2234 4068 2460 4136 Leonis,
2511 4067 2602 4122 usi
2649 4067 2824 4123 scalis
2847 4080 2914 4122 ac
2962 4063 3314 4134 telescopiis,
3355 4067 3414 4118 et
3437 4062 3549 4118 de-

1890 4159 2043 4216 lectu
2096 4158 2294 4214 habito
2337 4157 2652 4213 clariorum
2697 4156 2924 4211 dierum
2973 4157 3042 4211 ad
3089 4153 3547 4222 observandum;

1892 4257 2089 4306 nostro
2111 4251 2241 4318 jure
2274 4248 2329 4303 id
2352 4260 2633 4316 usurpare
2661 4246 2901 4301 fidenter
2933 4257 3262 4314 possumus,
3294 4247 3358 4298 ut
3386 4255 3552 4298 asse-

1891 4354 2104 4409 ramus,
2135 4339 2203 4394 ad
2239 4338 2506 4408 quintum
2529 4336 2747 4392 Christi
2799 4335 3094 4402 saeculum,
3127 4333 3196 4388 ad
3228 4330 3379 4402 quod
3408 4331 3554 4386 Leo-

1892 4430 1984 4484 nis
2018 4427 2205 4499 Magni
2239 4427 2529 4482 musivum
2559 4425 2826 4495 pertinet,
2856 4431 3115 4494 spectare
3143 4421 3317 4477 etiam
3345 4419 3552 4475 seriem

1893 4517 2231 4587 pontificum
2293 4521 2350 4571 et
2397 4514 2829 4586 chronologiam
2891 4513 3178 4583 depictam
3226 4509 3285 4565 in
3338 4507 3558 4581 pariete

114 4605 323 4676 depicta
375 4611 579 4669 forent
629 4612 873 4682 antiqua
916 4609 1172 4679 exempla
1218 4608 1471 4677 ejusdem
1518 4605 1688 4661 seriei
1723 4611 1780 4659 et
1808 4609 1860 4670 D
1892 4607 2134 4662 australi
2184 4605 2408 4660 interno
2447 4604 2608 4659 navis
2641 4603 2842 4659 mediae
2892 4602 3148 4658 basilica:
3173 4600 3228 4656 S.
3272 4599 3457 4669 Pauli,
3497 4603 3556 4653 et

116 4696 495 4771 chronologiaz
549 4701 753 4772 (quam
808 4700 1084 4755 Nicolaus
1147 4701 1216 4753 Ill
1273 4705 1403 4752 ante
1438 4709 1620 4751 annos
1675 4692 1778 4748 450

121 4784 368 4844 inferiori
402 4793 532 4847 loco
571 4792 634 4846 in
665 4790 925 4860 singulis
954 4788 1267 4844 iterandam
1313 4785 1521 4853 duxit),
1553 4784 1780 4853 aliquot

119 4881 328 4936 numeri
405 4883 613 4938 minus
671 4881 966 4935 evidentes
1033 4880 1090 4934 in
1143 4877 1530 4945 Lateranensi,
1581 4887 1779 4929 exem-

118 4965 185 5030 ι)Ιί
230 4983 424 5038 causa,
481 4983 669 5041 quam
731 4971 787 5023 in
849 4970 1141 5037 Vaticana,
1193 4972 1293 5022 aut
1343 4967 1399 5019 in
1441 4965 1545 5020 hac
1587 4963 1780 5016 minus

116 5067 268 5121 Quam
301 5059 358 5114 in
390 5059 670 5127 Paulina,
703 5058 753 5112 si
800 5071 830 5112 a
857 5057 1215 5125 descriptore
1246 5055 1417 5110 unica
1445 5057 1666 5107 tantum
1719 5049 1779 5104 in

115 5141 340 5201 basilica
374 5149 758 5214 observante,
806 5146 981 5216 idque
1009 5145 1240 5214 raptim,
1278 5148 1343 5197 ut
1372 5144 1622 5195 viatores
1657 5138 1782 5206 ple-

119 5244 342 5306 rumque
381 5239 604 5302 solent,
644 5243 750 5290 aut
787 5235 909 5290 acie
953 5233 1256 5289 oculorum
1289 5228 1596 5285 infirmiori
1630 5242 1774 5296 prae-

114 5319 224 5375 dito
272 5326 720 5395 exciperentur,
766 5320 1167 5378 transformari
1217 5317 1388 5373 facile
1421 5321 1681 5386 poterant
1723 5315 1782 5368 in

118 5420 369 5469 numeros
398 5415 757 5470 differentes
783 5429 798 5480 ;
847 5412 985 5467 dum
1013 5410 1170 5465 alius
1195 5406 1519 5475 descriptor
1543 5405 1786 5460 eviden—

117 5500 275 5556 tiores
323 5512 536 5559 nactus
571 5505 637 5558 in
687 5501 805 5555 alia
833 5500 1097 5568 basilica,
1165 5510 1335 5568 quam
1371 5494 1624 5563 hospitio
1680 5505 1784 5547 suo

119 5592 318 5655 proxim
332 5595 515 5650 iorem
540 5594 601 5648 lu
615 5591 854 5645 bentius
874 5590 1116 5644 fortasse
1137 5586 1354 5652 adibat,
1382 5597 1649 5638 numeros
1665 5596 1790 5636 exa-

118 5685 192 5732 cte
214 5684 465 5738 reddidit
502 5685 564 5738 in
598 5694 716 5735 suo
737 5679 1017 5748 exemplo,
1040 5682 1341 5732 erraturus
1360 5678 1546 5727 tamen
1572 5673 1629 5726 in
1653 5671 1790 5725 aliis

122 5774 648 5846 numerisejusdem
674 5769 953 5838 basilicae,
971 5760 1787 5836 minusdistincteoapparenti-

550 5873 800 5925 PATROL.
843 5867 1110 5921 CXXVII.

1896 4695 2307 4764 pertingentem
2327 4709 2358 4748 a
2380 4695 2431 4748 S.
2465 4695 2627 4749 Petro
2651 4695 2720 4750 ad
2747 4694 2803 4748 S.
2836 4693 3232 4749 Innocentium
3267 4691 3549 4760 primum:

1894 4783 2148 4852 idqueex
2178 4781 2472 4837 consimili
2500 4783 2649 4852 stylo
2681 4781 2967 4837 musiviet
2991 4779 3310 4849 imaginum
3329 4773 3551 4831 oculari

1891 4872 2281 4940 experimento
2328 4872 2472 4926 satis
2511 4869 2889 4941 deprehendi.

1961 4957 2014 5014 7.
2048 4961 2281 5017 Accedit
2310 4961 2379 5015 ad
2422 4959 2902 5030 comprobandam
2947 4956 3094 5010 hanc
3121 4951 3394 5022 epocbam
3439 4962 3554 5002 sa:-

1891 5050 2008 5105 culi
2066 5050 2363 5119 Leoniani,
2414 5061 2772 5104 communem
2826 5043 3050 5098 musivo
3093 5055 3264 5096 arcus
3292 5036 3549 5106 majoris,

1891 5146 1947 5193 et
1976 5140 2223 5208 picturis
2275 5136 2697 5192 adornantibus
2744 5134 3026 5188 internam
3063 5129 3267 5185 faciem
3316 5123 3555 5197 parietis

1891 5226 2170 5282 australis
2194 5239 2292 5293 per
2334 5224 2658 5278 universam
2701 5218 3123 5290 longitudinem
3167 5217 3333 5272 navis
3353 5213 3554 5269 media:

1894 5313 2149 5385 ejusdem
2179 5311 2456 5371 basilicas,
2497 5317 2555 5364 et
2606 5308 2776 5364 seriei
2813 5305 3150 5376 pontificum
3200 5304 3309 5362 sub
3333 5301 3550 5359 eisdem

1895 5411 2105 5458 etcum
2139 5401 2354 5456 eisdem
2393 5399 2579 5466 pictm,
2606 5396 2848 5464 accedit,
2886 5395 3142 5464 inquam,
3174 5394 3244 5449 ad
3275 5391 3548 5462 epocham

1899 5491 2240 5547 Leonianatn
2283 5485 2591 5554 utrobique
2642 5482 3004 5539 asserendam
3052 5482 3370 5539 auctoritas
3413 5492 3552 5551 gra-

1901 5582 2269 5635 vissimorum
2365 5582 2686 5641 auctorum,
2766 5571 3031 5628 tribuens
3103 5573 3273 5628 Leoni
3352 5570 3554 5640 Magno

1902 5684 2048 5739 opus
2094 5674 2404 5732 utrumque
2437 5663 2493 5716 in
2528 5661 2768 5716 basilica
2820 5663 2873 5714 S.
2914 5661 3074 5718 Pauli
3127 5664 3552 5732 praeservatum,

1905 5769 2106 5827 nempe
2155 5753 2444 5811 musivum
2492 5765 2662 5807 arcus
2712 5749 2967 5824 majoris,
3015 5758 3076 5809 et
3131 5751 3317 5821 pictas
3363 5745 3558 5800 histo-
