3924 6420
349 353 502 416 “87
1496 347 1912 430 ANAS'I‘ASII
1957 345 2612 410 BIBLIOTHECARII.
3612 350 3770 412 1188

487 500 614 558 qua:
634 488 934 558 ponuntur
948 499 1125 555 super
1141 497 1318 553 rugas
1336 481 1394 536 in
1420 480 1660 536 introitu
1690 479 2250 554 presbyterii.Unam
2275 479 2515 552 quidem
2538 477 2854 535 habentem
2877 476 3107 534 vultum
3131 477 3429 552 depictum
3452 480 3769 540 Salvatoris

487 581 721 637 Domini
753 579 935 637 nostri
963 579 1103 636 Jesu
1136 577 1384 646 Christi;
1409 583 1468 633 et
1498 595 1566 634 ex
1596 578 1908 651 utriusqne
1940 577 2222 633 lateribus
2254 577 2542 651 imagines
2563 577 2824 650 depictas
2845 576 3129 634 habentes
3150 576 3374 651 effigies
3397 578 3765 653 angelorum,

375 684 448 740 2O
487 679 587 754 qui
619 677 1135 753 pens.libr.viginti
1166 676 1606 750 qnatuor.Fecit
1637 681 1695 732 ct
1724 677 1783 732 in
1816 676 2064 733 basilica
2093 675 2585 748 apostolorum,in
2615 676 2703 732 via
2735 677 2897 743 Lata,
2918 675 3046 732 vela
3076 676 3145 733 de
3171 675 3365 750 palliis
3414 677 3624 750 syricis
3654 697 3768 735 nu-

487 796 648 836 mero
675 777 966 851 viginti,et
994 775 1148 832 linea
1175 773 1476 849 viginti.ln
1509 774 1755 831 ecclesia
1783 791 1916 830 vero
1948 774 2099 831 beati
2132 773 2433 831 Laurentii
2465 774 2740 847 martyris
2770 779 2948 847 atque
2978 773 3160 831 levita:
3192 775 3332 832 foris
3362 792 3566 833 mnros
3586 776 3766 850 hujus

487 876 737 936 civitatis
771 877 1040 932 Romana;
1072 874 1208 932 fecit
1230 873 1356 930 vela
1384 889 1453 930 ex
1482 872 1681 946 palliis
1712 872 1917 946 syricis
1950 875 2192 929 nnm.20
2221 877 2280 930 et
2307 871 2465 929 linea
2491 873 2736 929 20.Nam
2768 876 2826 929 et
2852 871 2914 929 in
2945 872 3191 930 ecclesia
3213 873 3404 930 beata
3455 873 3558 931 Dei
3589 875 3765 932 Geni-

486 975 648 1032 tricis
678 974 752 1030 ad
780 973 1065 1046 Martyres
1095 970 1273 1029 simili
1305 973 1477 1028 modo
1509 970 1634 1027 vela
1665 971 1736 1026 de
1770 969 1966 1044 palliis
2001 969 2209 1044 syricis
2239 987 2484 1028 numero
2515 969 2804 1044 viginti,et
2823 970 2980 1028 linea
3005 971 3386 1045 viginti.Item
3413 971 3603 1030 isdem
3629 992 3769 1030 san-

481 1073 782 1133 ctissimus
812 1069 1070 1145 pontifex
1101 1071 1237 1144 fecit
1267 1087 1370 1144 per
1397 1070 1659 1126 diversos
1687 1068 1888 1126 titulos
1919 1068 2046 1126 vela
2072 1069 2144 1125 de
2173 1069 2470 1126 stauracin
2503 1086 2607 1126 seu
2633 1070 2783 1142 tyria
2824 1086 2930 1143 per
2972 1086 3458 1144 unumquemque
3507 1071 3794 1128 titulum-

375 1176 446 1232 25
485 1187 729 1228 numero
760 1165 1225 1242 viginti,etlinea
1252 1165 1482 1240 viginti,
1517 1183 1642 1238 quae
1675 1165 1824 1221 fiunt
1852 1164 2030 1221 simul
2061 1165 2187 1221 vela
2216 1166 2406 1238 syrica
2437 1181 2683 1223 numero
2713 1171 2968 1239 quatuor
2996 1170 3232 1224 centum
3265 1171 3324 1223 et
3342 1168 3761 1242 quadraginta.

553 1270 708 1327 882
741 1268 870 1342 Ipse
898 1282 1032 1324 vero
1064 1264 1393 1338 prmcipuus
1423 1263 1682 1338 pontifex
1707 1262 1842 1320 fecit
1869 1262 2160 1338 imagines
2188 1281 2258 1321 ex
2285 1262 2524 1320 laminis
2557 1264 2849 1338 argenteis
2880 1264 3178 1322 deauratis
3200 1263 3484 1322 habentes
3501 1266 3760 1340 effigiem

481 1366 799 1426 Salvatoris
831 1363 1059 1422 Domini
1089 1363 1273 1420 nostri
1305 1363 1445 1420 Jesu
1478 1361 1716 1428 Christi,
1748 1379 1876 1434 quas
1907 1361 2102 1435 posita
2127 1366 2217 1418 est
2245 1379 2423 1434 super
2451 1361 2698 1419 introitu
2729 1361 2982 1420 basilica
3009 1363 3162 1420 beati
3197 1363 3348 1419 Petri
3379 1363 3763 1437 apostoli,ubi

482 1471 661 1542 portae
691 1467 976 1538 argentea:
1007 1461 1288 1530 existunt,
1320 1477 1448 1533 qua:
1497 1458 1852 1533 pens.libras
1899 1458 2348 1533 quinquaginta.
2383 1459 2529 1516 Nam
2562 1464 2618 1516 et
2647 1477 2750 1533 per
2781 1460 3041 1518 diversas
3081 1460 3384 1518 diaconias
3415 1460 3550 1518 fecit
3578 1461 3762 1520 simili

481 1565 654 1621 modo
683 1561 811 1619 vela
839 1559 1132 1619 stauracia
1159 1576 1263 1616 seu
1293 1557 1444 1631 tyria
1474 1575 1577 1631 pro
1603 1573 1954 1631 unaquaque
1984 1556 2251 1614 diaconia
2293 1559 2537 1614 numero
2587 1575 2708 1626 sex,
2741 1576 2870 1632 quis
2917 1559 3068 1615 finnt
3111 1558 3290 1616 simul
3337 1557 3465 1616 vela
3511 1577 3761 1618 numero

403 1668 442 1723 5
481 1662 801 1737 nonaginta
830 1659 1101 1718 sex.ltem
1132 1657 1317 1714 isdem
1346 1656 1758 1714 sanctissimus
1788 1673 2002 1730 praesul
2032 1656 2283 1712 formam
2312 1673 2439 1730 qua
2461 1655 2632 1713 Jobia
2651 1659 2728 1726 (a)
2749 1662 3145 1731 vocatur,qu:e
3169 1674 3273 1731 per
3295 1656 3528 1715 evoluta
3546 1659 3760 1734 viginti

479 1768 772 1811 annorum
801 1750 991 1822 spatia
1021 1746 1196 1803 nimis
1228 1746 1526 1803 confracta
1546 1745 2249 1816 jacebatafundamentis
2279 1748 2608 1802 restaurare
2631 1745 2984 1803 fecit.Simili
3009 1747 3182 1803 modo
3205 1747 3340 1804 fecit
3358 1751 3417 1803 et
3437 1747 3495 1803 in
3517 1747 3763 1806 basilica

478 1850 632 1908 beati
662 1847 949 1905 Pancratii
1001 1845 1296 1919 martyris,
1326 1861 1453 1917 qna:
1503 1847 1593 1899 est
1640 1843 1782 1900 foris
1830 1860 2032 1900 muros
2082 1842 2265 1914 hujus
2313 1841 2568 1899 civitatis
2599 1843 2896 1913 Romanae,
2929 1843 3056 1901 vela
3085 1845 3156 1900 de
3186 1845 3441 1901 stauraci
3474 1863 3578 1902 seu
3609 1847 3763 1920 tyria

479 1965 725 2008 numero
752 1945 994 2019 triginta
1023 1949 1174 2013 octo,
1207 1947 1266 1999 et
1295 1942 1450 2000 linea
1478 1941 1722 2016 triginta
1747 1944 1913 2010 octo;
1945 1944 2003 1998 et
2047 1941 2106 1996 in
2156 1940 2402 1998 basilica
2447 1941 2602 1998 beati
2652 1941 2934 2015 Stephani
2984 1943 3430 2018 protomartyris
3475 1943 3536 2001 in
3581 1945 3761 2003 Caelio

475 2053 677 2106 monte
706 2046 842 2102 fecit
868 2043 996 2102 vela
1025 2044 1096 2101 de
1127 2041 1446 2109 stauracin,
1477 2057 1583 2097 seu
1631 2040 1782 2110 tyria
1829 2039 2073 2096 numero
2116 2038 2352 2113 viginti,
2385 2044 2444 2096 et
2474 2038 2628 2096 linea
2675 2039 2903 2113 viginti.
2933 2041 3046 2097 Sed
3093 2044 3152 2097 et
3198 2041 3257 2098 in
3308 2041 3553 2098 basilica
3600 2043 3758 2100 beati

370 2153 440 2207 10
476 2144 834 2221 Apollinaris
865 2140 1045 2199 simili
1077 2141 1250 2197 modo
1279 2139 1407 2196 vela
1437 2139 1508 2195 de
1536 2137 1762 2210 octaplo
1794 2154 2038 2194 numero
2071 2137 2359 2206 decem,et
2382 2136 2544 2194 linea
2572 2139 2795 2195 decem.
2821 2139 2965 2196 Item
2997 2139 3057 2195 in
3088 2139 3332 2198 basilica
3360 2139 3514 2197 beati
3544 2139 3759 2198 Valen-

476 2247 584 2304 tini
618 2241 916 2316 martyris,
949 2257 1077 2313 qua:
1108 2239 1222 2295 sita
1251 2243 1341 2295 est
1371 2238 1510 2294 foris
1541 2254 1743 2294 muros
1774 2235 1954 2308 hujus
1985 2235 2235 2292 civitatis
2269 2236 2845 2306 Romanae,similiter
2876 2237 3012 2294 fecit
3039 2237 3168 2295 vela
3199 2239 3269 2295 de
3299 2237 3617 2312 stauracin,
3648 2256 3758 2296 seu

473 2341 689 2416 octapli
722 2355 966 2397 numero
990 2336 1194 2410 viginti
1224 2337 1361 2405 duo,
1394 2340 1451 2392 et
1472 2335 1626 2391 linea
1652 2334 1859 2408 viginti
1891 2334 2026 2391 duo.

545 2442 702 2499 888
732 2439 881 2494 Dum
913 2452 1046 2492 vero
1078 2435 1266 2490 forma
1289 2451 1417 2506 qua
1440 2433 1680 2488 Claudia
1707 2437 1947 2488 vocatur
1976 2450 2079 2506 per
2107 2449 2396 2489 annorum
2423 2433 2617 2506 spatia
2647 2433 2927 2491 demolita
2966 2450 3098 2492 esse
3147 2435 3478 2502 videbatur,
3511 2437 3668 2492 unde
3701 2442 3767 2493 et

473 2541 532 2596 in
565 2535 789 2595 balneis
822 2531 1312 2590 Lateranensibus
1341 2531 1412 2586 de
1442 2529 1572 2603 ipsa
1601 2547 1755 2602 aqua
1784 2529 1963 2586 lavari
1995 2529 2304 2598 selebat,et
2344 2531 2402 2586 in
2452 2530 2795 2603 baptisterio
2845 2531 3104 2588 ecclesiae
3155 2533 3471 2591 Salvatoris
3521 2533 3766 2590 Domini

475 2635 661 2696 nostri
691 2634 829 2690 Jesu
862 2630 1076 2686 Christi
1107 2633 1165 2685 et
1196 2629 1254 2684 in
1286 2627 1485 2700 plures
1508 2627 1784 2685 ecclesias
1808 2627 1866 2683 in
1891 2628 1983 2684 die
2005 2633 2208 2684 sancto
2222 2629 2455 2684 Pascha:
2478 2630 2785 2685 decurrere
2807 2627 3033 2685 solebat
3058 2647 3071 2686 :
3101 2634 3156 2686 et
3177 2630 3320 2686 dum
3348 2632 3581 2687 modica
3602 2648 3772 2704 aqua

472 2737 545 2792 de
577 2730 999 2806 praenominata
1026 2728 1213 2783 forma
1243 2725 1404 2804 intus
1447 2725 1739 2782 civitatem
1790 2727 2158 2791 decurrebat,
2189 2725 2554 2798 prospiciens
2615 2726 2946 2800 prmoipuus
2995 2731 3052 2782 et
3095 2727 3465 2800 coangclicus
3514 2729 3766 2802 praesul,

397 2829 434 2884 5
471 2836 798 2898 aggregans
829 2815 1264 2874 multitudinem
1301 2814 1498 2888 populi
1522 2832 1590 2870 ex
1615 2815 1881 2887 partibus
1903 2815 2252 2887 Campaniae.
2265 2831 2368 2888 per
2386 2815 2771 2888 semetipsum
2797 2817 2869 2872 ad
2895 2816 3303 2872 fabricandum
3327 2822 3502 2889 atque
3524 2822 3768 2874 restau-

472 2921 726 2979 randum
756 2915 1025 2973 eamdem
1056 2915 1306 2969 formam
1334 2911 1474 2968 totis
1501 2911 1723 2968 viribus
1753 2913 2104 2986 properavit,
2141 2916 2203 2968 ut
2233 2916 2456 2968 tantam
2496 2929 2699 2969 curam
2749 2929 2818 2969 ac
2865 2913 3320 2970 sollicitudinem
3369 2913 3430 2970 in
3483 2915 3767 2986 ejusdem

473 3021 671 3076 forms:
703 3014 923 3071 fabrica
972 3009 1254 3077 exhibuit,
1287 3010 1386 3083 qui
1435 3009 1611 3070 etiam
1660 3009 1886 3065 noviter
1922 3027 2050 3065 eam
2085 3010 2382 3066 renovavit
2411 3014 2587 3082 atque
2616 3011 2986 3082 restauravit,
3019 3016 3078 3068 et
3107 3012 3416 3068 confestim
3447 3029 3516 3068 ex
3545 3011 3763 3070 eadem

471 3119 661 3174 forma
690 3129 853 3186 aqua:
887 3111 944 3166 in
979 3109 1220 3184 praefata
1251 3108 1460 3164 balnea
1487 3108 1663 3164 etiam
1693 3112 1751 3164 et
1782 3108 1942 3163 intus
1973 3107 2448 3174 civitatem,sicut
2479 3108 2828 3180 antiquitus,
2849 3110 3220 3166 abundanter
3249 3111 3558 3167 decurram
3590 3109 3761 3168 fecit.

471 3215 659 3287 Hujus
687 3209 1054 3284 temporibus
1085 3207 1396 3263 defunctus
1430 3207 1745 3263 Leonimus
1777 3206 1981 3262 consul
2012 3211 2070 3262 et
2100 3207 2238 3274 dux,
2273 3207 2650 3280 postmodum
2669 3224 2803 3264 vero
2821 3208 3148 3265 monachus
3166 3209 3239 3265 ob
3254 3209 3485 3265 veniam
3504 3225 3760 3266 suorum

363 3318 432 3375 10
470 3313 838 3377 delictorum,
871 3311 991 3363 tres
1040 3303 1244 3362 uncias
1293 3321 1501 3360 massis
1548 3303 1838 3360 Aratianae
1867 3305 1966 3375 (b),
2000 3321 2116 3376 qua
2145 3321 2213 3360 ex
2243 3304 2580 3360 hmreditate
2630 3311 2940 3378 parentum
2979 3323 3223 3363 suorum
3253 3306 3573 3374 fruebatur,
3601 3306 3758 3364 sitas

469 3413 542 3469 ab
573 3411 684 3466 hac
715 3408 980 3464 Romana
1011 3405 1154 3460 urbe
1185 3401 1458 3459 milliario
1489 3407 1650 3458 sexto
1679 3401 1928 3470 decimo,
1960 3402 2054 3458 via
2080 3402 2413 3470 Ardeatina,
2448 3403 2508 3458 in
2559 3419 2675 3475 quo
2719 3408 2776 3460 et
2821 3403 3127 3461 ecclesiam
3179 3404 3333 3462 beati
3382 3403 3566 3461 Edisti
3614 3420 3758 3461 esse

467 3505 852 3584 dignoscitur,
885 3519 1064 3576 quam
1096 3503 1222 3575 ipse
1250 3499 1630 3557 beatissimus
1657 3517 1811 3574 papa
1838 3517 2065 3574 magnae
2104 3500 2559 3558 constructionis
2608 3501 2846 3558 fabricis
2894 3502 3205 3570 decoravit,
3237 3502 3655 3575 ampliavitque
3685 3502 3756 3559 in

466 3607 702 3666 easdem
723 3608 842 3660 tres
874 3601 1078 3658 uncias
1108 3597 1517 3672 suprascripta:
1548 3614 1757 3654 massae
1787 3598 2076 3655 Aratianae
2107 3597 2253 3655 alias
2285 3615 2386 3656 sex
2419 3599 2624 3655 uncias
2656 3616 2691 3656 a
2720 3600 2886 3657 Petro
2917 3601 3150 3668 comite,
3181 3604 3358 3673 atque
3386 3602 3608 3674 Agnete
3656 3616 3756 3657 re-

462 3707 604 3763 licta
629 3701 952 3777 Agathonis
981 3697 1306 3765 Scriniarii,
1336 3697 1648 3754 Theodataa
1679 3697 1891 3753 relicta:
1923 3697 2222 3770 quondam
2256 3696 2544 3753 Dominici
2577 3697 2912 3755 Perfecturii
2945 3699 3036 3771 (ε).
3074 3699 3243 3755 Fines
3269 3698 3449 3755 etiam
3479 3714 3548 3753 ex
3581 3699 3750 3754 omni

358 3811 430 3866 15
467 3807 629 3880 parte
657 3797 1178 3873 couquisivit.Data
1206 3796 1362 3852 enim
1395 3795 1575 3868 digna
1606 3796 2080 3867 compensatione
2105 3795 2330 3851 mmini
2359 3795 2478 3850 vim
2511 3795 2789 3866 inferens,
2823 3797 2925 3852 sed
2960 3796 3171 3870 magis,
3186 3801 3252 3852 ut
3273 3797 3549 3853 condecet
3569 3796 3751 3870 patri,

465 3905 678 3960 cuncta
706 3914 876 3954 secus
906 3896 1178 3952 eumdem
1211 3894 1406 3950 locum
1439 3893 1628 3950 amica
1657 3895 1924 3966 pactione
1953 3893 2095 3949 emit
2125 3893 2362 3966 praedia.
2397 3894 2467 3949 Et
2499 3894 2743 3950 domum
2776 3895 2994 3952 cultam
3039 3895 3210 3952 beato
3256 3896 3421 3952 Petro
3469 3895 3750 3951 eumdem

465 3999 658 4055 locum
683 3997 818 4068 jure
848 3997 1128 4069 perpetuo
1157 3992 1364 4049 statuit
1393 3992 1881 4065 permanendum.
1917 3994 2100 4059 Quem
2132 3996 2189 4048 et
2219 3991 2460 4048 domum
2510 3990 2728 4049 cultam
2770 3993 2957 4050 sancti
2989 3993 3196 4050 Edistii
3225 3996 3436 4050 vocant
3465 4009 3654 4066 usque
3684 3993 3749 4049 in

463 4097 773 4154 hodierum
807 4093 985 4150 diem.

532 4196 690 4253 884
721 4193 943 4250 Pariter
969 4191 1147 4247 etiam
1179 4193 1237 4247 et
1268 4206 1466 4246 massa
1514 4205 1644 4262 qua:
1692 4193 1932 4246 vocatur
1976 4189 2278 4258 Acatiana,
2309 4205 2438 4262 quas
2477 4189 2650 4262 juxta
2701 4190 2968 4246 eamdem
3027 4191 3272 4247 domum
3331 4189 3550 4246 cultam
3610 4206 3746 4247 esse

460 4293 706 4351 videtur.
742 4291 816 4349 ab
846 4290 1050 4350 eodem
1082 4287 1337 4346 Leonino
1368 4287 1537 4344 beato
1586 4287 1752 4344 Petro
1801 4303 2082 4345 concessa
2129 4291 2238 4344 est.
2272 4287 2418 4344 Item
2469 4286 2597 4360 ipse
2633 4291 2724 4344 ter
2749 4287 3130 4345 beatissimus
3161 4287 3371 4362 presul
3404 4287 3462 4344 in
3498 4288 3746 4345 basilica

461 4391 692 4465 majori,
725 4407 852 4463 qua:
883 4386 1214 4462 appellatur
1242 4390 1455 4443 sanctaa
1485 4385 1586 4442 Dei
1617 4385 1951 4454 Genitricis,
1983 4385 2083 4458 qui
2117 4387 2319 4442 aderat
2341 4386 2514 4458 juxta
2554 4385 2860 4442 basilicam
2909 4386 3066 4443 beati
3117 4384 3415 4444 Laurentii
3465 4385 3745 4458 martyris

460 4496 636 4563 atque
667 4488 874 4556 levitas,
909 4486 1011 4542 ubi
1061 4486 1190 4556 ejus
1239 4488 1509 4541 sanctum
1541 4500 1753 4556 corpus
1784 4482 2098 4557 requiescit
2129 4483 2269 4540 foris
2300 4499 2502 4540 muros
2533 4482 2715 4556 hujus
2744 4483 2996 4542 civitatis
3028 4483 3245 4555 Remis,
3278 4483 3491 4541 obtulit
3513 4482 3644 4540 vela
3669 4483 3745 4540 de

386 4591 424 4646 5
460 4585 758 4645 stauracin
789 4601 892 4642 seu
923 4581 1301 4657 quadrapolis
1330 4599 1576 4639 numero
1605 4580 1965 4654 quindecim,
1998 4586 2055 4638 et
2083 4580 2240 4638 linea
2265 4581 2623 4654 quindecim.

529 4683 682 4743 885
715 4685 960 4740 Tectum
989 4697 1122 4738 vero
1153 4679 1310 4737 tituli
1341 4679 1494 4737 beati
1525 4678 1860 4747 Clementis,
1893 4679 2050 4752 quod
2081 4679 2258 4736 etiam
2291 4696 2568 4736 casurum
2600 4682 2725 4736 erat
2751 4683 2811 4736 et
2839 4678 2899 4735 in
2940 4679 3128 4737 ruinis
3177 4679 3436 4754 positum
3484 4677 3742 4753 regionis

457 4783 662 4849 tertiae,
695 4779 920 4838 noviter
947 4779 1316 4846 restauravit,
1348 4795 1574 4835 necnon
1605 4782 1663 4834 et
1691 4777 1998 4834 basilicam
2030 4777 2184 4834 beati
2218 4777 2477 4834 Silvestri
2505 4778 2855 4835 confessoris
2887 4783 3064 4852 atque
3117 4777 3438 4853 pontiﬁcis,
3467 4779 3642 4834 sitam
3680 4778 3740 4834 in

458 4880 708 4956 Orphea,
744 4896 870 4953 qua:
892 4879 1021 4950 jam
1051 4877 1110 4933 in
1143 4876 1329 4934 ruinis
1361 4875 1551 4949 posita
1579 4880 1724 4944 erat,
1756 4879 1814 4932 et
1843 4880 2065 4932 tectum
2095 4876 2225 4948 ejus
2255 4876 2518 4932 dirutum
2550 4875 2856 4949 existebat,
2893 4877 3044 4934 facto
3076 4877 3279 4934 eodem
3309 4881 3481 4946 tecto,
3516 4876 3743 4933 naviter

457 4981 648 5054 ipsam
679 4976 988 5034 ecclesiam
1014 4973 1525 5032 renovavit.Simili
1557 4974 1730 5031 modo
1761 4979 1818 5031 et
1846 4973 1905 5030 in
1941 4973 2338 5031 famosissima
2367 4978 2607 5048 totoque
2637 4975 2777 5031 orbe
2798 4979 3088 5032 terrarum
3110 4974 3388 5048 praeclara
3406 4975 3742 5032 veneranda

383 5081 420 5136 5
452 5077 696 5136 basilica
728 5075 881 5132 beati
916 5073 1066 5130 Petri
1098 5071 1498 5146 apostolorum
1530 5071 1836 5146 principis,
1871 5073 2013 5129 dum
2045 5089 2149 5146 per
2178 5071 2400 5128 olitana
2430 5077 2696 5146 tempora
2724 5074 3129 5132 vetutissimas
3150 5075 3345 5131 trabes
3367 5091 3495 5148 quae
3518 5073 3737 5130 ibidem

456 5175 1071 5244 existebant,cerneret
1100 5171 1287 5228 isdem
1318 5169 1648 5245 praecipuus
1679 5170 1958 5244 pontifex,
1990 5170 2232 5228 mittens
2260 5170 2608 5228 Januarium
2638 5171 2975 5228 vestiarium
3007 5188 3582 5246 suum,cognoscens
3601 5188 3737 5229 eum

455 5274 722 5332 idoneem
754 5287 1229 5347 personam,cum
1262 5269 1640 5326 multitudine
1672 5268 1872 5343 populi
1905 5270 2152 5326 mutavit
2183 5269 2402 5326 ibidem
2434 5269 2636 5326 trubes
2668 5287 2910 5328 numero
2942 5271 3412 5344 quatuordecim,
3443 5275 3621 5344 atque
3650 5275 3736 5328 to-

455 5375 583 5430 tum
613 5371 880 5444 ejusdem
913 5367 1168 5425 basilica
1199 5373 1419 5426 tectum
1445 5372 1502 5425 et
1530 5368 1790 5442 porticus
1822 5368 2048 5424 noviter
2076 5367 2445 5425 restauravit.

527 5470 680 5527 88B
715 5467 813 5525 llic
843 5467 999 5523 idem
1029 5465 1322 5524 almificus
1352 5465 1587 5541 praesul,
1623 5465 1820 5523 divina
1849 5465 2230 5540 inspiratione
2251 5466 2509 5540 repletus
2531 5471 2708 5542 atque
2730 5467 3132 5526 misericordia
3157 5469 3587 5537 motus,formae
3608 5484 3732 5542 qua

455 5563 713 5641 Virginis
745 5565 1244 5641 appellatur,dum
1273 5583 1378 5640 per
1403 5581 1692 5623 annorum
1725 5565 1916 5639 spatia
1946 5564 2476 5640 demolita,atquea
2493 5565 2680 5623 ruinis
2705 5565 2878 5642 plena
2896 5566 3298 5636 existebat,vix
3326 5565 3561 5625 modica
3583 5583 3734 5640 aqua

1579 5749 1826 5796 norum
1867 5750 2252 5798 IARGINALES
2293 5728 2611 5800 ransom.

386 5882 462 5963 (a)
491 5887 675 5948 Jovia.
752 5889 851 5969 (b)‘
881 5890 1150 5952 Aricinos.
1225 5894 1300 5975 (ο)
1324 5897 1394 5969 B,
1427 5891 1770 5972 prafectori.
