3924 6402
133 317 297 391 1193
854 315 1227 377 HISTORIA
1268 313 1373 385 DE
1416 312 1622 377 VITIS
1669 311 1860 377 ROM.
1906 309 2136 379 PONT.
2170 344 2247 354 —
2283 313 2348 373 S.
2397 310 2823 373 ADRIANUS.
3412 313 3565 373 1194

279 450 461 505 beate
495 445 818 513 Petronillze
849 447 920 513 ad
956 448 1190 505 beatum
1224 446 1457 505 Petrum
1491 444 1821 518 apostolum
1855 460 2026 498 arcus
2058 448 2365 516 argenteos
2396 460 2514 511 sex,
2550 449 2865 515 pensantes
2899 442 3079 499 libras
3112 443 3559 517 quinquaginta.

281 545 545 615 Titulum
577 561 710 602 vero
742 548 957 617 sancire
992 544 1261 602 Praxedis
1292 562 1361 601 ex
1392 548 1557 617 parte
1589 546 1853 599 ruentem
1888 541 1945 597 in
1981 542 2272 615 integrum
2302 541 2615 597 renovavit.
2651 541 2773 597 Imo
2798 544 2855 597 et
2886 541 3189 599 basilicam
3224 547 3436 597 saneta:
3456 543 3563 597 Eu-

284 644 466 719 geniae
497 648 620 699 tam
651 643 814 700 intus
846 660 1143 717 quamque
1176 641 1315 698 foris
1346 660 1380 698 a
1410 659 1555 697 novo
1587 638 1954 696 restauravit.

361 742 515 799 345
557 739 751 798 Simili
780 741 953 807 modo
984 745 1041 796 et
1070 739 1375 797 basilicam
1406 737 1593 795 sancti
1620 736 1895 795 Gordiani
1928 740 2102 810 atque
2134 736 2576 810 Epimachi,seu
2604 737 3002 793 cmmeterium
3024 738 3291 809 ejusdem
3315 737 3569 794 ecclesia:

282 838 573 914 Simplicii
603 843 781 912 atque
809 836 1133 906 Semiliani,
1166 841 1340 910 atque
1369 835 1570 903 Quarti
1603 840 1660 891 et
1689 834 1886 902 Quinti
1921 840 2268 907 martyrum,
2297 839 2353 890 et
2382 836 2561 890 beatae
2613 834 2840 908 Sophia:
2891 852 3010 891 una
3060 853 3193 891 cum
3236 836 3568 892 cmmcterio

285 936 481 995 sancti
514 935 862 993 Tertulliani
897 935 1037 991 foris
1070 939 1297 1008 portam
1330 934 1598 991 Latinam
1632 951 1667 990 a
1696 949 1841 989 novo
1873 931 2186 999 renovavit,
2222 949 2445 988 necnon
2478 937 2536 988 et
2565 932 2869 989 ecclesiam
2894 932 3045 988 beati
3068 933 3317 989 Tiburtii
3337 939 3392 990 et
3412 934 3573 990 Vale-

287 1034 459 1103 riani,
494 1038 671 1108 atque
698 1034 959 1103 Maximi,
993 1051 1097 1090 seu
1129 1032 1435 1090 basilicam
1468 1031 1655 1088 sancti
1685 1030 1929 1087 Zenonis
1962 1047 2080 1086 una
2110 1047 2243 1087 cum
2276 1030 2605 1088 cmmeterio
2637 1036 2971 1087 sanctorum
3002 1031 3219 1087 Urbani
3252 1033 3568 1103 pontificis,

209 1137 250 1191 5
287 1132 637 1191 Felicissimi
666 1137 724 1189 et
746 1130 1193 1205 Agapiti,atque
1214 1130 1483 1194 Januarii
1511 1134 1569 1186 et
1598 1129 2151 1203 Cyrini'martyrum
2184 1129 2323 1185 foris
2355 1133 2583 1201 portam
2612 1129 2859 1202 Appiam
2892 1147 3008 1185 uno
3041 1130 3397 1185 cohaerentes
3418 1129 3566 1198 loco,

287 1249 416 1306 qua:
438 1247 509 1288 ex
529 1229 741 1304 priscis
764 1232 1138 1285 marcuerant
1163 1228 1550 1302 temporibus,
1577 1244 1611 1283 a
1640 1243 1787 1283 novo
1809 1226 2176 1283 restauravit.
2197 1226 2461 1301 Itemque
2479 1226 2717 1282 titulum
2737 1231 2950 1282 sanctae
2968 1227 3067 1282 Dei
3091 1226 3401 1283 Genitricis
3420 1245 3571 1284 sem-

287 1347 507 1405 perque
534 1327 778 1402 virginis
805 1327 1186 1409 Mariaa,’qum
1218 1331 1461 1384 vocatur
1490 1324 1696 1393 Calixti
1726 1329 1890 1380 trans
1918 1324 2198 1393 Tiberim,
2232 1342 2266 1381 a
2296 1343 2441 1381 novo
2472 1324 2531 1380 in
2563 1324 2855 1399 integrum
2896 1342 2964 1381 ex
3012 1326 3171 1381 omni
3218 1326 3567 1383 restauravit

287 1432 485 1502 parte;
513 1425 694 1497 simili
730 1426 901 1481 modo
934 1428 989 1480 et
1019 1423 1259 1479 titulum
1288 1422 1477 1487 sancti
1510 1421 1790 1493 Marcelli,
1822 1420 1909 1477 via
1941 1422 2082 1477 Lata
2114 1422 2317 1491 situm,
2338 1440 2534 1478 anovo
2568 1423 2929 1479 restauravit.
2949 1424 3018 1477 Et
3040 1422 3343 1478 basilicam
3363 1441 3570 1481 cmme-

288 1524 423 1581 terii
453 1528 797 1581 sanctorum
831 1526 1156 1595 martyrum
1188 1520 1497 1589 Hermetis,
1534 1520 1728 1576 Prothi
1753 1523 1811 1576 et
1830 1519 2160 1594 Hyacinthi,
2185 1523 2360 1593 atque
2392 1520 2697 1576 basilicam
2716 1520 2878 1575 mirm
2896 1520 3573 1593 magnitudinisinnova-

179 1625 251 1682 10
287 1622 389 1680 vit.
422 1619 833 1689 Cmmeterium
863 1636 995 1677 vero
1021 1623 1235 1675 sanctae
1270 1617 1586 1676 Felicitatis
1616 1618 1709 1675 via
1740 1617 1986 1690 Salaria,
2021 1636 2141 1675 una
2170 1635 2304 1674 cum
2356 1617 2620 1675 ecclesiis
2679 1617 2865 1674 sancti
2915 1617 3132 1674 Silvani
3182 1618 3477 1692 martyris,
3513 1622 3571 1675 et

286 1720 477 1791 sancti
509 1719 789 1776 Bonifacii
821 1717 1173 1775 confessoris
1203 1721 1377 1792 atque
1409 1716 1724 1790 pontificis,
1747 1733 1865 1772 uno
1886 1715 2243 1773 cohaerentes
2264 1715 2408 1786 solo,
2434 1715 2594 1771 mira:
2619 1716 2964 1771 restauravit
2993 1715 3562 1789 magnitudinis.Sed

284 1822 345 1875 et
373 1816 680 1875 basilicam
712 1814 901 1873 sancti
931 1815 1254 1882 Saturnini,
1287 1813 1346 1869 in
1380 1814 1657 1888 praedicta
1685 1813 1777 1870 via
1808 1812 2032 1870 Salaria
2060 1813 2334 1886 positam,
2368 1832 2487 1871 una
2518 1831 2651 1870 cum
2675 1814 3002 1870 cmmeterio
3030 1819 3364 1871 sanctorum
3386 1815 3563 1888 Chry-

285 1917 445 1974 santi
468 1920 528 1972 et
558 1915 742 1983 Daris:
776 1914 1095 1980 renovavit,
1128 1918 1305 1985 atque
1333 1912 1729 1968 cmmeterium
1763 1916 1980 1968 sancta:
2014 1912 2242 1969 Hilaris:
2274 1912 2589 1980 innovavit,
2617 1913 2735 1969 imo
2766 1916 2823 1968 et
2852 1912 3246 1968 cmmeterium
3278 1912 3563 1969 Jordano-

285 2030 443 2083 rum,
466 2013 737 2070 videlicet
759 2016 1096 2069 sanctorum
1121 2010 1430 2066 Alexandri
1453 2015 1511 2066 et
1529 2009 1759 2077 Vitalis,
1784 2015 1841 2065 et
1864 2009 2149 2067 Martialis
2172 2013 2515 2085 martyrum,
2532 2028 2632 2067 seu
2659 2015 2994 2066 sanctarum
3018 2016 3241 2084 septem
3254 2010 3565 2083 Virginum

173 2115 246 2170 15
285 2130 321 2170 a
352 2128 500 2169 novo
532 2110 901 2168 restauravit.
935 2108 1155 2165 Pariter
1186 2108 1246 2164 in
1296 2106 1499 2164 eadem
1528 2106 1622 2163 via
1668 2106 1891 2164 Salaria
1946 2107 2345 2163 ccsmeterium
2405 2108 2593 2164 sancti
2654 2106 2917 2164 Silvestri
2978 2108 3331 2165 confessoris
3389 2113 3565 2182 atque

283 2210 613 2278 Pontificis,
649 2208 1018 2280 aliorumque
1073 2210 1416 2275 sanctorum
1476 2204 1822 2272 multorum,
1851 2205 1910 2260 in
1970 2204 2159 2261 ruinis
2217 2206 2474 2278 positum
2535 2206 2865 2273 renovavit;
2899 2223 3124 2262 necnon
3169 2211 3227 2263 et
3257 2207 3565 2263 ecclesiam

281 2308 475 2366 sancti
511 2306 739 2376 Felicis,
772 2306 1025 2380 positam
1078 2304 1218 2360 foris
1268 2307 1494 2377 portam
1546 2304 1945 2371 Portuensem,
1980 2320 2013 2359 a
2044 2320 2189 2359 novo
2222 2302 2589 2360 restauravit.
2623 2304 2931 2376 Simulque
2960 2308 3018 2360 et
3048 2305 3350 2361 basilicam
3394 2322 3563 2362 sanc-

285 2412 486 2465 torum
513 2406 723 2471 Abdon
753 2408 810 2461 et
839 2405 1093 2473 Sennen,
1126 2407 1303 2475 atque
1334 2402 1514 2458 beatae
1545 2401 1838 2469 Candidaa,
1872 2419 1991 2459 una
2020 2418 2155 2458 cum
2187 2401 2412 2459 caeteris
2441 2406 2780 2458 sanctorum
2812 2403 3161 2459 cmmeteriis
3193 2404 3252 2458 in
3299 2403 3559 2476 idipsum

280 2508 504 2582 pariter
533 2506 848 2569 renovavit.
874 2505 1033 2560 Idem
1065 2503 1335 2577 egregius
1366 2500 1577 2576 praesul
1609 2501 1887 2575 praafatus
1917 2501 2222 2561 basilicam
2255 2503 2477 2559 scilicet
2502 2502 2654 2558 beati
2681 2503 2918 2559 Adriani
2945 2505 3239 2579 martyris,
3259 2508 3314 2560 et
3336 2510 3566 2561 sancto-

168 2607 245 2662 20
284 2621 418 2662 rum
449 2604 673 2661 Cosmaa
705 2606 762 2660 et
795 2601 1079 2671 Damiani,
1114 2620 1148 2658 a
1171 2618 1318 2669 novo
1350 2600 1716 2659 restauravit.
1754 2599 2063 2658 Diaconias
2113 2600 2440 2669 constituit,
2474 2602 2533 2657 in
2567 2602 2784 2675 quibus
2814 2606 2871 2658 et
2903 2602 3088 2659 multa
3118 2604 3273 2660 bona
3306 2603 3440 2659 fecit
3469 2621 3571 2676 per

288 2721 463 2760 suam
486 2702 906 2775 sempiternam
930 2698 1294 2768 memoriam,
1320 2699 1646 2755 concedens
1667 2698 1751 2753 eis
1772 2714 1965 2772 agros,
1990 2699 2211 2768 vineas,
2233 2699 2461 2767 oliveta,
2486 2716 2705 2766 servos,
2731 2699 2975 2757 ancillas
2993 2705 3048 2756 et
3074 2701 3301 2773 peculia
3323 2702 3572 2771 diversa,

288 2806 469 2874 atque
490 2816 584 2869 res
613 2798 881 2866 mobiles,
906 2801 974 2854 ut
995 2798 1066 2854 de
1095 2797 1285 2854 reditu
1319 2813 1520 2853 eorum
1552 2795 1772 2852 crebris
1803 2796 2207 2853 exactionibus
2238 2797 2519 2853 diaconiac
2551 2797 2921 2872 proficientes
2950 2815 3238 2873 pauperes
3256 2798 3469 2855 Christi
3491 2814 3574 2855 re-

289 2899 627 2969 ficerentur.
2521 2968 2529 2977 ι

364 2996 520 3064 849
550 2995 616 3063 In
646 2994 886 3067 pmfata
907 3009 1042 3053 vero
1074 2991 1343 3053 diaconia
1393 2990 1582 3048 sancti
1617 2990 1855 3050 Adriani
1888 2991 2101 3049 obtulit
2130 2990 2191 3047 in
2221 2996 2462 3065 argento
2494 2992 2751 3048 canistra
2780 2992 3109 3061 duodecim,
3137 3010 3330 3049 amam
3360 3010 3566 3066 unam,

289 3093 582 3175 scyphum
612 3108 822 3171 unum,
854 3096 1130 3166 patenam
1162 3105 1362 3158 unam,
1397 3087 1636 3145 calicem
1668 3105 1877 3158 unum,
1910 3087 2169 3146 amulam
2201 3089 2555 3147 olfertoriam
2588 3106 2791 3158 unam,
2820 3107 2983 3163 pens.
3016 3089 3151 3147 libr.
3186 3091 3488 3165 sexaginta
3517 3099 3575 3151 et

288 3196 539 3266 septem.
575 3190 720 3247 Item
747 3205 850 3262 per
870 3188 1053 3253 nimis
1083 3187 1358 3257 solertem
1382 3202 1583 3243 curam
1605 3189 1784 3258 atque
1822 3185 2175 3242 industriam
2216 3186 2598 3260 aquaeductus
2630 3186 2962 3244 Sabbatinae
3005 3204 3040 3244 a
3069 3205 3215 3245 novo
3247 3189 3506 3246 formatas
3540 3208 3576 3248 a

289 3291 676 3348 fundamento
703 3286 1000 3343 aadiﬁcans
1030 3283 1241 3341 fautori
1274 3300 1381 3340 suo
1413 3283 1580 3338 beato
1613 3282 1779 3339 Petro
1810 3284 2070 3356 apostolo
2095 3283 2370 3339 ﬂuentem
2396 3300 2608 3356 aquam
2630 3284 2918 3358 perduxit,
2938 3290 3059 3343 tam
3081 3286 3141 3343 in
3162 3288 3380 3343 fontem
3403 3289 3568 3345 basi-

210 3392 250 3447 5
286 3389 436 3457 lices,
468 3387 570 3461 qui
602 3402 706 3459 per
733 3383 999 3449 vehicula
1027 3381 1403 3457 implebatur,
1438 3397 1616 3453 quam
1646 3379 1707 3436 in
1740 3379 1955 3439 atrium
1988 3381 2253 3454 ejusdem
2286 3380 2540 3439 basilicae
2572 3386 2628 3438 et
2658 3381 2835 3441 simul
2857 3382 3132 3441 balneum
3165 3385 3225 3440 in
3248 3385 3562 3443 utilitatem

285 3485 737 3563 peregrinorum
758 3482 977 3539 ibidem
999 3480 1377 3543 servientium
1400 3495 1741 3552 procurans.
1768 3477 1888 3534 Imo
1910 3482 1967 3534 et
1988 3477 2293 3535 basilicam
2326 3477 2511 3534 sancti
2543 3479 2881 3548 Secundini,
2900 3480 3151 3554 positam
3175 3481 3235 3536 in
3261 3483 3403 3539 urbe
3427 3484 3567 3540 Prae-

289 3573 549 3654 nestina,
579 3580 680 3637 ubi
711 3596 923 3653 corpus
954 3579 1085 3651 ejus
1115 3576 1387 3650 quiescit,
1420 3576 1479 3631 in
1509 3575 1697 3641 ruinis
1728 3573 1979 3649 positam
2012 3592 2047 3631 a
2077 3591 2222 3631 novo
2252 3575 2620 3632 restauravit.

362 3682 519 3749 841
562 3677 786 3735 Pariter
814 3676 990 3733 etiam
1023 3679 1080 3731 et
1109 3675 1169 3730 in
1202 3672 1446 3731 basilica
1500 3671 1654 3728 beati
1713 3672 1887 3746 primi
1947 3673 2222 3746 martyris
2280 3673 2583 3747 Stephani,
2620 3673 2732 3729 sita
2765 3674 2826 3729 in
2859 3674 3025 3732 Caalio
3058 3681 3275 3743 monte,
3310 3695 3438 3751 qua:
3469 3697 3574 3753 per

289 3779 516 3845 olitana
534 3781 800 3849 tempora
820 3777 1212 3840 marcuerant,
1236 3772 1525 3826 maximas
1548 3770 1604 3825 in
1632 3787 1700 3826 ea
1722 3770 1919 3826 trabes
1939 3776 2101 3825 vasta
2124 3770 2298 3837 mole,
2322 3771 2464 3843 quin
2486 3772 2662 3827 etiam
2686 3773 3573 3844 porticusmiriliceintrinsecus

290 3882 350 3935 et
369 3874 740 3933 extrinsecus
762 3889 795 3927 a
815 3887 962 3927 novo
984 3869 1298 3927 renovavit.
1326 3868 1500 3925 Porro
1524 3872 1579 3924 et
1602 3868 1661 3923 in
1683 3867 1928 3925 basilica
1947 3868 2129 3924 beatze
2151 3869 2444 3944 Eugeniae,
2462 3886 2638 3942 quam
2655 3871 2781 3941 jam
2805 3870 3030 3927 dudum
3051 3872 3179 3943 ejus
3202 3881 3576 3932 renovaverat

290 3973 552 4041 almitas,
578 3971 851 4043 solertem
870 3969 930 4025 in
949 3985 1015 4025 ea
1032 3985 1241 4042 gerens
1258 3984 1481 4037 curam,
1497 3965 1918 4023 monasterium
1941 3964 2272 4039 puellarum
2292 3967 2515 4024 noviter
2535 3967 2751 4024 ibidem
2775 3986 2809 4023 a
2830 3968 3231 4028 fundamentis
3252 3973 3572 4047 aediﬁcans,

213 4077 253 4132 5
291 4068 604 4129 constituit
631 4072 697 4125 ut
719 4067 945 4141 jugiter
988 4064 1107 4121 illic
1156 4065 1273 4121 Deo
1321 4068 1595 4121 canerent
1640 4063 1866 4130 laudes,
1898 4062 2168 4121 videlicet
2223 4064 2369 4121 hora
2423 4064 2634 4138 prima,
2668 4066 2861 4137 tertia,
2891 4072 3071 4134 sexta,
3100 4085 3275 4136 nona,
3308 4088 3569 4144 vespera,

296 4167 612 4227 matutina.
649 4148 859 4249 Iniqua
887 4166 944 4221 et
973 4152 1144 4237 plura
1172 4161 1386 4219 obtulit
1416 4161 1590 4229 dona,
1624 4161 1682 4218 id
1714 4164 1821 4231 est,
1855 4176 2046 4234 agros,
2079 4161 2300 4231 vineas,
2335 4163 2562 4231 domos,
2598 4180 2795 4220 servos
2826 4167 2883 4220 et
2911 4164 3175 4235 ancillas,
3207 4167 3573 4241 diversisque

293 4264 544 4341 peouliis
574 4267 635 4321 et
662 4259 885 4319 caeteris
917 4260 1237 4317 mobilibus
1264 4259 1440 4316 rebus
1461 4259 1701 4353 dotavit.
1736 4258 1848 4315 Sed
1876 4262 1933 4314 et
1961 4258 2021 4314 in
2050 4258 2222 4315 titulo
2254 4259 2616 4319 Pammachii
2657 4265 2997 4319 sanctorum
3026 4262 3271 4321 Joannis
3303 4268 3359 4321 et
3390 4265 3573 4339 Pauli,

300 4379 430 4437 que
460 4376 566 4435 per
591 4359 821 4433 elapsos
852 4361 1224 4425 marcuerant
1252 4373 1458 4425 annos,
1492 4356 1693 4412 omnia
1722 4360 1881 4412 sarta
1909 4359 2064 4412 tecta
2093 4356 2359 4428 ejusdem
2391 4356 2547 4412 tituli
2578 4359 2893 4415 renovavit.

372 4461 530 4533 848
569 4457 672 4530 Hic
690 4472 827 4527 vero
850 4456 1119 4531 egregius
1142 4454 1413 4512 sacerdos
1435 4455 1507 4511 ob
1531 4453 1781 4511 nimium
1812 4471 2073 4510 amorem
2105 4454 2534 4512 confessionem
2565 4456 2718 4512 beati
2748 4456 2900 4512 Petri
2934 4460 3114 4514 totam
3147 4458 3309 4516 intus
3336 4477 3405 4516 ex
3436 4478 3578 4518 auro

297 4556 622 4633 purissimo
643 4555 702 4611 in
723 4554 965 4625 laminis
984 4552 1347 4625 diversisque
1376 4551 1637 4608 historiis
1661 4556 1890 4627 compte
1910 4552 2157 4619 ornavit,
2176 4553 2435 4625 pondera
2461 4557 2857 4610 trecentarum
2880 4553 3161 4611 librarum
3188 4574 3432 4629 ponens,
3450 4559 3579 4616 etin

304 4660 537 4730 postem
569 4653 843 4727 superius
875 4652 1139 4725 ejusdem
1172 4668 1349 4708 sacrae
1381 4650 1767 4707 confessionis
1795 4649 1922 4706 auri
1956 4650 2335 4715 mundissimi
2367 4650 2549 4711 libras
2579 4651 3020 4727 tredecim,pari
3045 4655 3217 4710 modo
3240 4660 3298 4712 et
3317 4655 3377 4712 in
3395 4657 3582 4730 ipsius

301 4751 554 4827 apostoli
580 4750 969 4819 confessionis
997 4748 1257 4806 liminari
1290 4747 1550 4804 inferiori
1581 4746 1763 4805 libras
1792 4747 1998 4821 viginti
2031 4747 2313 4821 quinque.
2344 4751 2663 4822 Aspectum
2705 4767 2839 4807 vero
2870 4750 3074 4808 altaris
3104 4769 3281 4824 super
3311 4755 3578 4811 eamdem

223 4852 266 4909 5
302 4850 759 4919 confessionem,
794 4853 969 4921 atque
999 4848 1221 4915 dextra,
1253 4846 1511 4918 laevaque
1538 4850 1702 4919 parte
1727 4846 1897 4918 juxta
1927 4845 2147 4919 gradus
2170 4847 2296 4921 jam
2329 4846 2497 4902 dictze
2529 4847 2912 4904 confessionis
2945 4850 3166 4906 addens
3186 4849 3247 4905 in
3269 4868 3337 4907 ea
3356 4852 3583 4924 argenti

300 4948 487 5021 libras
508 4950 747 5015 centum
767 4944 1009 5019 triginta
1030 4961 1130 5001 sex
1150 4942 1378 5000 curiose
1400 4942 1475 5015 (a)
1499 4942 1792 4999 renovavit
1814 4943 2058 5016 ejusque
2080 4942 2356 5000 historias
2379 4961 2448 5001 ex
2467 4962 2609 5001 auro
2622 4944 2939 5017 purissimo
2956 4946 3136 5003 libras
3158 4947 3359 5005 decem
3382 4953 3439 5005 et
3455 4955 3584 5007 octo

307 5044 670 5102 nitidissima
699 5042 1014 5101 decoravit.
1039 5040 1347 5112 Simulque
1373 5043 1428 5095 et
1445 5039 1759 5096 cantharas
1791 5040 1849 5095 in
1871 5040 2073 5096 eadem
2094 5040 2194 5096 Dei
2214 5040 2461 5105 ecclesia
2489 5042 2747 5114 Apostoli
2777 5060 3021 5100 numero
3045 5045 3242 5101 decem
3268 5047 3585 5117 renovavit,

303 5142 532 5199 addens
564 5142 625 5197 in
655 5141 740 5198 eis
770 5139 996 5214 argenti
1025 5138 1207 5194 libras
1238 5141 1496 5193 centum.
1526 5138 1667 5193 Ante
1691 5137 1909 5209 januas
1937 5154 2070 5193 vero
2102 5142 2409 5210 argenteas
2432 5140 2567 5196 fecit
2591 5141 2879 5197 canistros
2912 5147 3216 5215 argenteos
3250 5144 3583 5215 duodecim,

303 5256 554 5314 pensan.
585 5238 770 5295 libras
798 5224 1042 5312 triginta
1071 5253 1191 5305 sex.
1224 5233 1410 5292 Simili
1442 5235 1614 5290 modo
1645 5238 1702 5290 et
1729 5233 1789 5290 in
1821 5239 1981 5291 turre
2021 5236 2310 5292 canistros
2358 5241 2666 5312 argenteos
2714 5239 3045 5311 duodecim,
3078 5258 3244 5313 pene.
3280 5242 3426 5299 inibi
3451 5242 3586 5300 libr.

195 5339 271 5397 ιθ
307 5336 1021 5419 quadragintaquinque,
1052 5335 1114 5391 in
1144 5335 1349 5392 eadem
1380 5332 1595 5406 quippe
1625 5332 1778 5389 beati
1810 5332 1961 5390 Petri
1992 5333 2237 5390 ecclesia
2265 5351 2370 5408 per
2398 5334 2657 5392 diversas
2701 5352 2945 5394 coronas
2987 5338 3122 5395 fecit
3179 5339 3492 5413 delphinos
3524 5358 3593 5397 ex

306 5440 553 5515 argento
585 5434 769 5505 libras
797 5439 1056 5492 centum.

377 5534 537 5609 Q40
574 5533 648 5604 Et
675 5533 736 5589 in
768 5530 1017 5591 ecclesia
1044 5529 1201 5588 beati
1231 5528 1395 5588 Pauli
1428 5527 1678 5602 apostoli
1708 5528 1895 5586 instar
1924 5546 2125 5587 eorum
2158 5547 2307 5605 quos
2336 5534 2615 5605 posuerat
2645 5531 2706 5590 in
2750 5532 2998 5592 ecclesia
3039 5535 3231 5593 sancti
3261 5537 3442 5608 Petri,
3475 5538 3597 5596 del-

1374 5724 1620 5772 NOTULE
1660 5723 2047 5774 ιιΔιιειΜιιῑε
2087 5724 2379 5773 FABRO'ITI
2387 5755 2401 5771 .

273 5838 352 5914 (a)
386 5842 457 5908 Β,
488 5836 809 5923 cariosum.

490 5963 769 6039 Parnm.
812 5960 1127 6035 CXXVIII.
3198 5970 3279 6037 .38
