  <div class='ocr_page' id='page_1' title='image "/cluster/home/n/w/nwhite01/storage/ocr_20150623/127-128/uc1.31175010226572/1405.png"; bbox 0 0 3924 6408; ppageno 0'>
   <div class='ocr_carea' id='block_1_1' title="bbox 339 295 3773 441">
    <p class='ocr_par' dir='ltr' id='par_1_1' title="bbox 339 295 3773 441">
     <span class='ocr_line' id='line_1_1' title="bbox 339 295 3773 441; baseline -0.008 0"><span class='ocrx_word' id='word_1_1' title='bbox 339 378 494 441; x_wconf 57' lang='grc'>1195</span> <span class='ocrx_word' id='word_1_2' title='bbox 1511 367 1553 424; x_wconf 86' lang='grc' dir='ltr'>Α</span> <span class='ocrx_word' id='word_1_3' title='bbox 1565 361 1919 424; x_wconf 82' lang='lat' dir='ltr'>NASTASII</span> <span class='ocrx_word' id='word_1_4' title='bbox 1959 355 2585 422; x_wconf 83' lang='lat' dir='ltr'>BlBLIO’I‘HECARII</span> <span class='ocrx_word' id='word_1_5' title='bbox 3605 357 3625 415; x_wconf 84' lang='lat' dir='ltr'>l</span> <span class='ocrx_word' id='word_1_6' title='bbox 3647 295 3773 414; x_wconf 54' lang='lat'>196</span> 
     </span>
    </p>
   </div>
   <div class='ocr_carea' id='block_1_2' title="bbox 481 485 3778 585">
    <p class='ocr_par' dir='ltr' id='par_1_2' title="bbox 481 485 3778 585">
     <span class='ocr_line' id='line_1_2' title="bbox 481 485 3778 585; baseline -0.008 -17"><span class='ocrx_word' id='word_1_7' title='bbox 481 511 692 585; x_wconf 95' lang='lat' dir='ltr'>phinos</span> <span class='ocrx_word' id='word_1_8' title='bbox 715 505 911 581; x_wconf 84' lang='lat' dir='ltr'>posuit</span> <span class='ocrx_word' id='word_1_9' title='bbox 931 504 1238 575; x_wconf 88' lang='lat' dir='ltr'>argenteos</span> <span class='ocrx_word' id='word_1_10' title='bbox 1269 498 1552 553; x_wconf 88' lang='lat' dir='ltr'>librarum</span> <span class='ocrx_word' id='word_1_11' title='bbox 1579 501 1815 552; x_wconf 89' lang='lat' dir='ltr'>centum</span> <span class='ocrx_word' id='word_1_12' title='bbox 1848 495 2221 566; x_wconf 88' lang='lat' dir='ltr'>octnaginta;</span> <span class='ocrx_word' id='word_1_13' title='bbox 2251 491 2469 564; x_wconf 89' lang='lat' dir='ltr'>pariter</span> <span class='ocrx_word' id='word_1_14' title='bbox 2487 494 2544 545; x_wconf 90' lang='lat' dir='ltr'>et</span> <span class='ocrx_word' id='word_1_15' title='bbox 2574 489 2633 544; x_wconf 91' lang='lat' dir='ltr'>in</span> <span class='ocrx_word' id='word_1_16' title='bbox 2651 488 2899 546; x_wconf 83' lang='lat' dir='ltr'>ecclesia</span> <span class='ocrx_word' id='word_1_17' title='bbox 2927 485 3264 554; x_wconf 90' lang='lat' dir='ltr'>Salvatoris,</span> <span class='ocrx_word' id='word_1_18' title='bbox 3289 503 3414 560; x_wconf 68' lang='lat' dir='ltr'>quae</span> <span class='ocrx_word' id='word_1_19' title='bbox 3433 485 3778 560; x_wconf 82' lang='lat' dir='ltr'>appellatur</span> 
     </span>
    </p>
   </div>
   <div class='ocr_carea' id='block_1_3' title="bbox 482 570 3780 669">
    <p class='ocr_par' dir='ltr' id='par_1_3' title="bbox 482 570 3780 669">
     <span class='ocr_line' id='line_1_3' title="bbox 482 570 3780 669; baseline -0.008 -3"><span class='ocrx_word' id='word_1_20' title='bbox 482 570 1149 669; x_wconf 37' lang='lat' dir='ltr'>Donstautinianajecit</span> <span class='ocrx_word' id='word_1_21' title='bbox 1171 595 1482 668; x_wconf 89' lang='lat' dir='ltr'>delphinos</span> <span class='ocrx_word' id='word_1_22' title='bbox 1515 597 1822 667; x_wconf 87' lang='lat' dir='ltr'>argenteos</span> <span class='ocrx_word' id='word_1_23' title='bbox 1853 591 2137 647; x_wconf 88' lang='lat' dir='ltr'>librarum</span> <span class='ocrx_word' id='word_1_24' title='bbox 2164 589 2423 662; x_wconf 87' lang='lat' dir='ltr'>triginta.</span> <span class='ocrx_word' id='word_1_25' title='bbox 2451 587 2604 644; x_wconf 81' lang='lat' dir='ltr'>Fecit</span> <span class='ocrx_word' id='word_1_26' title='bbox 2633 592 2690 643; x_wconf 92' lang='lat' dir='ltr'>et</span> <span class='ocrx_word' id='word_1_27' title='bbox 2721 586 2777 642; x_wconf 90' lang='lat' dir='ltr'>in</span> <span class='ocrx_word' id='word_1_28' title='bbox 2802 586 3049 644; x_wconf 88' lang='lat' dir='ltr'>ecclesia</span> <span class='ocrx_word' id='word_1_29' title='bbox 3069 585 3221 642; x_wconf 90' lang='lat' dir='ltr'>beati</span> <span class='ocrx_word' id='word_1_30' title='bbox 3244 585 3395 641; x_wconf 88' lang='lat' dir='ltr'>Petri</span> <span class='ocrx_word' id='word_1_31' title='bbox 3418 570 3780 658; x_wconf 78' lang='lat' dir='ltr'>perdiversa</span> 
     </span>
    </p>
   </div>
   <div class='ocr_carea' id='block_1_4' title="bbox 481 683 3783 770">
    <p class='ocr_par' dir='ltr' id='par_1_4' title="bbox 481 683 3783 770">
     <span class='ocr_line' id='line_1_4' title="bbox 481 683 3783 770; baseline -0.008 -6"><span class='ocrx_word' id='word_1_32' title='bbox 481 705 732 765; x_wconf 88' lang='lat' dir='ltr'>oratoria</span> <span class='ocrx_word' id='word_1_33' title='bbox 761 702 1020 758; x_wconf 88' lang='lat' dir='ltr'>canistra</span> <span class='ocrx_word' id='word_1_34' title='bbox 1051 701 1327 770; x_wconf 90' lang='lat' dir='ltr'>argentea</span> <span class='ocrx_word' id='word_1_35' title='bbox 1358 711 1602 749; x_wconf 88' lang='lat' dir='ltr'>numero</span> <span class='ocrx_word' id='word_1_36' title='bbox 1631 691 1966 758; x_wconf 81' lang='lat' dir='ltr'>duodecim,</span> <span class='ocrx_word' id='word_1_37' title='bbox 2000 707 2242 762; x_wconf 89' lang='lat' dir='ltr'>pensan.</span> <span class='ocrx_word' id='word_1_38' title='bbox 2266 686 2440 743; x_wconf 87' lang='lat' dir='ltr'>simul</span> <span class='ocrx_word' id='word_1_39' title='bbox 2471 686 2652 742; x_wconf 87' lang='lat' dir='ltr'>libras</span> <span class='ocrx_word' id='word_1_40' title='bbox 2679 685 3088 759; x_wconf 89' lang='lat' dir='ltr'>quadraginta.</span> <span class='ocrx_word' id='word_1_41' title='bbox 3104 685 3175 740; x_wconf 88' lang='lat' dir='ltr'>Et</span> <span class='ocrx_word' id='word_1_42' title='bbox 3192 701 3372 758; x_wconf 87' lang='lat' dir='ltr'>rugas</span> <span class='ocrx_word' id='word_1_43' title='bbox 3392 683 3452 740; x_wconf 90' lang='lat' dir='ltr'>in</span> <span class='ocrx_word' id='word_1_44' title='bbox 3473 685 3783 758; x_wconf 82' lang='lat' dir='ltr'>presbyte-</span> 
     </span>
    </p>
   </div>
   <div class='ocr_carea' id='block_1_5' title="bbox 408 781 3783 876">
    <p class='ocr_par' dir='ltr' id='par_1_5' title="bbox 408 781 3783 876">
     <span class='ocr_line' id='line_1_5' title="bbox 408 781 3783 876; baseline -0.008 -12"><span class='ocrx_word' id='word_1_45' title='bbox 408 811 444 864; x_wconf 87' lang='lat'>5</span> <span class='ocrx_word' id='word_1_46' title='bbox 483 807 567 863; x_wconf 89' lang='lat' dir='ltr'>rio</span> <span class='ocrx_word' id='word_1_47' title='bbox 599 824 632 860; x_wconf 90' lang='lat' dir='ltr'>a</span> <span class='ocrx_word' id='word_1_48' title='bbox 657 806 820 876; x_wconf 88' lang='lat' dir='ltr'>parte</span> <span class='ocrx_word' id='word_1_49' title='bbox 848 799 1108 854; x_wconf 90' lang='lat' dir='ltr'>virorum</span> <span class='ocrx_word' id='word_1_50' title='bbox 1140 798 1197 850; x_wconf 92' lang='lat' dir='ltr'>et</span> <span class='ocrx_word' id='word_1_51' title='bbox 1218 793 1534 848; x_wconf 81' lang='lat' dir='ltr'>mulierum</span> <span class='ocrx_word' id='word_1_52' title='bbox 1561 807 1628 846; x_wconf 84' lang='lat' dir='ltr'>ex</span> <span class='ocrx_word' id='word_1_53' title='bbox 1651 794 1892 863; x_wconf 90' lang='lat' dir='ltr'>argento</span> <span class='ocrx_word' id='word_1_54' title='bbox 1915 787 2256 861; x_wconf 89' lang='lat' dir='ltr'>purissimo,</span> <span class='ocrx_word' id='word_1_55' title='bbox 2281 803 2526 859; x_wconf 84' lang='lat' dir='ltr'>pensan.</span> <span class='ocrx_word' id='word_1_56' title='bbox 2550 783 2732 840; x_wconf 90' lang='lat' dir='ltr'>libras</span> <span class='ocrx_word' id='word_1_57' title='bbox 2755 788 2990 840; x_wconf 84' lang='lat' dir='ltr'>centum</span> <span class='ocrx_word' id='word_1_58' title='bbox 3015 783 3276 857; x_wconf 81' lang='lat' dir='ltr'>triginta,</span> <span class='ocrx_word' id='word_1_59' title='bbox 3293 798 3518 838; x_wconf 86' lang='lat' dir='ltr'>necnon</span> <span class='ocrx_word' id='word_1_60' title='bbox 3542 786 3601 839; x_wconf 87' lang='lat' dir='ltr'>et</span> <span class='ocrx_word' id='word_1_61' title='bbox 3621 781 3783 838; x_wconf 82' lang='lat' dir='ltr'>alias</span> 
     </span>
    </p>
   </div>
   <div class='ocr_carea' id='block_1_6' title="bbox 483 879 3788 976">
    <p class='ocr_par' dir='ltr' id='par_1_6' title="bbox 483 879 3788 976">
     <span class='ocr_line' id='line_1_6' title="bbox 483 879 3788 976; baseline -0.008 -15"><span class='ocrx_word' id='word_1_62' title='bbox 483 920 658 976; x_wconf 85' lang='lat' dir='ltr'>rugas</span> <span class='ocrx_word' id='word_1_63' title='bbox 682 902 742 956; x_wconf 89' lang='lat' dir='ltr'>in</span> <span class='ocrx_word' id='word_1_64' title='bbox 763 901 941 972; x_wconf 89' lang='lat' dir='ltr'>caput</span> <span class='ocrx_word' id='word_1_65' title='bbox 959 891 1304 969; x_wconf 72' lang='lat' dir='ltr'>presbyterii</span> <span class='ocrx_word' id='word_1_66' title='bbox 1327 895 1460 946; x_wconf 91' lang='lat' dir='ltr'>ante</span> <span class='ocrx_word' id='word_1_67' title='bbox 1483 888 1907 945; x_wconf 81' lang='lat' dir='ltr'>confessionem</span> <span class='ocrx_word' id='word_1_68' title='bbox 1934 905 2002 942; x_wconf 83' lang='lat' dir='ltr'>ex</span> <span class='ocrx_word' id='word_1_69' title='bbox 2022 889 2282 960; x_wconf 90' lang='lat' dir='ltr'>argento,</span> <span class='ocrx_word' id='word_1_70' title='bbox 2300 901 2542 958; x_wconf 89' lang='lat' dir='ltr'>pensan.</span> <span class='ocrx_word' id='word_1_71' title='bbox 2561 881 2739 938; x_wconf 88' lang='lat' dir='ltr'>simul</span> <span class='ocrx_word' id='word_1_72' title='bbox 2753 885 2989 938; x_wconf 87' lang='lat' dir='ltr'>centum</span> <span class='ocrx_word' id='word_1_73' title='bbox 3005 886 3060 938; x_wconf 91' lang='lat' dir='ltr'>et</span> <span class='ocrx_word' id='word_1_74' title='bbox 3077 885 3350 954; x_wconf 85' lang='lat' dir='ltr'>quatuor.</span> <span class='ocrx_word' id='word_1_75' title='bbox 3367 881 3433 936; x_wconf 86' lang='lat' dir='ltr'>Et</span> <span class='ocrx_word' id='word_1_76' title='bbox 3451 879 3511 936; x_wconf 91' lang='lat' dir='ltr'>in</span> <span class='ocrx_word' id='word_1_77' title='bbox 3524 879 3788 938; x_wconf 81' lang='lat' dir='ltr'>ecclesia</span> 
     </span>
    </p>
   </div>
   <div class='ocr_carea' id='block_1_7' title="bbox 483 977 3781 1060">
    <p class='ocr_par' dir='ltr' id='par_1_7' title="bbox 483 977 3781 1060">
     <span class='ocr_line' id='line_1_7' title="bbox 483 977 3781 1060; baseline -0.008 -1"><span class='ocrx_word' id='word_1_78' title='bbox 483 1005 696 1060; x_wconf 57' lang='lat' dir='ltr'>sancta”:</span> <span class='ocrx_word' id='word_1_79' title='bbox 719 997 821 1054; x_wconf 87' lang='lat' dir='ltr'>Dei</span> <span class='ocrx_word' id='word_1_80' title='bbox 852 992 1165 1052; x_wconf 86' lang='lat' dir='ltr'>Genitricis</span> <span class='ocrx_word' id='word_1_81' title='bbox 1197 989 1392 1046; x_wconf 72' lang='lat' dir='ltr'>Mariae</span> <span class='ocrx_word' id='word_1_82' title='bbox 1424 993 1588 1044; x_wconf 88' lang='lat' dir='ltr'>trans</span> <span class='ocrx_word' id='word_1_83' title='bbox 1617 985 1876 1042; x_wconf 88' lang='lat' dir='ltr'>Tiberim</span> <span class='ocrx_word' id='word_1_84' title='bbox 1911 985 2046 1040; x_wconf 89' lang='lat' dir='ltr'>fecit</span> <span class='ocrx_word' id='word_1_85' title='bbox 2075 983 2333 1039; x_wconf 89' lang='lat' dir='ltr'>canistra</span> <span class='ocrx_word' id='word_1_86' title='bbox 2365 985 2646 1056; x_wconf 87' lang='lat' dir='ltr'>argentea</span> <span class='ocrx_word' id='word_1_87' title='bbox 2674 979 2958 1054; x_wconf 90' lang='lat' dir='ltr'>quinque,</span> <span class='ocrx_word' id='word_1_88' title='bbox 2990 996 3152 1052; x_wconf 90' lang='lat' dir='ltr'>pens.</span> <span class='ocrx_word' id='word_1_89' title='bbox 3189 977 3367 1034; x_wconf 87' lang='lat' dir='ltr'>simul</span> <span class='ocrx_word' id='word_1_90' title='bbox 3394 977 3578 1035; x_wconf 88' lang='lat' dir='ltr'>libras</span> <span class='ocrx_word' id='word_1_91' title='bbox 3601 978 3781 1051; x_wconf 88' lang='lat' dir='ltr'>quin-</span> 
     </span>
    </p>
   </div>
   <div class='ocr_carea' id='block_1_8' title="bbox 483 1075 3787 1160">
    <p class='ocr_par' dir='ltr' id='par_1_8' title="bbox 483 1075 3787 1160">
     <span class='ocr_line' id='line_1_8' title="bbox 483 1075 3787 1160; baseline -0.009 -1"><span class='ocrx_word' id='word_1_92' title='bbox 483 1101 694 1160; x_wconf 89' lang='lat' dir='ltr'>decim.</span> <span class='ocrx_word' id='word_1_93' title='bbox 720 1096 1026 1154; x_wconf 88' lang='lat' dir='ltr'>Enimvero</span> <span class='ocrx_word' id='word_1_94' title='bbox 1049 1093 1108 1148; x_wconf 91' lang='lat' dir='ltr'>in</span> <span class='ocrx_word' id='word_1_95' title='bbox 1134 1088 1380 1147; x_wconf 90' lang='lat' dir='ltr'>basilica</span> <span class='ocrx_word' id='word_1_96' title='bbox 1400 1091 1614 1146; x_wconf 59' lang='lat' dir='ltr'>sancta:</span> <span class='ocrx_word' id='word_1_97' title='bbox 1637 1085 1737 1142; x_wconf 85' lang='lat' dir='ltr'>Dei</span> <span class='ocrx_word' id='word_1_98' title='bbox 1770 1082 2102 1154; x_wconf 89' lang='lat' dir='ltr'>Genitricis,</span> <span class='ocrx_word' id='word_1_99' title='bbox 2135 1099 2263 1155; x_wconf 64' lang='lat' dir='ltr'>quae</span> <span class='ocrx_word' id='word_1_100' title='bbox 2291 1085 2381 1137; x_wconf 88' lang='lat' dir='ltr'>est</span> <span class='ocrx_word' id='word_1_101' title='bbox 2411 1079 2480 1136; x_wconf 77' lang='lat' dir='ltr'>ad</span> <span class='ocrx_word' id='word_1_102' title='bbox 2517 1079 2794 1151; x_wconf 67' lang='lat' dir='ltr'>Praesepe,</span> <span class='ocrx_word' id='word_1_103' title='bbox 2828 1077 2888 1133; x_wconf 92' lang='lat' dir='ltr'>in</span> <span class='ocrx_word' id='word_1_104' title='bbox 2919 1077 3088 1133; x_wconf 88' lang='lat' dir='ltr'>altari</span> <span class='ocrx_word' id='word_1_105' title='bbox 3120 1075 3308 1150; x_wconf 85' lang='lat' dir='ltr'>ipsius</span> <span class='ocrx_word' id='word_1_106' title='bbox 3339 1077 3606 1150; x_wconf 69' lang='lat' dir='ltr'>praesepii</span> <span class='ocrx_word' id='word_1_107' title='bbox 3638 1075 3787 1133; x_wconf 81' lang='lat' dir='ltr'>fecit</span> 
     </span>
    </p>
   </div>
   <div class='ocr_carea' id='block_1_9' title="bbox 483 1175 3784 1265">
    <p class='ocr_par' dir='ltr' id='par_1_9' title="bbox 483 1175 3784 1265">
     <span class='ocr_line' id='line_1_9' title="bbox 483 1175 3784 1265; baseline -0.008 -7"><span class='ocrx_word' id='word_1_108' title='bbox 483 1201 737 1258; x_wconf 81' lang='lat' dir='ltr'>laminas</span> <span class='ocrx_word' id='word_1_109' title='bbox 768 1213 837 1252; x_wconf 81' lang='lat' dir='ltr'>ex</span> <span class='ocrx_word' id='word_1_110' title='bbox 864 1211 1009 1251; x_wconf 88' lang='lat' dir='ltr'>auro</span> <span class='ocrx_word' id='word_1_111' title='bbox 1041 1190 1361 1265; x_wconf 90' lang='lat' dir='ltr'>purissimo</span> <span class='ocrx_word' id='word_1_112' title='bbox 1393 1183 1955 1259; x_wconf 84' lang='lat' dir='ltr'>historiisdepictis,</span> <span class='ocrx_word' id='word_1_113' title='bbox 1989 1198 2232 1255; x_wconf 91' lang='lat' dir='ltr'>pensan.</span> <span class='ocrx_word' id='word_1_114' title='bbox 2269 1177 2445 1236; x_wconf 90' lang='lat' dir='ltr'>simul</span> <span class='ocrx_word' id='word_1_115' title='bbox 2471 1177 2652 1234; x_wconf 90' lang='lat' dir='ltr'>libras</span> <span class='ocrx_word' id='word_1_116' title='bbox 2679 1180 2915 1234; x_wconf 88' lang='lat' dir='ltr'>centum</span> <span class='ocrx_word' id='word_1_117' title='bbox 2947 1175 3226 1249; x_wconf 88' lang='lat' dir='ltr'>quinque,</span> <span class='ocrx_word' id='word_1_118' title='bbox 3253 1193 3322 1232; x_wconf 77' lang='lat' dir='ltr'>ex</span> <span class='ocrx_word' id='word_1_119' title='bbox 3351 1175 3784 1249; x_wconf 83' lang='lat' dir='ltr'>argentointus</span> 
     </span>
    </p>
   </div>
   <div class='ocr_carea' id='block_1_10' title="bbox 378 1273 2871 1374">
    <p class='ocr_par' dir='ltr' id='par_1_10' title="bbox 378 1273 2871 1374">
     <span class='ocr_line' id='line_1_10' title="bbox 378 1273 2871 1374; baseline -0.011 -14"><span class='ocrx_word' id='word_1_120' title='bbox 378 1307 444 1362; x_wconf 91' lang='grc'>10</span> <span class='ocrx_word' id='word_1_121' title='bbox 484 1295 895 1374; x_wconf 70' lang='lat' dir='ltr'>suprascripta:</span> <span class='ocrx_word' id='word_1_122' title='bbox 925 1287 1312 1348; x_wconf 86' lang='lat' dir='ltr'>confessionis</span> <span class='ocrx_word' id='word_1_123' title='bbox 1343 1284 1574 1342; x_wconf 89' lang='lat' dir='ltr'>tabulas</span> <span class='ocrx_word' id='word_1_124' title='bbox 1601 1283 1770 1350; x_wconf 88' lang='lat' dir='ltr'>duas,</span> <span class='ocrx_word' id='word_1_125' title='bbox 1803 1297 2050 1354; x_wconf 88' lang='lat' dir='ltr'>pensan.</span> <span class='ocrx_word' id='word_1_126' title='bbox 2084 1278 2262 1335; x_wconf 90' lang='lat' dir='ltr'>simul</span> <span class='ocrx_word' id='word_1_127' title='bbox 2295 1277 2478 1333; x_wconf 89' lang='lat' dir='ltr'>libras</span> <span class='ocrx_word' id='word_1_128' title='bbox 2509 1273 2871 1349; x_wconf 90' lang='lat' dir='ltr'>quindecim.</span> 
     </span>
    </p>
   </div>
   <div class='ocr_carea' id='block_1_11' title="bbox 559 1371 3786 1456">
    <p class='ocr_par' dir='ltr' id='par_1_11' title="bbox 559 1371 3786 1456">
     <span class='ocr_line' id='line_1_11' title="bbox 559 1371 3786 1456; baseline -0.013 1"><span class='ocrx_word' id='word_1_129' title='bbox 559 1371 715 1456; x_wconf 67' lang='grc' dir='ltr'>Ξιδο</span> <span class='ocrx_word' id='word_1_130' title='bbox 752 1391 1074 1451; x_wconf 89' lang='lat' dir='ltr'>Ecclesiam</span> <span class='ocrx_word' id='word_1_131' title='bbox 1106 1405 1238 1444; x_wconf 86' lang='lat' dir='ltr'>vero</span> <span class='ocrx_word' id='word_1_132' title='bbox 1271 1386 1453 1440; x_wconf 71' lang='lat' dir='ltr'>beatae</span> <span class='ocrx_word' id='word_1_133' title='bbox 1481 1379 1722 1456; x_wconf 83' lang='lat' dir='ltr'>Agnetis</span> <span class='ocrx_word' id='word_1_134' title='bbox 1752 1377 2051 1451; x_wconf 81' lang='lat' dir='ltr'>martyris,</span> <span class='ocrx_word' id='word_1_135' title='bbox 2084 1394 2188 1432; x_wconf 90' lang='lat' dir='ltr'>seu</span> <span class='ocrx_word' id='word_1_136' title='bbox 2219 1373 2528 1432; x_wconf 89' lang='lat' dir='ltr'>basilicam</span> <span class='ocrx_word' id='word_1_137' title='bbox 2561 1373 2740 1429; x_wconf 69' lang='lat' dir='ltr'>beata:</span> <span class='ocrx_word' id='word_1_138' title='bbox 2783 1371 3228 1441; x_wconf 72' lang='lat' dir='ltr'>Emerentianae,</span> <span class='ocrx_word' id='word_1_139' title='bbox 3259 1371 3476 1446; x_wconf 78' lang='lat' dir='ltr'>pariter</span> <span class='ocrx_word' id='word_1_140' title='bbox 3504 1372 3686 1428; x_wconf 74' lang='lat' dir='ltr'>etiam</span> <span class='ocrx_word' id='word_1_141' title='bbox 3717 1374 3786 1428; x_wconf 65' lang='lat' dir='ltr'>et</span> 
     </span>
    </p>
   </div>
   <div class='ocr_carea' id='block_1_12' title="bbox 487 1469 3782 1555">
    <p class='ocr_par' dir='ltr' id='par_1_12' title="bbox 487 1469 3782 1555">
     <span class='ocr_line' id='line_1_12' title="bbox 487 1469 3782 1555; baseline -0.009 -1"><span class='ocrx_word' id='word_1_142' title='bbox 487 1495 794 1555; x_wconf 76' lang='lat' dir='ltr'>ecclesiam</span> <span class='ocrx_word' id='word_1_143' title='bbox 828 1489 981 1546; x_wconf 83' lang='lat' dir='ltr'>beati</span> <span class='ocrx_word' id='word_1_144' title='bbox 1014 1483 1366 1550; x_wconf 86' lang='lat' dir='ltr'>Nicomedis,</span> <span class='ocrx_word' id='word_1_145' title='bbox 1401 1482 1577 1538; x_wconf 86' lang='lat' dir='ltr'>sitam</span> <span class='ocrx_word' id='word_1_146' title='bbox 1604 1477 1744 1535; x_wconf 89' lang='lat' dir='ltr'>foris</span> <span class='ocrx_word' id='word_1_147' title='bbox 1777 1481 2004 1550; x_wconf 87' lang='lat' dir='ltr'>portam</span> <span class='ocrx_word' id='word_1_148' title='bbox 2035 1476 2492 1540; x_wconf 89' lang='lat' dir='ltr'>Numentanam,</span> <span class='ocrx_word' id='word_1_149' title='bbox 2528 1469 2707 1527; x_wconf 87' lang='lat' dir='ltr'>simul</span> <span class='ocrx_word' id='word_1_150' title='bbox 2737 1475 2794 1528; x_wconf 91' lang='lat' dir='ltr'>et</span> <span class='ocrx_word' id='word_1_151' title='bbox 2821 1471 3221 1528; x_wconf 75' lang='lat' dir='ltr'>cmmeterium</span> <span class='ocrx_word' id='word_1_152' title='bbox 3271 1469 3425 1526; x_wconf 83' lang='lat' dir='ltr'>beati</span> <span class='ocrx_word' id='word_1_153' title='bbox 3476 1469 3782 1544; x_wconf 74' lang='lat' dir='ltr'>Hippolyti</span> 
     </span>
    </p>
   </div>
   <div class='ocr_carea' id='block_1_13' title="bbox 489 1565 3783 1667">
    <p class='ocr_par' dir='ltr' id='par_1_13' title="bbox 489 1565 3783 1667">
     <span class='ocr_line' id='line_1_13' title="bbox 489 1565 3783 1667; baseline -0.009 -13"><span class='ocrx_word' id='word_1_154' title='bbox 489 1593 763 1667; x_wconf 84' lang='lat' dir='ltr'>martyris</span> <span class='ocrx_word' id='word_1_155' title='bbox 786 1592 958 1662; x_wconf 61' lang='lat' dir='ltr'>juxti</span> <span class='ocrx_word' id='word_1_156' title='bbox 989 1588 1259 1641; x_wconf 86' lang='lat' dir='ltr'>sanctum</span> <span class='ocrx_word' id='word_1_157' title='bbox 1295 1577 1699 1644; x_wconf 82' lang='lat' dir='ltr'>Laurentium,</span> <span class='ocrx_word' id='word_1_158' title='bbox 1733 1593 1860 1648; x_wconf 74' lang='lat' dir='ltr'>qua:</span> <span class='ocrx_word' id='word_1_159' title='bbox 1894 1593 1928 1630; x_wconf 89' lang='lat' dir='ltr'>a</span> <span class='ocrx_word' id='word_1_160' title='bbox 1960 1573 2169 1646; x_wconf 86' lang='lat' dir='ltr'>priscis</span> <span class='ocrx_word' id='word_1_161' title='bbox 2203 1573 2577 1628; x_wconf 85' lang='lat' dir='ltr'>marcuerant</span> <span class='ocrx_word' id='word_1_162' title='bbox 2607 1569 2996 1641; x_wconf 86' lang='lat' dir='ltr'>temporibus,</span> <span class='ocrx_word' id='word_1_163' title='bbox 3021 1586 3055 1624; x_wconf 89' lang='lat' dir='ltr'>a</span> <span class='ocrx_word' id='word_1_164' title='bbox 3085 1585 3230 1624; x_wconf 91' lang='lat' dir='ltr'>novo</span> <span class='ocrx_word' id='word_1_165' title='bbox 3263 1567 3560 1624; x_wconf 85' lang='lat' dir='ltr'>renovavit</span> <span class='ocrx_word' id='word_1_166' title='bbox 3593 1585 3606 1624; x_wconf 90' lang='lat'>:</span> <span class='ocrx_word' id='word_1_167' title='bbox 3641 1565 3783 1624; x_wconf 82' lang='lat' dir='ltr'>Pari</span> 
     </span>
    </p>
   </div>
   <div class='ocr_carea' id='block_1_14' title="bbox 487 1665 3784 1751">
    <p class='ocr_par' dir='ltr' id='par_1_14' title="bbox 487 1665 3784 1751">
     <span class='ocr_line' id='line_1_14' title="bbox 487 1665 3784 1751; baseline -0.01 0"><span class='ocrx_word' id='word_1_168' title='bbox 487 1693 661 1751; x_wconf 89' lang='lat' dir='ltr'>modo</span> <span class='ocrx_word' id='word_1_169' title='bbox 681 1697 740 1747; x_wconf 92' lang='lat' dir='ltr'>et</span> <span class='ocrx_word' id='word_1_170' title='bbox 760 1685 1068 1744; x_wconf 78' lang='lat' dir='ltr'>ecclesiam</span> <span class='ocrx_word' id='word_1_171' title='bbox 1102 1680 1252 1738; x_wconf 88' lang='lat' dir='ltr'>beati</span> <span class='ocrx_word' id='word_1_172' title='bbox 1286 1676 1498 1734; x_wconf 84' lang='lat' dir='ltr'>Christi</span> <span class='ocrx_word' id='word_1_173' title='bbox 1533 1673 1807 1748; x_wconf 67' lang='lat' dir='ltr'>mirtyris</span> <span class='ocrx_word' id='word_1_174' title='bbox 1838 1670 2142 1744; x_wconf 78' lang='lat' dir='ltr'>Stephani,</span> <span class='ocrx_word' id='word_1_175' title='bbox 2177 1671 2351 1725; x_wconf 87' lang='lat' dir='ltr'>sitam</span> <span class='ocrx_word' id='word_1_176' title='bbox 2376 1671 2547 1742; x_wconf 81' lang='lat' dir='ltr'>juxta</span> <span class='ocrx_word' id='word_1_177' title='bbox 2577 1667 2919 1740; x_wconf 69' lang='lat' dir='ltr'>praedictum</span> <span class='ocrx_word' id='word_1_178' title='bbox 2959 1666 3359 1724; x_wconf 69' lang='lat' dir='ltr'>ccemeterium</span> <span class='ocrx_word' id='word_1_179' title='bbox 3410 1665 3598 1722; x_wconf 86' lang='lat' dir='ltr'>sancti</span> <span class='ocrx_word' id='word_1_180' title='bbox 3631 1665 3784 1738; x_wconf 78' lang='lat' dir='ltr'>Hip-</span> 
     </span>
    </p>
   </div>
   <div class='ocr_carea' id='block_1_15' title="bbox 413 1763 3786 1868">
    <p class='ocr_par' dir='ltr' id='par_1_15' title="bbox 413 1763 3786 1868">
     <span class='ocr_line' id='line_1_15' title="bbox 413 1763 3786 1868; baseline -0.01 -16"><span class='ocrx_word' id='word_1_181' title='bbox 413 1799 450 1852; x_wconf 82' lang='lat'>5</span> <span class='ocrx_word' id='word_1_182' title='bbox 489 1789 691 1868; x_wconf 86' lang='lat' dir='ltr'>polyti,</span> <span class='ocrx_word' id='word_1_183' title='bbox 726 1785 997 1844; x_wconf 89' lang='lat' dir='ltr'>similiter</span> <span class='ocrx_word' id='word_1_184' title='bbox 1029 1776 1395 1837; x_wconf 78' lang='lat' dir='ltr'>restauravit.</span> <span class='ocrx_word' id='word_1_185' title='bbox 1432 1775 1590 1830; x_wconf 77' lang='lat' dir='ltr'>Fecit</span> <span class='ocrx_word' id='word_1_186' title='bbox 1617 1790 1750 1828; x_wconf 87' lang='lat' dir='ltr'>vero</span> <span class='ocrx_word' id='word_1_187' title='bbox 1782 1769 1927 1826; x_wconf 90' lang='lat' dir='ltr'>etin</span> <span class='ocrx_word' id='word_1_188' title='bbox 1959 1768 2324 1826; x_wconf 77' lang='lat' dir='ltr'>confessione</span> <span class='ocrx_word' id='word_1_189' title='bbox 2385 1765 2536 1822; x_wconf 88' lang='lat' dir='ltr'>beati</span> <span class='ocrx_word' id='word_1_190' title='bbox 2597 1765 2760 1821; x_wconf 89' lang='lat' dir='ltr'>Pauli</span> <span class='ocrx_word' id='word_1_191' title='bbox 2817 1763 3066 1838; x_wconf 87' lang='lat' dir='ltr'>apostoli</span> <span class='ocrx_word' id='word_1_192' title='bbox 3125 1782 3193 1820; x_wconf 81' lang='lat' dir='ltr'>ex</span> <span class='ocrx_word' id='word_1_193' title='bbox 3250 1782 3393 1820; x_wconf 89' lang='lat' dir='ltr'>auro</span> <span class='ocrx_word' id='word_1_194' title='bbox 3453 1763 3786 1838; x_wconf 90' lang='lat' dir='ltr'>purissimo</span> 
     </span>
    </p>
   </div>
   <div class='ocr_carea' id='block_1_16' title="bbox 489 1860 3785 1962">
    <p class='ocr_par' dir='ltr' id='par_1_16' title="bbox 489 1860 3785 1962">
     <span class='ocr_line' id='line_1_16' title="bbox 489 1860 3785 1962; baseline -0.01 -14"><span class='ocrx_word' id='word_1_195' title='bbox 489 1887 806 1962; x_wconf 85' lang='lat' dir='ltr'>imaginem</span> <span class='ocrx_word' id='word_1_196' title='bbox 840 1884 900 1939; x_wconf 92' lang='lat' dir='ltr'>in</span> <span class='ocrx_word' id='word_1_197' title='bbox 923 1881 1166 1937; x_wconf 90' lang='lat' dir='ltr'>modum</span> <span class='ocrx_word' id='word_1_198' title='bbox 1188 1872 1637 1948; x_wconf 84' lang='lat' dir='ltr'>Evangeliorum</span> <span class='ocrx_word' id='word_1_199' title='bbox 1667 1870 1830 1926; x_wconf 89' lang='lat' dir='ltr'>intus</span> <span class='ocrx_word' id='word_1_200' title='bbox 1853 1885 2030 1942; x_wconf 88' lang='lat' dir='ltr'>super</span> <span class='ocrx_word' id='word_1_201' title='bbox 2051 1867 2318 1940; x_wconf 83' lang='lat' dir='ltr'>ejusdem</span> <span class='ocrx_word' id='word_1_202' title='bbox 2337 1863 2804 1922; x_wconf 89' lang='lat' dir='ltr'>sacratissimum</span> <span class='ocrx_word' id='word_1_203' title='bbox 2830 1880 3064 1936; x_wconf 89' lang='lat' dir='ltr'>corpus,</span> <span class='ocrx_word' id='word_1_204' title='bbox 3086 1879 3332 1936; x_wconf 87' lang='lat' dir='ltr'>pensan.</span> <span class='ocrx_word' id='word_1_205' title='bbox 3350 1861 3530 1918; x_wconf 90' lang='lat' dir='ltr'>libras</span> <span class='ocrx_word' id='word_1_206' title='bbox 3548 1860 3785 1934; x_wconf 84' lang='lat' dir='ltr'>viginti.</span> 
     </span>
    </p>
   </div>
   <div class='ocr_carea' id='block_1_17' title="bbox 563 1960 3789 2045">
    <p class='ocr_par' dir='ltr' id='par_1_17' title="bbox 563 1960 3789 2045">
     <span class='ocr_line' id='line_1_17' title="bbox 563 1960 3789 2045; baseline -0.01 -1"><span class='ocrx_word' id='word_1_207' title='bbox 563 1987 712 2045; x_wconf 73' lang='lat'>351</span> <span class='ocrx_word' id='word_1_208' title='bbox 760 1985 918 2039; x_wconf 87' lang='lat' dir='ltr'>Idem</span> <span class='ocrx_word' id='word_1_209' title='bbox 949 1996 1080 2035; x_wconf 91' lang='lat' dir='ltr'>vero</span> <span class='ocrx_word' id='word_1_210' title='bbox 1113 1974 1378 2032; x_wconf 83' lang='lat' dir='ltr'>omnium</span> <span class='ocrx_word' id='word_1_211' title='bbox 1398 1974 1685 2028; x_wconf 91' lang='lat' dir='ltr'>bonorum</span> <span class='ocrx_word' id='word_1_212' title='bbox 1704 1968 2035 2042; x_wconf 61' lang='lat' dir='ltr'>principuus</span> <span class='ocrx_word' id='word_1_213' title='bbox 2057 1963 2271 2038; x_wconf 68' lang='lat' dir='ltr'>praesul</span> <span class='ocrx_word' id='word_1_214' title='bbox 2295 1982 2327 2020; x_wconf 91' lang='lat' dir='ltr'>a</span> <span class='ocrx_word' id='word_1_215' title='bbox 2349 1980 2494 2019; x_wconf 91' lang='lat' dir='ltr'>novo</span> <span class='ocrx_word' id='word_1_216' title='bbox 2515 1961 2805 2018; x_wconf 85' lang='lat' dir='ltr'>dedicavit</span> <span class='ocrx_word' id='word_1_217' title='bbox 2827 1966 3000 2036; x_wconf 88' lang='lat' dir='ltr'>atque</span> <span class='ocrx_word' id='word_1_218' title='bbox 3017 1960 3325 2017; x_wconf 89' lang='lat' dir='ltr'>constituit</span> <span class='ocrx_word' id='word_1_219' title='bbox 3349 1961 3789 2020; x_wconf 76' lang='lat' dir='ltr'>monasterium</span> 
     </span>
    </p>
   </div>
   <div class='ocr_carea' id='block_1_18' title="bbox 492 2059 3792 2148">
    <p class='ocr_par' dir='ltr' id='par_1_18' title="bbox 492 2059 3792 2148">
     <span class='ocr_line' id='line_1_18' title="bbox 492 2059 3792 2148; baseline -0.009 -3"><span class='ocrx_word' id='word_1_220' title='bbox 492 2090 829 2146; x_wconf 88' lang='lat' dir='ltr'>sanctorum</span> <span class='ocrx_word' id='word_1_221' title='bbox 850 2077 1088 2135; x_wconf 88' lang='lat' dir='ltr'>Adriani</span> <span class='ocrx_word' id='word_1_222' title='bbox 1105 2080 1280 2148; x_wconf 91' lang='lat' dir='ltr'>atque</span> <span class='ocrx_word' id='word_1_223' title='bbox 1304 2069 1597 2128; x_wconf 86' lang='lat' dir='ltr'>Laurentii</span> <span class='ocrx_word' id='word_1_224' title='bbox 1609 2067 1785 2141; x_wconf 89' lang='lat' dir='ltr'>,quod</span> <span class='ocrx_word' id='word_1_225' title='bbox 1808 2067 1868 2120; x_wconf 91' lang='lat' dir='ltr'>in</span> <span class='ocrx_word' id='word_1_226' title='bbox 1886 2064 2075 2120; x_wconf 91' lang='lat' dir='ltr'>ruinis</span> <span class='ocrx_word' id='word_1_227' title='bbox 2091 2063 2484 2120; x_wconf 87' lang='lat' dir='ltr'>marcescebat</span> <span class='ocrx_word' id='word_1_228' title='bbox 2498 2079 2531 2116; x_wconf 92' lang='lat' dir='ltr'>a</span> <span class='ocrx_word' id='word_1_229' title='bbox 2545 2060 2755 2132; x_wconf 89' lang='lat' dir='ltr'>priscis</span> <span class='ocrx_word' id='word_1_230' title='bbox 2767 2059 3218 2134; x_wconf 88' lang='lat' dir='ltr'>temporibus,et</span> <span class='ocrx_word' id='word_1_231' title='bbox 3233 2063 3517 2132; x_wconf 87' lang='lat' dir='ltr'>tanquam</span> <span class='ocrx_word' id='word_1_232' title='bbox 3531 2064 3740 2132; x_wconf 81' lang='lat' dir='ltr'>crypta</span> <span class='ocrx_word' id='word_1_233' title='bbox 3752 2076 3792 2114; x_wconf 84' lang='lat' dir='ltr'>a</span> 
     </span>
    </p>
   </div>
   <div class='ocr_carea' id='block_1_19' title="bbox 495 2157 3789 2242">
    <p class='ocr_par' dir='ltr' id='par_1_19' title="bbox 495 2157 3789 2242">
     <span class='ocr_line' id='line_1_19' title="bbox 495 2157 3789 2242; baseline -0.009 0"><span class='ocrx_word' id='word_1_234' title='bbox 495 2183 878 2242; x_wconf 73' lang='lat' dir='ltr'>smcularibus</span> <span class='ocrx_word' id='word_1_235' title='bbox 901 2173 1366 2232; x_wconf 88' lang='lat' dir='ltr'>inhabitabatur.</span> <span class='ocrx_word' id='word_1_236' title='bbox 1393 2169 1522 2242; x_wconf 90' lang='lat' dir='ltr'>Ipse</span> <span class='ocrx_word' id='word_1_237' title='bbox 1541 2185 1674 2224; x_wconf 90' lang='lat' dir='ltr'>vero</span> <span class='ocrx_word' id='word_1_238' title='bbox 1706 2163 1977 2238; x_wconf 88' lang='lat' dir='ltr'>egregius</span> <span class='ocrx_word' id='word_1_239' title='bbox 2007 2161 2256 2218; x_wconf 86' lang='lat' dir='ltr'>antistes</span> <span class='ocrx_word' id='word_1_240' title='bbox 2271 2173 2462 2216; x_wconf 86' lang='lat' dir='ltr'>anovo</span> <span class='ocrx_word' id='word_1_241' title='bbox 2477 2159 2534 2214; x_wconf 90' lang='lat' dir='ltr'>id</span> <span class='ocrx_word' id='word_1_242' title='bbox 2553 2158 2898 2214; x_wconf 82' lang='lat' dir='ltr'>restauravit</span> <span class='ocrx_word' id='word_1_243' title='bbox 2913 2159 2970 2213; x_wconf 89' lang='lat' dir='ltr'>in</span> <span class='ocrx_word' id='word_1_244' title='bbox 2985 2157 3392 2230; x_wconf 71' lang='lat' dir='ltr'>praedictorum</span> <span class='ocrx_word' id='word_1_245' title='bbox 3414 2163 3789 2228; x_wconf 85' lang='lat' dir='ltr'>sanctorum,</span> 
     </span>
    </p>
   </div>
   <div class='ocr_carea' id='block_1_20' title="bbox 494 2257 3794 2341">
    <p class='ocr_par' dir='ltr' id='par_1_20' title="bbox 494 2257 3794 2341">
     <span class='ocr_line' id='line_1_20' title="bbox 494 2257 3794 2341; baseline -0.009 0"><span class='ocrx_word' id='word_1_246' title='bbox 494 2283 766 2341; x_wconf 87' lang='lat' dir='ltr'>videlicet</span> <span class='ocrx_word' id='word_1_247' title='bbox 794 2273 1034 2334; x_wconf 87' lang='lat' dir='ltr'>Adriani</span> <span class='ocrx_word' id='word_1_248' title='bbox 1065 2276 1121 2328; x_wconf 92' lang='lat' dir='ltr'>et</span> <span class='ocrx_word' id='word_1_249' title='bbox 1154 2267 1470 2336; x_wconf 90' lang='lat' dir='ltr'>Laurentii,</span> <span class='ocrx_word' id='word_1_250' title='bbox 1505 2265 1766 2332; x_wconf 89' lang='lat' dir='ltr'>nomine,</span> <span class='ocrx_word' id='word_1_251' title='bbox 1796 2263 1855 2316; x_wconf 92' lang='lat' dir='ltr'>in</span> <span class='ocrx_word' id='word_1_252' title='bbox 1887 2277 2004 2334; x_wconf 92' lang='lat' dir='ltr'>quo</span> <span class='ocrx_word' id='word_1_253' title='bbox 2035 2263 2092 2315; x_wconf 89' lang='lat' dir='ltr'>et</span> <span class='ocrx_word' id='word_1_254' title='bbox 2123 2257 2313 2314; x_wconf 89' lang='lat' dir='ltr'>multa</span> <span class='ocrx_word' id='word_1_255' title='bbox 2343 2257 2581 2314; x_wconf 89' lang='lat' dir='ltr'>donavit</span> <span class='ocrx_word' id='word_1_256' title='bbox 2611 2261 2732 2313; x_wconf 90' lang='lat' dir='ltr'>tam</span> <span class='ocrx_word' id='word_1_257' title='bbox 2765 2258 2824 2312; x_wconf 92' lang='lat' dir='ltr'>in</span> <span class='ocrx_word' id='word_1_258' title='bbox 2857 2273 2998 2312; x_wconf 87' lang='lat' dir='ltr'>auro</span> <span class='ocrx_word' id='word_1_259' title='bbox 3030 2273 3326 2329; x_wconf 88' lang='lat' dir='ltr'>quamque</span> <span class='ocrx_word' id='word_1_260' title='bbox 3348 2262 3405 2313; x_wconf 91' lang='lat' dir='ltr'>et</span> <span class='ocrx_word' id='word_1_261' title='bbox 3433 2257 3490 2312; x_wconf 94' lang='lat' dir='ltr'>in</span> <span class='ocrx_word' id='word_1_262' title='bbox 3514 2261 3794 2330; x_wconf 87' lang='lat' dir='ltr'>argento,</span> 
     </span>
    </p>
   </div>
   <div class='ocr_carea' id='block_1_21' title="bbox 425 2353 3798 2450">
    <p class='ocr_par' dir='ltr' id='par_1_21' title="bbox 425 2353 3798 2450">
     <span class='ocr_line' id='line_1_21' title="bbox 425 2353 3798 2450; baseline -0.009 -8"><span class='ocrx_word' id='word_1_263' title='bbox 425 2389 460 2440; x_wconf 87' lang='grc'><strong>5</strong></span> <span class='ocrx_word' id='word_1_264' title='bbox 500 2401 602 2441; x_wconf 75' lang='lat' dir='ltr'>.eu</span> <span class='ocrx_word' id='word_1_265' title='bbox 633 2381 694 2435; x_wconf 91' lang='lat' dir='ltr'>in</span> <span class='ocrx_word' id='word_1_266' title='bbox 728 2375 885 2450; x_wconf 84' lang='lat' dir='ltr'>agris</span> <span class='ocrx_word' id='word_1_267' title='bbox 915 2377 1091 2443; x_wconf 90' lang='lat' dir='ltr'>atque</span> <span class='ocrx_word' id='word_1_268' title='bbox 1117 2367 1178 2422; x_wconf 90' lang='lat' dir='ltr'>in</span> <span class='ocrx_word' id='word_1_269' title='bbox 1211 2363 1452 2422; x_wconf 75' lang='lat' dir='ltr'>familiis</span> <span class='ocrx_word' id='word_1_270' title='bbox 1479 2360 1843 2431; x_wconf 88' lang='lat' dir='ltr'>diversisque</span> <span class='ocrx_word' id='word_1_271' title='bbox 1873 2357 2120 2432; x_wconf 90' lang='lat' dir='ltr'>peculiis</span> <span class='ocrx_word' id='word_1_272' title='bbox 2149 2355 2446 2428; x_wconf 90' lang='lat' dir='ltr'>simulque</span> <span class='ocrx_word' id='word_1_273' title='bbox 2470 2359 2528 2411; x_wconf 90' lang='lat' dir='ltr'>et</span> <span class='ocrx_word' id='word_1_274' title='bbox 2556 2372 2625 2411; x_wconf 83' lang='lat' dir='ltr'>ex</span> <span class='ocrx_word' id='word_1_275' title='bbox 2657 2353 2993 2410; x_wconf 89' lang='lat' dir='ltr'>mobilibus.</span> <span class='ocrx_word' id='word_1_276' title='bbox 3017 2355 3086 2409; x_wconf 90' lang='lat' dir='ltr'>Et</span> <span class='ocrx_word' id='word_1_277' title='bbox 3115 2354 3419 2411; x_wconf 88' lang='lat' dir='ltr'>constituit</span> <span class='ocrx_word' id='word_1_278' title='bbox 3449 2355 3510 2411; x_wconf 90' lang='lat' dir='ltr'>in</span> <span class='ocrx_word' id='word_1_279' title='bbox 3537 2355 3798 2412; x_wconf 82' lang='lat' dir='ltr'>basilica</span> 
     </span>
    </p>
   </div>
   <div class='ocr_carea' id='block_1_22' title="bbox 507 2451 3798 2536">
    <p class='ocr_par' dir='ltr' id='par_1_22' title="bbox 507 2451 3798 2536">
     <span class='ocr_line' id='line_1_22' title="bbox 507 2451 3798 2536; baseline -0.008 0"><span class='ocrx_word' id='word_1_280' title='bbox 507 2482 720 2536; x_wconf 81' lang='lat' dir='ltr'>sanctae</span> <span class='ocrx_word' id='word_1_281' title='bbox 745 2473 844 2530; x_wconf 88' lang='lat' dir='ltr'>Dei</span> <span class='ocrx_word' id='word_1_282' title='bbox 870 2465 1180 2526; x_wconf 88' lang='lat' dir='ltr'>Genitricis</span> <span class='ocrx_word' id='word_1_283' title='bbox 1193 2477 1539 2533; x_wconf 87' lang='lat' dir='ltr'>semperque</span> <span class='ocrx_word' id='word_1_284' title='bbox 1551 2457 1794 2531; x_wconf 90' lang='lat' dir='ltr'>virginis</span> <span class='ocrx_word' id='word_1_285' title='bbox 1807 2454 1999 2511; x_wconf 63' lang='lat' dir='ltr'>Mariae</span> <span class='ocrx_word' id='word_1_286' title='bbox 2013 2455 2084 2510; x_wconf 92' lang='lat' dir='ltr'>ad</span> <span class='ocrx_word' id='word_1_287' title='bbox 2113 2451 2525 2526; x_wconf 81' lang='lat' dir='ltr'>Praesepe,etin</span> <span class='ocrx_word' id='word_1_288' title='bbox 2549 2451 2770 2508; x_wconf 64' lang='lat' dir='ltr'>caeteris</span> <span class='ocrx_word' id='word_1_289' title='bbox 2795 2451 3403 2508; x_wconf 89' lang='lat' dir='ltr'>monasteriisibidem</span> <span class='ocrx_word' id='word_1_290' title='bbox 3418 2454 3798 2522; x_wconf 85' lang='lat' dir='ltr'>constitutis,</span> 
     </span>
    </p>
   </div>
   <div class='ocr_carea' id='block_1_23' title="bbox 506 2549 3799 2638">
    <p class='ocr_par' dir='ltr' id='par_1_23' title="bbox 506 2549 3799 2638">
     <span class='ocr_line' id='line_1_23' title="bbox 506 2549 3799 2638; baseline -0.008 -5"><span class='ocrx_word' id='word_1_291' title='bbox 506 2580 622 2635; x_wconf 91' lang='lat' dir='ltr'>Deo</span> <span class='ocrx_word' id='word_1_292' title='bbox 653 2573 746 2630; x_wconf 90' lang='lat' dir='ltr'>die</span> <span class='ocrx_word' id='word_1_293' title='bbox 777 2573 1069 2638; x_wconf 88' lang='lat' dir='ltr'>noctuque</span> <span class='ocrx_word' id='word_1_294' title='bbox 1098 2565 1374 2618; x_wconf 90' lang='lat' dir='ltr'>canentes</span> <span class='ocrx_word' id='word_1_295' title='bbox 1404 2556 1606 2614; x_wconf 89' lang='lat' dir='ltr'>solitas</span> <span class='ocrx_word' id='word_1_296' title='bbox 1629 2557 1820 2611; x_wconf 86' lang='lat' dir='ltr'>dicere</span> <span class='ocrx_word' id='word_1_297' title='bbox 1843 2553 2065 2610; x_wconf 89' lang='lat' dir='ltr'>laudes.</span> <span class='ocrx_word' id='word_1_298' title='bbox 2093 2551 2246 2608; x_wconf 77' lang='lat' dir='ltr'>Fecit</span> <span class='ocrx_word' id='word_1_299' title='bbox 2275 2552 2490 2606; x_wconf 88' lang='lat' dir='ltr'>ibidem</span> <span class='ocrx_word' id='word_1_300' title='bbox 2523 2567 2821 2623; x_wconf 77' lang='lat' dir='ltr'>praesagus</span> <span class='ocrx_word' id='word_1_301' title='bbox 2863 2549 3108 2605; x_wconf 86' lang='lat' dir='ltr'>antistes</span> <span class='ocrx_word' id='word_1_302' title='bbox 3141 2549 3199 2604; x_wconf 89' lang='lat' dir='ltr'>in</span> <span class='ocrx_word' id='word_1_303' title='bbox 3227 2551 3596 2607; x_wconf 84' lang='lat' dir='ltr'>confessione</span> <span class='ocrx_word' id='word_1_304' title='bbox 3628 2553 3799 2610; x_wconf 75' lang='lat' dir='ltr'>beati</span> 
     </span>
    </p>
   </div>
   <div class='ocr_carea' id='block_1_24' title="bbox 506 2645 3802 2736">
    <p class='ocr_par' dir='ltr' id='par_1_24' title="bbox 506 2645 3802 2736">
     <span class='ocr_line' id='line_1_24' title="bbox 506 2645 3802 2736; baseline -0.011 -5"><span class='ocrx_word' id='word_1_305' title='bbox 506 2667 804 2732; x_wconf 90' lang='lat' dir='ltr'>Laurentii</span> <span class='ocrx_word' id='word_1_306' title='bbox 835 2660 1110 2736; x_wconf 79' lang='lat' dir='ltr'>martyris</span> <span class='ocrx_word' id='word_1_307' title='bbox 1141 2658 1282 2715; x_wconf 89' lang='lat' dir='ltr'>foris</span> <span class='ocrx_word' id='word_1_308' title='bbox 1312 2671 1551 2712; x_wconf 89' lang='lat' dir='ltr'>murum</span> <span class='ocrx_word' id='word_1_309' title='bbox 1583 2651 1899 2725; x_wconf 89' lang='lat' dir='ltr'>imaginem</span> <span class='ocrx_word' id='word_1_310' title='bbox 1917 2668 2138 2707; x_wconf 83' lang='lat' dir='ltr'>exauro</span> <span class='ocrx_word' id='word_1_311' title='bbox 2161 2647 2478 2723; x_wconf 91' lang='lat' dir='ltr'>purissimo</span> <span class='ocrx_word' id='word_1_312' title='bbox 2507 2647 2567 2703; x_wconf 90' lang='lat' dir='ltr'>in</span> <span class='ocrx_word' id='word_1_313' title='bbox 2591 2647 2832 2703; x_wconf 90' lang='lat' dir='ltr'>modum</span> <span class='ocrx_word' id='word_1_314' title='bbox 2863 2645 3612 2719; x_wconf 84' lang='lat' dir='ltr'>Evangeliorum,ejusdem</span> <span class='ocrx_word' id='word_1_315' title='bbox 3629 2651 3802 2707; x_wconf 70' lang='lat' dir='ltr'>beati</span> 
     </span>
    </p>
   </div>
   <div class='ocr_carea' id='block_1_25' title="bbox 507 2745 2552 2834">
    <p class='ocr_par' dir='ltr' id='par_1_25' title="bbox 507 2745 2552 2834">
     <span class='ocr_line' id='line_1_25' title="bbox 507 2745 2552 2834; baseline -0.014 -5"><span class='ocrx_word' id='word_1_316' title='bbox 507 2765 806 2830; x_wconf 89' lang='lat' dir='ltr'>Laurentii</span> <span class='ocrx_word' id='word_1_317' title='bbox 837 2762 1062 2834; x_wconf 79' lang='lat' dir='ltr'>effigies</span> <span class='ocrx_word' id='word_1_318' title='bbox 1092 2755 1510 2822; x_wconf 89' lang='lat' dir='ltr'>continentem,</span> <span class='ocrx_word' id='word_1_319' title='bbox 1544 2769 1669 2825; x_wconf 70' lang='lat' dir='ltr'>qum</span> <span class='ocrx_word' id='word_1_320' title='bbox 1701 2767 1942 2824; x_wconf 89' lang='lat' dir='ltr'>pensan.</span> <span class='ocrx_word' id='word_1_321' title='bbox 1979 2747 2159 2804; x_wconf 90' lang='lat' dir='ltr'>libras</span> <span class='ocrx_word' id='word_1_322' title='bbox 2191 2745 2552 2820; x_wconf 89' lang='lat' dir='ltr'>quindecim.</span> 
     </span>
    </p>
   </div>
   <div class='ocr_carea' id='block_1_26' title="bbox 577 2840 3805 2926">
    <p class='ocr_par' dir='ltr' id='par_1_26' title="bbox 577 2840 3805 2926">
     <span class='ocr_line' id='line_1_26' title="bbox 577 2840 3805 2926; baseline -0.009 0"><span class='ocrx_word' id='word_1_323' title='bbox 577 2867 732 2926; x_wconf 74' lang='lat'><strong>352</strong></span> <span class='ocrx_word' id='word_1_324' title='bbox 771 2868 836 2918; x_wconf 92' lang='lat' dir='ltr'>In</span> <span class='ocrx_word' id='word_1_325' title='bbox 868 2857 1114 2918; x_wconf 89' lang='lat' dir='ltr'>ecclesia</span> <span class='ocrx_word' id='word_1_326' title='bbox 1141 2873 1275 2911; x_wconf 89' lang='lat' dir='ltr'>vero</span> <span class='ocrx_word' id='word_1_327' title='bbox 1305 2849 1644 2916; x_wconf 89' lang='lat' dir='ltr'>Salvatoris,</span> <span class='ocrx_word' id='word_1_328' title='bbox 1672 2865 1799 2920; x_wconf 66' lang='lat' dir='ltr'>quae</span> <span class='ocrx_word' id='word_1_329' title='bbox 1820 2851 2062 2904; x_wconf 88' lang='lat' dir='ltr'>vocatur</span> <span class='ocrx_word' id='word_1_330' title='bbox 2091 2843 2599 2912; x_wconf 85' lang='lat' dir='ltr'>Constantiniana,</span> <span class='ocrx_word' id='word_1_331' title='bbox 2629 2842 2766 2898; x_wconf 87' lang='lat' dir='ltr'>fecit</span> <span class='ocrx_word' id='word_1_332' title='bbox 2785 2847 2922 2898; x_wconf 90' lang='lat' dir='ltr'>ante</span> <span class='ocrx_word' id='word_1_333' title='bbox 2950 2840 3307 2898; x_wconf 88' lang='lat' dir='ltr'>vestibulum</span> <span class='ocrx_word' id='word_1_334' title='bbox 3341 2840 3545 2900; x_wconf 89' lang='lat' dir='ltr'>altaris</span> <span class='ocrx_word' id='word_1_335' title='bbox 3576 2861 3805 2904; x_wconf 78' lang='lat' dir='ltr'>aureas</span> 
     </span>
    </p>
   </div>
   <div class='ocr_carea' id='block_1_27' title="bbox 503 2939 3809 3038">
    <p class='ocr_par' dir='ltr' id='par_1_27' title="bbox 503 2939 3809 3038">
     <span class='ocr_line' id='line_1_27' title="bbox 503 2939 3809 3038; baseline -0.009 -14"><span class='ocrx_word' id='word_1_336' title='bbox 503 2975 624 3026; x_wconf 87' lang='lat' dir='ltr'>tres</span> <span class='ocrx_word' id='word_1_337' title='bbox 657 2963 920 3038; x_wconf 83' lang='lat' dir='ltr'>gabatas,</span> <span class='ocrx_word' id='word_1_338' title='bbox 950 2963 1192 3028; x_wconf 85' lang='lat' dir='ltr'>pensan.</span> <span class='ocrx_word' id='word_1_339' title='bbox 1226 2951 1406 3008; x_wconf 90' lang='lat' dir='ltr'>libras</span> <span class='ocrx_word' id='word_1_340' title='bbox 1441 2950 1662 3005; x_wconf 90' lang='lat' dir='ltr'>decem.</span> <span class='ocrx_word' id='word_1_341' title='bbox 1697 2945 1808 3001; x_wconf 89' lang='lat' dir='ltr'>Sed</span> <span class='ocrx_word' id='word_1_342' title='bbox 1839 2949 1896 3000; x_wconf 92' lang='lat' dir='ltr'>et</span> <span class='ocrx_word' id='word_1_343' title='bbox 1916 2945 1975 3000; x_wconf 93' lang='lat' dir='ltr'>in</span> <span class='ocrx_word' id='word_1_344' title='bbox 1998 2941 2241 3000; x_wconf 89' lang='lat' dir='ltr'>basilica</span> <span class='ocrx_word' id='word_1_345' title='bbox 2259 2942 2440 2998; x_wconf 64' lang='lat' dir='ltr'>beatae</span> <span class='ocrx_word' id='word_1_346' title='bbox 2466 2941 2562 2997; x_wconf 89' lang='lat' dir='ltr'>Dei</span> <span class='ocrx_word' id='word_1_347' title='bbox 2592 2939 2906 2998; x_wconf 90' lang='lat' dir='ltr'>Genitricis</span> <span class='ocrx_word' id='word_1_348' title='bbox 2929 2940 2999 2996; x_wconf 91' lang='lat' dir='ltr'>ad</span> <span class='ocrx_word' id='word_1_349' title='bbox 3024 2939 3284 3012; x_wconf 71' lang='lat' dir='ltr'>Praesepe</span> <span class='ocrx_word' id='word_1_350' title='bbox 3316 2939 3450 2996; x_wconf 89' lang='lat' dir='ltr'>fecit</span> <span class='ocrx_word' id='word_1_351' title='bbox 3479 2940 3809 3016; x_wconf 83' lang='lat' dir='ltr'>delphinos</span> 
     </span>
    </p>
   </div>
   <div class='ocr_carea' id='block_1_28' title="bbox 505 3037 3806 3141">
    <p class='ocr_par' dir='ltr' id='par_1_28' title="bbox 505 3037 3806 3141">
     <span class='ocr_line' id='line_1_28' title="bbox 505 3037 3806 3141; baseline -0.009 -17"><span class='ocrx_word' id='word_1_352' title='bbox 505 3067 812 3141; x_wconf 85' lang='lat' dir='ltr'>argenteos</span> <span class='ocrx_word' id='word_1_353' title='bbox 844 3074 947 3132; x_wconf 87' lang='lat' dir='ltr'>per</span> <span class='ocrx_word' id='word_1_354' title='bbox 977 3055 1239 3110; x_wconf 90' lang='lat' dir='ltr'>diversas</span> <span class='ocrx_word' id='word_1_355' title='bbox 1271 3065 1536 3116; x_wconf 87' lang='lat' dir='ltr'>coronas,</span> <span class='ocrx_word' id='word_1_356' title='bbox 1571 3062 1736 3118; x_wconf 87' lang='lat' dir='ltr'>pcns.</span> <span class='ocrx_word' id='word_1_357' title='bbox 1771 3042 1952 3100; x_wconf 88' lang='lat' dir='ltr'>libras</span> <span class='ocrx_word' id='word_1_358' title='bbox 1983 3041 2190 3116; x_wconf 89' lang='lat' dir='ltr'>viginti</span> <span class='ocrx_word' id='word_1_359' title='bbox 2213 3043 2484 3113; x_wconf 88' lang='lat' dir='ltr'>quatuor.</span> <span class='ocrx_word' id='word_1_360' title='bbox 2516 3037 3046 3094; x_wconf 66' lang='lat' dir='ltr'>Praestantissimus</span> <span class='ocrx_word' id='word_1_361' title='bbox 3077 3037 3235 3093; x_wconf 89' lang='lat' dir='ltr'>idem</span> <span class='ocrx_word' id='word_1_362' title='bbox 3267 3037 3520 3095; x_wconf 87' lang='lat' dir='ltr'>eximius</span> <span class='ocrx_word' id='word_1_363' title='bbox 3542 3041 3806 3100; x_wconf 80' lang='lat' dir='ltr'>antistes</span> 
     </span>
    </p>
   </div>
   <div class='ocr_carea' id='block_1_29' title="bbox 505 3134 3796 3224">
    <p class='ocr_par' dir='ltr' id='par_1_29' title="bbox 505 3134 3796 3224">
     <span class='ocr_line' id='line_1_29' title="bbox 505 3134 3796 3224; baseline -0.003 -17"><span class='ocrx_word' id='word_1_364' title='bbox 505 3134 640 3224; x_wconf 56' lang='grc' dir='ltr'>ί-οςῇι</span> <span class='ocrx_word' id='word_1_365' title='bbox 668 3163 729 3218; x_wconf 76' lang='lat' dir='ltr'>in</span> <span class='ocrx_word' id='word_1_366' title='bbox 760 3155 1005 3216; x_wconf 77' lang='lat' dir='ltr'>ecclesia</span> <span class='ocrx_word' id='word_1_367' title='bbox 1032 3150 1189 3207; x_wconf 86' lang='lat' dir='ltr'>beati</span> <span class='ocrx_word' id='word_1_368' title='bbox 1223 3148 1371 3206; x_wconf 84' lang='lat' dir='ltr'>Petri</span> <span class='ocrx_word' id='word_1_369' title='bbox 1406 3144 1655 3219; x_wconf 89' lang='lat' dir='ltr'>apostoli</span> <span class='ocrx_word' id='word_1_370' title='bbox 1687 3144 1758 3199; x_wconf 89' lang='lat' dir='ltr'>ad</span> <span class='ocrx_word' id='word_1_371' title='bbox 1792 3158 2006 3215; x_wconf 89' lang='lat' dir='ltr'>corpus</span> <span class='ocrx_word' id='word_1_372' title='bbox 2035 3139 2376 3212; x_wconf 89' lang='lat' dir='ltr'>imaginem,</span> <span class='ocrx_word' id='word_1_373' title='bbox 2413 3154 2539 3210; x_wconf 66' lang='lat' dir='ltr'>quae</span> <span class='ocrx_word' id='word_1_374' title='bbox 2569 3136 2794 3191; x_wconf 90' lang='lat' dir='ltr'>dudum</span> <span class='ocrx_word' id='word_1_375' title='bbox 2825 3149 2896 3192; x_wconf 62' lang='lat' dir='ltr'>ei</span> <span class='ocrx_word' id='word_1_376' title='bbox 2925 3138 3166 3208; x_wconf 88' lang='lat' dir='ltr'>argento</span> <span class='ocrx_word' id='word_1_377' title='bbox 3198 3134 3408 3208; x_wconf 84' lang='lat' dir='ltr'>inerat,</span> <span class='ocrx_word' id='word_1_378' title='bbox 3436 3136 3796 3209; x_wconf 89' lang='lat' dir='ltr'>Salvatoris,</span> 
     </span>
    </p>
   </div>
   <div class='ocr_carea' id='block_1_30' title="bbox 432 3233 3800 3326">
    <p class='ocr_par' dir='ltr' id='par_1_30' title="bbox 432 3233 3800 3326">
     <span class='ocr_line' id='line_1_30' title="bbox 432 3233 3800 3326; baseline -0.01 0"><span class='ocrx_word' id='word_1_379' title='bbox 432 3272 469 3326; x_wconf 86' lang='lat'>5</span> <span class='ocrx_word' id='word_1_380' title='bbox 506 3267 720 3324; x_wconf 76' lang='lat' dir='ltr'>sancta:</span> <span class='ocrx_word' id='word_1_381' title='bbox 750 3255 854 3314; x_wconf 92' lang='lat' dir='ltr'>Dei</span> <span class='ocrx_word' id='word_1_382' title='bbox 885 3249 1220 3318; x_wconf 89' lang='lat' dir='ltr'>Genitricis,</span> <span class='ocrx_word' id='word_1_383' title='bbox 1255 3249 1594 3304; x_wconf 90' lang='lat' dir='ltr'>sanctorum</span> <span class='ocrx_word' id='word_1_384' title='bbox 1625 3239 2025 3316; x_wconf 88' lang='lat' dir='ltr'>apostolorum</span> <span class='ocrx_word' id='word_1_385' title='bbox 2057 3235 2208 3294; x_wconf 90' lang='lat' dir='ltr'>Petri</span> <span class='ocrx_word' id='word_1_386' title='bbox 2241 3253 2308 3293; x_wconf 89' lang='lat' dir='ltr'>ac</span> <span class='ocrx_word' id='word_1_387' title='bbox 2339 3233 2504 3291; x_wconf 90' lang='lat' dir='ltr'>Pauli</span> <span class='ocrx_word' id='word_1_388' title='bbox 2534 3239 2710 3307; x_wconf 90' lang='lat' dir='ltr'>atque</span> <span class='ocrx_word' id='word_1_389' title='bbox 2741 3233 3094 3302; x_wconf 64' lang='lat' dir='ltr'>Andreas,de</span> <span class='ocrx_word' id='word_1_390' title='bbox 3111 3249 3253 3290; x_wconf 90' lang='lat' dir='ltr'>auro</span> <span class='ocrx_word' id='word_1_391' title='bbox 3284 3234 3601 3307; x_wconf 88' lang='lat' dir='ltr'>purissimo</span> <span class='ocrx_word' id='word_1_392' title='bbox 3623 3237 3800 3294; x_wconf 75' lang='lat' dir='ltr'>miras</span> 
     </span>
    </p>
   </div>
   <div class='ocr_carea' id='block_1_31' title="bbox 507 3343 1782 3435">
    <p class='ocr_par' dir='ltr' id='par_1_31' title="bbox 507 3343 1782 3435">
     <span class='ocr_line' id='line_1_31' title="bbox 507 3343 1782 3435; baseline -0.02 -14"><span class='ocrx_word' id='word_1_393' title='bbox 507 3353 956 3435; x_wconf 87' lang='lat' dir='ltr'>magnitudinis,</span> <span class='ocrx_word' id='word_1_394' title='bbox 991 3365 1233 3424; x_wconf 89' lang='lat' dir='ltr'>pcnsan.</span> <span class='ocrx_word' id='word_1_395' title='bbox 1265 3344 1448 3400; x_wconf 90' lang='lat' dir='ltr'>libras</span> <span class='ocrx_word' id='word_1_396' title='bbox 1479 3343 1782 3398; x_wconf 88' lang='lat' dir='ltr'>ducentas.</span> 
     </span>
    </p>
   </div>
   <div class='ocr_carea' id='block_1_32' title="bbox 579 3428 3794 3521">
    <p class='ocr_par' dir='ltr' id='par_1_32' title="bbox 579 3428 3794 3521">
     <span class='ocr_line' id='line_1_32' title="bbox 579 3428 3794 3521; baseline -0.009 -4"><span class='ocrx_word' id='word_1_397' title='bbox 579 3428 733 3518; x_wconf 50' lang='lat'>{£53</span> <span class='ocrx_word' id='word_1_398' title='bbox 773 3453 878 3511; x_wconf 84' lang='lat' dir='ltr'>Hic</span> <span class='ocrx_word' id='word_1_399' title='bbox 904 3445 1382 3521; x_wconf 88' lang='lat' dir='ltr'>elegantissimus</span> <span class='ocrx_word' id='word_1_400' title='bbox 1412 3438 1625 3514; x_wconf 65' lang='lat' dir='ltr'>prwsul</span> <span class='ocrx_word' id='word_1_401' title='bbox 1656 3443 1830 3511; x_wconf 90' lang='lat' dir='ltr'>atque</span> <span class='ocrx_word' id='word_1_402' title='bbox 1861 3433 2220 3492; x_wconf 86' lang='lat' dir='ltr'>fortissimus</span> <span class='ocrx_word' id='word_1_403' title='bbox 2270 3435 2438 3488; x_wconf 80' lang='lat' dir='ltr'>rectae</span> <span class='ocrx_word' id='word_1_404' title='bbox 2496 3428 2631 3486; x_wconf 84' lang='lat' dir='ltr'>fidei</span> <span class='ocrx_word' id='word_1_405' title='bbox 2690 3428 3034 3502; x_wconf 68' lang='lat' dir='ltr'>praedicator</span> <span class='ocrx_word' id='word_1_406' title='bbox 3089 3428 3300 3485; x_wconf 86' lang='lat' dir='ltr'>direxit</span> <span class='ocrx_word' id='word_1_407' title='bbox 3355 3429 3570 3487; x_wconf 89' lang='lat' dir='ltr'>missos</span> <span class='ocrx_word' id='word_1_408' title='bbox 3620 3449 3794 3504; x_wconf 88' lang='lat' dir='ltr'>suos,</span> 
     </span>
    </p>
   </div>
   <div class='ocr_carea' id='block_1_33' title="bbox 504 3525 3796 3624">
    <p class='ocr_par' dir='ltr' id='par_1_33' title="bbox 504 3525 3796 3624">
     <span class='ocr_line' id='line_1_33' title="bbox 504 3525 3796 3624; baseline -0.001 -32"><span class='ocrx_word' id='word_1_409' title='bbox 504 3557 773 3618; x_wconf 57' lang='lat' dir='ltr'>videlicet</span> <span class='ocrx_word' id='word_1_410' title='bbox 801 3548 1208 3624; x_wconf 87' lang='lat' dir='ltr'>presbyterum</span> <span class='ocrx_word' id='word_1_411' title='bbox 1240 3543 1476 3598; x_wconf 88' lang='lat' dir='ltr'>Petrum</span> <span class='ocrx_word' id='word_1_412' title='bbox 1507 3539 1721 3596; x_wconf 66' lang='lat' dir='ltr'>sancta)</span> <span class='ocrx_word' id='word_1_413' title='bbox 1756 3535 2030 3591; x_wconf 70' lang='lat' dir='ltr'>Romana:</span> <span class='ocrx_word' id='word_1_414' title='bbox 2059 3530 2350 3597; x_wconf 68' lang='lat' dir='ltr'>Ecclesiae,</span> <span class='ocrx_word' id='word_1_415' title='bbox 2371 3535 2428 3586; x_wconf 91' lang='lat' dir='ltr'>et</span> <span class='ocrx_word' id='word_1_416' title='bbox 2447 3529 2682 3586; x_wconf 90' lang='lat' dir='ltr'>Petrum</span> <span class='ocrx_word' id='word_1_417' title='bbox 2714 3525 3055 3600; x_wconf 87' lang='lat' dir='ltr'>religiosum</span> <span class='ocrx_word' id='word_1_418' title='bbox 3087 3527 3361 3584; x_wconf 90' lang='lat' dir='ltr'>abbatem</span> <span class='ocrx_word' id='word_1_419' title='bbox 3391 3530 3796 3589; x_wconf 89' lang='lat' dir='ltr'>venerabilem</span> 
     </span>
    </p>
   </div>
   <div class='ocr_carea' id='block_1_34' title="bbox 505 3623 3800 3716">
    <p class='ocr_par' dir='ltr' id='par_1_34' title="bbox 505 3623 3800 3716">
     <span class='ocr_line' id='line_1_34' title="bbox 505 3623 3800 3716; baseline -0.01 0"><span class='ocrx_word' id='word_1_420' title='bbox 505 3623 848 3716; x_wconf 82' lang='lat' dir='ltr'>monasterii</span> <span class='ocrx_word' id='word_1_421' title='bbox 881 3645 1069 3704; x_wconf 90' lang='lat' dir='ltr'>sancti</span> <span class='ocrx_word' id='word_1_422' title='bbox 1099 3642 1286 3708; x_wconf 70' lang='lat' dir='ltr'>Sabae,</span> <span class='ocrx_word' id='word_1_423' title='bbox 1320 3637 1477 3711; x_wconf 92' lang='lat' dir='ltr'>quod</span> <span class='ocrx_word' id='word_1_424' title='bbox 1509 3635 1839 3710; x_wconf 91' lang='lat' dir='ltr'>appellatur</span> <span class='ocrx_word' id='word_1_425' title='bbox 1865 3631 2021 3690; x_wconf 85' lang='lat' dir='ltr'>Cella</span> <span class='ocrx_word' id='word_1_426' title='bbox 2048 3631 2225 3696; x_wconf 89' lang='lat' dir='ltr'>Nova,</span> <span class='ocrx_word' id='word_1_427' title='bbox 2259 3630 2330 3685; x_wconf 89' lang='lat' dir='ltr'>ad</span> <span class='ocrx_word' id='word_1_428' title='bbox 2363 3628 2779 3701; x_wconf 88' lang='lat' dir='ltr'>imperatorem</span> <span class='ocrx_word' id='word_1_429' title='bbox 2809 3623 3260 3682; x_wconf 89' lang='lat' dir='ltr'>Constantinum</span> <span class='ocrx_word' id='word_1_430' title='bbox 3294 3629 3352 3682; x_wconf 89' lang='lat' dir='ltr'>et</span> <span class='ocrx_word' id='word_1_431' title='bbox 3383 3631 3627 3683; x_wconf 88' lang='lat' dir='ltr'>matrem</span> <span class='ocrx_word' id='word_1_432' title='bbox 3658 3629 3800 3700; x_wconf 88' lang='lat' dir='ltr'>ejus</span> 
     </span>
    </p>
   </div>
   <div class='ocr_carea' id='block_1_35' title="bbox 507 3722 3801 3818">
    <p class='ocr_par' dir='ltr' id='par_1_35' title="bbox 507 3722 3801 3818">
     <span class='ocr_line' id='line_1_35' title="bbox 507 3722 3801 3818; baseline -0.012 -3"><span class='ocrx_word' id='word_1_433' title='bbox 507 3760 758 3818; x_wconf 90' lang='lat' dir='ltr'>Irenam,</span> <span class='ocrx_word' id='word_1_434' title='bbox 790 3747 1110 3804; x_wconf 88' lang='lat' dir='ltr'>adhortans</span> <span class='ocrx_word' id='word_1_435' title='bbox 1141 3757 1239 3797; x_wconf 88' lang='lat' dir='ltr'>eos</span> <span class='ocrx_word' id='word_1_436' title='bbox 1267 3743 1442 3810; x_wconf 91' lang='lat' dir='ltr'>atque</span> <span class='ocrx_word' id='word_1_437' title='bbox 1475 3733 1724 3790; x_wconf 81' lang='lat' dir='ltr'>fideliter</span> <span class='ocrx_word' id='word_1_438' title='bbox 1753 3730 2079 3804; x_wconf 80' lang='lat' dir='ltr'>praedicans</span> <span class='ocrx_word' id='word_1_439' title='bbox 2111 3745 2215 3802; x_wconf 90' lang='lat' dir='ltr'>per</span> <span class='ocrx_word' id='word_1_440' title='bbox 2246 3744 2386 3784; x_wconf 89' lang='lat' dir='ltr'>suas</span> <span class='ocrx_word' id='word_1_441' title='bbox 2416 3723 2769 3798; x_wconf 89' lang='lat' dir='ltr'>apostolicas</span> <span class='ocrx_word' id='word_1_442' title='bbox 2817 3722 3045 3779; x_wconf 87' lang='lat' dir='ltr'>litteras</span> <span class='ocrx_word' id='word_1_443' title='bbox 3075 3739 3180 3796; x_wconf 91' lang='lat' dir='ltr'>pro</span> <span class='ocrx_word' id='word_1_444' title='bbox 3212 3723 3396 3780; x_wconf 89' lang='lat' dir='ltr'>sacris</span> <span class='ocrx_word' id='word_1_445' title='bbox 3427 3723 3801 3798; x_wconf 84' lang='lat' dir='ltr'>imaginibus</span> 
     </span>
    </p>
   </div>
   <div class='ocr_carea' id='block_1_36' title="bbox 434 3820 3801 3915">
    <p class='ocr_par' dir='ltr' id='par_1_36' title="bbox 434 3820 3801 3915">
     <span class='ocr_line' id='line_1_36' title="bbox 434 3820 3801 3915; baseline -0.014 0"><span class='ocrx_word' id='word_1_446' title='bbox 434 3862 470 3914; x_wconf 87' lang='grc'>5</span> <span class='ocrx_word' id='word_1_447' title='bbox 507 3853 879 3914; x_wconf 88' lang='lat' dir='ltr'>ercctionem,</span> <span class='ocrx_word' id='word_1_448' title='bbox 907 3839 1161 3915; x_wconf 87' lang='lat' dir='ltr'>qualiter</span> <span class='ocrx_word' id='word_1_449' title='bbox 1190 3854 1290 3910; x_wconf 88' lang='lat' dir='ltr'>per</span> <span class='ocrx_word' id='word_1_450' title='bbox 1321 3832 1658 3892; x_wconf 87' lang='lat' dir='ltr'>testimonia</span> <span class='ocrx_word' id='word_1_451' title='bbox 1680 3828 2112 3902; x_wconf 89' lang='lat' dir='ltr'>Scripturarum</span> <span class='ocrx_word' id='word_1_452' title='bbox 2139 3844 2241 3882; x_wconf 89' lang='lat' dir='ltr'>seu</span> <span class='ocrx_word' id='word_1_453' title='bbox 2260 3823 2636 3881; x_wconf 88' lang='lat' dir='ltr'>traditionem</span> <span class='ocrx_word' id='word_1_454' title='bbox 2671 3820 3065 3895; x_wconf 88' lang='lat' dir='ltr'>probabilium</span> <span class='ocrx_word' id='word_1_455' title='bbox 3097 3824 3336 3877; x_wconf 90' lang='lat' dir='ltr'>Patrum</span> <span class='ocrx_word' id='word_1_456' title='bbox 3360 3838 3394 3877; x_wconf 92' lang='lat' dir='ltr'>a</span> <span class='ocrx_word' id='word_1_457' title='bbox 3413 3821 3624 3894; x_wconf 87' lang='lat' dir='ltr'>priscis</span> <span class='ocrx_word' id='word_1_458' title='bbox 3645 3827 3801 3881; x_wconf 83' lang='lat' dir='ltr'>tem-</span> 
     </span>
    </p>
   </div>
   <div class='ocr_carea' id='block_1_37' title="bbox 504 3917 3794 4027">
    <p class='ocr_par' dir='ltr' id='par_1_37' title="bbox 504 3917 3794 4027">
     <span class='ocr_line' id='line_1_37' title="bbox 504 3917 3794 4027; baseline -0.009 -19"><span class='ocrx_word' id='word_1_459' title='bbox 504 3951 747 4027; x_wconf 90' lang='lat' dir='ltr'>poribus</span> <span class='ocrx_word' id='word_1_460' title='bbox 778 3957 966 4014; x_wconf 89' lang='lat' dir='ltr'>usque</span> <span class='ocrx_word' id='word_1_461' title='bbox 994 3940 1280 3994; x_wconf 86' lang='lat' dir='ltr'>hactenus</span> <span class='ocrx_word' id='word_1_462' title='bbox 1312 3932 1629 3989; x_wconf 80' lang='lat' dir='ltr'>orthodoxe</span> <span class='ocrx_word' id='word_1_463' title='bbox 1659 3930 2012 3984; x_wconf 89' lang='lat' dir='ltr'>venerantur</span> <span class='ocrx_word' id='word_1_464' title='bbox 2043 3925 2102 3981; x_wconf 93' lang='lat' dir='ltr'>in</span> <span class='ocrx_word' id='word_1_465' title='bbox 2136 3927 2340 3980; x_wconf 89' lang='lat' dir='ltr'>sancta</span> <span class='ocrx_word' id='word_1_466' title='bbox 2369 3919 2658 3978; x_wconf 87' lang='lat' dir='ltr'>catholica</span> <span class='ocrx_word' id='word_1_467' title='bbox 2687 3923 2744 3976; x_wconf 90' lang='lat' dir='ltr'>et</span> <span class='ocrx_word' id='word_1_468' title='bbox 2779 3917 3102 3992; x_wconf 89' lang='lat' dir='ltr'>apostolica</span> <span class='ocrx_word' id='word_1_469' title='bbox 3160 3919 3423 3975; x_wconf 83' lang='lat' dir='ltr'>Romana</span> <span class='ocrx_word' id='word_1_470' title='bbox 3481 3919 3750 3977; x_wconf 89' lang='lat' dir='ltr'>Ecclesia</span> <span class='ocrx_word' id='word_1_471' title='bbox 3778 3940 3794 3990; x_wconf 93' lang='lat'><strong>;</strong></span> 
     </span>
    </p>
   </div>
   <div class='ocr_carea' id='block_1_38' title="bbox 508 4016 3799 4124">
    <p class='ocr_par' dir='ltr' id='par_1_38' title="bbox 508 4016 3799 4124">
     <span class='ocr_line' id='line_1_38' title="bbox 508 4016 3799 4124; baseline -0.015 -18"><span class='ocrx_word' id='word_1_472' title='bbox 508 4016 660 4124; x_wconf 75' lang='lat' dir='ltr'>quod</span> <span class='ocrx_word' id='word_1_473' title='bbox 692 4041 914 4117; x_wconf 81' lang='lat' dir='ltr'>praefati</span> <span class='ocrx_word' id='word_1_474' title='bbox 944 4038 1348 4110; x_wconf 88' lang='lat' dir='ltr'>imperatores,</span> <span class='ocrx_word' id='word_1_475' title='bbox 1371 4029 1638 4086; x_wconf 89' lang='lat' dir='ltr'>eamdem</span> <span class='ocrx_word' id='word_1_476' title='bbox 1659 4028 2002 4083; x_wconf 88' lang='lat' dir='ltr'>venerantes</span> <span class='ocrx_word' id='word_1_477' title='bbox 2034 4028 2210 4096; x_wconf 87' lang='lat' dir='ltr'>atque</span> <span class='ocrx_word' id='word_1_478' title='bbox 2241 4017 2662 4094; x_wconf 81' lang='lat' dir='ltr'>amplectent&#39;es</span> <span class='ocrx_word' id='word_1_479' title='bbox 2695 4017 3078 4091; x_wconf 85' lang='lat' dir='ltr'>apostolicam</span> <span class='ocrx_word' id='word_1_480' title='bbox 3111 4016 3442 4090; x_wconf 78' lang='lat' dir='ltr'>epistolam,</span> <span class='ocrx_word' id='word_1_481' title='bbox 3473 4019 3799 4076; x_wconf 70' lang='lat' dir='ltr'>concilium</span> 
     </span>
    </p>
   </div>
   <div class='ocr_carea' id='block_1_39' title="bbox 508 4115 3802 4210">
    <p class='ocr_par' dir='ltr' id='par_1_39' title="bbox 508 4115 3802 4210">
     <span class='ocr_line' id='line_1_39' title="bbox 508 4115 3802 4210; baseline -0.009 -5"><span class='ocrx_word' id='word_1_482' title='bbox 508 4149 566 4205; x_wconf 90' lang='lat' dir='ltr'>in</span> <span class='ocrx_word' id='word_1_483' title='bbox 589 4146 780 4203; x_wconf 79' lang='lat' dir='ltr'>Nicaea</span> <span class='ocrx_word' id='word_1_484' title='bbox 801 4133 1139 4210; x_wconf 86' lang='lat' dir='ltr'>congregari</span> <span class='ocrx_word' id='word_1_485' title='bbox 1162 4133 1424 4188; x_wconf 87' lang='lat' dir='ltr'>fecerunt</span> <span class='ocrx_word' id='word_1_486' title='bbox 1438 4129 1835 4183; x_wconf 89' lang='lat' dir='ltr'>trecentorum</span> <span class='ocrx_word' id='word_1_487' title='bbox 1853 4119 2288 4196; x_wconf 87' lang='lat' dir='ltr'>quinquaginta</span> <span class='ocrx_word' id='word_1_488' title='bbox 2302 4117 2734 4191; x_wconf 89' lang='lat' dir='ltr'>episcoporum,</span> <span class='ocrx_word' id='word_1_489' title='bbox 2759 4115 2858 4188; x_wconf 91' lang='lat' dir='ltr'>qui</span> <span class='ocrx_word' id='word_1_490' title='bbox 2884 4115 3213 4172; x_wconf 89' lang='lat' dir='ltr'>secundum</span> <span class='ocrx_word' id='word_1_491' title='bbox 3237 4115 3564 4172; x_wconf 90' lang='lat' dir='ltr'>doctrinam</span> <span class='ocrx_word' id='word_1_492' title='bbox 3587 4118 3802 4190; x_wconf 59' lang='lat' dir='ltr'>pradi-</span> 
     </span>
    </p>
   </div>
   <div class='ocr_carea' id='block_1_40' title="bbox 507 4215 3794 4312">
    <p class='ocr_par' dir='ltr' id='par_1_40' title="bbox 507 4215 3794 4312">
     <span class='ocr_line' id='line_1_40' title="bbox 507 4215 3794 4312; baseline -0.012 -8"><span class='ocrx_word' id='word_1_493' title='bbox 507 4242 754 4304; x_wconf 91' lang='lat' dir='ltr'>cationis</span> <span class='ocrx_word' id='word_1_494' title='bbox 788 4233 1116 4312; x_wconf 78' lang='lat' dir='ltr'>apostolicae</span> <span class='ocrx_word' id='word_1_495' title='bbox 1149 4227 1404 4303; x_wconf 82' lang='lat' dir='ltr'>epistolae</span> <span class='ocrx_word' id='word_1_496' title='bbox 1455 4224 1737 4282; x_wconf 90' lang='lat' dir='ltr'>nimirum</span> <span class='ocrx_word' id='word_1_497' title='bbox 1785 4219 2179 4278; x_wconf 88' lang='lat' dir='ltr'>crediderunt.</span> <span class='ocrx_word' id='word_1_498' title='bbox 2213 4217 2283 4274; x_wconf 86' lang='lat' dir='ltr'>Hi</span> <span class='ocrx_word' id='word_1_499' title='bbox 2332 4215 2776 4289; x_wconf 85' lang='lat' dir='ltr'>promulgantes</span> <span class='ocrx_word' id='word_1_500' title='bbox 2833 4218 3193 4270; x_wconf 90' lang='lat' dir='ltr'>censuerunt</span> <span class='ocrx_word' id='word_1_501' title='bbox 3239 4217 3299 4270; x_wconf 89' lang='lat' dir='ltr'>et</span> <span class='ocrx_word' id='word_1_502' title='bbox 3344 4231 3448 4287; x_wconf 90' lang='lat' dir='ltr'>per</span> <span class='ocrx_word' id='word_1_503' title='bbox 3495 4215 3794 4288; x_wconf 82' lang='lat' dir='ltr'>synodum</span> 
     </span>
    </p>
   </div>
   <div class='ocr_carea' id='block_1_41' title="bbox 398 4312 3790 4407">
    <p class='ocr_par' dir='ltr' id='par_1_41' title="bbox 398 4312 3790 4407">
     <span class='ocr_line' id='line_1_41' title="bbox 398 4312 3790 4407; baseline -0.013 0"><span class='ocrx_word' id='word_1_504' title='bbox 398 4351 468 4407; x_wconf 82' lang='grc'>10</span> <span class='ocrx_word' id='word_1_505' title='bbox 506 4337 897 4404; x_wconf 88' lang='lat' dir='ltr'>universalem</span> <span class='ocrx_word' id='word_1_506' title='bbox 930 4330 1286 4389; x_wconf 83' lang='lat' dir='ltr'>definierunt</span> <span class='ocrx_word' id='word_1_507' title='bbox 1316 4321 1582 4382; x_wconf 91' lang='lat' dir='ltr'>unanimi</span> <span class='ocrx_word' id='word_1_508' title='bbox 1614 4319 1937 4378; x_wconf 88' lang='lat' dir='ltr'>assertione</span> <span class='ocrx_word' id='word_1_509' title='bbox 1968 4334 2071 4391; x_wconf 90' lang='lat' dir='ltr'>pro</span> <span class='ocrx_word' id='word_1_510' title='bbox 2104 4315 2462 4372; x_wconf 81' lang='lat' dir='ltr'>honorandis</span> <span class='ocrx_word' id='word_1_511' title='bbox 2491 4312 2851 4387; x_wconf 89' lang='lat' dir='ltr'>imaginibus</span> <span class='ocrx_word' id='word_1_512' title='bbox 2883 4312 3254 4368; x_wconf 88' lang='lat' dir='ltr'>erectionem.</span> <span class='ocrx_word' id='word_1_513' title='bbox 3278 4315 3462 4379; x_wconf 87' lang='lat' dir='ltr'>Quam</span> <span class='ocrx_word' id='word_1_514' title='bbox 3494 4315 3790 4386; x_wconf 84' lang='lat' dir='ltr'>synodum</span> 
     </span>
    </p>
   </div>
   <div class='ocr_carea' id='block_1_42' title="bbox 498 4409 3789 4519">
    <p class='ocr_par' dir='ltr' id='par_1_42' title="bbox 498 4409 3789 4519">
     <span class='ocr_line' id='line_1_42' title="bbox 498 4409 3789 4519; baseline -0.012 -19"><span class='ocrx_word' id='word_1_515' title='bbox 498 4447 626 4519; x_wconf 87' lang='lat' dir='ltr'>jam</span> <span class='ocrx_word' id='word_1_516' title='bbox 667 4436 806 4496; x_wconf 90' lang='lat' dir='ltr'>dicti</span> <span class='ocrx_word' id='word_1_517' title='bbox 857 4429 1025 4488; x_wconf 90' lang='lat' dir='ltr'>missi</span> <span class='ocrx_word' id='word_1_518' title='bbox 1071 4429 1128 4484; x_wconf 93' lang='lat' dir='ltr'>in</span> <span class='ocrx_word' id='word_1_519' title='bbox 1178 4429 1374 4484; x_wconf 71' lang='lat' dir='ltr'>Graeco</span> <span class='ocrx_word' id='word_1_520' title='bbox 1423 4436 1691 4478; x_wconf 88' lang='lat' dir='ltr'>sermone</span> <span class='ocrx_word' id='word_1_521' title='bbox 1732 4433 1933 4474; x_wconf 89' lang='lat' dir='ltr'>secum</span> <span class='ocrx_word' id='word_1_522' title='bbox 1965 4414 2226 4472; x_wconf 89' lang='lat' dir='ltr'>detulere</span> <span class='ocrx_word' id='word_1_523' title='bbox 2257 4430 2376 4470; x_wconf 88' lang='lat' dir='ltr'>una</span> <span class='ocrx_word' id='word_1_524' title='bbox 2406 4429 2542 4468; x_wconf 91' lang='lat' dir='ltr'>cum</span> <span class='ocrx_word' id='word_1_525' title='bbox 2571 4409 2980 4484; x_wconf 87' lang='lat' dir='ltr'>imperialibus</span> <span class='ocrx_word' id='word_1_526' title='bbox 3012 4409 3196 4466; x_wconf 91' lang='lat' dir='ltr'>sacris</span> <span class='ocrx_word' id='word_1_527' title='bbox 3224 4410 3500 4468; x_wconf 87' lang='lat' dir='ltr'>manibus</span> <span class='ocrx_word' id='word_1_528' title='bbox 3531 4411 3789 4485; x_wconf 79' lang='lat' dir='ltr'>prapriis</span> 
     </span>
    </p>
   </div>
   <div class='ocr_carea' id='block_1_43' title="bbox 506 4508 3789 4608">
    <p class='ocr_par' dir='ltr' id='par_1_43' title="bbox 506 4508 3789 4608">
     <span class='ocr_line' id='line_1_43' title="bbox 506 4508 3789 4608; baseline -0.01 -10"><span class='ocrx_word' id='word_1_529' title='bbox 506 4508 927 4608; x_wconf 75' lang='lat' dir='ltr'>subscriptam,</span> <span class='ocrx_word' id='word_1_530' title='bbox 951 4544 1199 4600; x_wconf 87' lang='lat' dir='ltr'>eamque</span> <span class='ocrx_word' id='word_1_531' title='bbox 1231 4522 1546 4598; x_wconf 69' lang='lat' dir='ltr'>praedictus</span> <span class='ocrx_word' id='word_1_532' title='bbox 1575 4516 1844 4592; x_wconf 88' lang='lat' dir='ltr'>egregius</span> <span class='ocrx_word' id='word_1_533' title='bbox 1873 4513 2118 4571; x_wconf 91' lang='lat' dir='ltr'>antistes</span> <span class='ocrx_word' id='word_1_534' title='bbox 2147 4513 2208 4568; x_wconf 91' lang='lat' dir='ltr'>in</span> <span class='ocrx_word' id='word_1_535' title='bbox 2241 4511 2507 4568; x_wconf 89' lang='lat' dir='ltr'>Latinam</span> <span class='ocrx_word' id='word_1_536' title='bbox 2539 4509 2802 4582; x_wconf 87' lang='lat' dir='ltr'>linguam</span> <span class='ocrx_word' id='word_1_537' title='bbox 2835 4508 3176 4565; x_wconf 90' lang='lat' dir='ltr'>translatari</span> <span class='ocrx_word' id='word_1_538' title='bbox 3200 4508 3404 4581; x_wconf 84' lang='lat' dir='ltr'>jussit,</span> <span class='ocrx_word' id='word_1_539' title='bbox 3439 4514 3496 4566; x_wconf 90' lang='lat' dir='ltr'>et</span> <span class='ocrx_word' id='word_1_540' title='bbox 3527 4509 3586 4565; x_wconf 89' lang='lat' dir='ltr'>in</span> <span class='ocrx_word' id='word_1_541' title='bbox 3619 4527 3789 4568; x_wconf 87' lang='lat' dir='ltr'>sacra</span> 
     </span>
    </p>
   </div>
   <div class='ocr_carea' id='block_1_44' title="bbox 503 4607 3783 4702">
    <p class='ocr_par' dir='ltr' id='par_1_44' title="bbox 503 4607 3783 4702">
     <span class='ocr_line' id='line_1_44' title="bbox 503 4607 3783 4702; baseline -0.01 -6"><span class='ocrx_word' id='word_1_542' title='bbox 503 4635 860 4697; x_wconf 88' lang='lat' dir='ltr'>bibliotheca</span> <span class='ocrx_word' id='word_1_543' title='bbox 881 4629 1098 4702; x_wconf 87' lang='lat' dir='ltr'>pariter</span> <span class='ocrx_word' id='word_1_544' title='bbox 1119 4621 1375 4689; x_wconf 89' lang='lat' dir='ltr'>recondi,</span> <span class='ocrx_word' id='word_1_545' title='bbox 1400 4619 1639 4692; x_wconf 89' lang='lat' dir='ltr'>dignam</span> <span class='ocrx_word' id='word_1_546' title='bbox 1663 4616 1742 4672; x_wconf 91' lang='lat' dir='ltr'>ibi</span> <span class='ocrx_word' id='word_1_547' title='bbox 1764 4613 2096 4671; x_wconf 61' lang='lat' dir='ltr'>orthodoxae</span> <span class='ocrx_word' id='word_1_548' title='bbox 2121 4610 2254 4666; x_wconf 86' lang='lat' dir='ltr'>ﬁdei</span> <span class='ocrx_word' id='word_1_549' title='bbox 2278 4607 2621 4666; x_wconf 88' lang='lat' dir='ltr'>memoriam</span> <span class='ocrx_word' id='word_1_550' title='bbox 2645 4613 2921 4664; x_wconf 61' lang='lat' dir='ltr'>asternam</span> <span class='ocrx_word' id='word_1_551' title='bbox 2945 4607 3184 4664; x_wconf 85' lang='lat' dir='ltr'>faciens.</span> <span class='ocrx_word' id='word_1_552' title='bbox 3217 4607 3320 4664; x_wconf 88' lang='lat' dir='ltr'>Hic</span> <span class='ocrx_word' id='word_1_553' title='bbox 3353 4607 3506 4664; x_wconf 89' lang='lat' dir='ltr'>idem</span> <span class='ocrx_word' id='word_1_554' title='bbox 3529 4608 3783 4665; x_wconf 85' lang='lat' dir='ltr'>eximius</span> 
     </span>
    </p>
   </div>
   <div class='ocr_carea' id='block_1_45' title="bbox 504 4705 3784 4810">
    <p class='ocr_par' dir='ltr' id='par_1_45' title="bbox 504 4705 3784 4810">
     <span class='ocr_line' id='line_1_45' title="bbox 504 4705 3784 4810; baseline -0.008 -19"><span class='ocrx_word' id='word_1_555' title='bbox 504 4753 657 4810; x_wconf 86' lang='lat' dir='ltr'>papa</span> <span class='ocrx_word' id='word_1_556' title='bbox 689 4731 870 4789; x_wconf 85' lang='lat' dir='ltr'>altare</span> <span class='ocrx_word' id='word_1_557' title='bbox 902 4724 1054 4782; x_wconf 89' lang='lat' dir='ltr'>beati</span> <span class='ocrx_word' id='word_1_558' title='bbox 1090 4720 1249 4778; x_wconf 90' lang='lat' dir='ltr'>Pauli</span> <span class='ocrx_word' id='word_1_559' title='bbox 1287 4715 1536 4791; x_wconf 89' lang='lat' dir='ltr'>apostoli</span> <span class='ocrx_word' id='word_1_560' title='bbox 1566 4732 1685 4771; x_wconf 89' lang='lat' dir='ltr'>una</span> <span class='ocrx_word' id='word_1_561' title='bbox 1713 4730 1849 4770; x_wconf 91' lang='lat' dir='ltr'>cum</span> <span class='ocrx_word' id='word_1_562' title='bbox 1881 4711 2147 4783; x_wconf 88' lang='lat' dir='ltr'>ejusdem</span> <span class='ocrx_word' id='word_1_563' title='bbox 2178 4707 2531 4764; x_wconf 89' lang='lat' dir='ltr'>confessoris</span> <span class='ocrx_word' id='word_1_564' title='bbox 2564 4707 2787 4762; x_wconf 89' lang='lat' dir='ltr'>foribus</span> <span class='ocrx_word' id='word_1_565' title='bbox 2831 4723 2974 4762; x_wconf 90' lang='lat' dir='ltr'>auro</span> <span class='ocrx_word' id='word_1_566' title='bbox 3022 4705 3244 4762; x_wconf 91' lang='lat' dir='ltr'>mundo</span> <span class='ocrx_word' id='word_1_567' title='bbox 3289 4705 3473 4762; x_wconf 87' lang='lat' dir='ltr'>sacris</span> <span class='ocrx_word' id='word_1_568' title='bbox 3499 4707 3784 4765; x_wconf 86' lang='lat' dir='ltr'>decorans</span> 
     </span>
    </p>
   </div>
   <div class='ocr_carea' id='block_1_46' title="bbox 396 4803 3786 4894">
    <p class='ocr_par' dir='ltr' id='par_1_46' title="bbox 396 4803 3786 4894">
     <span class='ocr_line' id='line_1_46' title="bbox 396 4803 3786 4894; baseline -0.01 1"><span class='ocrx_word' id='word_1_569' title='bbox 396 4840 463 4894; x_wconf 79' lang='grc'>15</span> <span class='ocrx_word' id='word_1_570' title='bbox 501 4831 765 4892; x_wconf 87' lang='lat' dir='ltr'>historiis</span> <span class='ocrx_word' id='word_1_571' title='bbox 795 4825 1041 4883; x_wconf 80' lang='lat' dir='ltr'>mirifice</span> <span class='ocrx_word' id='word_1_572' title='bbox 1073 4819 1318 4886; x_wconf 92' lang='lat' dir='ltr'>ornavit,</span> <span class='ocrx_word' id='word_1_573' title='bbox 1354 4832 1516 4889; x_wconf 89' lang='lat' dir='ltr'>pens.</span> <span class='ocrx_word' id='word_1_574' title='bbox 1553 4812 1687 4868; x_wconf 92' lang='lat' dir='ltr'>libr.</span> <span class='ocrx_word' id='word_1_575' title='bbox 1719 4814 1957 4869; x_wconf 74' lang='lat' dir='ltr'>centum</span> <span class='ocrx_word' id='word_1_576' title='bbox 1989 4807 2270 4882; x_wconf 88' lang='lat' dir='ltr'>triginta;</span> <span class='ocrx_word' id='word_1_577' title='bbox 2303 4806 2405 4862; x_wconf 89' lang='lat' dir='ltr'>sed</span> <span class='ocrx_word' id='word_1_578' title='bbox 2439 4809 2492 4860; x_wconf 88' lang='lat' dir='ltr'>et</span> <span class='ocrx_word' id='word_1_579' title='bbox 2524 4808 2685 4860; x_wconf 91' lang='lat' dir='ltr'>sarta</span> <span class='ocrx_word' id='word_1_580' title='bbox 2727 4809 2880 4860; x_wconf 89' lang='lat' dir='ltr'>tecta</span> <span class='ocrx_word' id='word_1_581' title='bbox 2925 4803 3083 4860; x_wconf 87' lang='lat' dir='ltr'>tituli</span> <span class='ocrx_word' id='word_1_582' title='bbox 3135 4809 3471 4860; x_wconf 90' lang='lat' dir='ltr'>sanctorum</span> <span class='ocrx_word' id='word_1_583' title='bbox 3522 4807 3786 4870; x_wconf 87' lang='lat' dir='ltr'>Quatuor</span> 
     </span>
    </p>
   </div>
   <div class='ocr_carea' id='block_1_47' title="bbox 501 4901 3782 4993">
    <p class='ocr_par' dir='ltr' id='par_1_47' title="bbox 501 4901 3782 4993">
     <span class='ocr_line' id='line_1_47' title="bbox 501 4901 3782 4993; baseline -0.009 -3"><span class='ocrx_word' id='word_1_584' title='bbox 501 4932 942 4991; x_wconf 88' lang='lat' dir='ltr'>Coronatorum,</span> <span class='ocrx_word' id='word_1_585' title='bbox 977 4937 1104 4993; x_wconf 65' lang='lat' dir='ltr'>quae</span> <span class='ocrx_word' id='word_1_586' title='bbox 1135 4917 1195 4974; x_wconf 93' lang='lat' dir='ltr'>in</span> <span class='ocrx_word' id='word_1_587' title='bbox 1229 4913 1416 4972; x_wconf 91' lang='lat' dir='ltr'>ruinis</span> <span class='ocrx_word' id='word_1_588' title='bbox 1443 4912 1790 4978; x_wconf 81' lang='lat' dir='ltr'>existebant,</span> <span class='ocrx_word' id='word_1_589' title='bbox 1823 4907 2020 4963; x_wconf 90' lang='lat' dir='ltr'>trabes</span> <span class='ocrx_word' id='word_1_590' title='bbox 2053 4905 2272 4960; x_wconf 89' lang='lat' dir='ltr'>ibidem</span> <span class='ocrx_word' id='word_1_591' title='bbox 2322 4902 2523 4976; x_wconf 88' lang='lat' dir='ltr'>plures</span> <span class='ocrx_word' id='word_1_592' title='bbox 2576 4902 2910 4976; x_wconf 85' lang='lat' dir='ltr'>imponens,</span> <span class='ocrx_word' id='word_1_593' title='bbox 2944 4901 3145 4958; x_wconf 92' lang='lat' dir='ltr'>omnia</span> <span class='ocrx_word' id='word_1_594' title='bbox 3173 4918 3208 4957; x_wconf 92' lang='lat' dir='ltr'>a</span> <span class='ocrx_word' id='word_1_595' title='bbox 3237 4918 3383 4958; x_wconf 92' lang='lat' dir='ltr'>novo</span> <span class='ocrx_word' id='word_1_596' title='bbox 3411 4903 3782 4959; x_wconf 85' lang='lat' dir='ltr'>restauravit.</span> 
     </span>
    </p>
   </div>
   <div class='ocr_carea' id='block_1_48' title="bbox 502 4998 3786 5097">
    <p class='ocr_par' dir='ltr' id='par_1_48' title="bbox 502 4998 3786 5097">
     <span class='ocr_line' id='line_1_48' title="bbox 502 4998 3786 5097; baseline -0.016 -9"><span class='ocrx_word' id='word_1_597' title='bbox 502 5034 647 5088; x_wconf 84' lang='lat' dir='ltr'>Item</span> <span class='ocrx_word' id='word_1_598' title='bbox 679 5027 814 5084; x_wconf 87' lang='lat' dir='ltr'>fecit</span> <span class='ocrx_word' id='word_1_599' title='bbox 845 5025 1118 5097; x_wconf 82' lang='lat' dir='ltr'>patenam</span> <span class='ocrx_word' id='word_1_600' title='bbox 1149 5020 1205 5072; x_wconf 91' lang='lat' dir='ltr'>et</span> <span class='ocrx_word' id='word_1_601' title='bbox 1232 5013 1472 5070; x_wconf 88' lang='lat' dir='ltr'>calicem</span> <span class='ocrx_word' id='word_1_602' title='bbox 1505 5010 1563 5065; x_wconf 91' lang='lat' dir='ltr'>in</span> <span class='ocrx_word' id='word_1_603' title='bbox 1606 5007 1849 5065; x_wconf 90' lang='lat' dir='ltr'>basilica</span> <span class='ocrx_word' id='word_1_604' title='bbox 1897 5004 2050 5062; x_wconf 91' lang='lat' dir='ltr'>beati</span> <span class='ocrx_word' id='word_1_605' title='bbox 2105 5001 2254 5058; x_wconf 88' lang='lat' dir='ltr'>Petri</span> <span class='ocrx_word' id='word_1_606' title='bbox 2305 4999 2553 5074; x_wconf 89' lang='lat' dir='ltr'>apostoli</span> <span class='ocrx_word' id='word_1_607' title='bbox 2601 5017 2705 5073; x_wconf 90' lang='lat' dir='ltr'>pro</span> <span class='ocrx_word' id='word_1_608' title='bbox 2753 4998 3114 5073; x_wconf 82' lang='lat' dir='ltr'>quotidianis</span> <span class='ocrx_word' id='word_1_609' title='bbox 3171 4998 3512 5056; x_wconf 62' lang='lat' dir='ltr'>ministeriis</span> <span class='ocrx_word' id='word_1_610' title='bbox 3541 5017 3612 5056; x_wconf 64' lang='lat' dir='ltr'>ex</span> <span class='ocrx_word' id='word_1_611' title='bbox 3641 5018 3786 5058; x_wconf 52' lang='lat' dir='ltr'>eum</span> 
     </span>
    </p>
   </div>
   <div class='ocr_carea' id='block_1_49' title="bbox 499 5097 3785 5202">
    <p class='ocr_par' dir='ltr' id='par_1_49' title="bbox 499 5097 3785 5202">
     <span class='ocr_line' id='line_1_49' title="bbox 499 5097 3785 5202; baseline -0.009 -17"><span class='ocrx_word' id='word_1_612' title='bbox 499 5127 1013 5202; x_wconf 86' lang='lat' dir='ltr'>purissimo,pens.</span> <span class='ocrx_word' id='word_1_613' title='bbox 1039 5113 1216 5173; x_wconf 90' lang='lat' dir='ltr'>simul</span> <span class='ocrx_word' id='word_1_614' title='bbox 1243 5112 1373 5168; x_wconf 88' lang='lat' dir='ltr'>libr.</span> <span class='ocrx_word' id='word_1_615' title='bbox 1398 5108 1603 5183; x_wconf 84' lang='lat' dir='ltr'>viginti</span> <span class='ocrx_word' id='word_1_616' title='bbox 1625 5111 1897 5180; x_wconf 89' lang='lat' dir='ltr'>quatuor.</span> <span class='ocrx_word' id='word_1_617' title='bbox 1922 5108 2070 5158; x_wconf 89' lang='lat' dir='ltr'>Item</span> <span class='ocrx_word' id='word_1_618' title='bbox 2093 5099 2474 5157; x_wconf 87' lang='lat' dir='ltr'>beatissimus</span> <span class='ocrx_word' id='word_1_619' title='bbox 2495 5099 2584 5154; x_wconf 90' lang='lat' dir='ltr'>vir</span> <span class='ocrx_word' id='word_1_620' title='bbox 2605 5099 2740 5154; x_wconf 90' lang='lat' dir='ltr'>fecit</span> <span class='ocrx_word' id='word_1_621' title='bbox 2761 5099 2819 5154; x_wconf 90' lang='lat' dir='ltr'>in</span> <span class='ocrx_word' id='word_1_622' title='bbox 2843 5097 3090 5154; x_wconf 86' lang='lat' dir='ltr'>ecclesia</span> <span class='ocrx_word' id='word_1_623' title='bbox 3111 5103 3325 5154; x_wconf 65' lang='lat' dir='ltr'>sanctae</span> <span class='ocrx_word' id='word_1_624' title='bbox 3349 5097 3446 5153; x_wconf 92' lang='lat' dir='ltr'>Dei</span> <span class='ocrx_word' id='word_1_625' title='bbox 3470 5098 3785 5156; x_wconf 88' lang='lat' dir='ltr'>Genitricis</span> 
     </span>
    </p>
   </div>
   <div class='ocr_carea' id='block_1_50' title="bbox 499 5194 3783 5286">
    <p class='ocr_par' dir='ltr' id='par_1_50' title="bbox 499 5194 3783 5286">
     <span class='ocr_line' id='line_1_50' title="bbox 499 5194 3783 5286; baseline -0.008 -5"><span class='ocrx_word' id='word_1_626' title='bbox 499 5223 692 5282; x_wconf 74' lang='lat' dir='ltr'>Maria:</span> <span class='ocrx_word' id='word_1_627' title='bbox 721 5221 792 5276; x_wconf 86' lang='lat' dir='ltr'>ad</span> <span class='ocrx_word' id='word_1_628' title='bbox 826 5225 1085 5286; x_wconf 76' lang='lat' dir='ltr'>Pra-sepe</span> <span class='ocrx_word' id='word_1_629' title='bbox 1121 5217 1391 5286; x_wconf 76' lang='lat' dir='ltr'>patenam</span> <span class='ocrx_word' id='word_1_630' title='bbox 1423 5211 1482 5263; x_wconf 89' lang='lat' dir='ltr'>et</span> <span class='ocrx_word' id='word_1_631' title='bbox 1513 5205 1754 5262; x_wconf 89' lang='lat' dir='ltr'>calicem</span> <span class='ocrx_word' id='word_1_632' title='bbox 1787 5205 2057 5259; x_wconf 89' lang='lat' dir='ltr'>sanctum</span> <span class='ocrx_word' id='word_1_633' title='bbox 2099 5217 2168 5255; x_wconf 84' lang='lat' dir='ltr'>ex</span> <span class='ocrx_word' id='word_1_634' title='bbox 2201 5215 2344 5254; x_wconf 91' lang='lat' dir='ltr'>auro</span> <span class='ocrx_word' id='word_1_635' title='bbox 2391 5197 2622 5270; x_wconf 82' lang='lat' dir='ltr'>obryzo,</span> <span class='ocrx_word' id='word_1_636' title='bbox 2651 5213 2816 5268; x_wconf 91' lang='lat' dir='ltr'>pens.</span> <span class='ocrx_word' id='word_1_637' title='bbox 2849 5195 3032 5252; x_wconf 87' lang='lat' dir='ltr'>libras</span> <span class='ocrx_word' id='word_1_638' title='bbox 3078 5194 3304 5268; x_wconf 86' lang='lat' dir='ltr'>viginti.</span> <span class='ocrx_word' id='word_1_639' title='bbox 3338 5200 3482 5250; x_wconf 88' lang='lat' dir='ltr'>Item</span> <span class='ocrx_word' id='word_1_640' title='bbox 3516 5195 3576 5251; x_wconf 92' lang='lat' dir='ltr'>in</span> <span class='ocrx_word' id='word_1_641' title='bbox 3611 5197 3783 5254; x_wconf 88' lang='lat' dir='ltr'>titulo</span> 
     </span>
    </p>
   </div>
   <div class='ocr_carea' id='block_1_51' title="bbox 389 5292 3785 5388">
    <p class='ocr_par' dir='ltr' id='par_1_51' title="bbox 389 5292 3785 5388">
     <span class='ocr_line' id='line_1_51' title="bbox 389 5292 3785 5388; baseline -0.009 -8"><span class='ocrx_word' id='word_1_642' title='bbox 389 5325 462 5378; x_wconf 84' lang='lat'>20</span> <span class='ocrx_word' id='word_1_643' title='bbox 499 5320 792 5388; x_wconf 63' lang='lat' dir='ltr'>Eudoxize,</span> <span class='ocrx_word' id='word_1_644' title='bbox 815 5313 1086 5371; x_wconf 81' lang='lat' dir='ltr'>videlicet</span> <span class='ocrx_word' id='word_1_645' title='bbox 1109 5310 1258 5366; x_wconf 83' lang='lat' dir='ltr'>beati</span> <span class='ocrx_word' id='word_1_646' title='bbox 1285 5306 1436 5362; x_wconf 81' lang='lat' dir='ltr'>Petri</span> <span class='ocrx_word' id='word_1_647' title='bbox 1463 5303 1710 5377; x_wconf 86' lang='lat' dir='ltr'>apostoli</span> <span class='ocrx_word' id='word_1_648' title='bbox 1733 5302 1805 5358; x_wconf 92' lang='lat' dir='ltr'>ad</span> <span class='ocrx_word' id='word_1_649' title='bbox 1824 5297 2094 5368; x_wconf 88' lang='lat' dir='ltr'>Vincula,</span> <span class='ocrx_word' id='word_1_650' title='bbox 2121 5297 2256 5353; x_wconf 87' lang='lat' dir='ltr'>fecit</span> <span class='ocrx_word' id='word_1_651' title='bbox 2277 5295 2534 5352; x_wconf 89' lang='lat' dir='ltr'>canistra</span> <span class='ocrx_word' id='word_1_652' title='bbox 2556 5294 2888 5366; x_wconf 84' lang='lat' dir='ltr'>duodecim,</span> <span class='ocrx_word' id='word_1_653' title='bbox 2913 5311 3076 5367; x_wconf 90' lang='lat' dir='ltr'>pens.</span> <span class='ocrx_word' id='word_1_654' title='bbox 3099 5292 3282 5350; x_wconf 90' lang='lat' dir='ltr'>libras</span> <span class='ocrx_word' id='word_1_655' title='bbox 3315 5293 3552 5367; x_wconf 82' lang='lat' dir='ltr'>triginta</span> <span class='ocrx_word' id='word_1_656' title='bbox 3582 5311 3704 5363; x_wconf 83' lang='lat' dir='ltr'>sex,</span> <span class='ocrx_word' id='word_1_657' title='bbox 3729 5299 3785 5351; x_wconf 87' lang='lat' dir='ltr'>et</span> 
     </span>
    </p>
   </div>
   <div class='ocr_carea' id='block_1_52' title="bbox 497 5391 3780 5493">
    <p class='ocr_par' dir='ltr' id='par_1_52' title="bbox 497 5391 3780 5493">
     <span class='ocr_line' id='line_1_52' title="bbox 497 5391 3780 5493; baseline -0.008 -16"><span class='ocrx_word' id='word_1_658' title='bbox 497 5417 807 5493; x_wconf 88' lang='lat' dir='ltr'>delphinos</span> <span class='ocrx_word' id='word_1_659' title='bbox 860 5430 964 5486; x_wconf 80' lang='lat' dir='ltr'>per</span> <span class='ocrx_word' id='word_1_660' title='bbox 1012 5409 1270 5464; x_wconf 85' lang='lat' dir='ltr'>diversas</span> <span class='ocrx_word' id='word_1_661' title='bbox 1318 5419 1564 5460; x_wconf 86' lang='lat' dir='ltr'>coronas</span> <span class='ocrx_word' id='word_1_662' title='bbox 1613 5401 1858 5474; x_wconf 86' lang='lat' dir='ltr'>triginta</span> <span class='ocrx_word' id='word_1_663' title='bbox 1887 5398 2169 5471; x_wconf 90' lang='lat' dir='ltr'>quinque,</span> <span class='ocrx_word' id='word_1_664' title='bbox 2195 5413 2362 5470; x_wconf 90' lang='lat' dir='ltr'>pens.</span> <span class='ocrx_word' id='word_1_665' title='bbox 2394 5394 2576 5450; x_wconf 88' lang='lat' dir='ltr'>libras</span> <span class='ocrx_word' id='word_1_666' title='bbox 2607 5398 2776 5463; x_wconf 88' lang='lat' dir='ltr'>octo;</span> <span class='ocrx_word' id='word_1_667' title='bbox 2809 5393 3144 5466; x_wconf 88' lang='lat' dir='ltr'>pariterque</span> <span class='ocrx_word' id='word_1_668' title='bbox 3171 5397 3228 5449; x_wconf 89' lang='lat' dir='ltr'>et</span> <span class='ocrx_word' id='word_1_669' title='bbox 3257 5391 3563 5449; x_wconf 83' lang='lat' dir='ltr'>ecclesiam</span> <span class='ocrx_word' id='word_1_670' title='bbox 3599 5393 3780 5450; x_wconf 68' lang='lat' dir='ltr'>beatas</span> 
     </span>
    </p>
   </div>
   <div class='ocr_carea' id='block_1_53' title="bbox 497 5489 3780 5583">
    <p class='ocr_par' dir='ltr' id='par_1_53' title="bbox 497 5489 3780 5583">
     <span class='ocr_line' id='line_1_53' title="bbox 497 5489 3780 5583; baseline -0.008 -8"><span class='ocrx_word' id='word_1_671' title='bbox 497 5517 748 5583; x_wconf 64' lang='lat' dir='ltr'>Sabinae,</span> <span class='ocrx_word' id='word_1_672' title='bbox 777 5514 954 5569; x_wconf 87' lang='lat' dir='ltr'>sitam</span> <span class='ocrx_word' id='word_1_673' title='bbox 986 5509 1045 5562; x_wconf 91' lang='lat' dir='ltr'>in</span> <span class='ocrx_word' id='word_1_674' title='bbox 1079 5503 1371 5563; x_wconf 86' lang='lat' dir='ltr'>territorio</span> <span class='ocrx_word' id='word_1_675' title='bbox 1397 5497 1806 5565; x_wconf 87' lang='lat' dir='ltr'>Ferentinello,</span> <span class='ocrx_word' id='word_1_676' title='bbox 1837 5515 1871 5553; x_wconf 92' lang='lat' dir='ltr'>a</span> <span class='ocrx_word' id='word_1_677' title='bbox 1901 5513 2047 5552; x_wconf 87' lang='lat' dir='ltr'>novo</span> <span class='ocrx_word' id='word_1_678' title='bbox 2078 5492 2384 5568; x_wconf 88' lang='lat' dir='ltr'>reparavit.</span> <span class='ocrx_word' id='word_1_679' title='bbox 2419 5492 2523 5548; x_wconf 83' lang='lat' dir='ltr'>Hic</span> <span class='ocrx_word' id='word_1_680' title='bbox 2556 5491 2680 5564; x_wconf 89' lang='lat' dir='ltr'>ipse</span> <span class='ocrx_word' id='word_1_681' title='bbox 2709 5490 3003 5548; x_wconf 85' lang='lat' dir='ltr'>almiﬁcus</span> <span class='ocrx_word' id='word_1_682' title='bbox 3036 5489 3248 5563; x_wconf 68' lang='lat' dir='ltr'>prmsul</span> <span class='ocrx_word' id='word_1_683' title='bbox 3280 5489 3416 5546; x_wconf 86' lang='lat' dir='ltr'>fecit</span> <span class='ocrx_word' id='word_1_684' title='bbox 3445 5489 3506 5548; x_wconf 81' lang='lat' dir='ltr'>in</span> <span class='ocrx_word' id='word_1_685' title='bbox 3538 5489 3780 5549; x_wconf 89' lang='lat' dir='ltr'>basilica</span> 
     </span>
    </p>
   </div>
   <div class='ocr_carea' id='block_1_54' title="bbox 495 5583 3561 5678">
    <p class='ocr_par' dir='ltr' id='par_1_54' title="bbox 495 5583 3561 5678">
     <span class='ocr_line' id='line_1_54' title="bbox 495 5583 3561 5678; baseline -0.008 -11"><span class='ocrx_word' id='word_1_686' title='bbox 495 5614 649 5670; x_wconf 88' lang='lat' dir='ltr'>beati</span> <span class='ocrx_word' id='word_1_687' title='bbox 682 5609 842 5668; x_wconf 84' lang='lat' dir='ltr'>Pauli</span> <span class='ocrx_word' id='word_1_688' title='bbox 873 5603 1120 5678; x_wconf 88' lang='lat' dir='ltr'>apostoli</span> <span class='ocrx_word' id='word_1_689' title='bbox 1159 5604 1433 5674; x_wconf 87' lang='lat' dir='ltr'>patenam</span> <span class='ocrx_word' id='word_1_690' title='bbox 1467 5616 1534 5654; x_wconf 78' lang='lat' dir='ltr'>ex</span> <span class='ocrx_word' id='word_1_691' title='bbox 1567 5613 1708 5652; x_wconf 89' lang='lat' dir='ltr'>auro</span> <span class='ocrx_word' id='word_1_692' title='bbox 1739 5597 1972 5668; x_wconf 84' lang='lat' dir='ltr'>obryzo,</span> <span class='ocrx_word' id='word_1_693' title='bbox 2000 5611 2136 5650; x_wconf 90' lang='lat' dir='ltr'>cum</span> <span class='ocrx_word' id='word_1_694' title='bbox 2165 5591 2343 5649; x_wconf 88' lang='lat' dir='ltr'>calice</span> <span class='ocrx_word' id='word_1_695' title='bbox 2372 5593 2598 5659; x_wconf 88' lang='lat' dir='ltr'>sancto,</span> <span class='ocrx_word' id='word_1_696' title='bbox 2629 5605 2874 5662; x_wconf 89' lang='lat' dir='ltr'>pensan.</span> <span class='ocrx_word' id='word_1_697' title='bbox 2910 5588 3089 5644; x_wconf 92' lang='lat' dir='ltr'>simul</span> <span class='ocrx_word' id='word_1_698' title='bbox 3121 5589 3303 5645; x_wconf 89' lang='lat' dir='ltr'>libras</span> <span class='ocrx_word' id='word_1_699' title='bbox 3333 5583 3561 5661; x_wconf 79' lang='lat' dir='ltr'>viginti.</span> 
     </span>
    </p>
   </div>
   <div class='ocr_carea' id='block_1_55' title="bbox 565 5685 3773 5766">
    <p class='ocr_par' dir='ltr' id='par_1_55' title="bbox 565 5685 3773 5766">
     <span class='ocr_line' id='line_1_55' title="bbox 565 5685 3773 5766; baseline -0.007 1"><span class='ocrx_word' id='word_1_700' title='bbox 565 5709 720 5766; x_wconf 70' lang='lat'>354</span> <span class='ocrx_word' id='word_1_701' title='bbox 763 5702 1046 5762; x_wconf 89' lang='lat' dir='ltr'>Similiter</span> <span class='ocrx_word' id='word_1_702' title='bbox 1061 5701 1193 5759; x_wconf 91' lang='lat' dir='ltr'>etin</span> <span class='ocrx_word' id='word_1_703' title='bbox 1211 5696 1456 5755; x_wconf 87' lang='lat' dir='ltr'>ecclesia</span> <span class='ocrx_word' id='word_1_704' title='bbox 1474 5695 1626 5752; x_wconf 86' lang='lat' dir='ltr'>beati</span> <span class='ocrx_word' id='word_1_705' title='bbox 1660 5693 1956 5750; x_wconf 89' lang='lat' dir='ltr'>Laurentii</span> <span class='ocrx_word' id='word_1_706' title='bbox 1988 5690 2262 5763; x_wconf 79' lang='lat' dir='ltr'>martyris</span> <span class='ocrx_word' id='word_1_707' title='bbox 2288 5689 2428 5745; x_wconf 89' lang='lat' dir='ltr'>foris</span> <span class='ocrx_word' id='word_1_708' title='bbox 2462 5705 2700 5744; x_wconf 90' lang='lat' dir='ltr'>murum</span> <span class='ocrx_word' id='word_1_709' title='bbox 2731 5688 2866 5744; x_wconf 87' lang='lat' dir='ltr'>fecit</span> <span class='ocrx_word' id='word_1_710' title='bbox 2897 5705 2965 5743; x_wconf 79' lang='lat' dir='ltr'>ex</span> <span class='ocrx_word' id='word_1_711' title='bbox 2996 5704 3138 5743; x_wconf 90' lang='lat' dir='ltr'>auro</span> <span class='ocrx_word' id='word_1_712' title='bbox 3169 5685 3487 5760; x_wconf 89' lang='lat' dir='ltr'>purissimo</span> <span class='ocrx_word' id='word_1_713' title='bbox 3505 5689 3773 5758; x_wconf 69' lang='lat' dir='ltr'>patenum</span> 
     </span>
    </p>
   </div>
   <div class='ocr_carea' id='block_1_56' title="bbox 496 5784 3772 5872">
    <p class='ocr_par' dir='ltr' id='par_1_56' title="bbox 496 5784 3772 5872">
     <span class='ocr_line' id='line_1_56' title="bbox 496 5784 3772 5872; baseline -0.005 -13"><span class='ocrx_word' id='word_1_714' title='bbox 496 5821 633 5861; x_wconf 90' lang='lat' dir='ltr'>cum</span> <span class='ocrx_word' id='word_1_715' title='bbox 663 5803 842 5860; x_wconf 89' lang='lat' dir='ltr'>calice</span> <span class='ocrx_word' id='word_1_716' title='bbox 875 5803 1101 5866; x_wconf 89' lang='lat' dir='ltr'>sancto,</span> <span class='ocrx_word' id='word_1_717' title='bbox 1131 5811 1376 5872; x_wconf 78' lang='lat' dir='ltr'>pensari,</span> <span class='ocrx_word' id='word_1_718' title='bbox 1411 5793 1588 5850; x_wconf 88' lang='lat' dir='ltr'>simul</span> <span class='ocrx_word' id='word_1_719' title='bbox 1621 5792 1802 5848; x_wconf 85' lang='lat' dir='ltr'>libras</span> <span class='ocrx_word' id='word_1_720' title='bbox 1833 5789 2194 5862; x_wconf 89' lang='lat' dir='ltr'>quindecim.</span> <span class='ocrx_word' id='word_1_721' title='bbox 2229 5788 2372 5843; x_wconf 92' lang='lat' dir='ltr'>Item</span> <span class='ocrx_word' id='word_1_722' title='bbox 2422 5785 2751 5842; x_wconf 84' lang='lat' dir='ltr'>diaconiam</span> <span class='ocrx_word' id='word_1_723' title='bbox 2811 5789 3151 5842; x_wconf 88' lang='lat' dir='ltr'>sanctorum</span> <span class='ocrx_word' id='word_1_724' title='bbox 3209 5784 3395 5858; x_wconf 88' lang='lat' dir='ltr'>Sergii</span> <span class='ocrx_word' id='word_1_725' title='bbox 3455 5789 3513 5840; x_wconf 92' lang='lat' dir='ltr'>et</span> <span class='ocrx_word' id='word_1_726' title='bbox 3565 5785 3772 5841; x_wconf 89' lang='lat' dir='ltr'>Bacchi</span> 
     </span>
    </p>
   </div>
   <div class='ocr_carea' id='block_1_57' title="bbox 495 5878 3772 5973">
    <p class='ocr_par' dir='ltr' id='par_1_57' title="bbox 495 5878 3772 5973">
     <span class='ocr_line' id='line_1_57' title="bbox 495 5878 3772 5973; baseline -0.005 -18"><span class='ocrx_word' id='word_1_727' title='bbox 495 5902 760 5973; x_wconf 85' lang='lat' dir='ltr'>ejusdem</span> <span class='ocrx_word' id='word_1_728' title='bbox 785 5897 1062 5953; x_wconf 81' lang='lat' dir='ltr'>diaconiae</span> <span class='ocrx_word' id='word_1_729' title='bbox 1085 5895 1479 5966; x_wconf 87' lang='lat' dir='ltr'>dispensator,</span> <span class='ocrx_word' id='word_1_730' title='bbox 1503 5894 1740 5963; x_wconf 88' lang='lat' dir='ltr'>propter</span> <span class='ocrx_word' id='word_1_731' title='bbox 1771 5891 1992 5944; x_wconf 89' lang='lat' dir='ltr'>metum</span> <span class='ocrx_word' id='word_1_732' title='bbox 2024 5883 2251 5957; x_wconf 91' lang='lat' dir='ltr'>templi,</span> <span class='ocrx_word' id='word_1_733' title='bbox 2271 5884 2423 5956; x_wconf 92' lang='lat' dir='ltr'>quod</span> <span class='ocrx_word' id='word_1_734' title='bbox 2445 5883 2624 5940; x_wconf 90' lang='lat' dir='ltr'>situm</span> <span class='ocrx_word' id='word_1_735' title='bbox 2645 5901 2824 5957; x_wconf 88' lang='lat' dir='ltr'>super</span> <span class='ocrx_word' id='word_1_736' title='bbox 2840 5900 2940 5940; x_wconf 91' lang='lat' dir='ltr'>eas</span> <span class='ocrx_word' id='word_1_737' title='bbox 2963 5878 3292 5954; x_wconf 87' lang='lat' dir='ltr'>videbatur,</span> <span class='ocrx_word' id='word_1_738' title='bbox 3314 5885 3581 5939; x_wconf 81' lang='lat' dir='ltr'>evertens</span> <span class='ocrx_word' id='word_1_739' title='bbox 3601 5900 3772 5956; x_wconf 91' lang='lat' dir='ltr'>super</span> 
     </span>
    </p>
   </div>
   <div class='ocr_carea' id='block_1_58' title="bbox 497 5980 3767 6064">
    <p class='ocr_par' dir='ltr' id='par_1_58' title="bbox 497 5980 3767 6064">
     <span class='ocr_line' id='line_1_58' title="bbox 497 5980 3767 6064; baseline -0.006 -7"><span class='ocrx_word' id='word_1_740' title='bbox 497 6000 765 6060; x_wconf 77' lang='lat' dir='ltr'>eamdem</span> <span class='ocrx_word' id='word_1_741' title='bbox 799 5991 1104 6052; x_wconf 83' lang='lat' dir='ltr'>ecclesiam</span> <span class='ocrx_word' id='word_1_742' title='bbox 1136 6009 1171 6049; x_wconf 84' lang='lat' dir='ltr'>a</span> <span class='ocrx_word' id='word_1_743' title='bbox 1201 5988 1604 6046; x_wconf 84' lang='lat' dir='ltr'>fundamentis</span> <span class='ocrx_word' id='word_1_744' title='bbox 1632 5987 1823 6064; x_wconf 83' lang='lat' dir='ltr'>ipsam</span> <span class='ocrx_word' id='word_1_745' title='bbox 1853 5983 2159 6045; x_wconf 87' lang='lat' dir='ltr'>basilicam</span> <span class='ocrx_word' id='word_1_746' title='bbox 2191 5980 2621 6042; x_wconf 81' lang='lat' dir='ltr'>exterminavit.</span> <span class='ocrx_word' id='word_1_747' title='bbox 2663 5983 2849 6054; x_wconf 85' lang='lat' dir='ltr'>Quam</span> <span class='ocrx_word' id='word_1_748' title='bbox 2898 5988 3230 6045; x_wconf 84' lang='lat' dir='ltr'>restaurare</span> <span class='ocrx_word' id='word_1_749' title='bbox 3277 5980 3523 6041; x_wconf 86' lang='lat' dir='ltr'>minime</span> <span class='ocrx_word' id='word_1_750' title='bbox 3551 5980 3767 6055; x_wconf 87' lang='lat' dir='ltr'>valens,</span> 
     </span>
    </p>
   </div>
  </div>
