3950 6440
408 443 517 502 267

1183 443 1276 498 ΑΙ)
1327 440 1757 496 ANASTASIUM
1808 434 2333 492 PROLEGOMENA
2385 437 2560 491 EDIT.
2615 436 3044 492 ΗΘΜ-ητις.

3721 442 3824 500 268

411 571 532 629 rias
605 571 826 628 Veteris
887 570 1254 636 Testamenti,
1322 577 1494 641 atque
1558 570 1838 640 imagines
1904 582 2066 623 vene-
2087 571 2144 628 Α
2176 567 2236 622 in
2270 568 2620 638 presbyterio
2645 583 2710 624 ac
2741 570 3064 639 porticibus
3092 571 3382 642 collocati,
3410 587 3521 630 non
3565 575 3824 633 omissu—

409 659 687 716 rabilium
731 660 962 716 Patrum
1001 659 1244 729 ejusque
1283 660 1642 716 decessorum
1685 658 1743 713 in
1783 658 1915 714 sede
1944 658 2063 712 Ro-

408 761 596 805 mana.

477 838 559 894 Ac
593 838 844 908 primum
887 837 1054 894 Liber
1105 837 1226 906 ipse
1256 837 1612 892 Pontiﬁcalis
1641 837 1857 892 nemini
1883 836 2063 891 attri—

405 927 538 984 buit
566 927 992 984 renovationem
1023 925 1280 981 basilicae
1304 927 1359 981 S.
1391 926 1576 995 Pauli,
1605 941 1731 996 qua:
1753 927 2062 995 conflagra-

405 1025 600 1082 verat,.
631 1021 1007 1085 praeterquam
1038 1019 1238 1069 sancto
1267 1015 1441 1070 Leoni
1480 1015 1718 1085 Magno;
1763 1015 1857 1070 cui
1887 1015 2059 1070 etiam

409 1105 720 1176 inscriptio
747 1103 850 1158 aevi
880 1103 1176 1172 Leoniani,
1205 1103 1520 1172 conspicua
1553 1103 1614 1158 in
1650 1104 1902 1172 ejusdem
1945 1117 2062 1158 mu-

407 1195 552 1262 sivo,
585 1209 791 1248 omnem
837 1191 1253 1262 reparationem
1303 1196 1355 1245 et
1393 1197 1646 1246 ornatum
1690 1190 1863 1247 refert
1891 1204 2058 1246 acce—

410 1290 593 1355 ptum,
620 1283 756 1340 dum
781 1282 898 1338 ait:

530 1390 774 1440 Placidia;
792 1389 878 1452 pia
902 1401 1048 1452 mens
1077 1387 1248 1452 operis
1282 1385 1436 1452 decus
1465 1401 1611 1452 omne
1643 1389 1842 1452 paterni

529 1453 731 1502 Gaudet
747 1447 1014 1516 pontiﬁcis
1048 1447 1217 1498 studio
1249 1447 1520 1512 splendore
1551 1447 1748 1497 Leonis.

403 1549 584 1619 Quale
655 1565 784 1609 vero
861 1554 941 1608 sit
1003 1559 1396 1609 ornamentum
1461 1563 1493 1605 a
1566 1551 1746 1605 Leone
1793 1549 2054 1606 additum

408 1647 537 1711 post
581 1641 1018 1711 reparationem,
1067 1642 1353 1697 musivum
1405 1639 1547 1695 satis
1575 1638 1850 1708 ostendit,
1891 1641 2056 1709 ejus—

409 1743 520 1801 que
567 1731 717 1802 stylo
769 1731 1096 1800 persimiles
1126 1731 1366 1800 picturae
1405 1730 1519 1798 jam
1569 1728 1834 1784 indicata:
1861 1744 1875 1794 ;
1907 1744 2054 1799 quas

409 1820 581 1890 paulo
637 1825 768 1890 post
811 1819 1134 1876 videbimus
1183 1819 1254 1874 ab
1300 1818 1554 1873 Adriano
1605 1818 1790 1887 primo
1847 1816 2047 1874 referri

2178 672 2276 713 rus
2305 666 2457 714 certe
2481 659 2737 728 picturas
2765 660 3019 730 additas,
3051 661 3101 716 si
3127 676 3253 732 quae
3273 663 3507 732 adjectae
3535 662 3822 734 fuissent;

2171 761 2302 802 cum
2358 749 2417 803 in
2468 749 2721 816 ejusdem
2769 749 3062 818 pontiﬁcis
3093 751 3239 819 Vita,
3293 759 3432 808 sect.
3461 751 3586 819 360,
3624 769 3827 812 recen-

2171 837 2356 891 suerit
2383 837 2690 908 imaginem
2715 838 3030 894 Salvatoris
3077 852 3206 894 cum
3229 839 3476 910 reliquis
3503 842 3564 896 in
3587 841 3824 906 fastigio

2172 925 2280 980 sub
2320 937 2459 982 arcu
2501 927 2702 995 majori
2744 926 3330 1007 basilicaegVaticana:
3378 929 3588 999 pictam
3643 931 3824 987 fuisse

2170 1015 2422 1083 ejusdem
2472 1017 2757 1086 mandato,
2789 1017 2858 1072 ad
2893 1016 3077 1072 instar
3117 1031 3312 1073 earum
3346 1019 3668 1091 imaginum
3697 1036 3823 1092 qua:

2129 1161 2136 1173 ,
2173 1108 2232 1162 in
2273 1105 2636 1163 Lateranensi
2680 1111 2734 1161 et
2786 1107 2845 1160 in
2899 1106 3136 1162 Paulina
3183 1108 3482 1178 disposita:
3513 1108 3741 1166 fuerant
3790 1124 3822 1166 a

2169 1203 2367 1251 sancto
2396 1196 2576 1250 Leone
2604 1195 2824 1264 Magno.
2863 1194 3024 1264 Quod
3056 1195 3264 1251 attinet
3292 1198 3364 1252 ad
3398 1197 3728 1268 Paulinum,
3761 1199 3818 1254 in

2169 1286 2422 1341 circuitu
2461 1285 2663 1340 altaris
2704 1285 3100 1340 tantummodo
3149 1298 3183 1340 a
3233 1287 3416 1341 Leone
3464 1287 3537 1341 III
3583 1288 3819 1356 pictura

2167 1373 2441 1445 leguntur
2477 1372 2802 1429 elaboratae.
2837 1373 2982 1428 Sect.
3035 1371 3171 1430 “6:
3223 1394 3249 1424 α
3284 1376 3464 1442 Super
3499 1375 3814 1446 columnas,

2170 1464 2382 1534 inquit,
2431 1476 2795 1532 marmoreas,
2857 1478 2983 1534 qua:
3026 1470 3181 1519 stant
3220 1463 3279 1518 in
3319 1464 3574 1520 circuitu
3616 1465 3818 1522 altaris

2169 1553 2356 1622 ipsius
2383 1541 2640 1607 doctoris
2667 1551 2891 1622 mundi,
2919 1551 3019 1608 ubi
3066 1551 3255 1608 trabes
3297 1553 3584 1622 quondam
3616 1553 3817 1626 ligneae

2167 1641 2366 1710 posita:
2395 1639 2642 1696 fuerant.
2675 1647 2733 1695 et
2756 1641 2871 1708 jam
2907 1641 3084 1695 nimia
3111 1646 3390 1696 vetustate
3436 1649 3814 1713 marcuerant,

2165 1730 2260 1785 hic
2287 1744 2443 1785 sacer
2466 1731 2710 1787 antistes
2737 1743 2910 1798 super
2955 1730 3110 1798 ipsas
3134 1729 3436 1786 columnas
3489 1732 3651 1788 lilios
3680 1736 3816 1802 poni

2162 1817 2318 1890 fecit,
2341 1827 2397 1874 et
2425 1834 2598 1890 super
2617 1820 2776 1876 lilios
2807 1834 2872 1875 ex
2903 1819 3151 1875 metallis
3171 1820 3506 1876 marmoreis
3537 1821 3818 1889 platonias

405 1909 476 1964 ad
565 1911 826 1965 eumdem
900 1915 1161 1964 sanctum
1236 1911 1495 1964 Leonem.
1562 1909 1824 1964 Meminit
1883 1909 2050 1964 Liber
2082 1890 2135 1950 Β
2163 1901 2328 1978 pesui
2364 1951 2378 1976 ,
2403 1909 2764 1978 diversisque
2784 1909 3030 1979 picturis
3047 1925 3194 1980 opus
3212 1913 3370 1966 mira:
3393 1912 3818 1982 magnitudinis

403 1997 759 2054 Pontiﬁcalis
799 1999 1154 2068 picturarum
1189 2011 1223 2053 a
1260 1995 1593 2068 Symmacho
1636 2010 1779 2066 papa
1817 1999 2052 2054 addita—

403 2101 530 2143 rum
608 2094 734 2156 post
779 2085 1196 2144 confessionem
1247 2089 1308 2144 in
1383 2089 1577 2145 eadem
1648 2087 1890 2144 basilica
1961 2091 2053 2146 his

404 2175 595 2232 verbis
641 2182 779 2232 sect.
825 2173 940 2232 79:
990 2180 1186 2234 «Item
1232 2180 1382 2250 apud
1447 2180 1673 2236 beatum
1727 2179 2052 2249 apostolum

401 2267 642 2324 Paulum
703 2267 761 2324 in
809 2266 1053 2324 basilica
1114 2270 1410 2326 renovavit
1467 2269 1746 2339 absidam,
1804 2285 1928 2340 qua:
1991 2271 2051 2326 in

403 2358 631 2414 ruinam
679 2357 1036 2429 imminebat,
1084 2365 1141 2414 et
1189 2367 1316 2430 post
1365 2360 1782 2417 confessionem
1824 2363 2053 2432 pictura

399 2448 645 2504 ornavit.
682 2466 710 2498 ιο
751 2448 888 2516 Quae
933 2449 984 2504 si
1040 2447 1415 2521 intelligenda
1448 2457 1585 2507 sunt
1625 2451 1696 2506 de
1739 2451 1990 2520 picturis
2019 2466 2052 2507 a

398 2537 738 2608 presbyterii
789 2537 1062 2609 gradibus
1087 2540 1156 2596 ad
1189 2538 1432 2596 frontem
1458 2540 1864 2596 occidentalem
1907 2541 2054 2596 colo-

398 2627 561 2697 ratis,
592 2640 689 2696 per
717 2633 889 2684 totam
919 2629 1081 2684 navis
1104 2629 1548 2701 longitudinem,
1576 2643 1745 2699 quam
1766 2635 1892 2698 post
1915 2646 2053 2683 con-

393 2717 684 2783 fessionem
713 2717 984 2788 consequi
1015 2719 1265 2787 scriptor
1305 2731 1375 2774 ex
1409 2717 1761 2788 presbyterio
1787 2725 2048 2788 spectans

395 2803 764 2876 imaginatur,
801 2805 858 2861 id
893 2805 1084 2876 ipsum
1114 2813 1202 2863 est
1227 2809 1376 2878 quod
1407 2807 1827 2876 contendimus,
1856 2809 1924 2864 ad
1953 2823 2050 2864 saa-

395 2894 591 2950 culum
619 2895 887 2965 quintum
917 2910 1042 2952 mra:
1077 2897 1292 2952 Christi
1317 2903 1570 2967 spectare
1600 2898 1876 2968 picturas.
1906 2901 2045 2954 Nam

391 2991 452 3042 et
503 2985 879 3056 Symmachus
922 2999 1085 3058 papa,
1136 2991 1338 3042 sextus
1383 3001 1417 3042 a
1445 2989 1626 3044 Leone
1671 2989 1877 3060 Magno
1905 3003 2046 3044 suc-

391 3087 602 3142 cessor,
640 3075 710 3130 ad
745 3076 894 3132 idem
925 3075 1197 3132 saeculum
1249 3077 1597 3132 Leonianum
1637 3077 1904 3144 refertur,
1945 3085 2046 3134 ut—

390 3169 524 3235 pote
564 3165 782 3221 electus
810 3179 963 3222 anno
1003 3165 1226 3221 Christi
1256 3161 1378 3220 £98.
1429 3166 1530 3221 Sin
1576 3171 1766 3222 autem
1807 3168 1956 3222 absis
1985 3169 2041 3224 S.

387 3253 552 3310 Pauli
601 3254 966 3326 intelligatur
1013 3267 1046 3309 a
1078 3254 1416 3324 Symmacho
1467 3262 1733 3311 renovata
1777 3253 1896 3323 (cui
1936 3260 2044 3314 Leo

391 3342 617 3412 primus
637 3343 857 3399 nullam
883 3343 1302 3412 reparationem
1329 3342 1621 3412 adhibuit,
1651 3359 1762 3414 qua
1789 3347 2043 3404 nondum

389 3431 706 3504 indigebat,
732 3432 872 3488 licet
897 3445 1181 3488 cameram
1210 3432 1330 3488 sive
1355 3431 1612 3488 absidem
1646 3435 2046 3492 Lateranensis

387 3527 444 3578 et
470 3523 758 3578 Vaticana:
785 3521 1042 3577 basilicae
1071 3522 1369 3578 ornavisse
1401 3528 1746 3579 memoretur
1777 3531 1916 3580 sect.
1950 3521 2039 3596 67,

387 3623 520 3668 cum
551 3610 702 3667 beati
733 3609 897 3667 Pauli
929 3609 1252 3680 basilicam,
1288 3611 1419 3684 igne
1437 3611 1639 3668 divino
1665 3613 2042 3686 combustam,

389 3699 496 3756 hoc
523 3707 614 3757 est
639 3702 709 3758 de
733 3700 876 3758 caelo
907 3705 1115 3756 tactam
1162 3714 1265 3758 seu
1309 3698 1542 3774 fulgure
1585 3701 1779 3772 ictam,
1809 3709 1866 3759 et
1909 3704 2046 3759 inde

389 3789 854 3861 conﬁagrantem,
879 3801 978 3861 per
1006 3790 1170 3847 navis
1196 3791 1620 3862 longitudinem
1647 3792 1718 3848 ab
1753 3806 1890 3848 arcu
1934 3807 2046 3849 ma-

384 3875 500 3943 jori
532 3885 829 3935 renovaret
847 3884 906 3934 et
942 3881 1100 3935 omni
1149 3880 1311 3936 cultu
1345 3886 1670 3952 ornatuque
1699 3882 2040 3951 decorarat),

389 3971 446 4020 et
473 3965 724 4033 picturis
759 3972 962 4022 ornata
1008 3968 1248 4024 ecclesia
1281 3969 1418 4026 hinc
1443 3970 1579 4026 inde
1608 3979 1734 4041 post
1761 3985 2042 4026 cameram

389 4063 491 4106 seu
518 4051 776 4108 absidam
828 4053 888 4108 in
919 4057 1228 4125 senatorio,
1262 4064 1318 4114 et
1354 4064 1672 4128 mutronaeo,
1719 4059 1871 4128 quod
1893 4043 2043 4112 con-

391 4141 610 4196 struxit
633 4141 790 4213 (sect.
819 4139 941 4215 79);
990 4145 1157 4216 pictae
1190 4148 1451 4205 historiae
1497 4156 1556 4202 et.
1595 4146 1899 4216 imagines,
1927 4159 2044 4201 una

389 4243 517 4286 cum
566 4233 790 4289 musivo
823 4247 1000 4291 arcus
1045 4239 1307 4307 majoris,
1341 4243 1407 4292 ut
1453 4243 1604 4303 ante,
1655 4234 1944 4303 pertinent
1972 4235 2040 4290 ad

386 4320 646 4376 Leonem.
679 4322 916 4380 Saeculis
933 4326 1261 4380 consecutis
1291 4329 1602 4377 narrantur
1631 4321 1692 4374 in
1727 4321 1876 4376 Vitis
1911 4335 2044 4390 pon-

387 4407 608 4464 tiﬁcum
625 4411 1094 4482 satisdiligenter
1109 4410 1436 4478 complures
1455 4409 1848 4478 reparationes
1868 4409 2042 4478 hujus

387 4497 664 4566 basilicae,
699 4512 812 4567 qua
860 4498 918 4551 in
969 4497 1158 4565 tectis,
1195 4510 1308 4567 qua
1341 4496 1401 4551 in
1453 4498 1796 4567 pavimento,
1835 4513 1946 4568 qua
1979 4499 2038 4553 in

387 4561 748 4655 parietibus}
795 4585 892 4640 sed
925 4561 1153 4640 nullius
1182 4561 1421 4654 pictura:
1453 4561 1930 4642 commemoratio
1955 4587 2036 4659 ﬁt,
2074 4561 2126 4622 D

388 4679 767 4744 praeterquam
809 4686 1006 4728 earum
1056 4687 1200 4744 quas
1247 4675 1355 4729 Leo
1383 4676 1452 4730 IIl
1487 4675 1680 4744 perﬁci
1730 4677 2035 4732 curavitin

389 4762 765 4834 presbyterio.
809 4763 1128 4818 Adrianum
1184 4763 1433 4833 primum
1483 4765 1541 4819 in
1593 4769 1741 4820 tecto
1793 4772 2044 4822 mutasse

391 4853 600 4908 scribit
645 4848 802 4923 (sect.
863 4849 988 4923 380)
1041 4851 1231 4908 trabes
1281 4854 1634 4922 quindecim.
1664 4856 1770 4910 Leo
1811 4857 2039 4925 tertius,

392 4942 623 5010 quando
653 4940 896 4998 basilica
923 4943 1181 4998 doctoris
1205 4943 1462 5014 gentium
1485 4943 1539 4998 vi
1573 4949 1932 5000 terrmmotus
1964 4946 2044 5000 ita

393 5041 670 5088 concussa
691 5037 798 5102 est,
829 5037 896 5088 ut
936 5031 1129 5087 omnia
1155 5039 1311 5088 sarta
1342 5039 1485 5088 tecta
1514 5041 1848 5089 corruerent
1873 5033 2041 5103 (quod

397 5115 642 5190 legimus
681 5127 820 5176 sect.
851 5117 978 5191 35-0)
1027 5120 1184 5176 illam
1236 5133 1506 5177 renovare
1535 5122 1730 5177 statim
1769 5122 1963 5193 cmpit,
1991 5131 2047 5177 et

399 5227 428 5258 α
467 5208 624 5264 sicut
650 5210 982 5280 antiquitus
1005 5210 1312 5281 existebat,
1347 5210 1559 5281 inquit,
1595 5211 1787 5280 ampla
1829 5217 1887 5268 et
1921 5223 2046 5266 ma-

398 5294 553 5350 xima
603 5294 949 5352 fortitudine
976 5311 1192 5367 ponens
1223 5298 1279 5353 in
1316 5299 1607 5356 meliorem
1645 5298 1890 5354 deduxit
1919 5303 2044 5354 sta-

401 5387 543 5450 tum,
591 5389 650 5436 et
687 5385 747 5439 in
795 5386 1019 5442 meliori
1051 5387 1244 5456 specie
1284 5400 1406 5442 eam
1440 5387 1823 5444 marmoribus
1870 5388 2047 5442 deco-

402 5468 572 5538 ravit,
605 5477 834 5542 tamque
863 5474 1301 5545 presbyterium,
1343 5489 1629 5546 quamque
1653 5483 1825 5532 totam
1858 5475 2046 5530 eccle—

401 5559 546 5612 siam
569 5563 951 5630 marmoravit,
977 5570 1036 5618 et
1059 5565 1184 5632 ejus
1212 5564 1468 5632 porticus
1490 5565 1802 5621 renovavit.
1835 5583 1860 5613 ››
1884 5562 2044 5619 Nihil

400 5646 707 5702 admodum
732 5649 802 5702 de
829 5649 1074 5716 picturis
1123 5659 1396 5707 memorat
1426 5654 1531 5709 hac
1571 5654 1630 5709 in
1665 5655 2042 5722 reparatione,

403 5736 501 5793 sed
539 5734 846 5790 marmoris
875 5741 1096 5792 tantum
1130 5739 1394 5796 meminit
1431 5741 1491 5795 in
1524 5741 1850 5810 pavimento
1872 5748 2045 5812 atque

2078 3209 2127 3272 C

2159 1999 2468 2054 decoravit.
2499 2017 2525 2048 »
2576 1999 2678 2055 Sed
2712 2005 2871 2055 extra
2901 2000 3103 2056 altaris
3132 2001 3443 2056 circuitum
3488 2001 3640 2057 nihil
3696 2009 3815 2058 tum

2163 2095 2436 2146 memorat
2467 2091 2682 2160 pictum
2711 2089 2913 2146 fuisse.
2939 2091 3176 2146 Demum
3207 2090 3316 2147 sub
3340 2092 3536 2161 Sergio
3575 2093 3641 2159 II,
3677 2101 3812 2148 sect.

2161 2174 2300 2234 495:
2349 2200 2376 2230 ‹‹
2409 2178 2675 2234 Ecclesia!
2704 2178 3168 2235 beatissimorum
3203 2180 3530 2250 principum
3562 2181 3712 2235 Petri
3753 2187 3810 2236 et

2163 2268 2326 2323 Pauli
2377 2282 2410 2323 a
2448 2268 2746 2324 Saracenis
2777 2265 3046 2324 funditus
3069 2269 3406 2338 deprtedata:
3448 2275 3602 2324 sunt.
3637 2287 3663 2317 ι)
3709 2270 3819 2326 Be—

2163 2357 2429 2412 nedictus
2475 2357 2703 2424 tertius,
2747 2356 2894 2411 alter
2921 2356 2992 2411 ab
3020 2370 3086 2413 eo
3111 2372 3428 2425 successor,
3487 2364 3626 2414 sect.
3667 2357 3816 2415 568:

2165 2468 2191 2499 α
2233 2447 2296 2502 In
2346 2445 2588 2501 basilica
2631 2446 2888 2502 doctoris
2931 2447 3130 2502 mundi
3179 2447 3331 2503 beati
3364 2448 3527 2504 Pauli
3563 2449 3816 2517 apostoli

2160 2539 2523 2607 sepulcrum,
2576 2537 2726 2605 quod
2775 2549 2808 2591 a
2859 2539 3158 2595 Saracenis
3198 2538 3555 2594 destructum
3606 2535 3819 2611 fuerat,

2161 2629 2506 2699 perornavit.
2543 2647 2568 2678 ιο
2599 2630 2792 2698 Neque
2833 2627 2992 2684 ullus
3018 2629 3111 2683 hic
3136 2629 3206 2684 de
3241 2629 3490 2697 picturis
3517 2643 3730 2695 sermo,
3757 2630 3820 2685 in

2158 2719 2351 2774 eadem
2397 2718 2640 2774 basilica
2688 2716 3026 2774 constitutis
3072 2731 3255 2788 neque
3301 2719 3360 2772 in
3397 2719 3546 2774 Vitis
3577 2734 3822 2776 succes-

2157 2822 2368 2866 sorum.

2225 2898 2499 2954 Czeterum
2525 2897 2967 2955 consuetudinis
2984 2898 3100 2967 jam
3120 2899 3368 2955 inductae
3389 2906 3520 2955 ante
3537 2901 3816 2957 saeculum

2155 2987 2360 3044 Leonis
2407 2989 2587 3058 tertii,
2624 2989 2978 3058 proponendi
3033 2975 3313 3060 imagines
3352 2990 3819 3058 patriarcharum

2157 3076 2216 3131 in
2246 3077 2530 3149 ecclesiis,
2554 3079 2722 3135 testis
2749 3085 2837 3134 est
2852 3079 3107 3148 locuples
3134 3077 3300 3134 Liber
3322 3079 3432 3135 iste
3455 3079 3821 3135 Pontiﬁcalis

2159 3165 2217 3220 in
2236 3167 2528 3237 Agathone
2565 3167 2724 3239 (sect.
2755 3165 2898 3239 445),
2927 3168 3026 3223 ubi
3050 3175 3326 3224 memorat
3347 3167 3603 3224 sublatas
3625 3166 3817 3223 fuisse

2156 3254 2378 3311 similes
2393 3256 2675 3328 imagines
2690 3257 3146 3326 patriarcharum
3159 3256 3564 3325 Orientalium,
3580 3257 3822 3326 quando

2155 3341 2239 3410 hi,
2287 3350 2483 3400 sancta
2515 3347 2732 3416 synodo
2761 3346 3121 3414 decernente,
3152 3345 3544 3401 damnationis
3583 3349 3824 3400 sen'en-

2155 3432 2296 3486 tiam
2329 3433 2654 3488 subierunt.
2688 3453 2714 3486 α
2748 3432 3147 3501 Absfuterunt,
3174 3433 3391 3505 inquit.
3418 3435 3488 3489 de
3515 3433 3822 3503 diptychis

2153 3521 2525 3578 ecclesiarum
2575 3523 2809 3578 nomina
2835 3521 3316 3592 patriarcharum,
3349 3521 3434 3579 vel
3466 3521 3535 3577 de
3563 3522 3824 3591 picturis

2153 3609 2408 3666 ecclesiae
2441 3610 2658 3684 ﬁguras
2685 3625 2905 3683 eorum,
2933 3621 3035 3669 aut
3070 3613 3129 3668 in
3155 3612 3401 3681 foribus,
3435 3613 3534 3668 ubi
3566 3627 3693 3668 esse
3724 3629 3826 3684 po-

2155 3703 2342 3755 terant
2367 3699 2714 3771 auferentes,
2741 3700 2800 3757 id
2828 3706 2914 3756 est
2942 3702 3095 3772 Cyri,
3128 3701 3337 3773 Sergii,
3366 3701 3551 3771 Pauli,
3580 3701 3822 3770 Pyrrhi,

2153 3788 2328 3858 Petri,
2366 3807 2392 3838 »
2433 3795 2542 3845 etc.

2228 3879 2289 3932 In
2312 3877 2553 3932 ecclesia
2595 3884 2784 3933 autem
2818 3879 2971 3934 beati
3007 3879 3160 3932 Petri
3196 3878 3255 3932 in
3281 3879 3559 3935 Vaticano
3591 3879 3830 3952 integro

2152 3966 2366 4021 saeculo
2396 3972 2528 4020 ante
2561 3967 2798 4020 Leonem
2832 3968 2904 4019 III
2929 3953 3113 4034 pictas
3134 3963 3316 4018 fuisse
3344 3965 3626 4031 imagines
3657 3981 3827 4022 vene-

2152 4052 2425 4108 rabilium
2444 4053 2694 4120 Patrum,
2723 4051 2827 4106 hoc
2843 4057 2928 4106 est
2945 4064 3298 4106 summorum
3318 4051 3681 4122 pontiﬁcum,
3709 4056 3825 4112 sub

2150 4139 2364 4193 Joanne
2403 4140 2514 4205 VH,
2556 4139 2650 4193 hic
2695 4139 2842 4194 idem
2875 4137 3042 4194 Liber
3072 4138 3428 4194 Pontiﬁcalis
3462 4139 3520 4194 in
3553 4142 3823 4210 ejusdem

2149 4224 2280 4280 Vita
2335 4231 2608 4294 recenset,
2643 4232 2784 4281 sect.
2821 4223 2941 4282 467.

2221 4312 2274 4369 8.
2313 4315 2520 4371 Verum
2570 4317 2710 4386 quid
2753 4315 3021 4386 pluribus
3064 4330 3208 4386 opus
3237 4322 3324 4372 est
3353 4319 3419 4372 ad
3452 4319 3820 4388 probandum

2153 4403 2300 4459 hanc
2338 4404 2566 4474 seriem,
2594 4419 2708 4461 una
2739 4420 2869 4461 cum
2916 4406 3162 4475 picturis
3194 4406 3496 4462 historiam
3528 4394 3822 4468 Geneseos

2149 4501 2206 4550 et
2232 4495 2409 4550 Exodi
2437 4494 2870 4564 exhibentibus,
2888 4501 3088 4552 etcum
3119 4496 3342 4552 musivo
3358 4509 3528 4553 arcus
3552 4500 3814 4569 majoris,

2151 4585 2510 4652 exprimente
2540 4585 2748 4657 viginti
2783 4589 3033 4654 quatuor
3075 4585 3332 4641 seniores
3361 4586 3514 4656 Apoc
3537 4586 3813 4656 .lypseos,

2149 4686 2492 4730 coronarum
2533 4660 2823 4730 oblatione
2865 4675 3213 4730 Salvatorem
3261 4682 3522 4731 nostrum
3553 4675 3820 4732 adoran—

2151 4769 2256 4824 tes,
2312 4777 2435 4818 esse
2486 4777 2632 4832 opus
2684 4764 3037 4820 elaboratum
3087 4765 3258 4833 jussu
3305 4770 3362 4820 et
3413 4778 3553 4819 cura
3604 4767 3816 4821 Leo-nis

2150 4854 2340 4923 Magni
2363 4850 2542 4908 ?Cum
2565 4858 2800 4909 sanctus
2822 4854 3116 4908 Adrianus
3137 4853 3364 4923 primus
3389 4854 3466 4908 ita
3490 4854 3817 4922 perscribat

2155 4943 2214 4997 in
2241 4943 2488 5012 epistola
2505 4943 2574 4997 ad
2591 4943 2857 4998 Carolum
2881 4945 3168 5014 Magnum,
3199 4943 3474 5012 producta
3501 4943 3560 4997 in
3590 4945 3814 5012 synodo

2153 5032 2380 5086 Nicaena
2411 5033 2680 5100 secunda,
2726 5037 2782 5087 et
2812 5045 2926 5087 una
2954 5046 3084 5087 cum
3122 5031 3284 5087 Actis
3317 5033 3572 5100 ejusdem
3600 5033 3810 5102 synodi

2157 5120 2375 5190 publici
2411 5121 2566 5189 juris
2595 5119 2742 5175 facta
2773 5133 2805 5174 a
2852 5119 3092 5186 Labbeo,
3123 5119 3341 5175 Concil.
3377 5121 3624 5191 general.
3656 5127 3814 5178 tomo

2153 5208 2266 5276 VlI,
2301 5209 2412 5264 col.
2447 5207 2573 5279 955,
2601 5215 2656 5265 et
2704 5209 2981 5265 distincte
3023 5216 3285 5266 numeret
3312 5209 3462 5265 inter
3485 5223 3680 5265 sacras
3713 5213 3814 5280 pi-

2153 5305 2350 5353 cturas
2374 5311 2408 5353 a
2456 5300 2639 5355 Leone
2668 5301 2870 5370 Magno
2910 5299 3311 5354 muniﬁcenter
3337 5297 3564 5353 additas
3599 5299 3657 5352 in
3709 5313 3814 5354 ec—

2155 5386 2354 5441 clesiis
2374 5401 2406 5441 a
2432 5401 2493 5442 se
2511 5388 2882 5454 constructis,
2907 5387 3027 5442 sive
3058 5385 3308 5456 refectis,
3341 5385 3631 5455 triplicem
3669 5387 3818 5443 clas-

2156 5489 2292 5545 sem,
2335 5490 2504 5546 quam
2539 5477 2778 5531 basilica
2819 5477 2875 5530 B.
2906 5475 3071 5531 Pauli
3102 5477 3291 5532 adhuc
3324 5474 3548 5543 retinet,
3579 5475 3815 5532 scilicet

2152 5567 2423 5618 musivum
2458 5581 2610 5634 opus,
2662 5566 2999 5619 Salvatorem
3019 5565 3214 5618 mundi
3257 5567 3497 5630 referens
3528 5567 3579 5615 et
3605 5565 3815 5630 viginti

2153 5660 2389 5722 quatuor
2424 5656 2680 5722 seniores,
2735 5661 2791 5708 et
2843 5653 3138 5710 coloribus
3183 5650 3507 5707 eii‘ormatas
3545 5651 3814 5706 historias

2152 5742 2394 5812 (Veteris
2417 5741 2802 5811 Testamenti),
2845 5755 3063 5798 necnon
3092 5741 3378 5810 imagines,
3420 5737 3648 5794 scilicet
3679 5741 3812 5810 cly-
