3924 6400
182 369 348 435 1209
1041 376 1410 440 HISTORIA
1454 379 1557 440 DE
1599 378 1804 442 VITIS
1851 379 2040 442 ROM.
2091 381 2317 444 PONT.
2351 416 2430 427 —
2459 383 2610 445 LEO
2655 383 2762 445 IlI.
3454 389 3608 455 1210

175 507 3608 544 ῌῌΩῲ-όῇ--ᾕ-Ἥ

1567 625 1856 695 XCVIII.
1916 625 2078 697 [ΕΟ
2133 627 2242 697 Ill.

1191 777 1355 826 ANNO
1398 779 1634 826 cmusn
1677 768 1818 838 795,
1865 780 2255 828 consumam
2298 782 2500 830 souus
2543 769 2603 829 6.

1687 906 2113 918 ————————

405 992 558 1048 858
599 991 712 1049 Leo
744 992 1223 1061 tertius,natione
1256 995 1576 1062 Romanus,
1609 1013 1676 1050 ex
1707 1000 1869 1069 patre
1901 996 2178 1070 Azuppio,
2212 997 2362 1053 sedit
2393 998 2577 1053 adnos
2608 996 2848 1071 viginti;
2884 1016 3116 1057 menses
3164 1001 3450 1075 quinque,
3483 1003 3612 1061 dies

330 1090 533 1146 decem
565 1095 622 1146 et
654 1095 896 1163 septem.
931 1091 1038 1158 Qui
1068 1110 1099 1146 a
1132 1109 1305 1164 parva
1339 1098 1503 1148 aetate
1537 1093 1595 1148 in
1628 1094 1899 1150 vestiario
1933 1094 2266 1167 patriarchii
2301 1096 2592 1151 enutritus
2623 1102 2680 1152 et
2711 1098 3016 1166 educatus,
3051 1116 3404 1173 omnemque
3436 1101 3612 1158 eccle-

329 1187 632 1244 siasticam
665 1189 1036 1262 disciplinam
1070 1189 1452 1262 spiritualiter
1480 1191 1765 1261 eruditus,
1791 1197 1910 1246 tam
1947 1193 2003 1248 in
2037 1192 2314 1266 psalterio
2347 1211 2646 1266 quamque
2693 1193 2752 1250 in
2807 1195 2989 1252 sacris
3039 1196 3249 1253 divinis
3290 1198 3610 1271 Scripturis

327 1285 574 1358 pollens,
610 1285 1008 1343 subdiaconus
1039 1288 1226 1343 factus
1257 1287 1317 1343 in
1350 1290 1693 1362 presbyterii
1748 1289 2024 1345 honorem
2077 1296 2383 1362 provectus
2433 1297 2540 1348 est.
2590 1293 2727 1348 Erat
2773 1292 2930 1348 enim
2979 1294 3068 1348 vir
3114 1299 3333 1363 castus,
3375 1295 3611 1369 loquela

251 1385 288 1440 5
319 1385 612 1441 facundus
642 1389 698 1440 et
723 1385 919 1441 animo
947 1391 1243 1442 constans.
1279 1386 1385 1442 Ubi
1417 1405 1549 1442 vero
1581 1387 1913 1443 inveniebat
1944 1387 2199 1460 aliquem
2233 1389 2592 1462 prazcipuum
2626 1389 2981 1447 monachum
3009 1391 3096 1448 vel
3131 1409 3362 1449 servum
3410 1393 3515 1451 Dei
3548 1394 3606 1450 in

329 1481 638 1556 colloquiis
670 1483 884 1540 divinis
915 1488 969 1539 et
1001 1484 1430 1550 oratione,cum
1464 1503 1529 1540 eo
1554 1485 1788 1558 penitus
1811 1503 2013 1542 vacare
2044 1501 2158 1542 non
2193 1488 2477 1543 cessabat.
2505 1489 2574 1544 Et
2602 1487 2767 1544 valde
2801 1488 3092 1563 nimisque
3123 1489 3328 1549 hilaris
3365 1492 3424 1548 in
3456 1492 3608 1550 elee-

327 1582 590 1656 mosynis
621 1579 928 1649 existebat,
961 1601 1162 1638 verum
1195 1583 1369 1638 etiam
1397 1589 1454 1639 et
1486 1584 1855 1639 infirmorum
1891 1600 2132 1658 prorsus
2165 1586 2458 1642 maximus
2489 1587 2775 1656 visitator,
2810 1589 3133 1661 praedicans
3183 1589 3302 1647 illis
3350 1590 3607 1665 scriptu-

326 1680 526 1736 raliter
549 1682 646 1752 (a),
672 1685 736 1735 ut
765 1698 966 1736 eorum
1000 1681 1227 1736 animas
1261 1683 1336 1751 (ὁ)
1369 1681 1426 1735 ἰη
1458 1681 1845 1755 eleemosynis
1873 1683 2242 1739 redimerent.

400 1777 552 1835 329
595 1778 700 1846 Qui
725 1778 921 1851 plures
953 1779 1080 1849 ejus
1113 1777 1626 1851 praedicationibus
1658 1785 2006 1848 annuentes,
2041 1780 2326 1853 quidquid
2361 1780 2456 1837 ille
2485 1799 2586 1854 pro
2619 1781 2849 1839 Christo
2882 1786 3354 1853 commendabat,
3379 1787 3608 1846 occulte

322 1876 419 1931 die
451 1879 741 1948 noctuque
773 1876 1128 1949 pauperibus
1162 1877 1512 1948 erogabant;
1550 1878 1805 1933 fructum
1836 1877 2168 1933 animarum
2207 1879 2409 1935 crebro
2442 1879 2779 1953 oll'erens(c)
2802 1881 3116 1938 salubriter
3163 1887 3294 1940 Deo.
3344 1885 3414 1941 Et
3462 1886 3605 1942 dum

326 1973 522 2029 taliter
553 1973 611 2028 in
644 1973 770 2046 ipso
801 1973 1072 2029 vestiario
1106 1973 1392 2046 praecipue
1423 1975 1640 2047 degens
1673 1975 2094 2048 splenderet,et
2126 1977 2253 2049 ejus
2286 1976 2730 2034 solertissimam
2763 1995 2964 2036 curam
2985 1979 3111 2053 ipse
3133 1982 3443 2039 vestiarius
3465 1982 3606 2039 diri-

322 2075 507 2144 geret,
537 2071 609 2126 ab
642 2070 920 2127 omnibus
952 2071 1358 2127 amantissime
1389 2071 2140 2145 diligebatur.Quapropter
2170 2073 2366 2128 divma
2395 2073 2778 2147 inspiratione
2800 2093 2916 2131 una
2942 2077 3606 2152 concordia,eademque

239 2171 286 2226 5
326 2169 624 2226 voluntate
656 2187 690 2225 a
720 2169 946 2226 cunctis
979 2169 1381 2226 sacerdotibus
1423 2187 1524 2226 seu
1549 2170 1890 2244 proceribus
1941 2176 1997 2226 et
2041 2171 2200 2227 omni
2246 2171 2419 2239 clero,
2454 2190 2676 2228 necnon
2726 2177 2783 2228 et
2827 2175 3211 2247 optimatibus
3255 2176 3345 2233 vel
3394 2182 3606 2234 cuncto

325 2265 544 2340 populo
576 2267 978 2334 Romauo,Dei
1012 2271 1157 2322 nutu
1190 2267 1249 2322 in
1281 2267 1456 2323 natali
1484 2267 1560 2339 (d)
1585 2269 1737 2324 beati
1769 2267 1944 2340 primi
1971 2269 2246 2341 martyris
2278 2269 2558 2342 Stephani
2590 2269 2811 2326 electus
2841 2276 2950 2339 est,
2986 2277 3044 2328 et
3085 2274 3353 2345 sequenti
3400 2274 3495 2330 die
3543 2275 3603 2331 in

326 2361 506 2420 natali
528 2367 620 2432 (θ),
646 2363 830 2420 sancti
861 2364 1106 2421 Joannis
1137 2365 1386 2438 apostoli
1418 2370 1473 2420 et
1503 2365 1865 2437 evangelistae
1899 2366 1968 2420 ad
2001 2365 2236 2422 laudem
2267 2371 2324 2421 et
2364 2365 2610 2438 gloriam
2642 2367 3061 2441 omnipotentis
3109 2370 3208 2425 Dei
3255 2371 3514 2443 pontifex
3544 2371 3605 2428 in

324 2463 461 2518 sede
493 2461 810 2534 apostolica
839 2463 1146 2519 ordinatus
1177 2468 1279 2519 est.
1318 2464 1454 2518 Erat
1487 2463 1641 2518 enim
1675 2463 2203 2518 ecclesiasticarum
2239 2481 2433 2520 rerum
2467 2465 2756 2531 defensor,
2791 2471 2846 2521 et
2876 2465 3304 2522 contrariorum
3353 2466 3604 2524 fortissi-

323 2569 458 2615 mus
489 2564 870 2633 expugnator,
902 2564 960 2615 et
991 2559 1169 2616 nimis
1218 2559 1598 2632 mitissimus,
1632 2566 1687 2616 et
1734 2561 1922 2616 eidem
1973 2561 2242 2617 Ecclesiae
2287 2561 2601 2618 benevolus
2651 2563 2968 2635 prazclarus
3017 2568 3262 2632 amator,
3296 2565 3502 2620 tardus
3534 2566 3606 2621 ad

209 2657 284 2714 ’10
322 2657 716 2725 irascendum,
749 2662 807 2712 et
837 2657 998 2712 velox
1027 2659 1100 2713 ad
1137 2659 1570 2725 miserandum;
1607 2657 1750 2712 nulli
1787 2658 2008 2714 malum
2040 2676 2144 2731 pro
2179 2659 2332 2714 malo
2365 2661 2636 2726 reddens,
2671 2677 2860 2734 neque
2909 2661 3232 2718 vindictam
3281 2662 3607 2722 secundum

323 2755 599 2811 meritum
628 2755 912 2818 tribuens,
948 2757 1046 2812 sed
1082 2756 1214 2830 pius
1244 2773 1309 2812 ac
1341 2757 1675 2812 misericors
1706 2774 1740 2812 a
1769 2762 2029 2830 tempore
2058 2758 2446 2814 ordinationis
2499 2776 2617 2814 suae
2672 2759 2949 2816 omnibus
2999 2760 3230 2816 studuit
3248 2761 3316 2833 (Γ)
3336 2761 3607 2834 justitias

323 2853 740 2926 facere.(g)Hic
769 2871 901 2911 vero
935 2872 1135 2928 regam
1159 2857 1237 2923 (h)
1268 2855 1419 2910 clero
1451 2872 1557 2910 suo
1591 2855 1648 2910 in
1682 2856 2042 2929 presbyterio
2075 2856 2329 2911 maxime
2361 2856 2681 2928 ampliavit.
2708 2857 2868 2912 Fecit
2897 2857 3054 2914 enim
3087 2857 3146 2912 in
3178 2857 3425 2915 basilica
3455 2857 3607 2915 beati

325 2949 476 3005 Petri
511 2951 791 3024 principis
824 2952 1227 3024 apnstolorum
1261 2951 1531 3007 nutritori
1565 2969 1671 3008 suo
1719 2953 2089 3010 thuribulum
2137 2972 2382 3010 aureum
2412 2959 2546 3010 ante
2575 2955 2932 3010 vestibulum
2965 2955 3191 3022 altaris,
3222 2972 3390 3028 pens.
3424 2955 3606 3012 libras

321 3048 522 3104 decem
555 3053 612 3104 et
643 3049 1027 3121 septem.lmo
1060 3053 1115 3105 et
1147 3049 1204 3104 in
1238 3048 1603 3106 confessione
1624 3050 1889 3121 ejusdem
1918 3050 2164 3123 apostoli
2196 3068 2372 3124 rugas
2393 3069 2460 3107 ex
2481 3067 2622 3107 auro
2644 3051 2965 3123 purissimo
2992 3069 3127 3108 cum
3150 3051 3608 3125 gemmisdiver-

211 3145 282 3202 45
321 3145 426 3212 sis,
461 3157 703 3218 pens‘an.
735 3145 918 3202 libras
937 3147 1327 3220 quadraginta
1356 3151 1414 3203 et
1446 3164 1670 3202 novem.
1689 3148 1833 3202 Item
1866 3165 2108 3202 coronas
2143 3148 2393 3218 majores
2415 3157 2719 3220 argenteas
2743 3152 2881 3214 tres,
2900 3165 3146 3222 pensan.
3166 3147 3348 3205 libras
3377 3153 3606 3207 trecen-

318 3246 412 3297 tas
444 3248 498 3298 et
530 3247 776 3316 septem.
811 3244 1026 3300 Verum
1049 3245 1225 3300 etiam
1258 3249 1314 3299 et
1335 3245 1590 3300 cortinas
1621 3243 1784 3300 albas
1816 3243 2170 3300 holosericas
2202 3250 2429 3301 rosatas
2459 3245 2743 3302 habentes
2767 3245 2824 3301 in
2857 3245 3050 3303 medio
3082 3263 3315 3303 crucem
3347 3247 3419 3304 de
3443 3247 3608 3322 chry-

323 3339 560 3397 soclabo
591 3341 675 3414 (ί),
709 3345 765 3398 et
786 3341 1098 3414 periclysin
1132 3343 1202 3398 de
1235 3343 1476 3398 fundato
1509 3359 1710 3397 unam.

392 3435 547 3494 880
587 3438 755 3494 Sarta
771 3456 902 3495 vero
928 3444 1079 3495 tecta
1111 3437 1362 3496 basilicae
1395 3439 1550 3495 beati
1582 3439 1733 3496 Petri
1768 3439 2036 3512 apostoli,
2061 3439 2116 3495 id
2150 3445 2239 3495 est
2273 3441 2818 3513 navem'majorem,
2839 3441 2939 3498 sed
2973 3445 3029 3497 et
3059 3441 3236 3498 aliam
3266 3459 3472 3502 navem
3503 3461 3602 3502 su-

318 3553 424 3609 per
451 3534 634 3593 ‘altare
665 3554 795 3592 cum
820 3537 1262 3609 quadriperticu
1296 3536 1472 3593 simul
1501 3543 1556 3591 et
1586 3538 2007 3610 fontem,atque
2029 3543 2162 3593 ante
2187 3538 2337 3593 fores
2364 3537 2921 3611 argenteas.Verum
2949 3539 3124 3596 etiam
3143 3544 3200 3596 et
3220 3544 3441 3599 turrem
3466 3560 3602 3600 cum

315 3634 568 3690 cameris
589 3634 713 3690 suis
745 3634 819 3690 ab
851 3634 969 3690 imo
1000 3652 1187 3707 usque
1219 3635 1290 3690 ad
1325 3634 1863 3703 summum,omnia
1896 3635 1954 3690 in
1988 3634 2264 3691 omnibus
2297 3636 2520 3691 noviter
2550 3637 3257 3695 restauravit.Pra:sertim
3284 3639 3600 3713 imaginem

296 3731 634 3788 'Salvatoris
665 3749 800 3788 cum
832 3731 1074 3804 reliquis
1106 3731 1264 3786 mirae
1293 3732 1750 3804 pulchritudinis
1783 3733 2074 3804 depictam
2115 3733 2184 3787 ad
2237 3734 2508 3789 decorem
2542 3735 2951 3807 suprascripta:
2984 3735 3252 3793 Ecclesiae
3273 3736 3334 3793 in
3368 3738 3600 3814 fastigio

237 3831 276 3886 5
306 3829 418 3886 sub
451 3840 589 3886 areu
624 3830 830 3902 majori
863 3830 1078 3902 posuit.
1113 3829 1240 3885 Pari
1276 3831 1446 3886 modo
1477 3835 1534 3887 et
1563 3829 1622 3885 in
1652 3829 1894 3886 basilica
1922 3830 2075 3886 beati
2099 3830 2259 3887 Pauli
2284 3831 2552 3904 apostoli,
2587 3837 2760 3904 atque
2791 3833 2850 3888 in
2883 3833 3130 3890 basilica
3156 3833 3472 3892 Salvatoris
3505 3835 3599 3891 in-

317 3932 444 3985 star
471 3929 534 4000 (ᾔ)
565 3928 854 4002 imagines
885 3929 1019 3984 fecit
1049 3933 1106 3984 et
1136 3929 1644 3985 constituit.Sarta
1673 3934 1825 3985 tecta
1856 3947 1986 3985 vero
2019 3927 2174 3985 tituli
2208 3931 2390 3988 beata:
2423 3931 2914 4003 Anastasiaa,quze.
2934 3932 3206 4005 aqpriscis
3237 3933 3601 4008 temporibus

299 4029 424 4099 'per
453 4027 740 4082 incuriam
769 4031 1161 4093 marcuerant,
1195 4030 1251 4082 et
1283 4044 1427 4098 pene
1457 4045 1666 4083 casura
1696 4031 1880 4096 erant,
1912 4045 2019 4083 suo
2052 4027 2205 4084 almo
2229 4028 2423 4084 studio
2452 4029 2674 4084 noviter
2703 4029 3072 4086 restauravit.

390 4123 537 4181 τοι
563 4123 863 4181 Similiter
892 4129 948 4180 et
979 4124 1216 4180 titulum
1249 4129 1460 4180 sanctae
1485 4125 1710 4181 Sabinae
1742 4125 2004 4181 studiose
2034 4126 2348 4181 renovavit.
2384 4127 2447 4182 ln
2484 4144 2598 4200 quo
2645 4144 2780 4183 vero
2827 4126 3045 4199 templo
3079 4128 3283 4185 .isdem
3332 4130 3600 4204 egregius

317 4221 533 4296 praesul
561 4218 701 4278 (fecit
729 4240 796 4278 ex
823 4227 1061 4296 argento
1093 4239 1336 4278 coronas
1361 4223 1640 4295 quinque,
1670 4241 1907 4296 pensan.
1934 4223 2114 4279 libras
2141 4225 2618 4295 quatuordecim;
2652 4224 2911 4280 canistra
2959 4225 3097 4293 duo,
3140 4243 3385 4299 pensan.
3418 4225 3599 4286 libras

315 4325 434 4376 tres
467 4325 523 4377 et
554 4319 768 4388 semis;
801 4320 1088 4392 gabathas
1118 4320 1578 4390 interrasiles(k)
1608 4337 1835 4389 novem,
1872 4338 2116 4394 pensan.
2154 4321 2332 4378 libras
2364 4322 2657 4378 undecim.
2695 4321 2849 4378 Fecit
2897 4327 3093 4380 autem
3143 4328 3200 4380 et
3243 4323 3303 4380 in
3353 4323 3599 4383 basilica

316 4418 497 4474 beata:
519 4417 620 4474 Dei
651 4418 980 4486 Genitricis,
1005 4435 1130 4490 quae
1162 4417 1490 4490 appellatur
1519 4419 1590 4473 ad
1623 4423 1911 4491 Praesepe;
1945 4418 2254 4492 cyburium
2285 4436 2353 4474 ex
2383 4423 2622 4492 argento
2649 4419 3394 4494 purissimo,quod-pensat
3415 4421 3596 4480 libras

236 4516 277 4571 5
315 4514 616 4572 sexcenias
647 4519 703 4570 et
733 4515 1036 4582 undecim;
1069 4514 1248 4570 simul
1281 4519 1337 4570 et
1367 4529 1543 4589 rugas
1574 4521 1882 4589 argenteas
1911 4516 1971 4570 in
2019 4515 2292 4588 ingressu
2332 4517 2698 4590 presbyterii,
2733 4534 2978 4591 pensan.
3003 4517 3185 4578 libras
3232 4520 3596 4607 octuaginta’

311 4617 489 4686 atque
522 4613 806 4669 cortinam
855 4614 1136 4685 majorem
1186 4611 1432 4669 sericam
1483 4611 1698 4681 albam,
1731 4613 2042 4670 habentem
2091 4613 2425 4687 periclysin,
2461 4619 2518 4671 et
2570 4632 2804 4672 crucem
2850 4617 2921 4672 de
2961 4615 3231 4674 'fundato.
3283 4617 3405 4674 Imo
3445 4623 3502 4675 et
3534 4618 3592 4676 in

309 4710 711 4768 sacratissimo
753 4709 920 4767 altari
969 4710 1177 4782 majori
1222 4711 1360 4767 fecit
1407 4716 1627 4767 vestem
1673 4712 1744 4767 de
1793 4711 2194 4785 cbrysoclabo,
2224 4712 2538 4769 habentem
2592 4712 2900 4769 historiam
2935 4713 3276 4783 nativitatis,
3307 4720 3367 4772 et
3408 4717 3596 4773 sancti

311 4807 624 4876 Simeonis,
658 4813 716 4864 et
746 4809 804 4863 in
837 4808 1030 4864 medio
1062 4806 1460 4865 cheritismon.
1498 4808 1685 4864 Simul
1719 4809 1894 4864 etiam
1927 4813 1984 4864 et
2015 4809 2073 4864 in
2103 4826 2335 4867 camera
2364 4804 2628 4882 ejusdem
2650 4810 2943 4881 Ecclesiae,
2975 4811 3106 4868 etin
3131 4812 3595 4886 quadriperticu,

313 4922 540 4962 necnon
571 4910 625 4962 et
660 4921 905 4962 coronas
928 4909 1231 4980 argenteas
1259 4905 1952 4978 tres,-pens.inibi‘1ibras
1981 4911 2216 4963 centum
2252 4908 2644 4981 quadraginta
2672 4908 2932 4982 quinque
2965 4910 3028 4982 (ι)
3053 4914 3111 4966 et
3141 4909 3345 4966 uncias
3366 4928 3594 4968 novem.

191 5005 274 5062 ⁸Ῐο
314 5005 544 5060 Interea
573 5008 629 5060 et
658 5003 717 5059 in
745 5003 987 5060 basilica
1019 5004 1172 5059 beati
1218 5003 1430 5060 Christi
1485 5005 1756 5077 martyris
1808 5005 2126 5070 Laurentii,
2161 5005 2273 5062 sita
2325 5007 2466 5062 foris
2514 5024 2736 5074 muros,
2773 5006 2906 5062 fecit
2953 5007 3241 5082 imagines
3289 5013 3598 5082 argenteas

293 5106 431 5158 tres
464 5119 477 5157 :
510 5101 846 5170 Salvatoris,
875 5101 1216 5158 'beati'Petri
1247 5102 1516 5174 apostoli,
1545 5107 1600 5158 et
1630 5102 1816 5157 sancti
1839 5102 2157 5172 Laurentii,
2190 5121 2434 5178 pensan.
2468 5103 2645 5162 simul
2677 5103 2860 5162 libras
2891 5104 3318 5180 quinquaginta
3348 5111 3599 5180 quatuor

308 5205 368 5255 et
396 5199 578 5256 semis
607 5217 620 5256 :
656 5203 714 5255 et
742 5199 800 5255 in
831 5207 997 5256 'sacro
1029 5197 1198 5256 altari
1229 5205 1450 5256 vestem
1482 5200 1730 5256 sericam
1763 5200 2224 5272 chrysoclabam,
2253 5202 2565 5259 habentem
2596 5202 3256 5262 historiamDominicze
3301 5205 3597 5277 passionis

306 5297 859 5353 et‘res‘urrectionis.
892 5297 1158 5370 Itemque
1192 5297 1488 5354 renovavit
1518 5302 1676 5353 sarta
1706 5302 1859 5353 tecta
1886 5297 2038 5353 beati
2087 5297 2295 5356 Felicis
2350 5305 2408 5356 et
2436 5301 2682 5356 Audacti
2739 5301 3276 5375 martyrum,__juxta
3325 5307 3597 5360 sanctum

299 5379 944 5458 ‘Paulum‘apostolutn,
979 5387 1078 5442 sed
1111 5391 1166 5443 et
1194 5387 1254 5442 in
1283 5385 1592 5443 basilicam
1642 5386 1831 5443 sancti
1889 5387 2132 5453 Mennae,
2167 5392 2342 5461 atque
2391 5388 2545 5445 tituli
2592 5389 2749 5446 beati
2792 5389 3003 5447 Vitalis
3049 5390 3264 5447 Christi
3295 5391 3596 5484 martyris,

179 5483 269 5541 ‘15
295 5494 535 5539 'n'ecnon
565 5487 626 5539 et
655 5483 1054 5541 caemeterium
1083 5485 1240 5540 beati
1261 5484 1425 5554 Sixti,
1459 5490 1634 5557 atque
1664 5483 1910 5541 Cornelii
1941 5485 2035 5541 via
2065 5485 2273 5559 Appia.
2307 5486 2614 5560 Simulque
2645 5492 2703 5545 et
2731 5489 3134 5545 ccemeterium
3161 5489 3348 5547 sancti
3394 5483 3596 5561 Zotici,

289 5581 402 5637 "via
421 5574 736 5639 lLavicana.

1356 5687 1600 5735 NOTULE.
1641 5687 2024 5735 HARGINALES
2066 5690 2390 5736 FABROTTI.

214 5767 313 5852 ταὶ
349 5767 730 5855 scripturas.
791 5761 870 5853 (ἓζρ)
897 5771 1100 5841 ut‘pro
1121 5781 1264 5850 cura
1293 5784 1621 5841 pauperum
1643 5769 1876 5852 animas
1897 5788 2057 5854 suas.
2083 5844 2094 5854 .
2119 5772 2194 5843 (ὁ)
2226 5773 2347 5855 Αιε.
2375 5772 2703 5864 offerentes.
2755 5773 2833 5846 (d)
2865 5773 3150 5858 natalitio.
3182 5777 3276 5903 εἴ)
3306 5774 3591 5866 natalitio.

214 5843 228 5903 >
624 5839 934 5903 (9)-Βανοη.
955 5853 1102 5896 ann.
1131 5840 1262 5896 796.
1323 5842 1403 5903 (ἡ)
1433 5857 1594 5903 roga,
1630 5841 1686 5896 ui
1714 5844 2224 5903 ast..=stmendinm.
2278 5847 2350 5903 (ι)
2379 5843 2772 5903 chmoclavo.
2818 5847 2898 5903 (vi
2919 5851 3140 5903 instar.
3167 5864 3190 5902 ι
3253 5847 3591 5903 σαιειωιιοε

155 5839 585 5926 ςίγνξριιελθεξεκ
620 5839 934 5926 tonare-
955 5839 1104 5926 ea;
1125 5840 1262 5922 79¢-
1296 5839 1594 5926 -υιγιτοεει,
1630 5841 1695 5924 id.

2044 5839 2224 5900 diam.
2278 5846 2350 5912 (ί)
2379 5839 2772 5916 chrysoclavol
2813 5839 2898 5918 (7')
2919 5845 3140 5918 instar,
3167 5839 3230 5903 id
3253 5839 3593 5905 estisimiles

158 5910 475 5984 imagines.
509 5911 590 5982 (k)
618 5910 990 5967 intersatiles.
1045 5911 1108 5983 (ι)
1141 5910 1571 5983 quinquaginta
1600 5911 1882 5984 quinque.
