3924 6424
327 323 478 384 1211
1482 322 1876 385 ANASTASl

2216 323 2596 386 I‘HECARII.
3599 325 3765 386 1212

541 455 696 514 862
730 453 949 511 Pariter
975 458 1031 510 et
1061 453 1368 512 ecclesiam
1401 458 1614 509 sancta:
1642 454 1740 510 Dei
1772 454 2081 510 Genitricis
2114 473 2461 529 semperque
2491 455 2736 529 virginis
2786 455 2981 512 Marize
3031 455 3280 512 domina:
3313 460 3546 521 nostra}.
3580 456 3765 514 sitam

471 553 527 609 in
562 553 898 616 Fonticana,
920 570 1046 625 quae
1079 569 1181 624 per
1209 551 1430 607 olitana
1451 556 1801 608 marcuerat.
1841 552 1994 608 Fecit
2024 557 2220 608 autem
2254 553 2438 609 isdem
2465 553 2677 626 praesul
2715 554 2772 608 in
2803 553 3048 610 basilica
3076 554 3332 610 doctoris
3363 555 3568 609 mundi
3603 555 3766 610 beati

473 651 635 709 Pauli
656 651 902 724 apostoli
932 651 1380 717 confessionem,
1415 649 1592 706 simul
1625 654 1682 706 et
1713 668 1889 724 rugas
1919 669 1988 706 ex
2017 668 2157 705 auro
2184 651 2416 723 obryzo,
2452 652 2737 708 habentes
2759 669 3023 724 gemmas
3055 653 3342 724 pretiosas
3394 653 3580 708 instar
3602 651 3768 708 beati

471 750 623 806 Petri
655 748 922 822 apostoli,
956 766 1200 820 pensan,
1235 747 1416 803 libras
1447 752 1681 803 centum
1715 747 2145 821 quinquaginta
2166 753 2222 803 et
2252 766 2387 817 sex;
2421 754 2478 804 et
2508 766 2686 821 super
2713 749 2911 821 ipsum
2943 766 3175 804 sacrum
3205 749 3386 805 altare
3434 750 3766 824 imaginem

400 851 436 907 5
472 865 708 905 auream
738 847 1052 914 habentem
1087 846 1444 902 Salvatorem
1477 850 1533 900 et
1579 846 1886 901 duodecim
1939 846 2252 918 apostolos,
2288 864 2532 919 pensan.
2584 847 2766 903 libras
2815 848 3193 920 septuaginta
3245 847 3540 920 quinque;
3575 849 3678 904 sed
3710 855 3772 903 et

473 963 766 1004 cameram
797 945 1061 1017 ejusdem
1092 943 1345 1001 basilica:
1377 944 1438 999 in
1470 945 1711 999 modum
1747 944 1900 1000 beati
1929 945 2083 1000 Betri
2116 943 2364 1016 apostoli
2402 945 2624 1000 noviter
2657 944 2811 1011 fecit,
2846 945 3165 1017 praesertim
3199 950 3256 1002 et
3286 962 3530 1002 coronas
3553 963 3771 1018 argen-

473 1052 596 1103 teas
626 1051 766 1110 tres,
801 1060 1044 1116 pensan.
1079 1043 1138 1097 in
1173 1060 1290 1098 una
1321 1041 1502 1098 libras
1535 1043 1819 1097 ducentas
1851 1047 1907 1098 et
1930 1041 2164 1114 viginti;
2196 1047 2252 1096 et
2281 1042 2409 1097 vela
2435 1042 2759 1098 holoserica
2789 1044 3013 1114 majora
3046 1043 3328 1116 sigillata,
3352 1044 3632 1099 habentia
3664 1063 3773 1117 pe-

471 1143 729 1217 riclysin,
762 1146 819 1198 et
850 1158 1082 1197 crucem
1115 1141 1184 1196 de
1212 1139 1464 1208 batthin,
1491 1158 1593 1196 seu
1627 1141 1869 1196 fundato
1904 1158 2144 1196 numero
2179 1140 2546 1213 quindecim;
2580 1140 2705 1196 vela
2728 1142 3065 1213 promiscua
3093 1142 3319 1213 majora
3349 1142 3418 1197 de
3437 1142 3772 1214 quadraplo

471 1242 766 1306 investita,
791 1259 917 1313 qua:
949 1239 1204 1312 pendent
1235 1239 1294 1294 in
1325 1240 1581 1295 arcubus
1613 1239 2005 1311 quadraginta
2033 1244 2181 1306 tres;
2206 1239 2331 1294 vela
2363 1238 2591 1294 modica
2623 1239 2900 1312 sigillata,
2934 1258 3061 1312 qua:
3108 1240 3365 1312 pendent
3397 1240 3454 1294 in
3507 1240 3774 1295 arcubus

367 1343 435 1399 10
473 1340 802 1396 minoribus
833 1342 1039 1395 ornata
1065 1337 1386 1410 quadraplo
1410 1337 1610 1410 viginti
1645 1353 1656 1391 ε
1691 1337 1828 1392 item
1850 1337 1975 1392 vela
2009 1337 2238 1392 modica
2268 1339 2338 1392 de
2370 1337 2836 1410 stauracin,quze
2871 1339 3127 1410 pendent
3158 1336 3216 1392 in
3250 1338 3504 1393 arcubus
3536 1339 3776 1405 decem,

473 1443 531 1496 et
559 1437 675 1495 alia
707 1439 927 1505 decem,
960 1453 1028 1492 ex
1058 1434 1273 1507 quibus
1305 1434 1418 1490 tria
1447 1434 1664 1490 habent
1695 1433 2007 1508 periclysin
2040 1435 2109 1490 de
2141 1434 2545 1507 chrysoclovo;
2582 1435 2722 1490 item
2755 1434 2880 1490 vela
2909 1441 3164 1508 quatuor
3211 1434 3306 1490 ﬁlo
3357 1435 3481 1508 pari
3523 1434 3779 1490 Alexan-

473 1536 670 1604 drina;
703 1533 844 1590 item
875 1531 1069 1589 velum
1103 1531 1348 1587 alithino
1383 1535 1595 1602 rotatu,
1629 1531 1853 1586 habens
1885 1529 2196 1604 periclysin
2223 1537 2378 1586 rotas
2410 1549 2542 1586 cum
2577 1531 2874 1600 cancellis,
2909 1537 2966 1587 et
2998 1532 3057 1588 in
3099 1532 3292 1588 medio
3343 1549 3576 1587 crucem
3630 1549 3775 1587 eum

473 1633 747 1706 gemmis,
774 1636 832 1688 et
861 1635 1114 1704 quatuor
1147 1633 1305 1685 rotas
1337 1629 1407 1684 de
1438 1628 1585 1702 tyrio
1619 1629 1715 1684 filo
1750 1646 1939 1701 pares.

547 1731 699 1788 863
733 1728 889 1785 Fecit
919 1732 1117 1784 autem
1149 1731 1206 1782 et
1236 1726 1295 1781 in
1327 1725 1570 1782 basilica
1601 1725 1752 1781 beati
1784 1726 2017 1780 Andreae
2053 1725 2123 1780 ad
2153 1725 2392 1781 beatum
2427 1725 2660 1781 Petrum
2686 1725 3016 1798 apostolum
3048 1743 3226 1799 rugas
3258 1731 3588 1799 argenteas,
3622 1743 3778 1799 pen-

476 1847 604 1886 san.
637 1827 817 1884 libras
846 1825 1200 1898 octuaginta.
1236 1825 1453 1881 Verum
1481 1824 1658 1880 etiam
1690 1828 1744 1880 et
1776 1823 1834 1878 in
1866 1823 2113 1879 basilica
2145 1823 2482 1890 Salvatoris,
2518 1842 2644 1896 qua:
2679 1823 3007 1895 appellatur
3029 1824 3534 1890 Constantiniana,
3568 1841 3777 1880 came-

476 1944 601 1984 ram
626 1925 785 1982 miraa
818 1923 1266 1998 magnitudinis.
1301 1923 1404 1979 Hic
1436 1922 1727 1978 almificus
1749 1921 1960 1995 praesul
1986 1922 2120 1977 fecit
2150 1922 2208 1977 in
2241 1921 2411 1977 altari
2445 1922 2651 1994 majori
2686 1922 2839 1977 beati
2869 1922 3018 1978 Petri
3053 1922 3452 1995 apostolorum
3486 1922 3784 1995 principis

474 2034 694 2082 vestem
739 2021 1182 2097 chrysoclabam
1233 2019 1505 2094 pretiosis
1553 2019 1803 2092 gemmis
1853 2024 2141 2088 ornatam,
2170 2019 2483 2075 habentem
2515 2020 2791 2076 historias
2846 2025 2965 2075 tam
3010 2019 3348 2086 Salvatoris,
3383 2021 3550 2076 beato
3603 2021 3782 2076 Petro

402 2128 440 2184 5
477 2122 741 2198 apostolo
772 2121 995 2195 ligandi
1019 2119 1398 2192 solvendique
1431 2123 1778 2192 potestatem
1810 2117 2145 2184 tribuentis,
2179 2135 2478 2191 quamque
2500 2118 2837 2191 principum
2870 2117 3268 2192 apostolorum
3302 2118 3452 2175 Petri
3503 2124 3560 2175 et
3604 2118 3784 2175 Pauli

478 2222 816 2297 passionem
846 2221 1170 2294 figurantes
1192 2217 1351 2273 mira:
1385 2215 1811 2289 magnitudinis
1844 2215 1903 2271 in
1927 2215 2119 2271 natale
2150 2215 2550 2288 apostolorum
2585 2215 3076 2288 resplendentem.

553 2331 708 2387 364
747 2327 890 2384 Item
919 2325 1054 2382 fecit
1081 2329 1303 2381 vestem
1336 2323 1393 2378 in
1425 2322 1595 2378 titulo
1619 2321 1889 2378 Eudoxiaa
1919 2339 2097 2394 super
2126 2323 2307 2378 altare
2341 2322 2550 2395 tyriam
2595 2322 2912 2378 habentem
2961 2340 3181 2396 grypas
3230 2324 3506 2394 majores,
3540 2326 3596 2378 et
3625 2323 3788 2378 duas

480 2432 638 2484 rotas
667 2424 1080 2498 chrysoclabas
1111 2439 1245 2478 cum
1278 2437 1467 2487 cruce,
1489 2425 1546 2475 et
1577 2419 1912 2492 periclysin,
1945 2419 2292 2486 blatthin,et
2322 2420 2743 2494 crysoclavum.
2787 2421 2892 2475 Hic
2923 2426 3123 2476 autem
3175 2421 3520 2494 praecipuus
3567 2438 3796 2504 praesul

483 2525 619 2583 fecit
650 2524 708 2579 in
735 2521 980 2578 basilica
1009 2520 1165 2576 beati
1195 2518 1344 2574 Petri
1367 2517 1615 2590 apostoli
1641 2517 1833 2572 larum
1856 2521 2200 2590 argenteum
2230 2523 2363 2573 ante
2388 2517 2816 2591 presbyterium
2840 2536 2973 2573 cum
2996 2518 3231 2590 gabatis
3255 2518 3558 2590 argenteis
3580 2518 3800 2592 trigin_

481 2627 560 2691 ta,
594 2626 651 2677 et
680 2619 1004 2676 canistrum
1035 2617 1304 2690 octogeni
1338 2616 1397 2671 in
1431 2615 1904 2688 medio,pensan.
1940 2615 2121 2672 libras
2155 2617 2458 2689 sexaginta
2489 2622 2545 2671 et
2577 2621 2725 2684 tres;
2761 2621 2816 2671 et
2846 2616 2903 2670 in
2929 2615 3230 2671 cantharis
3251 2616 3709 2688 argenteis,tam
3737 2617 3795 2672 in

409 2724 446 2777 5
483 2718 732 2777 circuitu
765 2716 988 2782 altaris,
1023 2733 1200 2788 quam
1231 2714 1290 2769 in
1322 2712 1681 2786 presbyterio
1714 2713 1911 2786 posuit
1941 2717 2262 2769 cereostata
2311 2717 2607 2786 argentea,
2637 2727 2805 2786 pens.
2832 2712 2976 2768 inibi
3008 2713 3188 2769 libras
3222 2713 3507 2768 ducentas
3548 2719 3607 2768 et
3639 2716 3796 2769 duo-

483 2817 692 2873 decim.
713 2816 783 2871 Et
811 2815 870 2870 in
903 2813 1084 2869 altare
1116 2812 1294 2868 beatae
1320 2809 1644 2866 Petronillae
1677 2811 1873 2882 posuit
1899 2815 2118 2866 vestem
2149 2812 2220 2866 de
2253 2809 2549 2867 stauracin
2575 2810 3098 2876 unam,habentem
3123 2809 3437 2883 periclysin
3462 2811 3532 2865 de
3556 2810 3792 2888 blattis,

486 2933 587 2972 seu
621 2913 1022 2988 chrysoclabo.
1059 2912 1216 2967 Fecit
1256 2915 1451 2966 autem
1503 2913 1559 2964 et
1604 2909 1662 2963 in
1712 2908 1956 2964 basilica
2005 2907 2341 2976 Salvatoris,
2377 2927 2502 2981 qua:
2545 2914 2601 2964 et
2648 2908 3152 2976 Constantiniana,
3184 2913 3406 2963 vestem
3455 2908 3789 2966 habentem

377 3045 380 3050 -
483 3012 791 3070 historiam
821 3008 1114 3075 Cruciﬁxi,
1147 3013 1202 3064 et
1235 3009 1304 3063 de
1337 3007 1779 3063 Resurrectione
1809 3005 2042 3061 Domini
2075 3006 2260 3062 nostri
2284 3007 2424 3062 Jesu
2453 3006 2690 3072 Christi,
2724 3005 3041 3062 habentem
3090 3004 3403 3078 periclysin
3447 3007 3518 3062 de
3547 3007 3794 3077 chryso—

485 3111 669 3168 clabo.
723 3109 836 3166 Sed
887 3112 945 3164 et
989 3106 1048 3162 in
1095 3105 1337 3162 basilica
1382 3104 1532 3160 beati
1585 3103 1903 3160 Clementis
1949 3109 2169 3159 vestem
2231 3105 2300 3160 de
2363 3103 2660 3159 stauracin
2711 3121 2911 3172 unam,
2964 3103 3278 3159 habentem
3331 3103 3649 3176 periclysin
3714 3107 3789 3160 de

379 3211 448 3266 10
477 3206 875 3282 chrysoclabo.
911 3204 1069 3262 Fecit
1124 3202 1300 3260 etiam
1349 3209 1406 3259 et
1455 3202 1512 3257 in
1561 3202 1816 3258 arcubus
1867 3201 2160 3274 argenteis
2208 3201 2466 3258 ecclesiae
2521 3201 2616 3256 Dei
2672 3201 2920 3274 apostoli
2970 3201 3098 3256 vela
3147 3201 3218 3256 de
3254 3201 3576 3257 stauracim
3609 3202 3784 3258 valde

377 3325 380 3328 ‘
486 3304 907 3381 pulcherrima.

560 3404 711 3462 865
747 3404 877 3476 Ipse
907 3418 1040 3457 vero
1071 3398 1402 3473 precipuus
1434 3398 1692 3470 pontifex
1723 3398 1781 3452 in
1814 3397 1985 3454 titulo
2039 3398 2218 3454 beatae
2269 3398 2573 3466 Susanna),
2608 3397 2707 3453 ubi
2760 3401 2817 3453 et
2874 3397 3176 3470 presbyter
3233 3396 3541 3453 ordinatus
3574 3397 3790 3464 fuerat,

487 3504 628 3559 dum
688 3499 940 3559 breviter
985 3498 1321 3554 destructus
1371 3495 1601 3561 fuisset,
1633 3501 1690 3551 et
1714 3496 1840 3568 jam
1900 3513 2004 3568 per
2056 3494 2362 3568 longitana
2415 3500 2680 3568 tempora
2737 3495 2878 3568 ipsa;
2927 3494 3227 3567 parietinae
3260 3493 3677 3564 marcuissent,
3716 3495 3790 3550 ob

487 3600 740 3657 nimium
773 3614 1033 3655 amorem
1065 3593 1367 3668 ampliavit
1397 3593 1728 3662 aedificium,
1763 3597 1819 3649 et
1849 3594 2074 3649 noviter
2121 3593 2182 3649 in
2226 3592 2412 3649 altum
2445 3593 2672 3649 fodieus
2721 3592 3134 3648 ﬁrmissimum
3189 3591 3386 3664 posuit
3432 3592 3792 3648 fundamen-
3879 3617 3885 3628 ι

485 3704 634 3765 tum,
669 3701 726 3752 ct
756 3700 924 3753 eruta
964 3693 1206 3767 planitie
1257 3691 1502 3748 miriﬁce
1551 3691 1777 3747 excelsa
1825 3709 2002 3764 super
2051 3692 2180 3764 ipsa
2240 3691 2626 3746 fundamenta
2675 3690 2983 3746 aedificavit
3033 3688 3342 3745 ecclesiam
3393 3706 3527 3744 cum
3581 3689 3792 3746 absida

413 3799 451 3854 5
489 3795 877 3869 amplissima,
911 3797 969 3848 et
1026 3791 1337 3848 cacumina
1395 3790 1644 3845 miriﬁca
1700 3791 1771 3845 de
1826 3789 2076 3856 musivo,
2108 3793 2285 3861 atque
2343 3807 2638 3845 cameram
2699 3790 3031 3844 decoratam
3087 3805 3190 3843 seu
3241 3787 3698 3860 presbyterium,
3735 3793 3790 3842 et

490 3895 891 3968 pavimentum
950 3889 1345 3946 marmoribus
1404 3887 1668 3960 pulchris
1726 3889 1972 3943 ornavit.
2005 3888 2222 3942 Verum
2272 3888 2447 3943 etiam
2493 3888 2694 3942 dextra
2742 3887 3017 3958 laevaque,
3053 3890 3110 3940 et
3160 3887 3418 3958 porticus
3465 3887 3594 3957 ejus
3652 3903 3788 3942 cum

490 3990 785 4048 columnis
849 3990 1197 4045 marmoreis
1256 3987 1604 4043 construxit.
1631 3986 1740 4042 Sed
1803 3991 1860 4042 et
1916 3985 2329 4058 baptisterium
2392 3984 2471 4042 ibi
2530 3983 2853 4054 constituit,
2888 3985 2988 4039 ubi
3045 3989 3101 4038 et
3159 3984 3314 4040 dona
3361 3983 3592 4051 obtulit,
3628 3984 3786 4039 vide-

489 4089 644 4157 licet,
679 4087 964 4162 gabathas
1027 4103 1235 4142 aureas
1299 4084 1574 4139 fundatas
1633 4088 1772 4152 tres,
1833 4087 2152 4156 pensantes
2206 4082 2390 4140 libras
2446 4087 2699 4156 quatuor
2761 4088 2818 4138 et
2878 4081 3070 4150 senis;
3121 4098 3322 4137 cruces
3380 4098 3587 4136 aureas
3641 4082 3787 4137 duas

490 4205 622 4244 cum
653 4185 925 4260 gemmis,
960 4201 1203 4258 pensan.
1239 4183 1370 4238 libr.
1425 4199 1635 4250 unam;
1671 4186 1796 4237 tum
1841 4182 2036 4254 virgas
2086 4186 2414 4253 argenteas,
2445 4199 2687 4254 pensan.
2737 4179 2919 4236 libras
2978 4185 3096 4235 tres
3145 4184 3201 4234 et
3260 4179 3464 4234 uncias
3523 4184 3782 4252 septem;

384 4287 452 4342 10
491 4286 793 4342 lucernam
827 4288 1164 4356 argenteam
1199 4298 1398 4350 unam,
1432 4298 1677 4352 pensan.
1713 4279 1897 4336 libras
1929 4279 2218 4352 quinque;
2253 4279 2539 4352 imagines
2572 4284 2881 4352 argenteas
2914 4283 3051 4344 tres,
3086 4295 3309 4350 pensan
3341 4275 3523 4332 libras
3546 4278 3786 4350 triginta

492 4383 777 4458 quinque.

564 4483 720 4538 386
759 4480 917 4536 Pecit
965 4482 1024 4535 et
1053 4477 1482 4535 confessionem
1513 4477 1778 4549 ejusdem
1829 4474 2034 4531 altaris
2084 4493 2152 4531 ex
2201 4478 2440 4548 argento
2491 4473 2832 4548 purissimo,
2867 4491 3112 4548 pensan.
3148 4473 3328 4528 libras
3384 4477 3621 4528 centum
3673 4478 3785 4528 tres

495 4584 553 4636 et
583 4577 788 4636 uncias
809 4579 988 4646 duas;
1023 4575 1329 4633 columnas
1360 4579 1666 4648 argenteas
1699 4578 1825 4630 octo
1858 4577 1914 4629 et
1943 4573 2280 4647 gammadia
2311 4573 2446 4642 duo,
2481 4578 2540 4629 et
2585 4589 2757 4629 arcus
2805 4573 2973 4640 duos,
3007 4589 3142 4628 cum
3190 4570 3465 4628 crucibus
3497 4569 3784 4642 argenteis

496 4677 779 4750 quinque,
809 4680 866 4732 et
895 4673 1181 4748 gabathas
1234 4673 1595 4747 quindecim,
1638 4690 1880 4746 pensan.
1934 4671 2112 4727 simul
2163 4670 2295 4727 libr.
2357 4676 2592 4727 centum
2654 4670 3125 4744 quinquaginta;
3159 4686 3391 4725 crucem
3452 4668 3782 4742 diacopton,

497 4792 663 4850 pens.
697 4773 830 4830 libr.
864 4771 1330 4846 quatuordecim.
1391 4771 1727 4827 Canistrum
1787 4786 1856 4826 ex
1903 4770 2043 4825 cede
2097 4769 2316 4835 cafotii,
2351 4786 2516 4841 pens.
2562 4768 2743 4825 libras
2800 4767 3108 4824 duodecim
3160 4773 3218 4823 et
3267 4765 3478 4835 semis;
3513 4781 3782 4822 coronam

424 4878 458 4931 ὅ
497 4875 782 4946 majorem
842 4871 913 4929 de
972 4875 1210 4943 argento
1272 4887 1391 4926 una
1439 4886 1573 4924 cum
1618 4866 1912 4941 delphinis
1962 4868 2204 4940 triginta
2249 4869 2501 4936 duobus,
2544 4866 3004 4940 pensan.1ihras
3050 4865 3292 4940 triginta
3349 4866 3526 4932 duas;
3561 4881 3779 4919 necnon

499 4976 554 5028 et
583 4971 908 5027 canistrum
939 4972 1282 5042 argenteum
1314 4983 1522 5035 unum,
1558 4984 1803 5039 pensan,
1837 4965 2019 5021 libras
2041 4967 2240 5021 decem
2273 4970 2330 5022 et
2388 4970 2538 5034 octo,
2572 4967 2672 5021 sed
2723 4971 2780 5021 et
2832 4964 2990 5020 aliud
3042 4963 3366 5020 canistrum
3417 4967 3778 5034 argenteum,

501 5087 744 5146 pensan.
780 5068 962 5124 libras
991 5069 1192 5123 decem
1224 5071 1280 5123 et
1311 5071 1469 5134 octo;
1504 5083 1643 5121 vasa
1692 5065 1968 5120 c'olatoria
2013 5069 2288 5138 argentea
2329 5065 2628 5132 deaurata,
2664 5081 2908 5137 pensan.
2943 5062 3122 5118 libras
3174 5067 3429 5134 quatuor
3475 5066 3532 5115 et
3587 5060 3781 5116 uncias

500 5166 958 5241 tres;gabathas
1008 5168 1336 5239 argenteas,
1371 5163 1652 5219 habentes
1711 5161 1966 5236 gryphos
2023 5163 2356 5228 deauratos,
2410 5179 2651 5235 pensan.
2701 5161 2883 5217 libras
2943 5162 3125 5228 duas;
3180 5177 3424 5217 coronas
3483 5165 3781 5231 argenteas

502 5267 651 5322 duas
695 5282 830 5320 cum
881 5262 1174 5336 delphinis
1224 5263 1426 5319 decem
1476 5265 1533 5316 et
1581 5266 1729 5329 octo,
1764 5278 2008 5334 pensan.
2056 5259 2237 5316 libras
2287 5261 2488 5316 decem
2539 5265 2596 5316 et
2639 5277 2866 5316 novem.
2900 5259 3206 5315 Enimvero
3240 5258 3427 5314 isdem
3459 5257 3781 5330 praecipuus

399 5365 466 5418 1ρΟ
504 5365 751 5420 antistes
787 5361 921 5418 fecit
951 5360 1010 5417 in
1041 5361 1241 5417 eadem
1275 5359 1523 5417 ecclesia
1552 5364 1772 5415 vestem
1823 5358 2264 5431 chrysoclabam
2317 5376 2450 5415 cum
2500 5357 2792 5431 periclysi,
2827 5375 2963 5413 cum
3018 5357 3394 5430 chrysoclabo
3447 5373 3658 5422 unam;
3693 5351 3780 5410 sed

503 5466 560 5516 et
590 5461 768 5517 aliam
815 5463 1037 5515 vestem
1089 5459 1159 5514 de
1211 5456 1488 5525 blatthin,
1525 5456 1840 5512 habentem
1875 5456 1933 5511 in
1988 5458 2178 5513 medio
2227 5474 2459 5513 crucem
2491 5457 2562 5512 de
2593 5455 3002 5528 chrysoclabo;
3028 5460 3086 5511 et
3119 5453 3352 5511 tabulas
3383 5453 3782 5526 chrysoclabas

505 5563 779 5629 quatuor,
811 5573 943 5611 cum
972 5556 1222 5628 gemmis
1255 5560 1511 5623 ornatas,
1546 5559 1721 5626 atque
1753 5556 2121 5627 gammadias
2147 5554 2206 5610 in
2237 5554 2367 5627 ipsa
2393 5559 2548 5610 veste
2581 5553 2993 5628 chrysoclabas
3027 5557 3299 5625 quatuor,
3334 5569 3468 5608 cum
3522 5545 3777 5625 periclysi

508 5654 580 5710 de
604 5652 1007 5723 chrysoclabo.

579 5749 729 5805 861
770 5747 926 5801 Fecit
956 5754 1153 5804 autem
1179 5754 1235 5806 et
1265 5750 1323 5805 in
1358 5749 1710 5821 patriarchio
1733 5751 2109 5805 Lateranensi
2142 5751 2463 5806 triclinium
2499 5751 2693 5822 majus
2715 5767 2893 5823 super
2909 5750 3106 5806 omnia
3137 5749 3388 5804 triclinia
3429 5747 3656 5803 nomini
3678 5760 3774 5801 sum

505 5840 936 5916 magnitudinis
968 5844 1489 5919 decorata,ponens
1511 5847 1570 5903 in
1601 5864 1668 5904 eo
1701 5847 2081 5903 fundamenta
2112 5848 2537 5916 ﬁrmissima,et
2569 5849 2627 5904 in
2660 5849 2909 5906 circuitu
2931 5848 3171 5906 laminis
3195 5846 3540 5906 marmoreis
3563 5842 3771 5903 ornavit
