3924 6416
160 328 327 393 1213
1040 326 1413 391 HISTORIA
1456 328 1560 389 DE
1602 327 1709 390 Vl'l

2086 328 2404 392 PON'l‘.—
2429 327 2583 391 LEO
2626 328 2733 391 IlI.
3440 333 3597 396 1211

310 465 489 537 atque
517 458 914 519 marmoribus
942 458 1001 515 in
1061 459 1226 517 eiem
1245 458 1360 533 plis
1394 459 1622 517 stravit.
1656 460 1725 516 Et
1750 460 1995 518 diversis
2027 459 2337 529 columnis,
2369 464 2490 518 tam
2535 457 2959 534 porphyreticis
3010 476 3308 537 quamque
3355 460 3508 521 aldis
3537 472 3602 524 et

313 559 565 634 sculptis
594 576 729 615 cum
758 558 999 614 vasibus
1025 557 1253 614 et'liliis
1284 557 1461 613 simul
1495 557 1762 631 postibus
1793 558 2086 613 decoravit
2117 575 2409 613 cameram
2441 574 2578 613 cum
2612 558 2817 614 absida
2847 559 2919 615 de
2950 558 3264 628 musivo,et
3291 559 3438 618 alias
3452 562 3601 619 duas

232 659 275 715 5
313 659 555 715 absidas
585 658 845 713 diversas
875 656 1153 713 historias
1184 656 1433 729 pingens
1463 672 1639 729 super
1671 672 2032 711 marmorum
2066 656 2486 712 incrustatione
2518 657 2735 728 pariter
2757 656 2814 712 in
2837 656 3088 714 circuitu
3120 658 3513 716 decoravit.Et
3541 660 3600 716 in

311 756 556 813 basilica
584 757 766 812 beatae
797 755 1007 810 Prisca
1040 754 1174 811 fecit
1203 754 1391 810 isdem
1423 754 1670 809 antistes
1702 753 1942 809 calicem
1977 754 2291 809 fundatum
2323 759 2777 827 superauratum
2810 771 2995 811 unum
3027 760 3084 811 et
3112 772 3357 814 coronas
3388 762 3605 827 tres,ex

311 854 532 927 quibus
562 869 741 909 unam
769 852 1086 908 habentem
1118 851 1427 924 delphinos
1459 853 1746 917 deccm,et
1777 851 1923 907 alias
1954 852 2101 907 duas
2132 869 2375 908 numero
2407 869 2612 909 novem
2634 868 2649 916 ;
2674 853 2774 907 sed
2805 856 2861 907 et
2881 852 3170 926 gabathas
3191 858 3601 928 octo,pensan.

313 950 494 1008 simul
524 949 707 1007 libras
736 948 944 1023 viginti
978 966 1184 1005 novem
1218 965 1232 1004 :
1264 953 1486 1004 vestem
1519 946 1714 1004 albam
1747 947 2131 1004 bolosericam
2166 954 2431 1005 ornatam
2478 949 2538 1005 in
2590 948 2842 1006 circuitu
2893 949 3065 1006 blatti
3115 952 3423 1025 Byzanteo,
3455 956 3512 1008 et
3543 952 3603 1009 in

316 1051 509 1105 fronte
539 1064 771 1105 crucem
801 1048 872 1103 de
902 1047 1301 1120 chrysoclabo.

385 1146 543 1204 808
577 1146 681 1202 Hic
712 1150 908 1202 autem
940 1144 1288 1201 venerabilis
1317 1150 1375 1200 et
1405 1144 1819 1202 sanctissimus
1850 1144 2061 1218 praesul
2092 1146 2234 1202 dum
2268 1146 2326 1202 in
2359 1150 2562 1202 sancta
2591 1146 2876 1203 catholica
2904 1150 2962 1203 et
2992 1146 3314 1220 apostolica
3335 1148 3607 1206 Romana

315 1243 578 1302 Ecclesia
606 1260 709 1317 per
737 1244 1005 1300 ordinem
1036 1243 1501 1300 ecclesiasticum
1532 1244 1786 1316 degeret,
1819 1248 1876 1300 et
1906 1243 2085 1299 ritum
2134 1244 2467 1300 orthodoxae
2499 1244 2633 1319 ﬁdei
2664 1249 2905 1314 teneret,
2938 1250 3114 1318 atque
3145 1263 3214 1302 ex
3243 1246 3403 1303 omni
3436 1251 3601 1321 parte

314 1348 441 1399 tam
471 1359 575 1415 per
602 1342 862 1397 diversas
892 1341 1168 1397 ecclesias
1200 1358 1497 1414 quamque
1520 1340 1577 1396 in
1610 1341 1966 1413 patriarchio
1999 1341 2057 1397 in
2091 1342 2304 1415 amplis
2335 1341 2596 1398 aediﬁciis
2621 1347 2969 1399 construens
2987 1346 3217 1416 compte
3243 1348 3475 1401 ornaret
3496 1348 3600 1415 (a),

314 1456 451 1497 cum
481 1439 576 1496 die
606 1437 863 1512 quadam
892 1454 1054 1495 more
1084 1437 1254 1495 solito
1302 1438 1362 1494 in
1385 1437 1638 1507 letaniis,
1672 1455 1798 1510 quae
1834 1438 1905 1493 ab
1937 1439 2212 1496 omnibus
2245 1440 2495 1511 Majores
2525 1439 2917 1512 appellantur,
2951 1440 3229 1514 proceder
3252 1445 3329 1509 et,
3362 1440 3461 1498 ubi
3495 1440 3609 1498 sibi

238 1538 279 1594 5
317 1536 573 1609 populus
603 1534 835 1592 obviam
866 1553 1035 1592 sacra
1063 1535 1345 1608 religione
1376 1552 1679 1591 occurrere
1710 1536 1967 1603 deberet,
2000 1540 2057 1592 et
2088 1538 2414 1592 secundum
2445 1553 2707 1594 annuam
2738 1536 3225 1595 consuetudinem
3269 1537 3515 1595 letanias
3546 1542 3605 1595 et

317 1634 643 1691 missarum
674 1632 961 1690 solemnia
991 1650 1127 1689 cum
1158 1634 1562 1689 sacerdotibus
1593 1632 1933 1702 celebraret,
1956 1638 2012 1689 et
2042 1633 2429 1707 omnipotenti
2450 1633 2699 1691 Domino
2722 1651 2825 1707 pro
2849 1634 3037 1691 salute
3057 1634 3604 1711 Christicnarumlb)

317 1731 523 1806 populi
553 1748 754 1805 preces
785 1731 1077 1798 funderet,
1109 1736 1167 1787 et
1193 1731 1521 1787 secundum
1569 1730 1850 1787 olitanam
1900 1731 2275 1787 traditionem
2306 1748 2341 1787 a
2369 1731 2594 1788 notario
2645 1735 2860 1788 sancte:
2912 1733 3184 1789 Romanae
3234 1733 3505 1790 Ecclesiae
3538 1734 3599 1793 in

317 1829 566 1887 ecclesia
595 1829 751 1886 beati
786 1828 1017 1902 Georgii
1048 1828 1263 1885 Christi
1296 1829 1571 1901 martyris
1601 1828 1660 1883 in
1693 1831 1822 1901 ejus
1855 1829 2034 1885 natali
2064 1830 2195 1902 ipsa
2224 1829 2441 1886 letauia
2470 1830 2785 1904 praedicata
2827 1830 3057 1900 fuisset,
3091 1847 3296 1888 omnes
3344 1835 3467 1889 tam
3498 1833 3605 1890 viri

319 1944 618 2001 quamque
651 1926 877 1983 feminas
910 1927 1117 1983 devota
1144 1931 1340 1983 mente
1372 1926 1708 1983 catervatim
1739 1926 1798 1982 in
1830 1926 2077 1983 ecclesia
2107 1927 2259 1983 beati
2290 1926 2505 1984 Christi
2537 1928 2815 2002 martyris
2847 1928 3166 1999 Laurentii,
3201 1945 3329 2002 quae
3375 1930 3605 1989 Lucina;

202 2026 279 2084 10
318 2024 827 2099 nuncupatur,ubi
857 2029 914 2081 et
943 2025 1187 2082 collecta
1216 2025 1495 2098 praedicta
1524 2024 1732 2092 inerat,
1767 2029 2166 2081 occurrerunt.

393 2124 549 2180 860
580 2121 688 2178 Ubi
721 2122 862 2177 dum
894 2122 1210 2195 praedictus
1240 2121 1590 2178 venerabilis
1622 2122 1878 2194 pontifex
1899 2140 1934 2177 a
1954 2121 2307 2195 patriarchio
2329 2138 2603 2196 egressus
2625 2123 3092 2191 iuisset,obviam
3115 2122 3199 2179 illi
3224 2123 3351 2181 sine
3372 2124 3609 2198 planeta

320 2221 566 2293 iniquus
595 2239 699 2278 nec
730 2221 1013 2278 dicendus
1043 2220 1343 2277 Paschalis
1374 2220 1745 2294 primicerius
1775 2219 2113 2288 occurrit,et
2144 2220 2203 2277 in
2236 2220 2527 2294 hypocrisi
2560 2221 2791 2277 veniam
2835 2222 2908 2278 ab
2934 2220 3034 2278 illo
3065 2222 3317 2295 petebat,
3350 2222 3553 2280 dicens
3588 2240 3602 2281 :

319 2319 471 2387 Quia
493 2318 766 2375 inﬁrmus
798 2322 1018 2385 sum,et
1048 2317 1175 2374 ideo
1208 2318 1334 2374 sine
1365 2317 1600 2391 planeta
1627 2317 1791 2386 veni;
1821 2322 1962 2373 tunc
1993 2318 2408 2375 sanctissimus
2439 2318 2651 2391 praesul
2672 2318 2902 2375 veniam
2921 2319 3008 2375 illi
3035 2320 3231 2389 dedit;
3259 2319 3532 2378 similiter
3550 2337 3610 2404 et

318 2416 638 2490 Campulus
667 2416 1008 2474 sacellarius
1033 2433 1047 2471 :
1072 2417 1133 2471 in
1164 2416 1428 2489 ipsorum
1461 2416 1769 2471 dolositate
1802 2416 2020 2488 pariter
2048 2415 2109 2471 in
2141 2416 2462 2489 pontiﬁcali
2493 2416 2774 2489 obsequio
2798 2422 3193 2490 pergentes,et
3213 2416 3413 2474 dulcia
3430 2419 3610 2475 verba

241 2520 283 2577 5
320 2536 450 2593 quae
480 2536 597 2575 non
626 2518 923 2575 habebant
956 2517 1015 2573 in
1046 2522 1298 2590 pectore,
1334 2534 1468 2574 cum
1500 2534 1566 2573 eo
1598 2517 1902 2589 loquentes
1937 2534 1950 2572 :
1990 2516 2230 2590 maligni
2266 2517 2443 2574 etiam
2474 2522 2531 2573 et
2561 2516 2771 2591 iniqui,
2793 2535 2860 2573 ac
2886 2518 3419 2591 perversi,falsique
3438 2518 3609 2575 Chri-

322 2615 771 2689 stiani,prorsus
819 2615 1055 2688 pagani,
1081 2614 1183 2669 ﬁlii
1218 2614 1458 2685 diaboli,
1490 2615 1549 2668 in
1586 2632 1771 2669 unum
1805 2631 1866 2669 se
1898 2614 2159 2670 satanice
2192 2615 2550 2688 colligentes,
2584 2614 2741 2688 pleni
2775 2615 2981 2688 iniqua
3009 2615 3359 2689 cogitatione
3388 2616 3448 2672 in
3477 2616 3606 2690 ipso

320 2713 532 2771 itinere
562 2717 696 2769 ante
729 2712 1153 2768 monasterium
1184 2716 1523 2768 sanctorum
1557 2711 1839 2784 Stephani
1869 2716 1925 2767 et
1956 2711 2244 2779 Silvestri,
2277 2714 2431 2786 quod
2473 2714 2727 2769 domnus
2780 2712 2997 2769 Paulus
3041 2730 3194 2786 papa
3243 2712 3610 2783 fundaverat,

324 2810 479 2868 clam
506 2811 718 2868 armati
749 2810 1005 2877 astitere,
1038 2814 1216 2881 atque
1248 2813 1483 2881 repente
1514 2810 1585 2865 de
1616 2807 1742 2865 loco
1775 2809 2126 2865 insidiarum
2158 2810 2514 2881 exsilientes,
2540 2812 2614 2867 ad
2646 2810 2843 2884 ipsum
2875 2812 3055 2884 (quod
3098 2812 3262 2868 dictu
3313 2811 3477 2867 nefas
3506 2815 3614 2881 est)

320 2907 502 2981 impie
533 2907 949 2965 trucidandum
982 2908 1204 2979 absque
1237 2906 1357 2962 ulla
1389 2906 1711 2962 reverentia
1752 2908 2178 2974 confluxerunt,
2216 2907 2495 2964 Paschale
2541 2909 2614 2964 ad
2665 2912 2845 2981 caput
2891 2912 3104 2977 stante,
3138 2912 3197 2964 et
3225 2907 3506 2981 Campulo
3538 2910 3612 2965 ad

210 3008 283 3065 10
319 3008 501 3081 pedes
531 3006 856 3063 secundum
888 3004 1161 3077 iniquum
1193 3022 1397 3060 eorum
1428 3004 1891 3072 consilium.Quo
1925 3005 2094 3072 facto,
2128 3004 2343 3073 omnis,
2375 3006 2476 3078 qui
2507 3004 2663 3061 circa
2691 3022 2827 3061 eum
2859 3009 3002 3074 erat,
3037 3004 3314 3078 populus,
3335 3004 3610 3062 videlicet

320 3104 568 3161 inermis
596 3104 648 3161 ei
679 3103 740 3159 in
772 3102 874 3160 Dei
904 3103 1095 3160 oflicio
1120 3107 1505 3175 praeparatus,
1536 3103 1745 3158 timore
1778 3118 2077 3158 armorum
2111 3102 2474 3174 perterritus,
2508 3102 2569 3159 in
2599 3103 2800 3176 fugam
2830 3119 3145 3160 conversus
3174 3107 3284 3159 est.
3319 3103 3436 3176 Ipsi
3468 3119 3601 3160 vero

326 3201 707 3258 insidiatores
736 3204 913 3273 atque
942 3204 1277 3273 operatores
1306 3199 1597 3256 malorum
1626 3199 1870 3256 Judaico
1902 3216 2082 3268 more,
2117 3199 2243 3256 sine
2273 3199 2392 3257 ullo
2422 3197 2618 3256 divino
2647 3198 2737 3257 vel
2768 3200 3027 3256 humano
3070 3199 3311 3256 honoris
3363 3199 3606 3267 intuitu,

319 3299 510 3357 ferino
539 3316 701 3357 more
729 3298 1313 3371 comprehendentes,
1346 3297 1408 3353 in
1440 3302 1655 3354 terram
1686 3314 1821 3353 eum
1871 3298 2264 3370 projecerunt,
2296 3302 2354 3354 et
2384 3297 2609 3370 absque
2658 3296 2780 3354 ulla
2828 3296 3233 3354 misericordia
3286 3298 3610 3356 scindendo

320 3397 715 3471 exspoliantes
746 3414 904 3468 eum,
937 3395 1251 3453 crudeliter
1278 3396 1479 3452 oculos
1509 3396 1559 3452 ei
1591 3395 1918 3467 evellere,ct
1943 3396 2139 3469 ipsum
2172 3395 2408 3470 penitus
2438 3412 2652 3452 caecare
2680 3395 2873 3452 eonati
2899 3395 3213 3453 sunt.Nam
3242 3395 3447 3471 lingua
3475 3397 3608 3470 ejus

217 3498 285 3555 l5
322 3494 568 3571 praecisa
595 3500 707 3566 est,
736 3499 794 3551 et
824 3499 889 3552 ut
934 3493 1050 3567 ipsi
1098 3493 1338 3550 omnino
1360 3498 1501 3549 tunc
1551 3493 1817 3550 arbitrati
1867 3498 2025 3562 sunt,
2059 3510 2275 3551 caecum
2307 3510 2442 3551 eum
2466 3497 2525 3550 et
2554 3498 2789 3551 mutum
2820 3493 2881 3550 in
2914 3493 3109 3551 media
3145 3493 3340 3568 platea
3366 3483 3609 3552 dimise-

324 3598 483 3652 runt

396 3692 552 3748 810
584 3689 798 3747 Verum
828 3689 943 3763 ipsi
976 3688 1218 3762 maligni
1250 3689 1547 3745 Paschalis
1580 3694 1636 3744 et
1665 3689 2007 3762 Campulus,
2037 3689 2192 3745 sicut
2219 3690 2337 3745 veri
2370 3688 2584 3763 pagani
2617 3693 2674 3746 et
2702 3689 2889 3763 impii,
2919 3690 2990 3746 ad
3018 3689 3207 3763 ipsius
3258 3690 3609 3747 monasterii

327 3787 639 3846 ecclesiam
670 3792 803 3844 ante
832 3786 1260 3844 confessionem
1293 3804 1428 3842 eum
1460 3786 1779 3855 trahentes,
1810 3792 1945 3843 ante
1974 3786 2172 3859 ipsum
2205 3786 2533 3843 venerabile
2563 3786 2745 3843 altare
2778 3786 2994 3843 iterum
3026 3787 3227 3844 oculos
3256 3791 3314 3844 et
3344 3786 3610 3861 linguam

324 3886 583 3959 amplius
614 3885 928 3942 crudeliter
956 3888 1322 3942 eruerunt.et
1350 3884 1541 3957 plagis
1571 3903 1705 3940 eum
1737 3885 1984 3941 diversis
2012 3890 2071 3941 et
2092 3885 2350 3942 fustibus
2371 3886 2677 3952 caedentes,
2715 3884 3084 3942 laniaverunt
3105 3890 3163 3941 et
3184 3884 3529 3942 semivivum
3550 3884 3611 3940 in

325 3985 619 4059 sanguine
649 3984 975 4041 revolutum
1009 3988 1144 4040 ante
1175 3983 1371 4055 ipsum
1404 3983 1584 4039 altare
1615 3983 2004 4053 dimiserunt;
2037 3984 2418 4056 postmodum
2441 3999 2574 4039 vero
2597 3984 2709 4039 sub
2731 3982 3001 4039 custodia
3021 3982 3081 4038 in
3107 3982 3235 4057 ipso
3258 3983 3611 4041 monasterio

246 4086 288 4141 5
325 4082 942 4141 dimiserunt.Timore
975 4087 1173 4138 autem
1204 4080 1496 4154 perterriti
1530 4098 1600 4136 ne
1629 4099 1664 4137 a
1693 4080 2043 4137 Christianis
2074 4080 2415 4137 hominibus
2446 4081 2677 4137 furatus
2705 4079 2840 4136 inde
2870 4078 3249 4149 fuisset,tunc
3280 4080 3611 4156 malignum

327 4180 645 4237 consilium
676 4179 893 4252 adepti,
928 4180 1081 4235 sicut
1110 4178 1236 4253 ipse
1268 4178 1638 4252 hegumenus
1668 4178 2008 4236 monasterii
2040 4178 2230 4235 sancti
2260 4177 2487 4235 Erasmi
2509 4182 2580 4247 (ο)
2603 4179 2904 4251 professus
2935 4182 3043 4245 est,
3076 4178 3341 4235 fecerunt
3369 4196 3505 4234 eum
3537 4179 3612 4234 ad

326 4295 394 4336 se
420 4278 619 4334 venire
648 4277 800 4334 clam
830 4293 933 4349 per
961 4281 1213 4344 noctem,
1245 4280 1367 4332 tam
1400 4276 1698 4333 Paschalis
1728 4277 2157 4351 malignus,qui
2188 4280 2330 4333 tunc
2360 4275 2735 4349 primicerius
2765 4280 2908 4346 erat,
2939 4292 3116 4349 quam
3162 4275 3486 4349 Campulus
3516 4294 3612 4333 sa-

326 4375 628 4443 cellarius,
661 4379 720 4431 et
751 4376 992 4431 Maurus
1021 4374 1371 4447 Nepesinus,
1406 4378 1463 4430 et
1494 4374 1781 4430 miserunt
1809 4392 1945 4431 eum
1971 4374 2032 4430 in
2065 4375 2409 4448 praedictum
2455 4373 2881 4432 monasterium
2932 4373 3119 4431 sancti
3170 4372 3433 4430 Silvestri
3476 4390 3612 4430 cum

326 4473 600 4547 pluribus
629 4472 851 4546 iniquis
881 4472 1290 4529 consentaneis
1322 4471 1585 4543 ipsorum
1617 4471 2191 4545 malefactorgbusEt
2215 4471 2300 4528 sic
2327 4487 2431 4545 per
2460 4476 2690 4528 noctem
2720 4489 2856 4529 eum
2887 4472 3093 4529 exinde
3122 4470 3503 4528 abstollentes
3534 4471 3611 4544 (ἀ)

213 4573 290 4631 10
326 4572 699 4628 deduxerunt
726 4569 785 4624 in
817 4567 1240 4625 monasterium
1272 4568 1459 4624 sancti
1490 4567 1803 4635 Erasmi,et
1832 4569 1892 4624 in
1922 4572 2083 4625 arcta
2112 4572 2167 4624 et
2196 4572 2449 4642 angusta
2477 4568 2747 4625 custodia
2766 4586 2903 4626 eum
2926 4568 3433 4626 recluserunt.Sed
3456 4567 3613 4624 Deus

326 4666 832 4741 omnipotens,qui
862 4683 1065 4723 eorum
1096 4664 1384 4721 malitiam
1415 4665 1772 4737 praesciendo
1804 4666 1906 4721 diu
1940 4666 2227 4738 patienter
2256 4664 2692 4739 sustinuit,ipse
2720 4684 2924 4723 eorum
2956 4666 3191 4740 iniquos
3221 4670 3469 4723 conatus
3501 4664 3612 4722 mi-

328 4765 596 4824 rabiliter
616 4763 1185 4836 destruxit.Coutigit
1215 4763 1745 4836 enim,cooperante
1775 4764 1892 4819 Deo
1922 4767 1977 4818 et
2009 4764 2175 4819 beato
2209 4762 2375 4818 Petro
2405 4761 2667 4835 apostolo
2699 4763 3077 4836 suffragante,
3101 4762 3257 4836 quod
3281 4760 3614 4819 antedictus

327 4879 487 4938 papa
510 4880 645 4919 cum
674 4862 748 4919 ab
780 4862 925 4934 ipsis
956 4860 1332 4917 carniﬁcibus
1363 4860 1421 4916 in
1471 4860 1893 4916 monasterium
1923 4860 2112 4916 sancti
2143 4859 2370 4917 Erasmi
2400 4859 2462 4915 in
2495 4860 2823 4917 custodiam
2854 4860 3207 4927 mi'teretur,
3221 4857 3469 4915 Domino
3500 4875 3614 4915 an-

326 4965 548 5018 nuente
574 4965 749 5033 atque
789 4961 962 5016 beato
992 4958 1281 5031 clavigero
1312 4958 1478 5014 Petro
1510 4959 1672 5031 regni
1705 4957 1985 5014 caelorum
2028 4959 2410 5031 suffragante,
2442 4962 2509 5014 ut
2535 4958 2728 5014 visum
2759 4957 3041 5030 receperit
3069 4962 3126 5014 et
3146 4956 3411 5029 linguam
3433 4956 3507 5012 ad
3527 4955 3611 5012 lo-

215 5062 289 5117 15
327 5058 635 5132 quendum
666 5056 751 5112 illi
777 5058 1050 5114 restituta
1082 5056 1177 5112 sit.

401 5156 551 5212 8"
586 5155 657 5211 Et
685 5158 751 5211 ut
778 5155 1112 5212 ostenderet
1140 5153 1511 5226 omnipotens
1542 5153 1696 5210 Deus
1729 5172 1908 5228 super
1937 5172 2113 5211 suum
2146 5153 2434 5210 famulum
2466 5153 2701 5211 solitam
2742 5153 3203 5214 misericordiam
3236 5155 3294 5209 et
3324 5167 3609 5225 magnum

330 5252 709 5321 miraculum,
735 5251 932 5309 divino
964 5255 1110 5308 nutu
1141 5252 1270 5322 ejus
1299 5268 1333 5307 a
1361 5251 1634 5308 ﬁdelibus
1665 5252 2014 5309 Christianis
2042 5251 2207 5322 viris,
2238 5251 2507 5308 videlicet
2536 5269 2641 5324 per
2666 5252 2945 5309 Albinum
2994 5249 3422 5308 cubicularium
3474 5266 3610 5305 cum

328 5347 464 5407 aliis
486 5347 759 5404 ﬁdelibus
786 5348 973 5405 Deum
1001 5346 1425 5416 metuentibus,
1456 5364 1525 5402 ex
1554 5346 1681 5419 ipso
1712 5364 1848 5404 eum
1878 5348 2130 5405 claustro
2162 5347 2387 5404 occulte
2419 5347 2817 5415 abstollentes,
2851 5347 2911 5404 in
2961 5346 3205 5404 basilica
3251 5344 3404 5402 beati
3457 5344 3610 5401 Petri

327 5445 733 5521 apostolorum
764 5444 1071 5519 principis,
1095 5445 1193 5501 ubi
1214 5450 1273 5501 et
1301 5446 1429 5517 ejus
1462 5445 1930 5502 sacratissimum
1961 5464 2175 5520 corpus
2206 5444 2984 5518 quiescit,deduxerunt.0ui
3003 5461 3206 5501 omnes
3227 5441 3536 5500 audientes
3557 5445 3614 5498 et

248 5546 291 5602 5
325 5544 594 5601 videntes
618 5543 916 5600 mirabilia
945 5541 1176 5615 Dei,qui
1208 5541 1578 5598 innocentem
1609 5548 1665 5598 et
1677 5544 1701 5615 j
1713 5549 1908 5600 ustum
1936 5544 2272 5618 pontiﬁcem
2293 5543 2363 5598 de
2386 5543 2658 5598 manibus
2681 5542 3056 5600 inimicorum
3078 5522 3614 5615 eruit,gloriﬁcave—

330 5645 470 5697 runt
501 5641 818 5697 Dominum
848 5640 1057 5711 Deum,
1089 5639 1349 5695 dicentes
1383 5655 1395 5693 :
1428 5638 1749 5695 Benedictus
1780 5643 2048 5697 Dominus
2076 5642 2216 5696 Deus
2247 5639 2435 5705 Israel,
2468 5641 2568 5710 qui
2594 5641 2732 5710 facit
2778 5640 3074 5696 mirabilia
3109 5653 3316 5708 magna
3362 5636 3530 5705 solus,
3561 5642 3615 5692 et

327 5756 442 5797 non
469 5738 711 5796 deseruit
737 5746 1011 5810 sperantes
1034 5740 1094 5793 in
1112 5754 1169 5794 se
1187 5739 1275 5807 (e).
1300 5736 1409 5793 Sed
1432 5735 1493 5791 in
1522 5753 1588 5792 eo
1620 5737 1962 5810 adimplevit
1993 5736 2454 5794 misericordiam
2486 5741 2750 5805 suam,ut
2771 5737 3248 5794 manifestaretur
3276 5733 3461 5809 gloria
3483 5732 3609 5801 Dei,

1376 5851 1625 5897 NOTULE
1667 5853 1751 5896 MA
1760 5852 2053 5899 RGINALES
2096 5851 2390 5897 FABROTTI
2401 5880 2414 5893 .

258 5946 341 6017 (a)
368 5944 557 6002 Baron
586 5960 721 6002 anu.
748 5943 877 6000 799.
953 5943 1033 6015 (ὁ)
1062 5939 1398 6000 Christiani.
1475 5941 1547 6013 (θ)
1578 5940 1885 6000 Gerasimi.
1965 5944 2039 6016 (ἀ)
2070 5940 2501 6002 abstrahentes.
2579 5941 2652 6015 (θ)
2682 5944 2829 6002 Psal.
2863 5960 3029 6002 xxxv.
