3924 6400
145 366 301 428 1217
1006 364 1371 426 HISTORIA
1417 365 1514 425 DE
1565 365 1694 426 VI'l‘

2046 366 2279 428 PONT.
2314 397 2391 413 --
2421 370 2570 431 LEO
2617 369 2714 429 Ill.
3414 372 3577 436 ωδ

289 503 348 554 et
377 511 513 554 cum
547 512 762 569 magno
792 495 1010 552 honore
1043 501 1356 568 susceptus
1391 496 1618 565 fuisset,
1655 497 1788 553 fecit
1820 498 1875 552 in
1905 499 2170 555 eamdem
2203 500 2509 557 ecclesiam
2559 501 2901 575 congregari
2954 502 3427 579 archiepiscopos
3471 524 3573 564 εω

294 597 628 670 episcopos,
659 595 900 651 abbates
959 598 1018 650 et
1075 612 1309 651 omnem
1362 595 1725 651 nobilitatem
1791 598 2146 653 Francorum
2208 603 2381 670 atque
2438 600 2857 668 Romanorum,
2916 607 2975 657 et
3032 603 3304 660 sedentes
3362 605 3583 677 pariter

212 698 251 751 5
292 699 413 751 tam
446 711 699 766 magnus
733 711 830 748 rex
869 710 1046 765 quam
1099 694 1478 748 beatissimus
1531 695 1808 766 pontifex,
1845 697 2103 751 fecerunt
2151 697 2401 753 residere
2452 704 2510 753 et
2559 700 2970 755 sanctissimos
3017 701 3490 774 archiepiscopos
3523 707 3580 760 et

295 794 560 863 abbates,
591 791 888 849 stantibus
936 789 1180 863 reliquis
1238 793 1642 847 sacerdotibus
1701 797 1759 847 et
1813 793 2198 865 optimatibus
2257 797 2632 864 Francorum,
2669 801 2727 852 et
2778 797 3206 864 Romanorum,
3237 804 3302 855 ut
3332 800 3583 858 crimina

294 905 424 961 quae
456 891 736 946 adversu:
767 889 991 944 almum
1026 890 1362 961 pontificem
1395 890 1550 945 dicti
1601 891 1854 957 fuerant,
1887 891 2247 947 declinarent
2277 897 2372 961 (α).
2408 894 2514 960 Qui
2551 893 2807 950 universi
2857 895 3304 968 archiepiscopi,
3336 901 3395 953 et
3423 897 3578 970 epis-

294 987 445 1060 cOpi,
480 994 537 1043 et
563 988 805 1043 abbates
847 987 1202 1042 unanimiter
1255 988 1580 1055 audientes,
1611 989 1885 1044 dixerunt
1918 1006 1931 1044 ε
1961 990 2077 1045 Nos
2127 991 2324 1045 sedem
2374 991 2780 1064 apotolicam,
2809 1009 2936 1063 qum
2969 998 3059 1048 est
3086 999 3262 1066 caput
3312 995 3582 1052 omnium

294 1085 396 1141 Dei
433 1085 1139 1156 Ecclesiarum,judicare
1175 1103 1288 1140 non
1323 1087 1647 1155 audemus;
1685 1104 1819 1143 nam
1851 1088 1924 1143 ab
1957 1087 2086 1160 ipsa
2136 1105 2243 1144 nos
2292 1106 2500 1145 omnes
2543 1095 2602 1145 et
2648 1089 2862 1146 vicario
2907 1107 3012 1146 suo
3058 1091 3422 1163 judicamnr,
3454 1093 3585 1166 ipsa

184 1185 258 1241 10
297 1189 494 1240 autem
523 1199 559 1239 a
589 1184 822 1239 nemine
845 1183 1170 1255 judicatur,
1205 1185 1707 1256 quemadmodum
1739 1191 1795 1240 et
1825 1185 2147 1258 antiquitas
2182 1204 2310 1242 mos
2342 1187 2452 1242 fuit
2481 1203 2493 1242 :
2530 1188 2630 1243 sed
2663 1187 2820 1244 sicut
2854 1187 2989 1261 ipse
3027 1207 3298 1247 summus
3325 1190 3583 1264 pontifex

292 1281 612 1347 censuerit,
643 1281 920 1337 canonice
951 1281 1314 1337 obediemus.
1348 1282 1713 1337 Venerabilis
1741 1299 1876 1339 vero
1909 1283 2121 1356 pracsul
2153 1284 2384 1357 inquit:
2411 1285 2912 1342 Praadecessorum
2942 1303 3207 1346 meorum
3231 1289 3577 1361 pontificum

297 1378 543 1452 vestigia
574 1395 805 1450 sequor,
839 1384 898 1434 et
929 1379 998 1436 de
1029 1378 1249 1435 talibus
1282 1379 1445 1436 falsis
1475 1380 2010 1448 criminationibus,
2043 1399 2171 1455 qum
2200 1399 2376 1454 super
2409 1399 2500 1438 me
2541 1382 2812 1455 nequiter
2861 1390 3226 1453 exarserunt,
3255 1403 3348 1443 me
3376 1386 3582 1459 purifi-

298 1494 432 1534 care
463 1483 704 1550 paratus
737 1494 891 1533 sum.

371 1577 526 1634 315
565 1575 693 1632 Alia
721 1593 855 1632 vero
887 1576 981 1631 die
1013 1576 1070 1631 in
1092 1577 1295 1632 eadem
1328 1575 1573 1632 ecclesia
1602 1577 1755 1632 beati
1789 1577 1940 1632 Petri
1973 1577 2243 1649 apostoli,
2277 1595 2410 1634 cum
2443 1596 2648 1636 omnes
2679 1581 2953 1638 adessent
2979 1581 3328 1654 generaliter
3355 1583 3582 1640 archie-

297 1673 522 1747 piscopi
555 1691 657 1730 seu
688 1674 945 1747 episcopi
977 1679 1036 1730 et
1065 1675 1329 1740 abbates,
1363 1680 1418 1730 et
1448 1692 1652 1730 omnes
1683 1675 1885 1730 Franci
1917 1675 2017 1748 qui
2066 1675 2124 1731 in
2179 1677 2415 1733 servitio
2464 1679 2730 1748 ejusdem
2782 1679 2980 1752 magni
3031 1680 3187 1752 regis
3235 1681 3491 1750 fuerunt,
3523 1686 3584 1738 et

296 1773 493 1830 cuncti
521 1772 788 1839 Romani,
824 1771 880 1827 in
914 1774 1116 1828 eadem
1152 1773 1397 1828 ecclesia
1448 1773 1602 1828 beati
1659 1773 1811 1829 Petri
1862 1773 2134 1846 apostoli,
2172 1774 2229 1830 in
2282 1792 2484 1831 eorum
2535 1777 2864 1848 praesentia,
2899 1777 3260 1850 amplee'ens
3304 1780 3583 1852 praefatus

293 1870 648 1928 venerabilis
679 1871 936 1943 pontifex
967 1876 1171 1926 sancta
1201 1870 1414 1925 Christi
1447 1877 1702 1943 quatuor
1727 1871 2038 1944 Evangelia
2067 1889 2264 1927 coram
2295 1872 2574 1930 omnibus
2622 1875 2886 1930 ascendit
2925 1875 2986 1931 in
3017 1877 3348 1943 ambonem,
3381 1881 3442 1934 et
3471 1877 3580 1934 sub

217 1971 257 2024 5
286 1969 678 2042 jurejurando
712 1968 871 2024 clara
899 1986 1036 2024 voce
1067 1969 1215 2024 dixit
1247 1986 1259 2024 :
1292 1968 1437 2033 Quia
1467 1970 1538 2024 de
1570 1969 1700 2024 istis
1732 1969 1894 2024 falsis
1926 1967 2294 2037 criminibus,
2328 1988 2457 2042 quae
2489 1988 2666 2045 super
2708 1989 2801 2028 me
2848 1972 3262 2046 imposuerunt
3309 1975 3580 2042 Romani,

301 2066 401 2138 qui
436 2066 634 2138 inique
666 2083 758 2122 me
790 2065 1081 2138 persecuti
1115 2071 1275 2136 sunt,
1308 2065 1614 2121 scientiam
1649 2083 1763 2121 non
1793 2067 1998 2134 habeo,
2034 2084 2139 2122 nec
2187 2067 2327 2124 talia
2373 2069 2562 2141 egisse
2612 2086 2707 2127 me
2753 2087 3061 2143 cognosco.
3095 2072 3164 2128 Et
3187 2071 3298 2128 hoc
3345 2077 3582 2145 peracto

305 2181 513 2220 omnes
545 2163 994 2236 archiepiscopi,
1027 2163 1284 2236 episcOpi
1315 2168 1372 2219 et
1401 2165 1664 2230 abbates,
1699 2169 1756 2220 et
1787 2165 1982 2220 cuncti
2014 2165 2207 2220 clerici
2241 2165 2459 2221 letania
2489 2167 2661 2234 facta,
2694 2167 2898 2224 laudes
2927 2168 3216 2224 dederunt
3244 2169 3360 2225 Deo
3407 2175 3582 2243 atque

303 2262 407 2318 Dei
434 2261 710 2318 Genitrici
743 2277 1091 2334 semperque
1123 2261 1334 2334 virgini
1370 2262 1585 2331 Marize,
1620 2262 1867 2321 domina:
1899 2267 2132 2329 nostris,
2164 2268 2221 2319 et
2254 2264 2422 2320 beato
2454 2268 2621 2322 Petro
2655 2265 3053 2338 apostolorum
3103 2265 3353 2339 principi
3385 2267 3581 2323 omni-

299 2360 531 2432 busque
561 2359 782 2415 sanctis
815 2359 936 2415 Dei.

373 2459 528 2514 816
559 2461 698 2512 Post
728 2457 846 2511 haec
879 2457 1219 2512 adveniente
1243 2458 1333 2513 die
1366 2457 1542 2513 natali
1574 2457 1805 2512 Domini
1839 2458 2018 2512 nostri
2053 2458 2192 2513 Jesu
2227 2459 2530 2530 Christi,in
2554 2460 2682 2531 jam
2723 2461 2880 2517 dicta
2925 2461 3171 2518 basilica
3221 2461 3374 2518 beati
3425 2465 3581 2520 Petri

303 2553 550 2628 apostoli
582 2570 786 2611 omnes
820 2555 1032 2610 iterum
1067 2556 1402 2626 congregati
1436 2560 1657 2620 sunt,et
1688 2559 1828 2610 tunc
1858 2555 2208 2611 venerabilis
2240 2556 2532 2613 nlmiﬁcus
2563 2557 2820 2629 pontifex
2865 2559 3141 2614 manibus
3182 2559 3309 2616 suis
3333 2561 3585 2633 propriis

302 2652 732 2726 pretiosissima
763 2653 1061 2708 coronavit
1088 2671 1223 2708 eum
1244 2654 1509 2724 (b).'I‘unc
1541 2653 1796 2708 universi
1835 2653 2035 2708 fideles
2065 2653 2604 2720 Romani,v2dcntes
2636 2659 2858 2710 tantam
2895 2655 3293 2713 defensionem
3324 2661 3381 2713 et
3409 2657 3588 2713 dilec-

303 2753 522 2807 tionem
555 2769 732 2822 quam
767 2769 905 2822 erga
935 2758 1199 2806 sanctam
1236 2752 1555 2806 Romanam
1592 2751 1912 2806 Ecclesiam
1945 2758 2001 2806 et
2030 2753 2161 2821 ejus
2192 2752 2472 2807 vicarium
2507 2753 2733 2821 habuit,
2769 2753 3130 2810 unanimiter
3179 2755 3431 2814 altisona
3453 2771 3590 2811 voce

224 2851 263 2905 5
301 2849 401 2905 Dei
436 2855 581 2904 nutu
615 2854 792 2921 atque
825 2849 974 2903 beati
1011 2849 1158 2904 Petri
1192 2848 1464 2921 clavigeri
1499 2850 1659 2921 regni
1712 2849 1989 2904 cmlorum
2041 2850 2511 2906 exclamaverunt
2544 2867 2557 2904 :
2594 2852 2788 2907 Carolo
2831 2853 3090 2923 piissimo
3145 2857 3394 2922 lugusto
3418 2871 3454 2909 α
3483 2855 3589 2911 Deo

299 2955 578 3016 coronato,
609 2963 830 3016 magno,
857 2948 1085 3018 paciﬁca
1117 2949 1455 3018 imperatori,
1483 2950 1594 3002 vita
1623 2955 1674 3002 et
1703 2949 1951 3003 vicwria.
1979 2947 2045 3017 (ε)
2066 2949 2214 3003 Ante
2244 2964 2470 3004 sacram
2503 2947 2927 3004 confessionem
2959 2948 3112 3006 beati
3145 2949 3298 3006 Petri
3331 2951 3584 3022 apostoli

304 3045 504 3118 plures
535 3049 770 3101 sanctos
801 3046 1255 3111 invocantes,ter
1277 3045 1500 3100 dictum
1530 3050 1703 3116 est,et
1732 3046 1804 3100 ab
1839 3043 2114 3100 omnibus
2144 3044 2498 3102 constitutus
2529 3050 2615 3102 est
2644 3044 2962 3117 imperator
2989 3045 3577 3103 RomanorumJllico

305 3143 722 3200 sanctissimus
754 3143 1000 3199 antistes
1030 3148 1088 3198 et
1119 3143 1375 3216 pontifex
1408 3143 1575 3199 unxit
1605 3143 1729 3199 oleo
1761 3147 1962 3197 sancto
1994 3141 2286 3210 Carolum,
2321 3147 2378 3198 et
2407 3141 2965 3198 excellentissimum
2997 3142 3189 3199 ﬁlium
3214 3144 3342 3215 ejus
3364 3160 3581 3218 regem,

301 3241 362 3296 in
394 3241 525 3313 ipso
553 3240 644 3297 die
679 3241 902 3298 Natalis
935 3240 1166 3296 Domini
1204 3241 1388 3296 nostri
1421 3241 1562 3296 Jesu
1587 3240 1822 3304 Christi,
1853 3246 1908 3295 et
1935 3241 2117 3296 missa
2149 3245 2380 3312 peracta
2412 3244 2543 3312 post
2571 3239 3026 3297 cetebrationem
3060 3240 3382 3298 missarum
3410 3243 3582 3299 obtu-

202 3340 270 3394 £0
314 3339 380 3394 lit
406 3337 534 3410 Ipse
563 3338 979 3394 serenissimus
1010 3339 1263 3394 domnus
1295 3337 1613 3410 imperator
1644 3355 1908 3393 mensam
1939 3341 2278 3409 argenteam
2307 3354 2440 3392 cum
2472 3337 2720 3409 pedibus
2751 3337 2896 3404 suis,
2925 3353 3168 3410 pensan.
3203 3337 3385 3397 libr...

378 3437 527 3493 817
567 3437 677 3492 Sed
709 3441 766 3492 et
795 3435 853 3490 in
885 3436 1253 3492 confession:
1283 3436 1548 3506 ejusdem
1582 3435 1681 3491 Dei
1715 3434 1961 3508 apostoli
1993 3435 2204 3490 obtulit
2234 3452 2352 3490 una
2379 3451 2513 3490 cum
2545 3434 3082 3507 praecellentissimo
3105 3435 3226 3491 tilio
3245 3453 3353 3493 suo
3375 3453 3508 3510 rege
3526 3442 3586 3494 et

305 3533 541 3590 filiabus
565 3533 793 3589 diversa
820 3550 958 3589 vasa
987 3549 1056 3588 ex-
1079 3549 1220 3589 auro
1258 3533 1574 3606 purissimo
1605 3533 1663 3587 in
1695 3532 2018 3588 ministerio
2051 3532 2240 3604 ipsius
2289 3549 2526 3601 mensas,
2560 3549 2803 3604 pensan.
2836 3531 3019 3590 libr...
3051 3533 3153 3589 sed
3202 3537 3260 3589 et
3303 3549 3581 3590 coronam

302 3645 544 3688 auream
569 3648 703 3687 cum
735 3631 987 3703 gemmis
1019 3631 1344 3702 majoribus
1374 3648 1502 3702 qua:
1536 3631 1746 3703 pendet
1789 3647 1968 3702 super
2015 3630 2216 3697 altare,
2250 3647 2496 3702 pensan.
2528 3630 2710 3686 libras
2739 3629 3170 3703 quinquaginta
3198 3631 3493 3703 quinque;
3526 3637 3584 3688 et

299 3734 575 3801 patenam
608 3745 849 3784 auream
882 3729 1164 3800 majorem
1197 3746 1332 3784 cum
1363 3728 1615 3801 gemmis
1647 3727 1914 3794 diversis,
1947 3745 2190 3799 pensan.
2221 3727 2400 3783 libras
2431 3726 2706 3799 triginta;
2737 3731 2794 3783 et
2823 3727 3067 3784 calicem
3116 3729 3401 3800 majorem
3445 3745 3581 3786 cum

219 3829 258 3884 5
296 3826 550 3900 gemmis
579 3831 637 3883 et
669 3825 832 3882 ansis
863 3826 1116 3892 duabus,
1149 3843 1392 3898 pensan.
1428 3825 1608 3881 libras
1637 3826 2068 3898 quinquaginta
2098 3831 2260 3893 octo;
2293 3824 2434 3880 item
2467 3824 2707 3880 calicem
2757 3828 3043 3896 majorem
3093 3827 3404 3884 fundatum
3445 3843 3580 3884 cum

293 3925 613 3997 scypbone,
643 3941 888 3997 pensan.
921 3924 1101 3980 libras
1133 3923 1375 3996 triginta
1401 3927 1459 3979 et
1490 3929 1751 3996 septem;
1785 3923 1904 3978 imo
1929 3929 1985 3978 et
2014 3922 2195 3978 alium
2229 3922 2470 3978 calicem
2491 3924 2772 3994 majorem
2796 3923 3130 3992 fundatum,
3147 3924 3582 3998 pensanlibras

295 4021 540 4094 triginta
565 4027 623 4077 et
653 4039 770 4078 sex.
806 4021 1035 4078 Obtulit
1063 4027 1122 4078 et
1152 4039 1330 4094 super
1361 4018 1828 4077 sacratissimum
1862 4020 2045 4076 altare
2077 4021 2231 4076 beati
2269 4019 2414 4077 Petri
2448 4019 2717 4093 apostoli,
2750 4019 2869 4077 imo
2921 4025 2978 4076 et
3025 4021 3086 4076 in
3136 4021 3380 4080 basilica
3427 4023 3581 4080 beati

295 4119 460 4177 Pauli
491 4119 761 4192 apostoli,
794 4137 1063 4176 mensam
1097 4124 1431 4192 argenteam
1466 4119 1751 4174 minorem
1784 4136 1919 4175 cum
1951 4119 2200 4191 pedibus
2224 4117 2810 4190 suis,pensan.libras
2827 4117 3260 4192 quinquaginta
3289 4121 3578 4193 quinque,

293 4235 431 4273 cum
464 4217 710 4273 diversis
739 4218 894 4273 vasis
929 4217 1220 4290 argenteis
1252 4217 1417 4272 mira:
1449 4216 1878 4289 magnitudinis
1910 4234 2036 4289 qua:
2067 4217 2139 4272 ad
2173 4233 2349 4272 usum
2382 4215 2569 4289 ipsius
2600 4233 2816 4272 mensae
2847 4216 3163 4289 pertinent.

365 4316 520 4372 ³78
556 4315 699 4371 Item
732 4315 789 4370 in
823 4316 1067 4370 basilica
1097 4314 1412 4371 Salvatoris
1445 4314 1676 4370 Domini
1710 4314 1894 4370 nostri
1927 4315 2067 4370 Jesu
2095 4313 2334 4386 Christi,
2367 4331 2546 4386 quam
2568 4313 3114 4371 Constantinianam
3133 4315 3580 4384 vocant,obtulit

287 4430 524 4470 crucem
554 4429 689 4469 cum
715 4413 965 4486 gemmis
991 4413 1596 4486 byacinthinis,quam
1623 4412 1920 4468 almiﬁcus
1951 4412 2210 4485 pontifex
2239 4411 2300 4467 in
2332 4412 2549 4468 letania
2567 4412 2890 4485 praecedere
2911 4412 3576 4482 constituitﬁeoundum

294 4511 638 4583 petitionem
670 4510 859 4584 ipsius
891 4511 1140 4584 piissimi
1174 4511 1578 4582 imperatoris;
1611 4510 1729 4566 imo
1780 4515 1838 4566 et
1883 4509 2066 4566 altare
2114 4527 2250 4565 cum
2300 4509 2594 4567 columnis
2640 4510 2952 4582 argenteis,
2985 4515 3045 4567 et
3072 4512 3327 4584 cyborie.
3359 4512 3576 4570 Verum

289 4609 469 4665 etiam
500 4613 558 4664 et
580 4608 959 4682 Evangelium
990 4627 1058 4664 ex
1088 4625 1231 4664 auro
1263 4607 1676 4675 mundissimo,
1712 4625 1843 4664 cum
1879 4606 2129 4681 gemmis
2159 4612 2456 4675 ornatum,
2490 4625 2733 4680 pensan.
2764 4607 2948 4666 libr...
2984 4609 3127 4664 Item
3160 4614 3219 4666 et
3245 4609 3306 4666 in
3335 4610 3578 4668 basilica

212 4709 251 4762 5
289 4707 474 4762 beate
504 4706 605 4762 Dei
635 4705 947 4762 Genitricis
979 4706 1172 4761 Mariae
1213 4707 1285 4761 ad
1338 4707 1600 4778 Praesepe
1649 4705 1863 4762 obtulit
1912 4705 2058 4761 sicla
2107 4709 2381 4777 argentea
2424 4706 2668 4776 majora,
2701 4722 2947 4778 pensan.
2979 4705 3158 4766 libr...
3193 4709 3576 4766 Postmodum

285 4819 424 4858 vero
453 4802 595 4858 dum
625 4804 861 4860 deducti
897 4805 1151 4860 fuissent
1177 4803 1539 4876 iniquissimi
1571 4803 1655 4858 illi
1692 4802 2390 4870 malefactores,videlicet
2421 4802 2720 4859 Paschalis
2751 4820 2886 4859 cum
2913 4804 3194 4878 Campulo
3216 4810 3274 4862 et
3294 4820 3576 4879 sequaces

286 4917 517 4968 eorum,
550 4901 608 4956 in
638 4901 951 4976 prrsentia
977 4902 1231 4974 piissimi
1262 4901 1462 4958 domui
1496 4901 1889 4975 imperatoris,
1921 4901 2443 4957 circumstantibus
2465 4901 2852 4958 nobilissimis
2875 4903 3114 4958 Francis
3134 4907 3191 4960 et
3211 4903 3577 4971 Romanis,et

284 4997 566 5054 omnibus
597 5001 1088 5072 exprobrantibus
1120 5001 1191 5056 de
1221 4999 1394 5056 malis
1425 5000 1687 5073 ipsorum
1705 4999 1968 5055 consiliis
1986 5003 2043 5055 et
2059 4998 2502 5072 operationibus
2517 4998 2856 5071 increpabat
2871 4999 3192 5072 Campulus
3210 4999 3576 5068 Paschalem,

283 5097 570 5153 dicendo:
600 5097 754 5154 Mala
782 5098 927 5154 hora
958 5098 1165 5154 faciem
1198 5103 1359 5153 tuam
1391 5097 1604 5152 vidi.eo
1635 5097 1791 5169 quod
1825 5101 1961 5152 tunc
1994 5114 2087 5152 me
2115 5096 2330 5152 misisti
2353 5096 2411 5151 in
2435 5096 2593 5153 istud
2617 5096 3046 5169 periculum;et
3065 5098 3254 5153 caeteri
3279 5098 3572 5167 similiter,

177 5197 244 5250 10
285 5211 446 5251 unus
473 5193 726 5252 alterum
757 5197 1177 5264 condemnans,
1208 5195 1666 5257 manifestabant
1697 5196 1823 5252 suis
1871 5196 2130 5268 ipsorum
2182 5199 2400 5250 reatus.
2436 5198 2495 5262 Qr
2528 5195 2543 5249 i
2590 5197 2734 5250 dum
2779 5200 2900 5252 tam
2947 5196 3214 5253 crudeles
3243 5202 3306 5253 et
3335 5196 3572 5269 iniquos

287 5293 598 5366 piissimus
629 5293 949 5367 imperator
978 5295 1364 5367 cognovisset,
1399 5294 1458 5348 in
1491 5293 1761 5349 exsilium
1787 5294 1845 5348 in
1880 5293 2146 5365 partibus
2181 5292 2433 5348 Francia:
2470 5293 2651 5348 misit.
2685 5293 2966 5350 Prazfatus
2994 5310 3127 5350 vero
3157 5293 3574 5352 sanctissimus

286 5389 553 5462 pontifex
573 5392 746 5464 juxta
773 5391 1081 5448 ecclesiam
1113 5391 1267 5448 beati
1301 5391 1450 5447 Petri
1481 5391 1729 5462 apostoli
1762 5391 1897 5447 fecit
1929 5391 1987 5446 in
2020 5389 2282 5446 triclineo
2313 5389 2520 5462 majori
2552 5391 2710 5446 mira:
2741 5390 3199 5463 pulchritudinis
3241 5392 3574 5450 decoratam

287 5488 563 5544 absidem
595 5489 666 5545 de
699 5490 925 5546 musivo
958 5494 1310 5557 ornatam,et
1343 5487 1579 5544 absidas
1609 5489 1758 5546 duas
1789 5489 1993 5544 dextra
2020 5487 2277 5560 laevaque
2307 5505 2485 5560 super
2512 5504 2805 5545 marmore
2833 5492 2890 5545 et
2907 5489 3139 5560 pictura
3161 5489 3534 5562 splendentes
3559 5509 3574 5560 ;

287 5590 347 5642 et
377 5584 438 5642 in
468 5586 804 5659 pavimento
833 5587 1180 5646 marmoreis
1209 5585 1490 5660 exemplis
1519 5587 1741 5654 stratis,
1774 5603 1908 5642 cum
1952 5585 2174 5642 caeteris
2221 5585 2434 5659 amplis
2484 5585 2764 5654 adiﬁciis,
2799 5590 2920 5642 tam
2967 5585 3029 5642 in
3079 5603 3328 5646 ascensu
3377 5587 3571 5657 scalae,

1336 5727 1589 5802 nornis:
1631 5753 2016 5802 IARGINALES
2058 5751 2380 5799 “suam.

212 5898 308 5971 (α)
331 5902 399 5966 B,
419 5897 857 5954 "nuntiantem.
931 5899 1009 5970 (b)
1044 5897 1312 5956 Carolum
1340 5900 1641 5973 Magnum.
1720 5898 1787 5972 (ε)
1827 5898 1960 5957 Vide
1990 5899 2190 5955 Baron.
2217 5895 2288 5954 ad
2313 5912 2448 5955 ann.
2477 5896 2602 5954 800.
