3924 6414
343 385 500 448 1219
1501 384 1808 448 ANASTA
1820 385 1889 447 SI

2250 379 2614 444 PHECAllII.
3615 375 3799 438 1220

375 520 446 574 15
485 533 784 590 quamque
810 519 941 588 post
976 516 1169 588 ipsum
1204 515 1534 572 triclineum
1569 523 1800 590 compte
1833 519 1986 574 fecit.
2021 522 2284 589 Itemque
2318 514 2451 570 fecit
2483 514 2539 568 in
2573 510 2819 567 basilica
2853 509 3005 565 beati
3052 509 3203 566 Petri
3255 509 3502 580 apostoli
3554 516 3797 566 vestem

485 613 922 688 ehysoclabam,
955 630 1091 669 cum
1123 613 1394 686 pretiosis
1426 616 1677 687 gemmis
1709 620 1996 682 ornatam,
2030 616 2343 670 habentem
2377 611 2682 667 historiam
2716 607 3032 666 Dominicis
3075 607 3536 664 resurrectionis.
3572 609 3692 664 Sed
3731 614 3796 665 et

482 711 638 768 inter
667 728 838 767 arcus
869 715 1177 784 argenteos
1206 710 1332 767 vela
1365 713 1551 768 serica
1581 713 1715 768 alba
1745 718 1799 770 et
1828 713 1953 768 vela
1979 714 2049 768 de
2082 718 2348 768 staurace
2381 707 2799 783 pulcherrima.
2828 706 2962 761 Post
2994 704 3382 762 reversionem
3415 722 3583 762 suam
3617 711 3678 762 et
3714 706 3800 762 ob

485 810 736 866 nimium
767 827 1028 866 amorem
1061 809 1196 865 fecit
1225 809 1413 866 eidem
1446 811 1720 867 nutritori
1753 829 1859 868 suo
1910 809 2323 884 prestyterium
2358 808 2582 864 noviter
2612 810 2802 862 totum
2834 820 3231 861 marmoreum
3263 821 3487 878 magnae
3521 803 3807 878 pulchri-

487 909 732 975 tudinis,
770 907 1065 980 sculptum
1099 912 1446 981 eompteque
1473 915 1754 965 erectum.
1787 911 1900 966 Sed
1932 915 1989 965 et
2019 927 2196 982 super
2226 907 2406 964 altare
2438 907 2634 978 majus
2666 905 2800 961 fecit
2826 908 2976 960 tetra
3005 903 3130 960 vela
3159 902 3486 959 holoserica
3529 903 3804 960 alithina

373 1009 446 1063 20
487 1029 500 1039 ν
524 1011 756 1074 uatuor,
790 1023 925 1062 cum
955 1006 1171 1063 astillis
1202 1011 1258 1063 et
1284 1007 1435 1063 rosis
1463 1007 1846 1081 ehysoclabis.

554 1105 707 1160 379
741 1105 809 1160 Et
834 1103 892 1159 in
924 1105 1129 1160 eodem
1162 1103 1344 1160 altare
1376 1105 1509 1160 fecit
1538 1122 1673 1161 eum
1703 1105 1965 1162 historiis
1997 1104 2257 1161 crucifixi
2285 1103 2517 1160 Domini
2551 1105 2770 1158 vestem
2801 1099 3056 1174 Tyriam,
3083 1103 3139 1155 et
3165 1099 3225 1153 in
3247 1097 3493 1155 ecclesia
3523 1099 3803 1156 doctoris

483 1201 686 1257 mundi
721 1202 875 1258 beati
909 1201 1071 1258 Pauli
1105 1201 1350 1274 apostoli
1382 1207 1530 1258 tetra
1574 1203 1702 1260 vela
1751 1203 2077 1260 holoserica
2127 1203 2387 1276 alithyna
2437 1205 2710 1274 quatuor,
2745 1204 2802 1255 et
2847 1202 3068 1254 vestem
3119 1213 3297 1269 super
3351 1195 3532 1251 altare
3587 1195 3805 1252 albam

490 1297 956 1372 chrysoclabam,
991 1299 1303 1356 habentem
1334 1299 1646 1357 historiam
1679 1307 1893 1358 sanctae
1927 1301 2414 1368 Resurrectionis,
2447 1306 2503 1355 et
2533 1299 2710 1355 aliam
2739 1300 2959 1353 vestem
2989 1293 3799 1368 chrysoclabam,habentem

487 1396 797 1453 historiam
829 1396 1153 1454 nativitatis
1185 1397 1416 1454 Domini
1462 1404 1518 1454 et
1563 1405 1902 1456 sanctorum
1956 1399 2382 1458 Innocentium.
2419 1399 2541 1455 Imo
2581 1402 2636 1454 et
2683 1396 2856 1452 aliam
2906 1398 3126 1450 vestem
3170 1393 3430 1466 Tyriam,
3463 1392 3802 1448 habentem

411 1495 448 1549 5
486 1495 794 1552 historiam
827 1494 960 1551 casei
993 1495 1395 1568 illuminati,et
1427 1498 2125 1555 Resurrectionem.ldem
2158 1503 2355 1554 autem
2381 1495 2796 1553 sanctissimus
2828 1491 3041 1566 prmsul
3077 1491 3211 1547 fecit
3244 1491 3302 1545 in
3330 1490 3575 1547 basilica
3597 1491 3802 1547 beatae

489 1593 685 1649 Mariae
716 1594 788 1649 ad
825 1594 1084 1667 Praesepe
1114 1599 1336 1650 vestem
1368 1594 1562 1652 albam
1595 1595 2027 1669 chysoelabam,
2061 1596 2376 1652 habentem
2427 1593 2735 1650 historiam
2786 1596 3002 1648 sanctas
3053 1587 3551 1655 Resurreetionis;
3587 1589 3696 1644 sed
3732 1593 3799 1644 et

491 1690 666 1748 aliam
698 1696 916 1748 vestem
953 1691 1011 1747 in
1043 1692 1324 1749 orbiculis
1355 1693 1776 1767 ehrysoclabis,
1810 1695 2124 1751 habentem
2156 1693 2434 1750 historias
2480 1689 2986 1748 Annuntiationis.
3016 1694 3072 1745 et
3119 1691 3456 1745 senctorum
3506 1686 3802 1742 Joachim

485 1795 541 1846 et
571 1792 766 1846 Annae.
809 1790 965 1846 Fecit
995 1790 1053 1845 in
1083 1790 1328 1846 ecclesia
1358 1791 1507 1847 beati
1544 1793 1838 1848 Laurentii
1889 1793 2032 1848 foris
2083 1809 2285 1848 muros
2330 1791 2485 1846 idem
2546 1787 2759 1863 praesul
2814 1791 3036 1844 vestem
3089 1785 3284 1843 albam
3347 1789 3601 1842 rosatam
3643 1801 3798 1840 cum

482 1887 899 1961 chrysoclabo;
931 1889 1030 1944 sed
1061 1892 1119 1944 et
1148 1889 1325 1945 aliam
1357 1895 1577 1946 vestem
1612 1908 1788 1963 super
1815 1895 2086 1947 sanctum
2117 1908 2332 1963 corpus
2366 1890 2494 1960 ejus
2526 1888 2722 1944 albam
2753 1888 2824 1942 de
2852 1885 3107 1942 stauraei
3141 1883 3606 1958 chrysoclabam,
3643 1900 3796 1939 cum

377 1988 447 2042 10
487 1985 861 2060 margaritis;
895 1990 952 2042 et
983 1986 1042 2042 in
1074 1987 1247 2043 titulo
1279 1988 1487 2044 Calixti
1515 1994 1734 2045 vestem
1768 1989 2209 2061 chrysoclabam
2242 2005 2311 2044 ex
2342 1986 2551 2043 blattin
2583 1987 2892 2059 Byzanteo,
2925 1984 3236 2040 habentem
3285 1981 3592 2038 historiam
3627 1980 3799 2037 nati-

487 2084 682 2140 vitatis
713 2083 1031 2153 Domini,et
1055 2085 1244 2141 sancti
1278 2085 1587 2142 Simeonis.
1625 2087 1770 2142 Item
1804 2086 1862 2141 in
1897 2085 2143 2142 ecclesia
2178 2085 2364 2141 sancti
2418 2084 2706 2140 Pancratii
2753 2088 2973 2139 vestem
3025 2081 3282 2154 Tyriam,
3310 2079 3624 2136 habentem
3656 2077 3799 2134 his-

486 2183 696 2238 toriam
730 2182 1100 2239 Aseensionis
1132 2183 1388 2251 Domini,
1420 2201 1520 2239 seu
1554 2189 1609 2240 et
1641 2183 1698 2239 in
1733 2189 1939 2239 sancta
1970 2183 2153 2239 Maria
2183 2185 2251 2239 ad
2290 2184 2572 2255 Martyres
2626 2181 2760 2236 fecit
2805 2185 3025 2236 vestem
3079 2179 3314 2251 Tyriam
3364 2182 3434 2233 ut
3475 2193 3694 2250 supra;
3735 2182 3800 2232 et

486 2280 541 2334 in
577 2279 748 2336 titulo
780 2283 994 2336 sancta:
1029 2280 1257 2336 Sabina:
1293 2286 1355 2336 ut
1384 2299 1598 2354 supra;
1635 2286 1692 2337 et
1723 2282 1780 2336 in
1814 2281 2081 2337 diaeonia
2115 2281 2300 2337 sancti
2335 2279 2614 2336 Bonifacii
2668 2284 2734 2335 ut
2782 2295 2996 2351 supra;
3029 2283 3086 2333 et
3134 2277 3192 2332 in
3243 2275 3514 2332 diaconia
3561 2280 3798 2330 sancte

489 2378 705 2445 Mariae,
739 2395 865 2450 qua:
889 2383 1129 2433 vocatur
1158 2378 1476 2446 Cosmidin,
1513 2384 1577 2435 ut
1607 2397 1820 2452 supra;
1856 2385 1913 2435 et
1943 2379 2001 2435 in
2035 2379 2276 2435 basilica
2308 2384 2644 2435 sanctorum
2678 2380 2896 2434 Cosmae
2931 2381 2985 2432 et
3008 2375 3276 2432 Damiani
3303 2375 3439 2430 fecit
3463 2379 3690 2430 vestem
3721 2374 3797 2428 de

377 2477 447 2532 15
484 2474 652 2530 blatti
684 2476 986 2548 Byzanteo,
1023 2492 1156 2530 cum
1189 2476 1502 2548 periclysin
1535 2477 1607 2532 de
1639 2477 2019 2549 chrysoclabo
2053 2482 2109 2533 et
2134 2476 2488 2550 margaritis.

555 2572 712 2628 380
743 2572 888 2627 Item
921 2572 980 2626 in
1012 2571 1261 2628 ecclesia
1290 2573 1474 2628 sancti
1507 2573 1797 2629 Valentini
1830 2574 1962 2630 fecit
1991 2580 2210 2630 vestem
2243 2573 2683 2645 chrysoclabam
2717 2577 2772 2627 et
2805 2571 2980 2627 aliam
3012 2575 3231 2626 vestem
3265 2568 3399 2624 fecit
3429 2569 3501 2624 de
3533 2570 3796 2626 fundato

487 2668 966 2740 pulcherrimam.
1002 2669 1070 2724 Et
1100 2669 1158 2723 in
1191 2670 1460 2726 diaconia
1491 2677 1828 2726 sanctorum
1864 2673 2021 2727 Ferci
2055 2676 2111 2727 et
2140 2671 2397 2727 Achillmi
2432 2671 2566 2726 fecit
2594 2673 2813 2724 vestem
2841 2670 2912 2724 de
2963 2667 3256 2735 stauraei;
3291 2671 3349 2722 et
3397 2666 3457 2720 in
3509 2666 3798 2724 diaconia

482 2771 698 2823 sanctae
735 2766 829 2821 Dei
866 2766 1345 2838 Genetricis,quze
1376 2773 1618 2823 vocatur
1647 2769 1970 2838 Dominica,
2002 2769 2137 2824 fecit
2167 2773 2383 2824 vestem
2419 2769 2490 2822 de
2517 2766 2794 2823 stauraei.
2821 2767 2948 2839 Ipse
2970 2783 3100 2820 vero
3123 2764 3416 2820 almiﬁcus
3436 2765 3706 2836 pontifex
3733 2766 3793 2820 in

479 2863 801 2920 venerabili
838 2864 1193 2920 monasterio
1225 2865 1412 2920 sancti
1445 2867 1608 2921 Saba:
1643 2867 1777 2921 fecit
1809 2868 2118 2922 butronem
2152 2871 2493 2939 argenteum
2529 2883 2663 2920 cum
2687 2867 2944 2920 canistro
2971 2862 3538 2935 suo.pensan.libras
3564 2863 3799 2919 duode-

408 2963 446 3017 5
482 2961 636 3029 cim;
669 2966 727 3016 et
755 2965 976 3017 vestem
1010 2963 1080 3018 de
1113 2964 1364 3018 stauraei
1397 2981 1531 3019 eum
1563 2963 1939 3036 chrysoclavo
1990 2969 2046 3020 et
2095 2963 2453 3037 margaritis.
2493 2965 2636 3020 Item
2661 2967 2744 3019 .et
2791 2964 2850 3018 in
2901 2965 3258 3017 monasterio
3307 2960 3496 3016 sancti
3547 2961 3794 3018 Erasmi

483 3059 621 3115 fecit
649 3063 872 3115 vestem
901 3059 972 3114 de
1004 3061 1258 3117 stauraei
1292 3078 1427 3116 cum
1461 3078 1631 3117 cruce
1662 3066 1720 3117 et
1746 3062 2060 3133 gamadiis,
2092 3062 2269 3119 simul
2301 3067 2358 3117 et
2388 3061 2774 3135 paratrapetis
2806 3059 2950 3128 suis,
2985 3075 3122 3115 cum
3153 3057 3422 3132 periclysi
3451 3058 3521 3113 de
3544 3057 3793 3132 ehryso-

484 3156 668 3214 clavo.
704 3158 940 3216 Necnon
972 3162 1029 3214 et
1060 3158 1118 3215 in
1171 3159 1526 3215 monasterio
1577 3159 1720 3215 Clivi
1764 3160 1966 3216 Scauri
1998 3160 2135 3216 fecit
2165 3165 2384 3216 vestem
2417 3161 2487 3215 de
2519 3158 2775 3215 stauraei
2807 3176 2943 3214 cum
2976 3156 3247 3231 perielysi
3278 3157 3349 3212 de
3377 3156 3790 3230 ehrysoclavo.

481 3255 699 3311 Verum
730 3255 909 3311 etiam
940 3260 998 3311 et
1029 3256 1088 3311 in
1122 3256 1292 3313 titulo
1324 3257 1682 3313 Pammachii
1715 3258 1852 3313 fecit
1877 3262 2065 3313 vestes
2099 3258 2271 3327 duas,
2303 3275 2371 3312 ex
2399 3256 2615 3328 quibus
2655 3274 2837 3312 unam
2887 3258 2959 3312 de
3011 3255 3265 3312 stauraei
3318 3272 3452 3310 cum
3506 3255 3790 3330 periclysi

487 3353 558 3409 de
587 3353 999 3426 chrysoclavo;
1033 3357 1091 3408 et
1122 3353 1298 3409 aliam
1328 3359 1548 3410 vestem
1583 3355 1654 3411 de
1686 3355 1943 3411 imizino.
1979 3355 2339 3427 Saepedictus
2382 3371 2515 3410 vero
2565 3355 2813 3410 antistes
2857 3353 3270 3410 sanctissimus
3319 3351 3574 3410 ecclesiis
3625 3354 3791 3410 beati

377 3453 445 3507 10
481 3451 724 3507 Andreae
756 3451 1030 3524 apostoli,
1063 3451 1186 3508 sits:
1213 3452 1279 3521 in,
1305 3453 1603 3508 tricesimo
1632 3452 1725 3509 via
1754 3453 1945 3526 Appia
1973 3453 2033 3508 in
2065 3453 2256 3521 Silice,
2293 3457 2451 3509 sarta
2481 3457 2630 3508 tecta
2661 3452 2885 3509 noviter
2915 3452 3228 3518 renovavit,
3265 3468 3383 3506 una
3425 3468 3559 3507 cum
3589 3451 3793 3524 bapti-

481 3549 751 3616 sterio,et
784 3550 1139 3622 porticus.In
1167 3567 1286 3622 qua
1316 3550 1575 3606 Ecclesia
1605 3551 2012 3624 presbyterum
2039 3550 2474 3619 constituit,ubi
2504 3555 2561 3606 et
2587 3551 2739 3606 dona
2760 3549 2974 3608 obtulit
2995 3556 3116 3606 tam
3139 3549 3198 3605 in
3219 3553 3458 3622 argento
3481 3565 3793 3622 quamque

485 3647 545 3702 in
576 3647 837 3702 vestibus
868 3652 924 3703 et
952 3647 1141 3703 libris.
1171 3648 1337 3704 Nona
1365 3665 1498 3704 vero
1531 3649 1870 3716 indictione,
1909 3648 2164 3721 peccatis
2194 3648 2411 3704 nostris
2443 3648 2914 3714 imminentibus,
2950 3648 3148 3704 subito
3187 3652 3556 3704 terraamotus
3586 3647 3789 3703 factus

486 3743 672 3817 pridie
705 3744 996 3800 Kalendas
1029 3746 1186 3814 Maii,
1219 3750 1277 3801 et
1310 3746 1558 3802 ecclesia
1587 3747 1738 3802 beati
1777 3746 1935 3802 Pauli
1970 3747 2215 3819 apostoli
2250 3747 2321 3802 ab
2358 3747 2484 3818 ipso
2517 3750 2846 3802 terraemotu
2883 3763 3191 3817 concussa,
3216 3745 3414 3800 omnia
3443 3749 3601 3800 sarta
3627 3750 3790 3801 tecta

486 3843 922 3908 ruerunt.Quod
955 3844 1324 3915 conspiciens
1357 3861 1611 3916 magnus
1643 3852 1699 3900 et
1729 3845 2043 3917 praeclarus
2075 3845 2331 3917 pontifex
2355 3845 2412 3899 in
2437 3861 2712 3917 magnam
2734 3845 2973 3900 veniens
2995 3842 3784 3911 tribulationem,lamentari

375 3941 444 3994 15
483 3939 658 4010 οωρὶι
687 3944 808 3994 tam
839 3957 941 4012 pro
974 3958 1479 4014 argen.quamque
1512 3960 1614 4015 pro
1646 3943 1870 3999 caateris
1900 3943 2206 4016 speciebus
2235 3961 2362 4014 quae
2396 3943 2613 3998 ibidem
2636 3942 2926 3998 demolitae
2951 3947 3008 3998 et
3033 3942 3339 3997 confracta:
3363 3941 3643 3997 sunt.Sed
3673 3942 3790 3997 Do-

485 4036 644 4092 mino
677 4043 993 4107 annuente,
1026 4044 1082 4095 et
1115 4041 1283 4096 beato
1317 4041 1579 4112 principe
1611 4041 2009 4114 apostolorum
2042 4042 2686 4114 protegente,przet'atus
2716 4041 2977 4113 pontifex
3007 4045 3064 4096 et
3093 4041 3232 4095 totis
3255 4040 3485 4096 nisibus
3507 4039 3636 4095 suis
3655 4057 3777 4096 cer-

482 4140 678 4190 tamen
713 4153 936 4208 ponens
967 4138 1156 4193 instar
1185 4139 1340 4193 sicut
1371 4139 1701 4210 antiquitus
1735 4140 2021 4195 existebat
2052 4139 2268 4212 ampla,
2303 4144 2362 4195 et
2391 4141 2647 4195 maxima
2696 4139 3037 4194 fortitudine
3085 4156 3308 4211 ponens
3358 4138 3416 4193 in
3467 4138 3777 4194 meliorem

484 4233 723 4289 deduxit
753 4240 1014 4304 statum;
1050 4241 1106 4292 et
1137 4235 1196 4291 in
1232 4237 1458 4292 meliori
1499 4238 1693 4310 specie
1742 4255 1870 4294 eam
1917 4238 2313 4294 marmoribus
2365 4238 2678 4307 decoravit,
2713 4243 2952 4310 tamque
3000 4236 3430 4310 presbyterium
3477 4253 3780 4309 quamque

480 4335 665 4388 totam
699 4333 1005 4390 ecclesiam
1037 4335 1436 4404 marmoravit,
1470 4340 1528 4391 et
1559 4337 1689 4408 ejus
1720 4335 1982 4408 porticus
2014 4336 2327 4392 renovavit.

555 4430 704 4487 881
743 4431 1052 4505 Simulque
1083 4438 1140 4489 et
1169 4434 1228 4489 in
1263 4450 1406 4490 nave
1439 4451 1566 4506 qua:
1599 4438 1688 4490 est
1708 4451 1886 4507 super
1915 4435 2098 4491 altare
2131 4439 2292 4492 sarta
2321 4438 2475 4490 tecta
2505 4434 2702 4491 omnia
2735 4435 2958 4490 noviter
2988 4433 3357 4500 restauravit,
3390 4437 3448 4490 et
3478 4437 3599 4490 tres
3631 4431 3778 4490 ima-

478 4527 645 4601 gines
677 4545 882 4586 aureas
913 4530 1132 4587 ibidem
1164 4532 1630 4600 obtulit,scilicet
1659 4533 1976 4589 Salvatoris
2011 4533 2241 4589 Domini
2279 4533 2464 4590 nostri
2494 4534 2634 4589 Jesu
2665 4532 2902 4602 Christi,
2928 4534 3232 4589 beatorum
3265 4530 3600 4606 principum
3635 4549 3774 4605 apo-

483 4623 766 4681 stolorum
799 4626 951 4683 Petri
985 4645 1051 4684 ac
1083 4629 1269 4686 Pauli.
1306 4631 1417 4686 Sed
1451 4635 1507 4686 et
1537 4631 1712 4688 aliam
1756 4631 2076 4704 imaginem
2121 4636 2458 4704 argenteam
2510 4629 2826 4687 Salvatoris
2875 4632 3218 4687 deauratam
3270 4647 3446 4702 super
3493 4634 3694 4702 postes
3720 4630 3776 4685 in

482 4722 725 4779 introitu
757 4725 975 4796 posuit,
1011 4743 1176 4799 pens.
1211 4727 1392 4785 libras
1424 4729 1744 4802 sexaginta.
1772 4730 1878 4786 Sed
1914 4734 1971 4785 et
1992 4746 2164 4786 omne
2188 4733 2531 4802 argenteum
2555 4729 2959 4802 ibidem,quod
2983 4733 3443 4802 conquassatum
3466 4727 3776 4794 fuerat,no-

407 4821 444 4876 5
479 4821 630 4877 viter
661 4824 1277 4882 restauravit.Necnon
1311 4831 1368 4882 et
1397 4827 1683 4883 fenestras
1713 4828 1902 4900 ipsius
1920 4828 2176 4884 ecclesia:
2198 4812 2356 4882 mirae
2377 4827 2840 4900 pulchritudinis
2856 4845 2923 4883 ex
2943 4826 3181 4883 metallo
3201 4825 3442 4900 cypsino
3460 4826 3770 4882 decoravit.

489 4919 617 4992 Ipse
647 4937 782 4977 vero
815 4923 1094 4994 praefatus
1124 4925 1385 4996 pontifex
1409 4923 1541 4981 fecit
1563 4925 1623 4980 in
1648 4926 1893 4982 basilica
1914 4925 2386 4998 Salvatoris,qum
2412 4931 2651 4982 vocatur
2670 4925 3364 4998 Constantiniana,super
3385 4923 3569 4980 altare
3590 4930 3771 4980 vestes

479 5017 724 5086 duas,ex
759 5021 979 5092 quibus
1011 5039 1190 5078 unam
1223 5040 1357 5078 cum
1390 5023 1766 5097 chrysoclavo
1799 5030 1856 5080 et
1885 5025 2482 5099 gemmis,habentem
2514 5024 2824 5081 historiam
2857 5023 3173 5081 Salvatoris
3195 5023 3546 5080 introeuntis
3569 5023 3631 5078 in
3654 5039 3774 5078 san-

480 5120 633 5171 ctam
668 5117 1047 5186 eivitatem,et
1078 5119 1252 5176 aliam
1279 5121 1714 5194 chrysoclavam
1747 5141 1880 5179 cum
1906 5124 2156 5197 gemmis
2176 5122 2966 5196 pretiosissimis,habentem
2982 5122 3291 5178 historiam
3312 5118 3770 5177 Resurrectionis

478 5214 890 5271 DominicaaEt
924 5217 980 5271 in
1012 5217 1259 5273 circuitu
1291 5218 1494 5276 altaris
1523 5221 1652 5277 vela
1684 5223 1863 5278 rubeo
1897 5221 2083 5280 serica
2113 5226 2453 5294 quatuor,et
2482 5219 2615 5276 alba
2645 5224 2916 5292 quatuor,
2951 5239 3085 5277 cum
3119 5219 3528 5293 chrysoclavo;
3564 5223 3622 5274 et
3655 5224 3764 5274 tres

373 5308 443 5363 40
481 5316 615 5367 ante
648 5313 957 5387 imagines,
991 5333 1125 5371 cum
1159 5316 1314 5384 lista,
1350 5323 1406 5374 et
1438 5319 1583 5376 alias
1611 5319 1773 5376 albas
1806 5322 2023 5378 sericas
2054 5337 2298 5378 numero
2331 5323 2557 5392 septem
2590 5323 2646 5374 et
2667 5318 3014 5392 trigmta.Et
3037 5319 3095 5375 in
3120 5319 3301 5376 altare
3324 5316 3480 5374 beati
3501 5314 3767 5374 Venantii

482 5407 618 5464 fecit
644 5415 862 5468 vestem
895 5413 966 5468 de
999 5414 1242 5471 fundato
1274 5433 1409 5471 cum
1442 5417 1584 5473 velis
1617 5418 1884 5487 duobus;
1920 5425 1975 5475 et
2008 5421 2064 5475 in
2098 5417 2367 5475 oratoriis
2418 5422 2755 5474 sanctorum
2802 5417 3048 5474 Joannis
3099 5417 3372 5490 Baptista:
3421 5419 3478 5472 et
3525 5413 3764 5472 Joannis

480 5508 848 5580 evangelista;
884 5511 1017 5567 fecit
1047 5518 1236 5569 vestes
1268 5514 1417 5570 duas
1449 5515 1518 5571 de
1550 5518 1804 5572 stauraei
1839 5535 1972 5573 cum
2006 5517 2400 5587 chrysoclavo,
2437 5519 2493 5571 et
2523 5514 2648 5571 vela
2677 5516 2815 5571 duo.

554 5605 710 5662 882
744 5606 937 5664 Isdem
968 5627 1102 5666 vero
1135 5609 1409 5683 praelatus
1443 5614 1701 5684 pontifex
1732 5632 1909 5686 super
1939 5614 2121 5671 altare
2152 5615 2302 5670 beati
2339 5613 2489 5670 Petri
2525 5613 2772 5686 apostoli
2804 5613 2938 5670 fecit
2964 5617 3183 5669 vestem
3217 5627 3351 5668 cum
3385 5611 3501 5666 vite
3533 5627 3602 5666 ex
3635 5625 3761 5666 auro

399 5737 404 5742 -
482 5701 826 5772 Purissimo,
861 5723 996 5762 cum
1027 5709 1280 5780 gemmis
1310 5710 1756 5781 pretiosissimis
1788 5719 1844 5769 et
1871 5713 2558 5786 margaritis,habentem
2584 5711 2642 5766 in
2666 5711 2858 5768 medio
2881 5711 3112 5768 vultum
3139 5708 3459 5768 Salvatoris
3479 5713 3536 5766 et
3565 5713 3762 5766 sancta

482 5794 585 5852 Dei
618 5798 930 5860 Genitricis
963 5804 1157 5860 Maria:
1190 5811 1247 5862 et
1277 5807 1588 5865 duodecim
1621 5811 2042 5882 apostolorum,
2077 5811 2176 5866 ubi
2211 5816 2267 5866 et
2310 5811 2471 5866 misit
2519 5810 2646 5866 auri
2695 5809 2876 5868 libras
2922 5809 3131 5883 viginti
3182 5809 3467 5883 quinque.
3500 5807 3572 5864 Et
3603 5806 3764 5864 aliam

486 5899 714 5950 vestem
745 5894 1200 5969 ohrysoclavam,
1233 5903 1547 5960 habentem
1582 5907 1888 5964 historiam
1919 5909 2146 5965 Ietania:
2179 5909 2442 5979 majoris.
2476 5908 2589 5965 Sed
2621 5913 2676 5964 et
2705 5908 2882 5966 aliam
2913 5914 3157 5980 vestem,
3191 5907 3510 5966 habentem
3540 5903 3761 5963 tabulas

405 5976 445 6037 5
483 5989 893 6069 chrysoclavas
923 5999 1127 6067 tres,et
1154 5997 1461 6060 historiam
1488 6002 1805 6065 Βοωίηὶοω
1835 5976 2446 6084 passionisdege—ntem
2481 6022 2495 6066 ς
2527 6007 2637 6068 Hoc
2664 6015 2740 6068 est
2769 6023 2964 6083 camus
2992 5976 3198 6083 meum,
3210 6007 3353 6087 quod
3369 6021 3474 6086 pro
3493 6003 3647 6068 vobis
3664 6010 3764 6065 ων·
