3924 6412
367 309 523 374 1223
1521 307 1833 380 ANASTA
1845 305 1912 369 SI

2248 304 2643 374 THECARII.
3635 302 3797 380 ηερ

509 440 567 496 in
601 438 846 497 basilica
877 437 1029 494 beati
1063 438 1213 494 Petri
1247 435 1637 509 apostoli,sita
1669 437 1727 493 in
1754 438 2132 509 Albanoque:
2165 454 2267 509 pro
2300 436 2483 492 nimia
2512 439 2800 492 vetustate
2822 436 2948 506 jam
2983 433 3208 490 ruitura
3237 439 3381 501 erat,
3415 434 3619 506 omnia
3643 438 3804 490 tecta

509 543 669 595 sarta
698 539 826 610 ejus
857 536 1082 592 noviter
1112 534 1474 592 restauravit.
1487 535 1642 591 Fecit
1670 539 1865 592 autem
1896 535 2084 591 isdem
2119 533 2410 590 almiﬂcus
2440 533 2771 607 pontifexin
2785 530 3804 605 basilicabeatiHippolytimartyris

404 639 471 694 10
509 637 567 692 in
600 635 829 692 civitate
861 633 1162 690 Portuensi
1193 638 1383 690 vestes
1415 635 1488 689 de
1521 634 1774 690 stauraci
1807 635 2164 700 duas,unam
2199 651 2375 706 super
2401 649 2613 706 corpus
2642 633 2771 702 ejus
2802 636 2859 686 et
2888 629 3064 686 aliam
3097 630 3156 684 in
3189 629 3358 686 altari
3392 629 3705 701 majuri.Et
3739 628 3801 684 in

505 732 676 790 titulo
709 737 924 788 sanctae
958 731 1234 806 martyris
1264 731 1492 788 Sabinae
1524 736 1673 788 tetra
1701 731 1827 787 vela
1859 733 1930 787 de
1944 729 2648 806 stauraci,cumpericlysi
2667 731 2738 785 de
2765 727 3375 784 blatthim.Enimvero
3391 727 3526 784 etin
3541 725 3804 782 oratorio

508 835 720 888 sancta:
751 829 851 886 Dei
884 828 1216 897 Genitricis,
1252 829 1362 886 sito
1393 829 1452 885 in
1485 829 1844 886 xenodochio
1879 829 2111 898 Firmis,
2146 829 2282 885 fecit
2309 833 2532 884 vestem
2566 828 2637 884 de
2657 827 2914 884 stauraci
2947 825 3428 900 pulcherrimam.

578 929 734 986 888
764 927 891 1001 Ipse
921 943 1055 984 vero
1088 945 1121 984 a
1151 927 1268 984 Deo
1319 932 1618 1000 protectus
1665 932 1724 984 et
1771 926 2084 1000 praeclarus
2130 927 2389 1001 pontifex
2437 925 2743 983 constituit
2790 931 2855 982 ut
2903 929 3037 981 ante
3084 929 3202 981 tres
3247 923 3372 980 dies
3417 921 3803 980 Ascensionis

508 1026 824 1084 Dominicm
853 1025 1083 1082 letanize
1130 1026 1612 1083 celebrarentur:
1657 1025 1881 1082 scilicet
1928 1025 2073 1083 feria
2121 1027 2399 1092 secunda,
2435 1024 2768 1098 egrediente
2817 1023 3092 1097 pontiﬁce
3139 1039 3275 1079 cum
3327 1021 3486 1078 omni
3539 1020 3697 1077 clero
3745 1025 3805 1077 et

509 1130 718 1182 cuncto
751 1123 988 1198 populo,
1021 1140 1156 1180 cum
1188 1123 1423 1198 hymnis
1455 1129 1513 1180 et
1543 1123 1788 1180 canticis
1819 1123 2207 1197 spiritalibus,
2243 1125 2315 1180 ab
2349 1121 2600 1180 ecclesia
2638 1122 2739 1179 Dei
2769 1121 3079 1178 Genitricis
3108 1122 3182 1177 ad
3213 1125 3468 1193 Praesepe
3500 1119 3803 1193 pergendo

504 1223 577 1279 ad
610 1221 921 1279 ecclesiam
955 1221 1428 1294 Salvatoris,quae
1461 1221 1795 1295 appellatur
1818 1222 2326 1290 Constantiniana;
2344 1221 2489 1278 feria
2517 1219 2691 1276 tertia
2714 1237 2871 1290 vero,
2893 1222 3167 1276 exeuntes
3197 1219 3270 1275 ab
3301 1216 3547 1274 ecclesia
3578 1221 3799 1272 sancta

429 1324 466 1377 5
503 1321 733 1378 Sabinae
767 1320 1125 1395 martyris,et
1155 1325 1461 1393 pergentes
1493 1321 1566 1377 ad
1600 1321 1836 1376 beatum
1869 1320 2115 1378 Paulum
2147 1318 2651 1393 apostolum;feria
2691 1323 2900 1392 quarta
2928 1322 3207 1374 exeuntes
3231 1316 3304 1373 ab
3321 1315 3569 1372 ecclesia
3594 1315 3796 1371 Hiem-

506 1419 780 1501 salem,et
807 1422 1114 1494 pergentes
1146 1419 1218 1475 ab
1249 1419 1482 1475 beatam
1514 1418 1824 1475 ecclesiam
1855 1418 2009 1475 beati
2041 1419 2337 1475 Laurentii
2369 1418 2645 1491 martyris
2679 1417 2818 1474 foris
2850 1414 3236 1473 muros.F‘ecit
3258 1419 3450 1471 autem
3468 1419 3525 1471 et
3547 1415 3606 1470 in
3627 1413 3799 1470 titulo

507 1522 848 1573 sanctorum
881 1516 1304 1575 Coronatorum
1337 1520 1556 1574 vestem
1589 1518 1659 1573 de
1690 1516 1966 1584 stauraci,
1999 1517 2314 1574 habentem
2350 1517 2408 1571 in
2441 1516 2633 1572 medio
2667 1533 2901 1572 crucem
2932 1510 3004 1571 de
3033 1513 3428 1588 chrysoclavo.

577 1617 726 1673 887
767 1615 955 1670 Isdem
989 1631 1121 1671 vero
1152 1614 1569 1672 sanctissimus
1600 1613 1812 1688 praesul
1843 1615 1899 1670 in
1931 1615 2175 1671 basilica
2204 1615 2358 1671 beati
2407 1613 2634 1688 Agapiti
2687 1613 2985 1687 martyris,
3020 1612 3078 1668 in
3128 1612 3359 1669 civitate
3408 1611 3794 1678 Praenestina,

503 1711 639 1770 feclt
668 1720 890 1769 vestem
924 1713 995 1768 de
1027 1713 1280 1769 stauraci
1312 1729 1445 1769 cum
1480 1712 1750 1786 periclysi
1782 1713 1854 1769 de
1887 1712 2150 1780 fundato,
2183 1717 2241 1769 et
2270 1712 2329 1768 in
2361 1711 2554 1768 medio
2603 1728 2837 1768 crucem
2873 1712 2942 1767 de
2982 1708 3374 1783 chrysoclavo.
3412 1707 3571 1764 Fecit
3604 1708 3797 1764 isdem

501 1809 916 1868 sanctissimus
947 1809 1161 1882 praesul
1189 1810 1248 1867 in
1281 1809 1529 1868 ecclesia
1562 1810 1715 1866 beati
1747 1809 2082 1878 Clementis,
2100 1827 2227 1882 quae
2259 1808 2502 1881 ponitur
2526 1807 2585 1863 in
2611 1806 3164 1874 Velitricis,vestem
3196 1807 3267 1862 de
3297 1805 3574 1862 stauraci.
3597 1804 3798 1861 Simili

501 1910 675 1966 modo
707 1911 763 1965 et
793 1909 850 1964 in
882 1907 1055 1965 titulo
1085 1907 1238 1965 beati
1269 1908 1628 1983 Chrysogoni
1656 1907 1791 1964 fecit
1817 1914 2038 1964 vestem
2072 1908 2142 1965 de
2175 1907 2431 1964 stauraci
2462 1924 2597 1962 cum
2631 1903 2901 1980 periclysi
2920 1906 2988 1961 de
3023 1901 3620 1974 blatthin;etintitulo
3634 1903 3800 1960 beati

424 2009 462 2064 5
501 2005 798 2064 Laurentii
833 2007 903 2062 de
921 2005 1264 2063 lucinafecit
1285 2011 1505 2062 vestem
1527 2007 1598 2062 de
1621 2005 1874 2062 stauraci
1899 2022 2032 2060 cum
2056 2004 2322 2080 periclysi
2349 2007 2418 2060 de
2441 2003 2850 2072 blatthin;etin
2869 2001 3040 2059 titulo
3058 2001 3214 2058 beati
3229 2001 3404 2058 Marci
3422 2001 3798 2058 fecitvestem

498 2106 568 2162 de
601 2105 856 2162 stauraci
889 2121 1024 2162 cum
1060 2103 1328 2179 periclysi
1347 2122 1360 2173 ;
1397 2109 1453 2160 et
1482 2105 1541 2159 in
1574 2103 1746 2160 titulo
1778 2103 1931 2159 beati
1958 2102 2255 2158 Laurentii
2291 2102 2348 2156 in
2383 2102 2634 2158 Damaso
2667 2099 2802 2156 fecit
2832 2103 3051 2156 vestem
3069 2097 3358 2155 similiter.
3385 2097 3575 2155 Simili
3612 2098 3796 2154 modo

498 2209 556 2259 et
587 2203 644 2258 in
679 2202 848 2259 titulo
880 2201 1035 2258 beati
1067 2200 1212 2258 Sixti
1243 2201 1380 2257 fecit
1407 2206 1627 2258 vestem
1655 2201 1726 2256 de
1758 2199 2012 2256 stauraci
2043 2216 2177 2255 cum
2213 2198 2483 2274 periclysi
2513 2200 2585 2255 de
2616 2197 3124 2266 blatthin,necnon
3153 2201 3210 2253 et
3239 2195 3299 2252 in
3331 2195 3599 2252 diaconia
3631 2196 3796 2252 beati

495 2301 756 2368 Adriani,
789 2305 846 2357 et
877 2301 935 2356 in
968 2299 1214 2357 ecclesia
1245 2299 1422 2355 beata:
1454 2299 1670 2366 Mariae,
1706 2303 1763 2355 ct
1793 2297 1852 2353 in
1880 2297 2150 2353 diaconia
2180 2297 2423 2369 antiqua
2457 2297 2593 2352 fecit
2629 2301 2821 2352 vestes
2869 2295 2941 2351 de
2994 2294 3249 2350 stauraci
3300 2311 3435 2350 cum
3488 2293 3795 2367 periclysi.

495 2398 683 2454 Simili
715 2398 888 2453 modo
917 2401 974 2453 et
1001 2397 1061 2452 in
1093 2396 1361 2453 diaconia
1391 2395 1544 2452 beati
1571 2394 1921 2468 Archangeli
1955 2394 2088 2450 fecit
2117 2400 2305 2451 vestes
2335 2399 2475 2463 tres,
2510 2412 2579 2451 ex
2603 2394 2820 2467 quibus
2849 2409 3029 2449 unam
3061 2393 3133 2449 de
3165 2392 3420 2449 stauraci
3454 2409 3590 2449 cum
3625 2393 3797 2465 peri-

389 2495 459 2551 40
497 2494 640 2567 clysi
673 2495 743 2550 de
769 2492 1108 2561 blatthin,et
1141 2492 1286 2550 alias
1317 2495 1466 2549 duas
1499 2493 1567 2548 de
1600 2492 1773 2566 Tyrio
1805 2509 1939 2547 cum
1970 2491 2241 2565 periclysi
2275 2493 2344 2548 de
2378 2493 2640 2558 fundato,
2676 2509 2810 2547 cum
2843 2489 3087 2547 historia
3111 2491 3181 2546 de
3213 2490 3700 2563 elephantis.lmo
3735 2494 3796 2546 et

494 2592 554 2647 in
587 2591 855 2647 diacodia
885 2591 1072 2645 sancti
1103 2589 1391 2646 Theodori
1424 2591 1560 2645 fecit
1589 2595 1810 2646 vestem
1844 2591 1916 2645 de
1948 2590 2201 2646 stauraci
2234 2607 2369 2646 cum
2403 2589 2705 2662 periclysi;
2741 2593 2797 2644 et
2818 2588 2877 2643 in
2909 2587 3176 2644 diaconia
3206 2588 3356 2643 beati
3389 2589 3624 2661 Georgii
3656 2589 3798 2645 fecit

494 2692 714 2744 vestem
747 2689 819 2743 de
851 2687 1092 2743 fundato
1126 2705 1261 2743 cum
1294 2687 1539 2743 historia
1569 2689 1639 2743 de
1670 2687 2017 2760 elephantis,
2053 2705 2152 2743 seu
2188 2687 2430 2743 diversis
2457 2686 2739 2751 historiis,
2772 2703 2906 2740 cum
2937 2684 3207 2758 periclysi
3240 2686 3311 2740 de
3341 2685 3609 2741 fundato.
3630 2687 3799 2743 Fecit

494 2788 552 2842 et
582 2785 642 2840 in
674 2784 940 2841 diaconia
970 2785 1028 2840 in
1062 2802 1203 2859 gyro
1235 2790 1454 2841 vestem
1487 2787 1556 2841 de
1590 2785 1847 2841 stauraci
1879 2802 2012 2841 cum
2042 2784 2310 2859 periclysi
2343 2785 2413 2841 de
2445 2783 2918 2841 blatthin.Simili
2952 2784 3124 2840 modo
3153 2788 3210 2840 et
3238 2783 3298 2838 in
3317 2783 3589 2840 diaconia
3620 2785 3797 2841 invia

503 2883 644 2938 Lata
675 2881 810 2937 fecit
835 2885 1027 2938 vestes
1057 2882 1206 2938 duas
1237 2882 1309 2938 de
1339 2882 1535 2955 Tyrio,
1567 2900 1701 2938 cum
1732 2881 2004 2955 periclysi
2035 2883 2105 2939 de
2137 2882 2411 2940 blatthin.

570 2980 724 3037 888
755 2979 824 3035 Et
854 2979 914 3035 in
941 2979 1211 3036 diaconia
1240 2985 1455 3036 sanctae
1485 2979 1724 3054 Agathaa
1756 2980 1893 3036 fecit
1921 2984 2140 3037 vestem
2171 2981 2242 3037 de
2287 2981 2541 3037 stauraci
2589 2996 2724 3036 cum
2769 2977 3041 3056 periclysi
3085 2980 3157 3035 de
3205 2979 3480 3050 blatthin.
3517 2980 3675 3037 Fecit
3727 2982 3791 3038 in

501 3077 744 3136 basilica
773 3077 928 3134 beati
956 3076 1459 3152 Archangeli,quze
1489 3077 1731 3152 ponitur
1760 3078 1819 3133 in
1853 3077 2358 3151 Septimo,vestem
2391 3078 2462 3133 de
2493 3077 2746 3135 stauraci
2779 3094 2914 3134 cum
2948 3077 3216 3152 periclysi
3250 3079 3322 3134 de
3352 3077 3691 3148 blatthin;et
3726 3079 3791 3136 in

495 3175 855 3233 monasterio
888 3174 1075 3231 sancti
1102 3175 1354 3248 Agapiti,
1389 3191 1518 3247 quae
1552 3175 1790 3247 ponitur
1814 3176 1885 3230 ad
1917 3175 2184 3244 Vincula,
2217 3174 2352 3230 fecit
2382 3179 2600 3232 vestem
2633 3176 2705 3231 de
2743 3175 3020 3231 stauraci.
3055 3177 3218 3232 Idem
3263 3193 3396 3232 vero
3441 3176 3787 3233 misericor-

490 3274 774 3332 dlssimus
803 3272 1015 3346 praesul
1048 3273 1185 3329 fecit
1214 3272 1272 3327 in
1303 3272 1552 3328 ecclesia
1583 3273 1762 3328 beatae
1791 3275 1984 3345 Agnes
2018 3273 2429 3346 martyris,ubi
2453 3275 2582 3345 ejus
2613 3290 2825 3346 corpus
2857 3273 3413 3346 requiescit,vestcm
3443 3276 3514 3330 de
3531 3275 3785 3331 fundato

415 3375 454 3430 5
490 3387 626 3429 cum
656 3371 928 3445 periclysi
961 3371 1031 3427 de
1063 3370 1317 3426 blatthin
1343 3388 1356 3440 ;
1390 3374 1447 3426 et
1475 3371 1534 3426 in
1567 3370 1813 3426 ecclesia
1840 3370 1993 3426 beati
2023 3369 2375 3443 Apollinaris
2405 3371 2542 3426 fecit
2567 3375 2787 3426 vestem
2819 3371 2890 3426 de
2921 3372 3174 3427 stauraci
3207 3388 3342 3427 cum
3395 3371 3661 3447 periclysi
3706 3373 3785 3429 de

489 3469 761 3526 blatthin.
797 3469 992 3524 Isdem
1029 3467 1621 3524 misericordissimus
1648 3467 1861 3542 presul
1894 3467 2028 3524 fecit
2057 3472 2115 3523 et
2144 3468 2203 3522 in
2234 3468 2408 3524 titulo
2440 3473 2780 3524 sanctorum
2814 3468 3046 3525 Martini
3077 3473 3134 3524 et
3163 3468 3424 3526 Silvestri
3467 3474 3657 3526 vestes
3708 3471 3785 3527 de

491 3566 787 3624 stauracin
819 3565 986 3633 duas,
1022 3579 1052 3620 e
1085 3564 1300 3637 quibus
1324 3581 1502 3620 unam
1535 3581 1669 3620 cum
1703 3563 1972 3638 periclysi
2004 3565 2074 3621 de
2104 3565 2371 3634 fundato,
2399 3565 2545 3623 alias
2572 3583 2706 3622 vero
2738 3565 2808 3622 de
2839 3564 3177 3635 blatthin;et
3205 3566 3266 3622 in
3297 3567 3567 3623 diaconia
3587 3569 3783 3624 sancti

490 3664 606 3720 Viti
639 3663 773 3720 fecit
802 3667 1021 3720 vestem
1055 3662 1126 3718 de
1156 3662 1455 3718 stauracin
1488 3677 1622 3717 cum
1656 3661 1952 3734 periclysti
1983 3662 2055 3718 de
2085 3661 2350 3717 fundato.
2384 3662 2691 3718 Enimvero
2721 3667 2778 3719 et
2808 3662 2866 3719 in
2900 3663 3146 3720 ecclesia
3181 3665 3361 3720 beata:
3390 3665 3681 3738 Eugenim,
3718 3665 3782 3721 in

491 3777 611 3835 qua
641 3764 912 3816 sanctum
939 3775 1154 3831 corpus
1179 3759 1307 3830 ejus
1338 3757 1671 3831 requiescit,
1709 3757 1844 3814 fecit
1873 3763 2092 3813 vestem
2127 3759 2198 3813 de
2230 3759 2511 3825 stauraci,
2544 3776 2678 3814 cum
2712 3759 2982 3834 periclysi
3015 3761 3085 3815 de
3116 3759 3390 3817 blatthin.
3428 3762 3581 3817 Fecit
3626 3765 3683 3817 et
3717 3762 3778 3818 in

389 3862 456 3915 10
498 3857 744 3914 ecclesia
773 3857 958 3913 sancti
991 3856 1272 3930 Stephani
1307 3856 1366 3911 in
1399 3855 1574 3913 Ccelio
1595 3860 1792 3912 monte
1821 3859 2010 3911 vestes
2037 3857 2108 3911 de
2132 3856 2386 3911 stauraci
2421 3857 2591 3924 duas,
2629 3857 2688 3912 in
2721 3856 2939 3929 quibus
2987 3873 3169 3913 unam
3213 3857 3271 3912 in
3324 3857 3492 3913 altari
3544 3859 3776 3930 majori,

494 3953 673 4010 aliam
701 3969 838 4010 vero
868 3970 1046 4026 super
1075 3969 1320 4027 corpora
1351 3958 1691 4009 sanctorum
1726 3958 2051 4025 martyrum
2085 3953 2264 4009 Primi
2304 3957 2362 4010 et
2409 3953 2708 4010 Feliciani.
2741 3954 3048 4028 Simulque
3096 3960 3152 4011 et
3200 3955 3260 4010 in
3309 3954 3551 4011 basilica
3595 3956 3778 4012 beatae

489 4051 824 4125 Euphemus
849 4050 983 4107 fecit
1011 4056 1230 4107 vestem
1263 4051 1334 4107 de
1365 4051 1621 4106 stauraci
1652 4055 1710 4107 et
1739 4051 1798 4106 in
1833 4051 2077 4108 basilica
2104 4051 2259 4107 beati
2288 4051 2655 4126 Archangeli,
2690 4068 2820 4124 quae
2851 4053 3089 4126 ponitur
3110 4052 3168 4108 in
3199 4053 3324 4109 vico
3357 4053 3616 4126 Patricii,
3641 4054 3778 4110 fecit

491 4155 712 4207 vestem
744 4148 814 4206 de
847 4148 1121 4205 stauraci.

561 4247 715 4306 889
747 4246 903 4304 Fecit
931 4250 989 4302 et
1017 4261 1195 4319 super
1223 4245 1561 4318 sepulcrum
1593 4246 1745 4302 beati
1776 4246 2105 4304 Sebastiani
2138 4245 2413 4318 martyris
2441 4247 2535 4304 via
2563 4247 2750 4320 Appia
2778 4247 2852 4303 ad
2884 4247 3268 4304 Catacumbas
3297 4252 3485 4305 vestes
3516 4251 3774 4322 majores

489 4346 659 4415 duas,
690 4362 758 4403 ex
789 4345 1004 4418 quibus
1037 4361 1216 4400 unam
1248 4345 1319 4401 de
1351 4343 1604 4401 stauraci
1633 4349 1692 4401 et
1721 4343 1898 4401 aliam
1932 4344 2003 4400 de
2033 4345 2299 4402 fundato.
2334 4346 2405 4401 Et
2435 4345 2579 4400 inibi
2610 4361 2788 4418 super
2817 4345 3056 4402 tumbas
3083 4344 3479 4418 apostolorum
3521 4347 3676 4404 Petri
3708 4364 3776 4405 ac

489 4444 653 4501 Pauli
683 4444 820 4500 fecit
845 4447 1035 4500 vestes
1068 4443 1215 4499 duas
1249 4443 1320 4499 de
1351 4443 1606 4500 stauraci
1637 4446 1695 4499 et
1724 4443 1989 4510 fundato,
2023 4460 2125 4500 seu
2159 4443 2391 4500 blatthi.
2427 4443 2618 4500 Isdem
2647 4460 2782 4499 vero
2828 4443 3240 4500 sanctissimus
3288 4443 3502 4517 praesul
3549 4445 3689 4510 fe-it
3715 4445 3776 4503 in

490 4539 736 4598 basilica
765 4540 918 4598 beati
954 4539 1252 4597 Laurentii
1284 4541 1583 4615 martyris,
1615 4540 1729 4598 sita
1759 4542 1911 4597 infra
1952 4541 2246 4599 civitatem
2295 4541 2689 4611 Tiburtinam,
2720 4545 2942 4598 vestem
2993 4542 3063 4598 de
3111 4541 3388 4598 stauraci.
3423 4541 3580 4598 Fecit
3619 4547 3676 4600 et
3715 4543 3776 4600 in

415 4641 452 4696 5
487 4637 741 4694 oratorio
807 4637 962 4694 ancti
994 4637 1278 4711 Stephani
1309 4637 1368 4694 in
1400 4643 1603 4696 sancto
1632 4639 1820 4709 Petro,
1840 4639 1941 4711 qui
1972 4638 2306 4715 appellatur
2333 4640 2535 4711 Major,
2561 4644 2783 4696 vestem
2817 4640 2888 4696 de
2919 4638 3195 4696 stauraci.
3223 4638 3377 4696 Fecit
3407 4643 3602 4696 autem
3636 4645 3696 4698 et
3716 4641 3775 4697 in

485 4735 732 4794 basilica
756 4736 911 4792 beati
943 4735 1399 4809 Hyacinthi,sita
1430 4738 1490 4792 in
1522 4736 1884 4806 Sabinis,ubi
1916 4736 2913 4811 etcorpusejusrequiescit,vestem
2929 4737 2999 4792 de
3022 4737 3276 4793 stauraci
3289 4736 3773 4810 pulcherrimam.

488 4837 632 4893 Item
666 4852 700 4891 a
731 4835 846 4891 Deo
877 4839 1177 4908 protectus
1206 4839 1263 4892 et
1292 4833 1605 4908 praeclarus
1640 4836 1900 4908 pontifex
1929 4827 2068 4892 fecit
2098 4836 2278 4893 altare
2318 4837 2470 4892 beati
2518 4836 2669 4891 Petri
2718 4835 2967 4910 apostoli
3019 4836 3230 4892 fautori
3279 4853 3386 4894 suo
3432 4842 3655 4894 vestem
3706 4838 3778 4894 de

488 4930 861 5006 chrysoclavo
892 4929 1055 4988 mira:
1089 4929 1856 5003 magnitudinis,ba’bentem
1891 4931 2199 4990 historiam
2231 4932 2545 4989 Dominicea
2561 4933 2834 4988 navitatis
2849 4949 2982 4988 cum
2997 4931 3778 5005 gemmispretiosissimiset

489 5028 825 5102 margaritis
857 5033 1146 5097 ornatam,
1185 5027 1340 5084 Fecit
1369 5033 1565 5085 autem
1593 5029 1654 5085 in
1686 5029 2026 5103 supradicta
2057 5030 2304 5086 ecclesia
2332 5029 2462 5086 vela
2491 5030 2561 5085 de
2591 5031 2847 5086 stauraci
2880 5034 3056 5102 atque
3086 5031 3157 5086 de
3189 5031 3779 5106 fundato,pendentia

383 5130 450 5184 10
487 5129 640 5185 inter
668 5125 974 5183 columnas
1006 5127 1490 5197 majores,dextra
1518 5126 2047 5201 laevaque,numero
2079 5129 2382 5202 sexaginta
2411 5127 2756 5202 quinque;et
2787 5129 2903 5185 alia
2931 5127 3059 5185 vela
3087 5128 3221 5186 alba
3241 5129 3567 5188 holoserica
3599 5133 3780 5205 majo-

487 5243 552 5282 ra
581 5224 853 5296 tria,quaa
885 5223 1144 5296 pendent
1173 5227 1308 5279 ante
1339 5223 1530 5296 regias
1559 5223 1620 5280 in
1651 5224 2116 5299 introitu.Atque
2145 5227 2365 5282 ibidem
2397 5227 2525 5298 ejus
2555 5227 2859 5282 beatitudo
2891 5227 3028 5283 fecit
3057 5227 3400 5283 crucifixum
3431 5245 3500 5284 ex
3530 5235 3775 5305 argento

488 5320 830 5396 purissimo,
860 5321 960 5393 qui
995 5324 1111 5376 stat
1132 5321 1306 5392 juxta
1336 5321 1517 5379 altare
1548 5323 1764 5394 majus,
1799 5324 1960 5381 mirae
1992 5325 2419 5399 magnitudinis
2450 5326 2812 5393 decoratum,
2847 5342 3090 5399 pensan.
3126 5324 3306 5382 libras
3342 5325 3777 5402 quinquaginta

487 5422 636 5479 duas
662 5437 675 5489 ;
708 5419 802 5476 cui
852 5434 1031 5491 super
1055 5419 1190 5475 fecit
1218 5419 1504 5493 gabathas
1535 5437 1635 5477 sex
1655 5437 1789 5477 cum
1823 5439 1994 5479 cruce
2023 5441 2092 5479 ex
2123 5428 2362 5498 argento
2414 5423 2756 5500 purissimo,
2791 5439 2920 5496 quas
2971 5425 3229 5497 pendent
3255 5429 3388 5482 ante
3415 5442 3621 5483 arcum
3665 5443 3780 5492 ma.

479 5519 692 5592 jorem,
725 5518 926 5574 dextra
955 5515 1231 5589 laevaque,
1265 5533 1507 5592 pensan.
1543 5516 1720 5575 simul
1753 5519 1933 5577 libras
1964 5521 2275 5578 duodecim
2307 5527 2364 5579 et
2396 5522 2595 5579 semis.

560 5617 717 5674 890
748 5614 1056 5672 Enimvero
1087 5619 1145 5671 et
1172 5614 1319 5672 inibi
1349 5613 1485 5671 fecit
1516 5615 1832 5690 praclarus
1862 5619 2122 5690 pontifex
2148 5619 2278 5677 vela
2310 5621 2381 5677 de
2411 5622 2687 5693 stauraci,
2719 5637 2846 5693 quas
2878 5621 3137 5694 pendent
3164 5620 3225 5676 in
3277 5619 3537 5678 arcubus
3566 5636 3776 5694 argen-

488 5712 598 5768 teis
628 5712 688 5768 in
712 5711 962 5769 circuitu
991 5711 1222 5783 altario,
1253 5716 1312 5770 ct
1341 5713 1400 5769 in
1432 5715 1795 5788 presbyterio
1827 5734 2073 5774 numero
2105 5717 2427 5791 nonaginta
2446 5724 2504 5775 et
2534 5736 2655 5787 sex,
2687 5735 2757 5775 ex
2787 5719 3004 5792 quibus
3035 5719 3151 5774 duo
3182 5718 3460 5776 habentia
3488 5717 3551 5774 in
3585 5719 3776 5776 medio

491 5821 696 5864 cruces
727 5809 799 5864 de
829 5807 1203 5882 chrysoclavo
1233 5827 1370 5868 cum
1401 5811 1764 5883 orbioulis,et
1792 5814 1908 5872 alia
1937 5819 2068 5871 octo
2097 5831 2235 5871 cum
2263 5814 2535 5889 periclysi
2565 5817 2638 5873 de
2669 5816 3074 5890 chrysoclavo:
3095 5832 3324 5876 necnon
3353 5821 3411 5875 et
3438 5832 3612 5875 arcus
3643 5831 3774 5874 cum

493 5901 786 5959 columnis
815 5901 940 5960 suis
968 5905 1107 5962 fecit
1136 5922 1206 5964 ex
1232 5911 1472 5980 argento
1502 5907 1822 5982 purissimo
1854 5911 1915 5968 in
1947 5910 2287 5985 supradicta
2315 5912 2647 5983 ecclesia;et
2676 5914 2736 5971 in
2767 5914 2960 5973 medio
2989 5915 3376 5993 presbyterio,
3392 5931 3566 5991 pem,
3593 5914 3772 5976 simul

413 5985 457 6046 5
493 5995 629 6056 libr.
663 5997 948 6056 ducentas
977 5999 1407 6078 quinquaginta
1433 6008 1492 6065 et
1519 6021 1701 6066 unam
1723 6012 1782 6068 et
1809 6008 2010 6070 semis.
2043 6007 2236 6068 Isdem
2255 6024 2390 6069 vero
2420 6008 2714 6072 almificus
2741 5985 3012 6088 pontifex
3029 5985 3296 6077 fecit'ubl
3321 5985 3508 6092 supra
3535 5985 3765 6076 crucem
