3950 6476
128 458 225 517 269

888 460 1256 518 BLANCHINI
1308 462 1610 517 DISSERT.
1664 463 1756 518 DE
1804 461 1963 517 ΑΝΤ.
2020 463 2139 517 RR.
2189 465 2387 520 PONT.
2445 464 2786 523 CATALOG.

3439 456 3547 524 270

133 598 307 663 peatas
332 589 487 660 illas,
516 606 645 662 qua:
666 592 873 648 seriem
904 592 1240 661 pontiﬁcum
1264 593 1652 648 Romanorum
1680 602 1780 644 re—
1803 592 1855 651 A
1961 589 2013 645 9.
2045 592 2254 648 Praeter
2284 592 2401 649 haec
2431 594 2764 651 testimonia
2791 596 3034 653 Adriani
3066 600 3087 653 ι
3112 612 3178 655 ac
3208 598 3367 655 Libri
3398 600 3555 656 Pon-

134 688 463 753 przrsentant
483 680 594 737 sub
618 682 884 737 historiis
907 682 1148 738 Biblicis
1159 683 1274 753 jam
1300 682 1597 738 indicatis.
1623 681 1778 736 Red—

132 772 244 827 dam
260 770 521 841 epistola:
537 770 733 842 verba,
755 773 1052 841 praemisso
1072 773 1396 828 litterarum
1416 776 1777 844 argumento.

131 860 613 930 Comprobandum
646 868 977 931 susceperat
997 861 1288 917 Adrianus
1316 861 1376 918 in
1408 859 1511 916 illa
1533 858 1777 930 epistola

134 949 337 1006 cultum
366 963 666 1006 sacrarum
699 949 1019 1022 imaginum
1046 964 1115 1006 ex
1147 951 1462 1007 traditione
1496 950 1778 1019 majorum

133 1045 432 1110 acceptum,
467 1046 522 1095 et
553 1054 588 1095 a
617 1038 1020 1097 decessoribus
1053 1040 1180 1097 suis
1222 1044 1550 1096 constanter
1583 1052 1782 1094 asser—

136 1136 262 1199 tum,
297 1128 587 1200 praecipue
614 1129 672 1185 in
704 1142 803 1185 sex
835 1130 1203 1201 generalibus
1234 1129 1527 1199 conciliis,
1562 1128 1778 1200 quibus

136 1218 237 1288 ipsi
271 1232 367 1288 per
402 1232 465 1275 se
496 1217 581 1274 vel
630 1232 726 1288 per
758 1219 973 1291 legatos
1014 1233 1154 1275 suos
1181 1219 1254 1275 de
1299 1232 1454 1275 more
1492 1217 1782 1288 praesede—

136 1313 270 1364 rant.
293 1311 603 1366 Enumerat
629 1308 826 1381 itaque
854 1310 1097 1368 musiva.
1128 1309 1405 1381 picturas,
1431 1314 1486 1364 et
1518 1308 1575 1364 id
1599 1321 1779 1381 genus

134 1412 289 1469 Opera
334 1414 462 1471 qua:
509 1399 569 1454 in
625 1398 894 1455 basilicis
944 1400 1218 1456 Romanis
1263 1401 1377 1456 Deo
1425 1399 1776 1468 dicaverant,

139 1487 441 1545 haresibus
476 1489 824 1559 proﬂigatis,
855 1502 887 1544 a
913 1489 1162 1545 concilio
1200 1489 1454 1554 Nicaeno,
1486 1487 1776 1557 Silvester,

136 1580 345 1635 Marcus
378 1583 435 1634 et
460 1580 652 1636 Julius
681 1597 698 1648 ς
724 1580 1005 1636 Damasus
1035 1594 1068 1635 a
1096 1579 1582 1637 Constantiniano
1609 1596 1626 1649 ;
1654 1580 1783 1647 post

138 1667 465 1737 Ephesinam
506 1669 788 1740 synodum
833 1670 1050 1740 Xystus
1091 1668 1301 1724 tertius
1334 1687 1349 1739 ;
1385 1671 1513 1738 post
1538 1664 1784 1721 Chalce—

137 1756 427 1812 donensem
456 1758 563 1813 Leo
584 1759 843 1828 Magnus.
867 1757 1090 1828 Ubique
1111 1763 1365 1813 recenset
1391 1754 1604 1825 triplex
1633 1751 1779 1808 illud

1892 679 2147 750 tiﬁcalis,
2190 680 2246 737 et
2283 695 2316 738 a
2359 683 2634 755 pingendi
2677 685 2827 756 stylo
2872 686 3139 758 deducta,
3188 695 3361 760 atque
3398 690 3553 746 aetati

1890 769 2098 825 Leonis
2122 771 2312 841 Magni
2345 771 2665 828 tribuentia
2696 778 2810 829 tam
2842 777 3117 830 musicum
3151 790 3319 847 quam
3354 777 3552 848 pictu-

1890 870 1985 914 ras
2021 859 2265 914 histoﬁae
2299 861 2520 916 Biblicae
2557 867 2613 917 et
2646 864 2913 931 imagines
2954 878 3312 922 summorum
3356 867 3555 935 ponti-

1890 947 2082 1017 ﬁcum,
2126 948 2510 1007 loculamenta
2556 951 2700 1021 ipsa,
2734 953 2856 1009 sive
2883 966 3030 1010 area:
3060 953 3419 1012 orbiculares
3445 956 3556 1012 de-

1891 1043 2213 1095 monstrant
2250 1040 2457 1096 seriem
2491 1040 2652 1097 illam
2684 1042 3078 1114 vetustiorem,
3112 1049 3168 1099 et
3201 1044 3403 1100 ordine
3435 1058 3549 1102 non

1891 1127 2217 1199 interrupto
2250 1129 2668 1201 procedentem,
2714 1145 2827 1187 non
2858 1130 3043 1189 fuisse
3073 1138 3366 1190 extensam
3399 1134 3551 1191 ultra

1891 1217 2164 1273 sarculum
2208 1218 2267 1275 8.
2307 1220 2512 1276 Leonis
2555 1226 2612 1276 et
2649 1221 2994 1291 Symmachi,
3041 1236 3168 1281 aera:
3209 1222 3556 1280 Christianae

1892 1306 2180 1377 quintum.
2212 1307 2407 1378 Spatia
2432 1309 2586 1365 enim
2611 1310 2986 1382 orbicularia,
3013 1327 3140 1382 quae
3159 1314 3396 1370 adversa
3417 1319 3555 1371 sunt

1895 1395 2134 1467 imagini
2178 1397 2231 1452 8.
2266 1399 2591 1455 Innocentii
2640 1400 2836 1471 primi,
2884 1405 2940 1457 et
2972 1401 3031 1457 in
3073 1402 3290 1472 pariete
3332 1402 3551 1459 boreali

1891 1483 2333 1542 destinabantur
2352 1488 2524 1544 seriei
2558 1489 2895 1558 pontiﬁcum
2930 1495 3059 1561 post
3084 1491 3231 1549 illud
3254 1492 3551 1563 saeculum,

1894 1575 2298 1633 continuandae
2314 1578 2481 1646 juxta
2505 1578 2765 1636 ordinem
2793 1581 3201 1651 successionis,
3224 1589 3556 1641 constanter

1893 1661 2254 1720 observatum
2284 1666 2341 1721 in
2389 1668 2605 1737 pariete
2641 1669 2886 1726 australi
2913 1683 2946 1726 a
2974 1671 3031 1726 S.
3061 1672 3224 1728 Petro
3253 1672 3323 1728 ad
3353 1672 3410 1728 8.
3453 1673 3555 1728 In-

1895 1753 2225 1810 nocentium
2251 1756 2274 1810 I
2298 1755 2357 1811 in
2386 1757 2540 1829 orbe,
2565 1772 2666 1814 seu
2685 1758 2902 1830 clypeo,
2928 1760 3029 1832 qui
3051 1762 3309 1818 occurrit
3330 1762 3555 1832 primus

139 1859 300 1916 genus
320 1852 790 1902 ornamentorum
816 1847 873 1901 in
901 1849 1148 1910 musicis,
1176 1847 1236 1903 in
1258 1848 1524 1908 historiis,
1551 1845 1610 1899 in
1632 1844 1783 1897 ima-
1808 1922 1858 1931 “
1892 1855 1926 1897 a
1957 1841 2146 1899 fronte
2175 1844 2433 1901 ecclesiae
2461 1848 2806 1904 occidentali
2840 1851 3287 1920 procedentibus
3314 1853 3558 1931 adjpref-

138 1937 340 2001 ginibus
365 1936 708 1992 coloratum.
738 1938 820 1992 Ita
841 1943 1072 1992 ornatas
1092 1936 1328 1993 exhibet
1349 1937 1781 1991 Lateranensem
1808 1922 1862 1983 B
1896 1931 2236 2002 sbyterium,
2262 1935 2518 2006 proferre
2538 1935 2855 1994 debuerant
2878 1940 3183 2013 imaginem
3204 1922 3553 2015 Symmachi,

139 2038 194 2079 ac
220 2026 547 2082 Vaticanam
583 2025 885 2082 basilicam
917 2025 1027 2082 sub
1053 2026 1354 2093 Silvestro,
1385 2025 1573 2079 Marco
1604 2023 1786 2078 θωυ-

143 2112 223 2170 lio.
272 2117 343 2169 Et
380 2132 416 2170 α
467 2121 618 2180 tunc,
672 2116 888 2187 inquit,
936 2131 1108 2183 usque
1154 2115 1414 2168 hactenus
1457 2125 1789 2167 summorum

141 2207 466 2274 pontiﬁcum,
520 2206 775 2259 videlicet
822 2205 1097 2266 Silvestri,
1144 2205 1322 2258 Marci
1362 2208 1413 2257 et
1457 2202 1595 2256 Julii
1639 2202 1791 2255 mirae

146 2295 532 2363 magnitudinis
572 2299 776 2349 sancta:
818 2310 1003 2349 eorum
1033 2294 1266 2348 ecclesiae
1292 2290 1711 2364 (Lateranensis
1737 2295 1793 2346 et

146 2384 416 2456 Vaticana)
447 2385 607 2454 apud
640 2401 737 2439 nos
767 2390 897 2439 sunt
932 2386 1157 2454 depicta
1199 2389 1312 2438 tam
1348 2385 1409 2436 in
1433 2384 1640 2437 musico
1664 2379 1792 2451 (ab—

148 2470 275 2527 sidis
301 2480 356 2529 et
387 2487 565 2529 arcus
608 2474 864 2546 majoris)
907 2489 1182 2543 quamque
1212 2475 1271 2526 in
1301 2473 1508 2526 caeteris
1546 2470 1791 2524 historiis

147 2558 454 2634 (utriusque
484 2562 835 2617 Testamenti
875 2561 1149 2617 coloratis
1181 2562 1240 2616 in
1274 2558 1598 2630 parietibus
1630 2558 1793 2614 navis

152 2651 345 2721 mediae,
381 2651 471 2708 uti
505 2651 740 2707 exhibet
779 2651 976 2708 tabula
1017 2650 1422 2721 Ciampiniana
1455 2663 1487 2704 x
1522 2648 1794 2718 superius

152 2737 404 2809 impressa
448 2758 577 2796 cum
616 2744 791 2796 sacris
828 2741 1165 2810 imaginibus
1203 2738 1641 2811 (venerabilium
1685 2739 1796 2793 Pa-

150 2834 286 2887 trum
332 2831 452 2887 sive
502 2830 841 2901 pontiﬁcum
886 2830 1270 2901 decessorum)
1312 2830 1543 2882 ornatis.
1589 2830 1798 2883 Prose—

153 2921 333 2991 quitur
362 2936 463 2992 per
493 2921 758 2991 proxima
789 2920 1039 2977 concilia
1072 2919 1465 2976 inductionem
1493 2930 1678 2974 suam.
1709 2916 1794 2972 Ad

152 3015 389 3079 quartam
414 3025 556 3068 vero
575 3009 859 3082 synodum
884 3010 1297 3066 mcumenicam
1325 3008 1657 3075 deveniens,
1685 3004 1796 3061 sub

153 3097 315 3155 Leone
338 3102 551 3172 Magno
577 3099 936 3155 Chalcedone
965 3098 1329 3167 celebratam,
1360 3097 1643 3153 distincte
1674 3108 1802 3150 me—

156 3193 317 3244 morat
340 3192 645 3252 musivum,
678 3189 935 3243 historias
960 3192 1018 3244 et
1044 3189 1311 3256 imagines
1337 3187 1503 3257 juxta
1528 3186 1801 3242 decesso-

154 3290 261 3332 rum
283 3280 611 3350 exemplum
643 3278 716 3334 ab
747 3292 815 3335 eo
851 3278 1120 3349 pontifice
1151 3277 1503 3335 constitutas
1539 3276 1599 3331 in
1636 3275 1803 3331 basi—
1825 3258 1875 3319 (ἶ

155 3361 249 3422 lica
276 3369 454 3425 sancti
488 3367 685 3434 Pauli,
719 3381 864 3439 quas
894 3366 1068 3423 hodie
1096 3366 1439 3437 superstites
1481 3366 1797 3421 intuemur.

158 3471 182 3505 ι
208 3455 465 3526 Itemque,
506 3456 621 3516 ait.
654 3457 725 3514 de
754 3462 956 3513 sancto
995 3462 1203 3528 quarto
1239 3454 1495 3513 concilio
1531 3454 1800 3526 egregius

156 3546 305 3613 atque
334 3546 651 3604 muniﬁcus
683 3546 1027 3616 praedicator
1056 3546 1110 3602 S.
1141 3547 1250 3603 Leo
1277 3558 1421 3616 papa
1439 3550 1496 3601 et
1520 3544 1642 3614 ipse
1665 3542 1802 3600 fecit

155 3632 422 3705 ecclesias,
470 3649 626 3708 quas
657 3635 719 3690 in
764 3649 967 3692 nuswo
1000 3641 1058 3691 et
1082 3634 1331 3691 diversis
1372 3647 1670 3705 HISTORIIS,
1699 3646 1803 3691 seu

159 3732 455 3781 lIAGlNlBUS
486 3726 738 3797 pingens
766 3724 1079 3781 decoravit.
1110 3723 1296 3793 Magis
1324 3729 1517 3779 autem
1549 3721 1608 3777 in
1640 3734 1802 3776 BASI-

158 3822 259 3867 uca
295 3828 470 3871 sum
514 3817 691 3871 PAULI
735 3828 990 3871 APOSTOLI
1028 3826 1228 3869 arcum
1276 3812 1489 3868 ibidem
1531 3812 1803 3880 majorem

159 3895 368 3971 iaciens,
398 3911 453 3960 et
485 3904 721 3960 musivo
750 3902 1072 3975 depingens
1111 3901 1461 3958 Salvatorem
1492 3901 1801 3957 Dominum

158 3996 391 4048 nostrum
418 3994 620 4051 Jesum
652 3992 970 4062 Christum,
1018 4006 1124 4048 seu
1167 3991 1380 4064 viginti
1415 3994 1666 4061 quatuor
1705 4002 1806 4044 se—

160 4077 327 4136 niores
375 4084 617 4140 nomine
667 4096 777 4139 suo
821 4081 1084 4139 versibus
1126 4080 1440 4150 decoravit,
1492 4085 1550 4135 et
1589 4096 1621 4135 a
1668 4084 1805 4135 tunc

159 4179 316 4240 usque
347 4173 630 4232 hactenus
671 4172 920 4229 ﬁdeliter
947 4187 981 4229 a
1007 4172 1177 4228 nobis
1216 4177 1587 4228 venerantur.
1624 4189 1650 4219 »
1680 4171 1804 4225 Duo

160 4254 240 4312 hic
261 4260 605 4320 observanda
638 4270 783 4319 sunt
809 4262 869 4317 in
892 4262 1227 4318 testimonio
1253 4260 1517 4329 Adriani,
1551 4259 1800 4330 scilicet,

160 4347 401 4407 ecclesias
429 4367 462 4409 a
490 4354 546 4409 8.
587 4355 777 4411 Leone
807 4357 1041 4408 ornatas
1080 4349 1263 4407 fuisse
1294 4353 1525 4413 musivo,
1559 4350 1805 4403 historiis
1856 4362 1863 4369 ί

160 4441 208 4489 et
228 4440 570 4507 imaginibus,
603 4442 899 4513 praecipue
931 4439 1257 4505 Paulinam,
1286 4440 1457 4508 cujus
1486 4439 1544 4494 in
1579 4438 1804 4493 musivo

163 4538 332 4582 nomen
359 4546 519 4586 suum
549 4546 618 4588 ac
648 4546 843 4586 versus
875 4530 1148 4600 apposuit
1199 4528 1459 4586 Alterum
1494 4534 1583 4584 est
1614 4526 1805 4597 parti—

1896 2022 2173 2078 saeculum
2202 2025 2471 2095 quintum
2499 2025 2826 2083 claudentis
2849 2032 2907 2083 et
2948 2038 3171 2085 sextum
3209 2032 3560 2103 aperientis;

1899 2126 2032 2168 cum
2067 2113 2218 2169 inter
2243 2115 2641 2174 Innocentium
2674 2122 2730 2172 et
2754 2117 3158 2188 Symmachum
3185 2119 3379 2176 decem
3409 2135 3558 2191 pon—

1903 2202 2088 2259 tiﬁces
2119 2213 2515 2276 numerentur,
2548 2219 2613 2262 ac
2644 2206 2882 2263 totidem
2914 2207 3083 2264 orbes
3110 2222 3213 2266 seu
3243 2210 3427 2282 clypei
3462 2211 3559 2266 in-

1903 2294 2114 2351 wrsint
2142 2289 2217 2350 in'
2245 2295 2464 2365 pariete
2498 2296 2826 2351 occidentali
2865 2296 3020 2355 inter
3050 2300 3350 2356 australem
3377 2305 3433 2358 et
3459 2301 3560 2357 bo-

1902 2384 2103 2437 realem
2151 2384 2508 2455 intercepto:
2548 2386 2697 2442 unde
2737 2387 3042 2442 crustatim
3087 2388 3214 2444 calx
3252 2394 3309 2446 et
3348 2405 3562 2462 gypsus

1903 2479 1959 2527 et
1984 2473 2046 2528 in
2065 2472 2141 2528 iis
2161 2474 2429 2529 colorata:
2452 2474 2734 2545 imagines
2755 2481 2811 2531 et
2830 2476 3176 2548 epigraphes
3196 2477 3557 2535 deciderunt.

1903 2562 1965 2616 In
2008 2562 2259 2618 secundo
2288 2568 2478 2618 autem
2510 2563 2648 2619 orbe
2676 2577 2778 2620 seu
2823 2565 3020 2635 clypeo
3050 2564 3251 2622 lateris
3289 2566 3558 2641 borealis,

1906 2650 2287 2708 subsecutura
2334 2658 2457 2708 erat
2500 2653 2689 2725 imago
2736 2653 3074 2723 Hormisdm,
3133 2662 3262 2725 post
3302 2657 3567 2729 Symmaa

1905 2741 2078 2796 chum
2122 2740 2310 2797 electi.
2358 2743 2416 2798 In
2463 2743 2636 2798 tertio
2676 2744 2923 2800 Joannes
2961 2745 3206 2814 primus,
3251 2748 3312 2802 in
3359 2752 3567 2820 quarto

1906 2828 2067 2885 Felix
2094 2830 2270 2900 hujus
2296 2832 2553 2888 nominis
2582 2838 2846 2904 quartus,
2876 2838 2935 2889 et
2958 2833 3040 2889 ita
3074 2834 3133 2890 in
3164 2835 3449 2905 proximis
3472 2850 3572 2894 se-

1911 2918 2051 2975 riem
2094 2920 2428 2990 pontiﬁcum
2470 2921 2923 2979 continuatnris.
2961 2923 3034 2979 At
3078 2923 3283 2980 seriem
3330 2924 3425 2981 hic
3462 2925 3572 2983 de—

1909 3007 2083 3064 siisse
2106 3008 2242 3064 dum
2266 3009 2622 3081 pingeretur,
2647 3024 2739 3066 res
2759 3010 2989 3067 clamat.
3017 3013 3156 3067 Nam
3184 3014 3572 3083 praetermisso

1913 3099 2100 3168 primo
2127 3111 2195 3155 ac
2234 3100 2483 3157 secundo
2521 3100 2807 3170 orbiculo,
2841 3115 2946 3158 seu
2973 3101 3190 3173 clypeo,
3233 3110 3292 3159 et
3335 3104 3575 3178 epigra-

1913 3186 2041 3257 phe,
2078 3186 2177 3244 ubi
2213 3188 2474 3246 deciduae
2498 3190 2678 3246 calcis
2711 3190 2874 3263 gypsi
2902 3197 2958 3247 et
2987 3190 3146 3248 labes
3168 3191 3433 3250 divinare
3459 3207 3573 3252 non

1913 3276 2059 3332 sinit
2078 3291 2380 3348 quemnam
2405 3292 2475 3333 ex
2500 3279 2872 3348 pontiﬁcibus
2897 3280 3085 3351 pictor
3113 3280 3447 3352 colorasset,
3471 3287 3579 3340 ter-

1913 3365 2034 3421 tius
2064 3372 2121 3421 et
2151 3371 2395 3437 quartus
2424 3366 2728 3425 orbiculus
2768 3368 3012 3438 illisque
3048 3369 3326 3439 appositae
3358 3370 3580 3428 inscri-

1918 3456 2145 3525 ptiones
2178 3470 2283 3513 nos
2312 3457 2523 3514 docent
2561 3458 2888 3515 ordinatam
2929 3457 3139 3514 seriem
3173 3459 3256 3515 ibi
3289 3473 3402 3517 non
3433 3473 3582 3518 con-

1914 3545 2110 3601 tineri.
2140 3545 2440 3615 Repetitur
2459 3546 2613 3602 enim
2638 3546 2810 3602 tertio
2833 3546 2894 3601 in
2918 3546 3203 3615 orbiculo,
3229 3561 3334 3605 seu
3358 3548 3578 3620 clypeo,

1913 3634 1969 3689 S.
2006 3632 2311 3700 Eusebius,
2358 3634 2595 3703 perinde
2618 3647 2685 3690 ac
2715 3634 2767 3691 si
2804 3634 3121 3693 habendus,
3144 3642 3293 3692 esset
3324 3634 3581 3706 pontifex

1914 3735 1947 3777 a
1977 3722 2031 3776 S.
2064 3722 2228 3777 Petro
2270 3722 2513 3792 quintus
2547 3727 2605 3779 et
2647 3721 3193 3793 quinquagesimus,
3223 3736 3355 3779 cum
3387 3723 3447 3778 in
3471 3724 3583 3781 ad-

1915 3822 2079 3866 verso
2122 3810 2341 3880 pariete
2380 3808 2625 3865 australi
2672 3809 2732 3863 in
2779 3814 3002 3864 vetusta
3044 3814 3101 3865 et
3135 3810 3402 3866 ordinata
3435 3812 3587 3870 serie

1914 3912 2024 3956 suo
2051 3898 2176 3955 loco
2197 3911 2523 3968 expressus,
2547 3896 2738 3953 sedem
2760 3895 3018 3953 obtineat
3038 3897 3154 3954 sibi
3177 3907 3584 3973 congruentem

1919 3989 2073 4044 inter
2113 3984 2446 4042 Marcellum
2475 3991 2532 4041 et
2567 3983 2963 4056 Melchiadem,
2999 4000 3126 4058 qua:
3155 4000 3189 4043 a
3216 3987 3269 4043 S.
3306 3988 3471 4046 Petro
3499 3996 3587 4046 est

1918 4077 2218 4150 trigesima
2250 4074 2519 4132 secunda.
2551 4072 2803 4142 Quartus
2824 4073 2896 4131 ab
2926 4076 3031 4133 hoc
3064 4076 3306 4147 repetito
3336 4077 3584 4137 Eusebio

1917 4174 2068 4238 (nam
2098 4171 2216 4222 tres
2256 4164 2503 4235 proximi
2535 4163 2944 4220 desiderantur
2967 4178 3098 4221 cum
3137 4166 3458 4237 deperditis
3487 4167 3587 4223 in-

1920 4252 2363 4326 scriptionibus)
2394 4259 2480 4309 est
2512 4252 2877 4323 Anastasius,
2912 4253 3014 4325 qui
3061 4255 3119 4311 in
3151 4255 3303 4312 serie
3341 4256 3585 4328 antiqua

1917 4352 1972 4402 et
2003 4345 2273 4402 ordinata
2302 4343 2543 4412 parietis
2573 4342 2852 4399 australis
2877 4348 2965 4399 est
2991 4341 3062 4398 ab
3094 4342 3343 4401 Eusebio
3375 4357 3580 4402 nonus.

1915 4434 2286 4491 Anastasium
2322 4432 2542 4503 excipit
2575 4431 2905 4502 Marcellus,
2942 4431 3080 4489 licet
3121 4432 3371 4489 Eusebio
3414 4440 3585 4490 ante-

1919 4526 2039 4581 rior
2063 4525 2229 4594 juxta
2272 4525 2477 4579 seriem
2525 4536 2738 4594 veram,
2772 4524 2833 4579 in
2872 4524 3113 4580 adverso
3145 4524 3363 4595 pariete
3391 4523 3581 4582 adhuc

162 4614 324 4671 cuiam
366 4635 458 4673 seu
495 4619 937 4691 conjunctionis
974 4624 1023 4673 et
1068 4620 1180 4674 vim
1221 4618 1427 4673 habere
1463 4616 1549 4689 (ut
1588 4614 1804 4672 ferebat
1832 4611 1887 4672 D
1914 4614 2306 4684 conspicuam.
2360 4612 2627 4669 Marcello
2680 4613 2996 4683 apponitur
3041 4614 3355 4686 Adrianus,
3407 4613 3580 4673 annis

165 4714 284 4760 usus
305 4710 487 4765 aetatis
516 4710 714 4778 illius,
750 4710 810 4765 in
844 4708 1015 4765 Libro
1047 4707 1368 4764 Pontiﬁcali
1403 4720 1551 4776 saepe
1581 4705 1804 4775 repeti—

164 4793 275 4863 tus),
302 4799 444 4867 quod
468 4800 713 4856 evidens
734 4803 823 4854 est
850 4798 908 4853 in
929 4797 1321 4867 descriptione
1350 4795 1559 4852 musivi
1586 4794 1801 4865 Operis,

161 4890 189 4932 ι
211 4881 372 4941 Leone
396 4889 600 4961 Magno
626 4888 884 4945 dedicati
915 4889 975 4942 in
1002 4886 1246 4943 basilica
1278 4888 1334 4942 S.
1366 4886 1544 4943 Pauli.
1580 4883 1805 4940 Asserit

165 4966 232 5023 ibi
253 4973 531 5044 depictum
566 4991 697 5035 esse
730 4975 1089 5033 Salvatorum
1119 4976 1318 5032 mundi
1348 4975 1653 5031 Dominum
1696 4985 1801 5027 no.

164 5062 323 5117 stram
340 5064 524 5123 Jesum
543 5067 874 5134 Christum,
899 5081 994 5121 seu
1015 5065 1224 5138 viginti
1250 5070 1500 5135 quatuor
1521 5062 1798 5131 seniores,

168 5161 277 5204 cum
303 5159 357 5209 et
383 5157 579 5213 vultus
619 5156 1023 5227 Redemptoris
1064 5155 1248 5211 noStri
1277 5159 1336 5211 et
1366 5152 1563 5224 ﬁgurae
1591 5151 1800 5223 viginti

166 5244 385 5305 quatuor
414 5247 718 5303 seniorum
754 5245 891 5301 hinc
924 5244 1057 5300 inde
1088 5242 1390 5314 dispositae
1420 5241 1598 5298 simul
1629 5239 1805 5296 exhi—

166 5321 395 5387 beantur.

226 5417 437 5477 Constat
472 5423 662 5495 igitur
691 5422 867 5479 etiam
899 5435 968 5479 ex
997 5421 1242 5479 Adriani
1269 5422 1292 5476 Ι
1321 5419 1655 5476 testimonio
1686 5427 1799 5476 tam

167 5510 401 5565 musicum
445 5526 617 5583 quam
654 5512 918 5582 picturas
956 5511 1314 5565 historiarum
1352 5508 1573 5564 Veteris
1601 5510 1804 5565 Testa-

171 5598 318 5651 menti
346 5606 398 5653 et
427 5604 703 5670 imagines
738 5601 1076 5670 pontiﬁcum
1109 5602 1495 5656 Romanorum
1528 5597 1710 5654 fuisse
1743 5598 1802 5653 in

173 5677 380 5743 basilica
410 5691 595 5746 sancti
632 5689 802 5747 Pauli
838 5705 869 5746 a
902 5696 1100 5747 sancto
1132 5691 1314 5746 Leone
1344 5689 1549 5758 Magno
1578 5687 1807 5744 consti-

175 5773 317 5830 mlas.

1916 4701 2090 4761 ferme
2112 4702 2450 4775 quingentis
2469 4701 2540 4758 ab
2565 4701 2667 4758 illo
2687 4702 2970 4774 dissitas;
2988 4703 3197 4760 deinde
3215 4704 3458 4777 Agatho,
3477 4706 3580 4775 qui

1914 4792 2228 4849 Adrianum
2279 4790 2570 4863 praecessit
2599 4797 2656 4846 et
2683 4790 2832 4849 alios
2876 4791 3121 4848 sedecim
3168 4791 3425 4861 ejusdem
3469 4791 3579 4847 de.

1911 4894 2189 4938 “cessores.
2242 4880 2413 4936 Plane
2465 4879 2659 4950 itaque
2701 4886 2928 4937 constat
2974 4893 3044 4935 ex
3087 4878 3351 4935 orbiculo
3402 4877 3574 4935 tertio

1917 4967 2117 5026 lateris
2160 4967 2411 5027 borealis
2458 4967 2666 5031 seriem
2712 4981 2824 5024 non
2870 4965 3290 5034 continuatam,
3330 4963 3425 5020 sed
3475 4979 3576 5034 pro

1914 5058 2161 5117 arbitrio
2190 5059 2457 5129 pictoris,
2482 5062 2646 5112 aetate
2674 5056 2891 5111 incerta
2917 5052 3187 5109 conducti
3219 5052 3288 5109 ad
3320 5052 3574 5121 implen-

1912 5150 2016 5206 das
2049 5147 2404 5221 imaginibus
2442 5158 2605 5201 areas
2642 5140 3001 5200 orbiculares
3039 5148 3097 5197 et
3130 5142 3318 5212 spatia
3351 5141 3573 5198 inscri—

1916 5238 2179 5310 ptionum
2217 5236 2365 5307 (qua:
2398 5231 2659 5288 vacantia
2694 5230 2896 5287 relicta
2929 5225 3158 5284 fuerant
3185 5229 3396 5286 saeculo
3428 5230 3574 5286 Leo-

1915 5326 2090 5382 niano
2142 5322 2213 5380 ad
2263 5332 2625 5380 successores
2666 5319 2767 5389 qui
2815 5317 3169 5387 inposterum
3219 5317 3573 5390 eligerentur

1914 5429 2021 5472 suo
2042 5412 2245 5471 ordine
2273 5411 2356 5467 ibi
2385 5406 2728 5465 colorandos
2746 5411 2804 5462 et
2825 5406 3113 5463 ornandos
3137 5407 3570 5480 chronologicis

1913 5503 2070 5561 notis
2098 5514 2403 5566 annorum,
2439 5495 2722 5551 mensium
2748 5509 2813 5552 ac
2837 5495 3063 5552 dierum
3094 5496 3187 5554 sui
3215 5496 3568 5573 sacerdotii),

1914 5594 2109 5651 eadem
2151 5588 2329 5661 spatlu
2366 5592 2577 5643 temere
2618 5584 2854 5654 impleta
2894 5583 3095 5657 fuisse,
3136 5586 3340 5659 ﬁguris
3368 5588 3570 5656 ponti-

1916 5685 2109 5752 ﬁcum,
2140 5679 2284 5736 forte
2314 5677 2546 5733 fortuna
2577 5674 2840 5731 collectis
2864 5688 2896 5728 a
2932 5673 3148 5743 pictore
3188 5676 3571 5743 undecunque

1915 5773 1969 5831 ei
2002 5769 2294 5836 libuisset,
2331 5762 2499 5823 modo
2530 5764 2794 5833 repetitis
2828 5775 2899 5819 ex
2924 5766 3101 5823 veteri
3139 5766 3304 5823 modo
3337 5759 3573 5819 infartis
