3924 6396
327 269 484 370 ιεὲτ
1483 314 1900 377 ANASTASII
1943 313 2596 377 BIBLIOTHECARII.
3593 316 3751 380 me

468 445 608 498 tres.
637 443 825 500 Simili
861 445 1033 502 modo
1063 449 1120 501 et
1149 462 1327 519 super
1353 447 1535 504 altare
1565 453 1782 504 sanetae
1813 448 1911 504 Dei
1946 449 2397 516 Genitricis,ubi
2432 465 2632 522 supra,
2649 464 2778 522 quae
2809 447 3142 522 appellatur
3172 448 3463 520 Mediana,
3485 449 3621 507 fecit
3648 467 3750 508 ve-

468 542 618 596 stem
649 541 721 598 de
751 542 995 598 fundato
1024 559 1160 598 cum
1180 544 1532 618 periclyside
1549 545 2268 619 chrysoclavo,habentem
2286 545 2590 603 historiam
2605 546 3087 604 Annuntiationis
3119 547 3539 604 Domini.Fecit
3553 550 3749 604 autem

469 635 656 694 isdem
686 639 1067 697 beatissimus
1097 641 1355 713 pontifex
1384 643 1444 700 in
1477 643 1721 701 basilica
1751 645 2008 702 doctoris
2039 645 2245 701 mundi
2277 644 2431 702 beati
2463 644 2634 700 Pauli
2663 643 3218 717 apostolieanistros
3239 663 3308 702 ex
3328 648 3568 719 argento
3580 661 3748 718 puro,

472 751 716 792 numero
747 736 1140 812 quadraginta
1172 745 1419 814 septem,
1449 759 1694 814 pensan.
1728 742 1905 799 simul
1935 743 2116 800 libras
2148 744 2432 799 ducentas
2463 743 2858 815 quadraginta
2887 747 2944 799 et
2965 744 3290 816 septem.Et
3318 743 3377 799 in
3397 743 3752 800 monasterio

364 833 432 890 15
469 839 686 890 sanctas
715 835 951 909 Agathm
985 839 1260 912 martyris
1289 857 1466 914 super
1493 841 1819 897 Suburram
1854 841 2218 899 fecitvestem
2232 841 2476 898 rubeam
2491 840 3158 914 alithynam,habentem
3188 841 3248 897 in
3272 841 3465 898 medio
3486 839 3746 898 tabulam

464 933 536 988 de
567 932 940 1006 chrysoclavo
971 953 1106 992 cum
1137 937 1408 1011 periclysi
1438 939 1510 994 de
1535 938 2172 1012 chrysoclavo.Necnon
2205 944 2262 996 et
2293 939 2351 994 in
2383 940 2742 996 monasterio
2773 939 2961 996 sancti
2991 938 3421 1007 Pancratii,sito
3437 944 3573 1013 post
3593 939 3751 997 basi-

463 1029 639 1088 iicam
671 1031 1193 1108 Salvatoris,quam
1225 1036 1773 1093 Constantinianam
1803 1037 2180 1110 voeant,fecit
2207 1043 2426 1095 vestem
2459 1038 2530 1095 de
2553 1038 2928 1095 fundato.llic
2943 1038 3079 1095 fecit
3100 1038 3270 1095 beato
3294 1038 3462 1094 Petro
3484 1037 3749 1111 apostolo

465 1129 678 1187 fautori
709 1148 817 1188 suo
847 1133 1160 1207 Evangelia
1187 1151 1367 1191 aurea
1399 1151 1532 1190 cum
1563 1136 1816 1208 gemmis
1847 1137 2101 1208 prasiuis
2131 1141 2308 1210 atque
2339 1135 2736 1214 hyacinthinis
2769 1141 2828 1193 et
2855 1136 3006 1193 albis
3037 1135 3200 1192 miris
3227 1136 3657 1210 magnitudinis
3689 1136 3748 1191 in

463 1227 712 1286 circuitu
742 1235 970 1300 ornata,
1000 1249 1245 1306 pensan.
1278 1232 1460 1290 libras
1491 1235 1692 1290 decem
1723 1240 1782 1291 et
1805 1240 2030 1309 septem
2061 1240 2119 1292 et
2148 1235 2350 1292 uncias
2381 1239 2655 1308 quatuor.
2676 1235 2780 1292 Hic
2811 1234 2946 1292 fecit
2975 1233 3220 1291 calicem
3251 1251 3495 1291 aureum
3547 1235 3748 1308 praeci-

351 1327 426 1383 20
463 1343 672 1400 puum,
703 1329 952 1388 diversis
979 1335 1254 1388 ornatum
1285 1330 1583 1406 lapidibus
1614 1333 1909 1406 pretiosis,
1944 1350 2189 1406 pensan.
2222 1334 2404 1390 libras
2433 1333 2641 1408 viginti
2672 1338 2838 1403 octo;
2889 1331 3164 1390 similiter
3210 1337 3269 1389 et
3317 1337 3593 1406 patenam
3643 1349 3748 1390 au-

462 1443 648 1495 ream,
680 1444 924 1501 pensan.
959 1427 1142 1486 libras
1170 1429 1374 1503 viginti
1402 1435 1532 1487 octo
1563 1436 1621 1488 et
1650 1431 1856 1488 uncias
1887 1449 2116 1488 novem.

533 1527 690 1584 894
720 1526 849 1584 Pari
881 1528 1054 1584 modo
1081 1527 1140 1584 in
1172 1528 1418 1586 basilica
1449 1529 1637 1601 ipsius
1667 1529 1917 1603 apostoli
1949 1530 2085 1587 fecit
2123 1530 2418 1588 Cherubin
2467 1548 2535 1588 ex
2579 1534 2820 1605 argento
2869 1529 3188 1603 purissimo
3231 1530 3546 1586 deauratos
3595 1545 3743 1602 qua-

459 1628 614 1693 tuor,
647 1626 746 1698 qui
779 1630 941 1682 stant
970 1643 1150 1698 super
1177 1626 1370 1699 capita
1400 1627 1809 1684 columnarum
1841 1634 2252 1701 argentearum
2285 1630 2396 1686 sub
2427 1629 2668 1696 ciborio,
2690 1627 3132 1702 pensan.libras
3162 1627 3484 1701 nonaginta
3513 1631 3574 1683 et
3602 1631 3744 1683 tres.

463 1722 620 1779 Fecit
647 1740 880 1798 quoque
911 1725 1098 1782 isdem
1130 1725 1462 1800 praecipuus
1493 1726 1726 1798 praesul,
1760 1726 1862 1783 ubi
1893 1743 2094 1800 supra,
2127 1727 2445 1800 imaginem
2479 1726 2796 1784 Salvatoris
2828 1743 3092 1796 auream,
3123 1743 3253 1798 qua:
3301 1729 3421 1782 stat
3469 1723 3527 1780 in
3579 1724 3748 1782 trabe

457 1838 638 1894 super
663 1823 998 1896 ingressum
1024 1823 1321 1892 vestibuli,
1356 1825 1711 1898 pens.libras
1739 1825 2117 1900 septuaginta
2145 1832 2202 1882 et
2232 1843 2459 1883 novem.
2480 1825 2637 1884 Fecit
2665 1829 2863 1884 autem
2894 1825 2954 1882 in
2984 1825 3230 1882 basilica
3259 1823 3516 1881 doctoris
3533 1811 3745 1879 mundi

328 1967 348 1977 -
384 1919 423 1976 5
461 1920 616 1977 beati
649 1919 813 1978 Pauli
845 1921 1094 1994 apostoli
1123 1921 1366 1996 angelos
1392 1941 1462 1980 ex
1490 1929 1734 1996 argento
1764 1923 2084 1996 purissimo
2115 1925 2425 1981 deauratos
2456 1925 2626 1994 duos,
2662 1923 2764 1996 qui
2798 1927 2958 1980 stant
2978 1924 3153 1995 juxta
3183 1921 3502 1996 imaginem
3547 1919 3748 1978 Salva-

456 2018 602 2076 toris
631 2019 692 2076 in
723 2018 995 2094 ingressu
1027 2019 1321 2089 vestibuli,
1352 2038 1598 2094 pensan.
1625 2021 1808 2078 libras
1839 2025 2075 2078 centum
2107 2026 2166 2078 et
2196 2021 2398 2079 semis.
2426 2022 2644 2080 Verum
2674 2021 2851 2078 etiam
2892 2026 2952 2078 et
3000 2019 3436 2094 polycandilum
3488 2017 3745 2092 porphy-

456 2117 1086 2192 reticum,pendentem
1119 2119 1177 2176 in
1209 2119 1454 2194 pergula
1483 2124 1619 2176 ante
1645 2120 2076 2176 confessionem
2105 2119 2168 2176 in
2201 2120 2488 2178 ealenulis
2519 2120 2869 2193 aureis,quaa
2884 2118 3268 2193 pens.libram
3292 2117 3745 2175 unam.Praaser-

457 2215 565 2273 tim
596 2220 654 2272 et
681 2216 743 2273 in
773 2217 1044 2292 ingressu
1077 2217 1354 2287 basilicae,
1386 2217 1486 2275 ubi
1521 2235 1721 2291 supra,
1751 2218 1942 2291 regias
1973 2219 2234 2290 majores
2264 2218 2400 2276 fecit
2429 2219 2718 2294 imagines
2747 2235 2817 2274 ex
2844 2222 3088 2291 argento
3118 2216 3400 2290 quinque,
3432 2197 3752 2290 pensantes

451 2312 597 2370 inibi
627 2313 804 2374 libra:
842 2317 1125 2372 ducentas
1155 2315 1359 2389 viginti
1390 2320 1447 2372 et
1473 2332 1701 2371 novem.
1734 2316 2064 2384 Enimvero,
2099 2316 2200 2371 ubi
2237 2333 2439 2389 supra,
2474 2317 2613 2372 fecit
2647 2332 3020 2388 aquamanus
3048 2314 3371 2388 antipemto
3411 2315 3750 2383 deauratas,

345 2413 415 2470 10
453 2411 618 2485 paria
646 2413 784 2481 duo,
819 2429 1062 2486 pensan.
1095 2411 1274 2469 simul
1305 2410 1488 2468 libras
1519 2412 1988 2484 quatuordeeim.
2016 2413 2175 2470 Fecit
2201 2419 2406 2471 autem
2439 2415 2627 2470 isdem
2658 2429 2958 2486 praesagus
2985 2411 3254 2478 antistes,
3288 2411 3387 2467 ubi
3421 2428 3620 2484 supra,
3654 2428 3755 2469 ce-

452 2514 708 2567 rostatas
737 2511 992 2583 majores
1021 2509 1327 2566 versatiles
1356 2509 1720 2582 anaglypbos
1749 2529 1818 2568 ex
1847 2517 2091 2584 argento
2125 2511 2905 2586 purissimo,pensan.simul
2936 2511 3120 2567 libras
3141 2509 3482 2584 oetuaginta
3499 2513 3557 2566 et
3569 2525 3672 2566 sex
3690 2511 3754 2564 et

452 2609 660 2665 uncias
684 2612 850 2678 octo;
885 2613 1060 2680 atque
1099 2607 1371 2664 lucernas
1416 2611 1673 2681 majoras
1722 2609 1926 2666 fusiles
1974 2611 2243 2683 bymixas
2295 2611 2464 2678 duas,
2501 2627 2744 2683 pensan.
2777 2607 2924 2666 inibi
2973 2607 3156 2665 libras
3199 2606 3636 2680 quinquaginta
3692 2610 3755 2662 et

456 2708 682 2778 septem
710 2722 724 2773 ;
756 2709 814 2761 et
843 2705 1154 2761 constituit
1181 2706 1230 2776 ej
1243 2722 1310 2761 us
1341 2705 1642 2762 beatitudo
1664 2711 1730 2762 ut
1757 2706 2116 2778 quotidianis
2144 2707 2416 2764 noctibus
2445 2712 2581 2763 ante
2619 2705 2800 2762 altare
2849 2704 3038 2778 ipsius
3084 2701 3333 2778 apostoli
3381 2703 3587 2758 ardere
3641 2702 3753 2759 de-

452 2803 651 2860 beant.
683 2803 810 2872 Hic,
842 2803 1042 2860 divina
1070 2803 1365 2877 aspiratus
1395 2803 1606 2876 gratia,
1639 2803 1936 2861 investivit
1961 2805 2189 2861 trabem
2221 2807 2528 2877 majorem,
2561 2822 2688 2878 qua:
2721 2807 2810 2860 est
2841 2804 2950 2860 sub
2995 2819 3136 2860 arcu
3185 2799 3496 2876 principali
3537 2817 3609 2857 ex
3637 2818 3738 2858 ar-

353 2905 423 2961 15
457 2906 632 2976 genta
663 2901 1083 2967 mundissimo,
1117 2908 1462 2975 pensantem
1493 2901 1676 2959 libras
1701 2901 1862 2960 mille
1892 2907 2184 2960 trecentas
2215 2903 2648 2978 quinquaginta
2675 2908 2734 2959 et
2762 2903 2931 2959 duas.

529 2999 681 3058 395
719 2999 872 3056 Fecit
900 3005 1098 3056 autem
1131 2999 1225 3056 hic
1253 2999 1568 3072 praeclarus
1599 3001 1881 3073 pontifex,
1918 3001 2015 3057 ubi
2049 3018 2248 3074 supra,
2284 3002 2342 3056 in
2375 2999 2545 3056 altari
2595 2999 2806 3072 majori
2835 3003 3054 3056 vestem
3087 2997 3526 3071 chrysoclavam
3568 2995 3742 3054 mira:

452 3098 880 3174 magnitudinis
910 3103 969 3156 et
999 3097 1459 3172 pulehritudinis
1490 3098 2165 3168 decoratam,habentem
2197 3099 2504 3156 historiam
2531 3097 2850 3154 Salvatoris
2879 3095 3114 3154 Domini
3146 3095 3330 3152 nostri
3355 3095 3496 3152 Jesu
3518 3094 3744 3152 Christi

454 3201 788 3271 sanctasque
817 3198 946 3270 ejus
979 3196 1290 3254 Genitricis
1318 3201 1376 3254 et
1407 3196 1722 3254 duodecim
1773 3197 2194 3270 apostolorum,
2227 3213 2364 3253 cum
2414 3195 2686 3270 periclysi
2737 3196 2808 3252 de
2859 3193 3254 3269 chrysoelavo,
3289 3193 3552 3266 undique
3599 3209 3744 3250 cum

455 3296 792 3371 margaritis
821 3301 1110 3366 ornatam,
1144 3301 1203 3352 et
1233 3296 1305 3352 ab
1341 3296 1606 3368 utrisque
1635 3294 1920 3352 lateribus
1951 3295 2203 3352 blatthin
2237 3313 2372 3352 cum
2403 3293 2778 3368 chrysoclavo
2808 3294 3166 3361 deeoratam,
3187 3306 3316 3365 qua;
3347 3291 3408 3347 in
3439 3290 3747 3348 natalibus

379 3397 418 3453 5
455 3394 854 3470 apostolorum
885 3394 1074 3451 isdem
1105 3393 1376 3468 egregius
1408 3393 1621 3468 praesul
1652 3393 1871 3451 ibidem
1899 3393 2037 3466 poni
2068 3393 2396 3450 constituit.
2434 3375 2590 3449 Fecit
2619 3396 2817 3449 autem
2848 3391 2927 3448 ibi
2959 3408 3138 3464 super
3167 3405 3400 3446 crucem
3450 3389 3744 3460 majorem

453 3511 523 3552 ex
553 3510 696 3550 auro
721 3492 876 3550 fulvo
906 3492 1086 3550 nimis
1116 3491 1543 3566 panoelystam,
1566 3495 1838 3548 ornatam
1869 3491 2122 3565 gemmis
2151 3489 2445 3565 pretiosis,
2460 3507 2622 3564 pens.
2649 3489 2832 3548 libras
2863 3488 3256 3562 quadraginta
3277 3489 3428 3544 duas
3457 3490 3514 3542 et
3530 3485 3746 3544 uncias

453 3593 622 3652 duas.
640 3593 880 3651 Necnon
907 3596 966 3650 et
991 3594 1280 3648 cerostata
1310 3589 1474 3663 paria
1502 3593 1778 3662 quatuor,
1810 3589 2085 3647 investita
2113 3607 2183 3647 ex
2211 3594 2456 3663 argento
2479 3585 3349 3661 deaurato,pens.simullibras
3363 3584 3746 3658 septuaginta

451 3697 510 3750 et
539 3696 786 3766 septem.
821 3691 981 3749 Fecit
1007 3694 1208 3747 autem
1241 3687 1588 3744 venerabilis
1617 3691 1676 3744 et
1703 3687 2018 3760 praeclarus
2070 3688 2332 3762 pontifex
2379 3703 2560 3760 super
2607 3685 2791 3742 altare
2839 3686 3018 3742 beatae
3069 3682 3396 3740 Petronilla:
3444 3681 3740 3739 cibarium

453 3809 589 3849 cum
619 3790 914 3848 columnis
943 3787 1366 3862 porphyreticis
1395 3803 1462 3843 ex
1479 3790 1718 3859 argento
1736 3785 2244 3860 purissimo,mirze
2261 3784 2692 3859 magnitudinis
2704 3785 3067 3851 decoratum,
3075 3781 3430 3855 pens.libras
3445 3783 3741 3838 trecentas

345 3891 416 3948 10
452 3889 846 3964 quadraginta
875 3893 932 3946 et
961 3893 1110 3955 octo,
1139 3891 1313 3960 atque
1343 3884 1662 3958 imaginem
1691 3888 2027 3957 argenteam
2059 3887 2312 3940 stantem
2344 3883 2457 3939 sub
2484 3899 2624 3938 arcu
2655 3882 2726 3938 de
2757 3882 2885 3954 ipso
2913 3877 3515 3953 eiborio,pens.libras
3531 3878 3739 3934 decem

452 3992 510 4045 et
538 3987 738 4044 semis.
774 3987 904 4060 Ipse
930 3975 1131 4043 vero'a
1159 3985 1276 4042 Deo
1308 3986 1605 4056 protectus
1636 3986 1693 4037 et
1723 3981 2038 4055 praeclarus
2072 3981 2330 4054 pontifex
2359 3979 2494 4037 fecit
2523 3980 2581 4034 in
2615 3978 2861 4036 basilica
2891 3977 3149 4034 doctoris
3163 3976 3371 4032 mundi
3395 3975 3550 4032 beati
3569 3973 3737 4031 Pauli

454 4084 702 4162 apostoli
735 4101 914 4158 super
943 4083 1352 4156 altare’majus
1381 4085 1602 4138 vestem
1651 4078 2111 4153 cbrysoelavam,
2145 4079 2461 4136 habentem
2511 4077 2823 4134 historiam
2872 4074 3190 4134 Dominicm
3239 4072 3735 4142 Resurrectionis,

449 4201 584 4244 cum
617 4183 958 4259 margaritis
989 4187 1278 4250 ornatam,
1311 4185 1372 4238 et
1401 4177 1716 4253 periclysin
1765 4178 1836 4234 de
1882 4177 2278 4250 chrysoclavo.
2312 4175 2597 4234 Similiter
2644 4193 2714 4232 ex
2763 4173 3098 4248 margaritis
3150 4177 3388 4229 ornatas
3442 4170 3736 4246 imagines

450 4282 855 4359 apostolorum
893 4282 1041 4338 duas
1071 4297 1141 4338 ex
1169 4282 1414 4354 argento
1447 4277 1780 4343 deauratas,
1812 4292 2056 4348 pensan.
2090 4274 2273 4331 libras
2303 4273 2640 4347 oetuaginta
2670 4277 2728 4330 et
2757 4289 2875 4329 sex.

521 4383 678 4440 890
710 4381 815 4438 Hic
845 4397 979 4437 vero
1011 4375 1602 4436 misericordissimus
1629 4374 1891 4448 pontifex
1921 4373 2057 4430 fecit
2086 4373 2145 4429 in
2177 4373 2421 4429 basilica
2451 4377 2666 4429 sanctze
2701 4371 2796 4427 Dei
2828 4369 3143 4427 Genitricis
3164 4368 3234 4424 ad
3269 4368 3530 4441 Praesepe
3555 4381 3738 4440 super

451 4481 636 4539 altare
663 4485 884 4538 vestem
914 4477 1373 4552 ebrysoclavam,
1405 4475 1720 4531 habentem
1751 4471 2057 4529 historiam
2108 4469 2424 4528 Dominicae
2475 4467 2944 4526 Resurrectionis
2991 4467 3152 4524 miraa
3201 4463 3629 4540 magnitudinis
3675 4467 3736 4521 et

446 4579 908 4654 pulchritudinis
937 4578 1292 4644 deeoratam,
1325 4592 1460 4631 cum
1493 4571 1762 4646 perielysi
1788 4572 1860 4627 de
1891 4569 2287 4644 chrysoclavo,
2321 4568 2581 4641 undique
2611 4585 2679 4624 ex
2709 4565 3048 4640 margaritis
3079 4569 3366 4622 ornatam.
3402 4563 3472 4618 Et
3503 4563 3564 4618 in
3594 4561 3741 4619 titu-

447 4679 503 4736 lo
535 4682 750 4735 sauctae
782 4677 884 4734 Dei
911 4675 1244 4742 Genitricis,
1277 4691 1406 4747 qua:
1438 4670 1769 4746 appellatur
1797 4669 2024 4736 Calixti,
2060 4668 2196 4724 fecit
2224 4684 2470 4741 regnum
2502 4684 2572 4724 ex
2600 4683 2742 4723 auro
2774 4665 3117 4738 purissimo,
3153 4663 3418 4736 pendens
3448 4678 3626 4734 super
3645 4659 3732 4716 al-

371 4781 410 4838 5
445 4784 570 4836 tare
602 4778 895 4850 majus,ex
925 4773 1175 4850 gemmis
1207 4771 1480 4845 pretiosis
1511 4773 1808 4836 ornatum,
1839 4785 2005 4842 pens.
2036 4766 2247 4823 libram
2281 4766 2678 4837 nnam.Atque
2709 4764 2767 4819 in
2795 4763 3066 4819 diaeonia
3086 4760 3275 4835 ipsius
3299 4759 3398 4816 Dei
3417 4757 3730 4816 Genitricis

446 4895 574 4951 qua:
608 4874 940 4950 appellatur
965 4870 1290 4939 Dominica,
1328 4868 1462 4924 fecit
1492 4883 1738 4941 regnum
1773 4883 1842 4923 ex
1869 4883 2014 4922 auro
2046 4863 2438 4920 mundissimo
2469 4863 2730 4934 pendens
2755 4877 2932 4933 super
2961 4859 3142 4915 altare
3175 4859 3370 4930 majus
3389 4874 3456 4913 ex
3475 4855 3730 4930 gemmis

445 4974 718 5050 pretiosis
749 4977 1039 5039 ornatam,
1071 4985 1318 5043 pensan.
1353 4967 1534 5023 libras
1564 4966 1734 5022 duas.
1769 4964 1872 5020 llic
1902 4962 2283 5020 beatissimus
2328 4959 2565 5034 praesul,
2601 4959 2800 5015 divina
2845 4956 3230 5031 inspiratione
3277 4954 3558 5028 repletus,
3593 4954 3730 5011 fecit

441 5074 502 5130 in
533 5073 780 5132 basilica
805 5072 908 5128 Dei
939 5067 1252 5128 Genitricis
1283 5067 1354 5123 ad
1389 5067 1647 5138 Praesepe
1675 5063 1737 5120 in
1767 5063 2039 5136 ingressu
2071 5059 2336 5134 praesepii
2368 5058 2558 5132 regias
2590 5056 2802 5113 vestias
2837 5073 2906 5112 ex
2935 5058 3176 5128 argento
3200 5051 3725 5127 purissimo,pens.

441 5172 620 5231 simul
651 5172 832 5228 libras
862 5172 1098 5226 centum
1130 5164 1335 5240 viginti
1367 5168 1424 5221 et
1454 5167 1698 5237 septem,
1733 5166 1791 5218 et
1821 5178 2000 5234 super
2028 5159 2188 5232 ipsas
2218 5157 2408 5231 regias
2429 5155 2621 5212 velum
2657 5154 2956 5212 modicum
2991 5151 3643 5220 fundatum,habentem
3666 5146 3727 5204 in

338 5271 406 5329 10
443 5273 692 5330 circuitu
723 5269 922 5326 listam
955 5267 1025 5323 de
1055 5263 1448 5335 chrysoclavo.
1483 5261 1719 5318 Necnon
1749 5264 1806 5316 et
1837 5259 1952 5316 alia
1979 5257 2108 5315 vela
2135 5257 2285 5332 tyria
2310 5273 2488 5330 super
2518 5254 2708 5328 regias
2740 5254 2992 5326 majores
3022 5249 3136 5307 tria
3167 5249 3226 5306 in
3257 5249 3530 5322 ingressu
3561 5245 3728 5302 basi-

441 5369 566 5428 licas
597 5385 733 5426 cum
765 5364 1036 5442 perielysi
1068 5364 1138 5420 de
1169 5363 1432 5442 fundato.

518 5469 668 5527 897
707 5465 864 5524 Fecit
896 5467 1092 5520 autem
1127 5462 1313 5518 isdem
1345 5459 1616 5532 egregius
1647 5455 1861 5530 praesul
1893 5457 1952 5512 in
1984 5454 2229 5512 basilica
2259 5453 2412 5510 beati
2445 5451 2596 5508 Petri
2628 5446 2876 5522 apostoli
2909 5446 3120 5504 calices
3141 5443 3726 5517 majoresexargento

441 5563 859 5629 mundissimo,
891 5560 992 5634 qui
1023 5560 1229 5618 sedent
1259 5575 1436 5632 super
1466 5557 1660 5612 trabes
1690 5559 1914 5628 argent.
1949 5570 2194 5610 numero
2225 5553 2426 5608 decem
2457 5555 2516 5606 et
2559 5553 2708 5617 octo,
2744 5563 2987 5621 pensan.
3023 5542 3202 5601 simul
3250 5541 3437 5598 libras
3491 5543 3724 5596 centum

440 5660 780 5733 octuaginta
810 5659 981 5716 duas.
1009 5659 1266 5724 Necnon,
1302 5655 1403 5712 ubi
1435 5672 1635 5727 supra,
1670 5653 1805 5708 fecit
1835 5658 2155 5708 cerostatas
2189 5652 2442 5723 majores
2475 5647 2677 5704 fnsiles
2705 5663 2775 5702 ex
2803 5649 3044 5718 argento
3067 5639 3407 5716 purissimo,
3429 5637 3532 5711 qui
3566 5637 3725 5694 stant

441 5761 575 5812 ante
603 5755 1055 5824 confessionem,
1088 5771 1332 5828 pensan.
1361 5753 1544 5810 libras
1574 5756 1810 5807 centum
1844 5750 2167 5822 nonaginta
2197 5753 2346 5804 octo.
2387 5744 2686 5802 lnvestivit
2714 5759 2850 5799 vero
2894 5757 3072 5814 super
3100 5739 3326 5795 trabem
3375 5753 3443 5792 ex
3486 5738 3725 5808 argento

367 5849 405 5904 5
445 5850 1000 5923 mundissimo,quaa
1030 5857 1120 5908 est
1151 5869 1328 5924 super
1358 5849 1675 5922 imaginem
1708 5863 1946 5903 auream
1981 5846 2040 5902 in
2072 5843 2650 5916 ingressuvestibuli,
2671 5857 2912 5915 pensan.
2936 5838 3118 5895 libras
3135 5833 3588 5908 centumviginti
3602 5848 3718 5899 sex,

441 5949 502 6001 et
531 5943 734 6000 semis.
767 5945 986 6002 Verum
1016 5947 1215 6012 etiam,
1248 5948 1350 6003 ubi
1382 5944 1582 6018 supra,
1616 5945 1752 6000 fecit
1793 5943 2065 6000 lucernas
2097 5940 2302 5998 fusiles
2333 5941 2483 5997 duas
2531 5957 2600 5997 ex
2628 5941 2868 6012 argento
2897 5935 3240 6012 purissimo,
3269 5949 3515 6008 pensan.
3543 5927 3720 5988 simul

443 6039 626 6102 libras
653 6037 861 6116 viginti
889 6045 948 6099 et
975 6041 1297 6120 septem.Et
1324 6042 1436 6104 hoc
1465 6041 1776 6101 constituit
1804 6045 1872 6101 ut
1898 6039 2339 6101 Dominieorum
2367 6038 2494 6098 dies
2505 6037 2595 6098 vel
2613 6036 2676 6095 in
2689 6035 2910 6109 sanctis
2922 6026 3720 6108 solemnitatibue,hiacinde

2405 6387 2540 6394 ———-—
2786 6390 2797 6391 κ
2832 6390 2896 6396 —.
3164 6394 3200 6396 __
3247 6394 3267 6396 _
3373 6393 3416 6396 __
3519 6393 3546 6396 _
3639 6391 3669 6396 __,
3716 6389 3754 6396 -ι
