3924 6398
221 352 381 417 1229
1071 358 1444 421 HISTORIA
1488 359 1591 422 DE
1635 360 1770 422 Vl'l‘?

2126 363 2355 424 PONT.
2394 397 2466 407 —
2496 363 2648 425 LEO
2694 363 2800 425 ΙΙΙ.
3492 367 3648 429 1230

352 488 530 559 juxta
557 488 837 546 ectoriam
871 490 1280 560 consisterent,
1304 496 1361 549 et
1391 493 1463 548 ad
1497 492 1811 565 legendum
1836 512 2034 550 sacras
2065 495 2341 551 lectiones
2373 494 2615 552 luminis
2645 496 2956 569 splendore
2989 498 3362 571 refulgerent.
3387 499 3487 555 Hic
3520 497 3653 558 fecit

370 586 445 641 ad
477 586 716 642 beatum
750 588 1041 643 Andream
1070 587 1399 660 apostolum
1443 589 1729 645 ciborium
1764 607 1831 647 ex
1862 598 2103 663 argento
2154 594 2469 665 purissimo
2500 612 2679 668 super
2709 594 2890 651 altare
2940 597 3159 668 majus,
3195 614 3439 667 pensan.
3473 598 3654 658 libras

253 684 328 739 10
364 688 656 740 trecentas
687 690 745 740 et
774 685 1056 758 quinque.
1092 685 1193 741 Hic
1226 691 1420 742 autem
1468 687 1799 761 praicipuus
1848 690 2103 762 pontifex
2133 690 2413 747 divinitus
2472 692 2796 765 inspiratus
2852 693 3286 765 baptisterium,
3322 696 3422 749 ubi
3456 714 3653 769 supra,

366 781 760 854 conspiciens,
784 783 925 856 quia
962 784 1088 856 jam
1121 800 1236 855 pra:
1267 784 1453 840 nimia
1480 790 1766 841 vetustate
1813 787 1995 842 ruina:
2028 788 2360 859 proximum
2393 788 2601 856 inerat,
2634 793 2692 844 et
2723 789 2862 862 quia
2892 791 3199 863 angustior
3245 791 3409 848 locus
3456 794 3657 867 populi

367 879 655 936 existebat
684 880 785 954 qui
816 881 889 937 ad
922 881 1286 953 baptismum
1308 883 1599 949 veniebat,
1622 883 1809 939 isdem
1838 885 2049 957 praesul
2075 902 2109 941 a
2136 886 2537 943 fundamentis
2567 886 2762 960 ipsum
2794 888 3203 961 baptisterium
3236 889 3296 945 in
3332 894 3655 951 rotundum

364 976 565 1050 ampla
591 976 862 1052 largitate
893 983 1241 1035 construens
1273 978 1332 1035 in
1366 979 1666 1037 meliorem
1699 982 1880 1037 erexit
1910 987 2153 1049 statum,
2180 988 2355 1057 atque
2387 1002 2620 1040 sacrum
2646 986 2865 1041 fontem
2899 986 2954 1040 in
2980 987 3171 1042 medio
3194 986 3429 1059 largiori
3463 991 3653 1062 spatio

364 1074 654 1143 fundavit,
678 1080 735 1132 et
767 1076 827 1131 in
860 1076 1107 1132 circuitu
1132 1076 1425 1133 columnis
1450 1078 1875 1152 porphyreticis
1895 1080 2205 1145 decoravit,
2232 1086 2287 1137 et
2310 1082 2367 1137 in
2390 1083 2581 1138 medio
2606 1083 2781 1139 fontis
2802 1082 3136 1139 columnam
3161 1085 3377 1156 posuit,
3394 1090 3451 1142 et
3472 1104 3653 1161 super

255 1172 329 1227 15
367 1171 705 1229 columnam
732 1190 951 1247 agnum
975 1191 1044 1230 ex
1064 1179 1305 1247 argento
1330 1176 1672 1247 purissimo,
1697 1177 2040 1232 fundentem
2062 1194 2299 1249 aquam,
2320 1178 2420 1251 qui
2444 1196 2686 1251 pensan.
2713 1178 2892 1236 libras
2915 1181 3112 1236 decem
3135 1186 3193 1237 et
3213 1186 3342 1237 octo
3363 1187 3420 1237 et
3438 1184 3648 1241 uncias

363 1271 586 1325 decem.
610 1269 844 1326 Necnon
876 1274 933 1326 et
964 1270 1145 1327 altare
1165 1273 1358 1344 majus
1383 1273 1493 1328 sub
1516 1273 1723 1329 absida
1742 1276 2091 1341 construxit,
2116 1277 2288 1347 cujus
2318 1275 2523 1332 faciem
2546 1282 2718 1349 atque
2739 1277 3186 1347 confessionem,
3212 1295 3315 1335 seu
3347 1296 3546 1352 rugas,
3570 1280 3646 1337 ad

367 1365 636 1424 decorem
666 1368 857 1441 ipsius
888 1368 1037 1425 sacri
1065 1369 1269 1426 altaris
1300 1370 1592 1427 investivit
1621 1389 1689 1427 ex
1720 1377 1962 1445 argento
1995 1373 2409 1442 mundissimo,
2461 1391 2703 1446 pensan.
2734 1374 2910 1431 simul
2943 1374 3124 1431 libras
3172 1376 3561 1450 quadraginta
3588 1383 3648 1435 et

363 1471 525 1535 octo;
557 1483 761 1523 verum
791 1467 967 1524 etiam
1000 1473 1058 1524 et
1086 1474 1307 1524 vestem
1341 1469 1411 1525 de
1444 1470 1698 1525 stauraci
1749 1488 1927 1543 super
1957 1488 2085 1526 eam
2114 1473 2331 1544 posuit,
2361 1477 2536 1544 atque
2570 1471 2893 1544 regularem
2927 1473 3007 1528 ibi
3057 1474 3578 1547 superinvestitum
3608 1493 3646 1532 ι

364 1569 606 1637 argento
636 1566 956 1637 purissimo
1008 1567 1163 1623 fecit.
1197 1568 1267 1623 Et
1324 1584 1502 1640 super
1551 1568 1746 1641 ipsum
1799 1568 2124 1641 regularem
2183 1571 2382 1642 posuit
2431 1588 2632 1626 arcum
2668 1576 2723 1626 et
2753 1572 3121 1643 gammadias
3151 1589 3220 1629 ex
3248 1577 3509 1646 argento,
3543 1573 3644 1647 qui

249 1661 327 1717 20
362 1667 615 1736 pensant
644 1663 824 1719 simul
854 1664 1035 1721 libras
1066 1666 1427 1739 octuaginta.
1451 1666 1688 1722 Necnon
1716 1671 1772 1722 et
1801 1666 2088 1740 imagines
2118 1671 2256 1733 tres,
2290 1666 2391 1722 ubi
2422 1685 2618 1740 supra,
2643 1668 2856 1740 posuit,
2892 1685 3137 1741 pensan.
3163 1668 3306 1725 inibi
3332 1669 3513 1726 libras
3539 1669 3643 1727 tri-

360 1760 528 1835 ginta
556 1766 614 1817 et
645 1767 869 1836 septem
902 1769 959 1818 et
987 1764 1192 1819 uncias
1224 1765 1455 1832 decem;
1492 1765 1687 1837 ipsum
1728 1782 1863 1821 vero
1896 1764 2305 1838 baptisterium
2339 1765 2584 1821 diversis
2614 1766 2671 1821 in
2706 1765 2951 1822 circuitu
2986 1766 3279 1822 decoravit
3301 1766 3571 1839 picturis.

434 1860 589 1917 8.8
621 1860 953 1916 Oratorium
986 1878 1118 1917 vero
1150 1867 1363 1918 sancta:
1395 1862 1619 1929 Crucis,
1647 1863 1745 1919 ubi
1776 1880 1974 1935 supra,
1996 1864 2148 1935 quod
2182 1880 2297 1936 pm
2331 1862 2515 1919 nimia
2543 1867 2668 1919 erat
2695 1867 2983 1920 vetustate
3016 1864 3332 1933 ruiturum,
3366 1865 3462 1921 hic
3493 1882 3640 1938 prte-

361 1958 576 2031 cipuus
605 1962 806 2031 pastor
834 1976 869 2015 a
900 1959 1302 2016 fundamentis
1333 1960 1510 2016 simul
1536 1978 1669 2017 cum
1692 1962 1897 2017 absida
1928 1977 2074 2016 novo
2107 1961 2351 2017 aedificio
2382 1961 2580 2031 erexit,
2602 1965 2659 2017 et
2688 1962 2760 2017 ad
2785 1962 3107 2036 perfectum
3129 1979 3316 2035 usque
3346 1964 3639 2036 perduxit,

361 2059 537 2128 atque
568 2055 758 2127 ipsam
790 2056 1057 2113 absidem
1091 2074 1159 2112 ex
1189 2056 1417 2113 musivo
1448 2058 1693 2114 diversis
1724 2060 2058 2114 decoratam
2098 2058 2344 2131 picturis
2386 2062 2560 2130 atque
2601 2059 2993 2116 marmoribus
3024 2059 3173 2116 miro
3204 2059 3516 2133 splendore
3545 2079 3640 2119 or-

361 2151 540 2219 navit,
563 2152 663 2207 ubi
696 2157 752 2208 et
782 2152 996 2209 obtulit
1026 2153 1314 2209 ciborium
1344 2172 1522 2227 super
1550 2154 1732 2211 altare
1764 2172 1897 2212 cum
1931 2156 2222 2212 columnis
2267 2155 2413 2227 suis,
2442 2160 2615 2229 atque
2649 2157 2852 2213 faciem
2885 2157 3075 2229 ipsius
3116 2157 3318 2213 altaris
3349 2156 3643 2215 investivit

284 2252 323 2306 5
361 2255 603 2324 argento
634 2250 976 2323 purissimo,
1010 2268 1256 2324 pensan.
1288 2251 1469 2307 libras
1520 2257 1755 2309 centum
1788 2254 1993 2325 viginti
2023 2258 2080 2309 et
2109 2271 2288 2309 unam
2340 2260 2396 2310 et
2442 2254 2647 2311 uncias
2691 2254 2867 2322 duas;
2903 2271 3151 2327 regnum
3200 2255 3639 2329 spanoclystum

358 2364 430 2405 ex
454 2366 597 2405 auro
626 2348 969 2422 purissimo,
992 2366 1128 2405 cum
1159 2366 1329 2406 cruce
1360 2351 1419 2405 in
1452 2352 1666 2419 medio,
1692 2354 1953 2425 pendens
1980 2369 2157 2425 super
2178 2353 2372 2425 ipsum
2405 2352 2605 2419 altare,
2625 2370 2867 2425 pensan.
2892 2352 3103 2408 libram
3122 2369 3324 2419 unam,
3350 2357 3406 2409 et
3435 2354 3641 2410 uncias

361 2446 659 2503 undecim.
683 2447 918 2503 Necnon
941 2452 1000 2503 et
1019 2446 1167 2503 alias
1188 2447 1493 2504 columnas
1517 2453 1823 2521 argenteas
1846 2454 2119 2522 quatuor,
2144 2452 2201 2504 et
2223 2466 2400 2522 super
2429 2450 2589 2521 ipsas
2611 2449 2915 2504 columnas
2941 2447 3271 2520 regularem
3299 2448 3640 2506 investitum

357 2561 427 2599 ex
455 2548 696 2617 argento
728 2544 1067 2617 purissimo,
1102 2562 1346 2617 pensan.
1372 2545 1514 2601 inibi
1547 2546 1731 2603 libras
1770 2547 2075 2619 sexaginta
2103 2551 2159 2603 et
2190 2552 2403 2619 quater
2432 2552 2489 2603 et
2518 2547 2723 2603 uncias
2751 2552 2891 2603 tres.
2924 2548 3110 2603 Arcus
3159 2551 3466 2620 argenteos
3494 2551 3636 2613 tres,

357 2658 603 2714 pensan.
629 2641 811 2699 libras
841 2643 1231 2715 quadraginta
1261 2648 1318 2700 et
1348 2647 1465 2699 tres
1497 2649 1556 2700 et
1586 2645 1793 2700 uncias
1831 2649 1962 2701 octo
1997 2662 2011 2702 :
2046 2645 2334 2719 imagines
2373 2649 2679 2718 argenteas
2704 2646 3016 2700 deauratas
3047 2649 3189 2713 tres,
3215 2661 3460 2717 pensan.
3492 2644 3640 2699 inibi

250 2740 320 2794 10
354 2739 539 2795 libras
568 2739 837 2813 triginta;
871 2739 1159 2795 canistros
1188 2745 1497 2813 argenteos
1530 2741 1885 2797 intersatiles
1913 2742 2246 2809 duodecim,
2281 2759 2521 2815 pcnsan.
2558 2740 2737 2797 simul
2769 2741 2949 2797 libras
2982 2741 3359 2814 septuaginta
3390 2746 3447 2797 et
3477 2746 3638 2810 octo;

354 2836 639 2910 gabatbas
668 2841 975 2910 argenteas
1006 2836 1360 2893 intersatiles
1392 2838 1669 2893 fundatas
1690 2837 1896 2911 viginti
1924 2855 2127 2904 unum,
2152 2842 2209 2893 et
2238 2855 2471 2894 crucem
2503 2856 2703 2906 unam,
2728 2856 2893 2912 pens.
2917 2837 2974 2893 in
3008 2854 3193 2894 unum
3226 2838 3328 2895 lib.
3352 2837 3639 2910 quinqua-

355 2935 549 3007 ginta;
580 2940 800 2991 vestem
833 2949 1011 3007 super
1039 2933 1221 2989 altare
1251 2935 1323 2989 de
1354 2935 1597 2989 fundato
1628 2951 1840 3003 unam;
1874 2938 1932 2990 et
1961 2933 2077 2990 alia
2105 2935 2175 2989 de
2206 2934 2477 3003 blatthin,
2502 2952 2637 2991 cum
2682 2933 3077 3007 cbrysoclavo,
3102 2951 3323 2990 necnon
3356 2938 3416 2990 et
3458 2934 3634 2991 aliam

353 3037 574 3089 vestem
596 3030 789 3088 albam
813 3036 1068 3086 rosatam
1091 3048 1226 3087 cum
1248 3031 1621 3105 chrysoclavo
1644 3048 1658 3087 :
1681 3030 1876 3087 velum
1899 3030 2194 3087 modicum
2221 3030 2724 3103 chrysoclavatum
2748 3048 2883 3087 cum
2909 3031 3203 3103 crucifixo,
3218 3035 3276 3086 et
3295 3031 3632 3103 margaritis

355 3133 660 3198 ornatum;
686 3128 814 3185 vela
840 3128 911 3185 de
930 3129 1185 3185 stauraci
1218 3134 1464 3202 septem,
1490 3129 1615 3185 vela
1637 3130 1708 3185 de
1732 3128 1973 3184 fundato
1997 3132 2267 3201 quatuor,
2292 3127 2418 3183 vela
2439 3128 2690 3196 modica,
2714 3145 2840 3201 quae
2866 3129 3122 3201 pendent
3140 3128 3201 3184 in
3223 3127 3474 3202 regulari
3497 3135 3633 3187 ante

246 3230 320 3286 15
356 3227 647 3301 imagines
677 3226 885 3300 Tyrias
914 3243 1051 3283 sex:
1076 3226 1203 3283 vela
1233 3227 1375 3283 arba
1404 3227 1607 3294 serica,
1632 3230 1839 3283 ornata
1870 3226 1928 3280 in
1961 3225 2208 3281 circuitu
2240 3226 2311 3281 de
2341 3226 2585 3282 fundato
2615 3226 2953 3293 duodecim;
2980 3224 3175 3282 velum
3204 3227 3399 3299 majus
3428 3226 3629 3285 album

352 3330 925 3393 rosatum,ornatum
949 3326 1201 3397 desuper
1222 3325 1294 3380 de
1315 3324 1645 3397 quadruplo
1668 3340 1876 3390 unum,
1900 3328 1956 3379 et
1977 3322 2135 3379 aliud
2156 3322 2352 3380 velum
2374 3324 2644 3391 rubeum,
2671 3340 2807 3380 cum
2830 3322 3068 3388 bubalo,
3083 3324 3238 3396 quod
3261 3325 3475 3398 pendet
3494 3329 3632 3383 ante

352 3422 543 3497 regias
572 3425 858 3496 majores:
881 3421 1009 3479 vela
1034 3421 1266 3478 modica
1285 3422 1356 3477 de
1378 3421 1632 3478 stauraci
1663 3426 1940 3494 quatuor,
1965 3438 2090 3494 quae
2122 3421 2380 3493 pendent
2409 3420 2470 3476 in
2510 3412 2931 3494 regulari‘ante
2953 3420 3268 3495 imagines;
3302 3423 3402 3478 sed
3435 3426 3493 3479 et
3516 3422 3633 3480 alia

349 3521 480 3579 vela
507 3521 845 3596 promiscua
873 3521 1060 3577 serica
1088 3537 1334 3576 numero
1370 3520 1664 3576 undecim.
1692 3519 1869 3587 Fecit,
1901 3519 2000 3575 ubi
2034 3537 2231 3592 supra,
2262 3520 2334 3575 ad
2380 3520 2568 3575 fontes
2598 3519 2726 3576 vela
2755 3521 2929 3593 Tyria
2956 3520 3091 3588 tria,
3124 3537 3251 3592 quae
3283 3521 3541 3594 pendent
3567 3522 3630 3579 in

350 3619 678 3694 regularem
711 3623 847 3675 ante
875 3618 1184 3692 imagines,
1219 3622 1275 3674 et
1305 3617 1421 3674 alia
1449 3618 1575 3674 vela
1608 3618 1794 3673 serica
1823 3634 2068 3674 numero
2099 3617 2306 3691 viginti
2335 3633 2545 3673 unum.

421 3720 577 3775 ιω
608 3718 712 3774 Hic
741 3716 875 3774 fecit
904 3717 1073 3773 beato
1105 3716 1271 3773 Petro
1301 3715 1562 3789 apostolo
1603 3713 1879 3772 nutritori
1928 3732 2035 3772 suo
2087 3714 2328 3771 calicem
2377 3732 2622 3771 aureum
2672 3715 3032 3788 praecipuum
3082 3716 3520 3791 spanoclystum
3550 3721 3632 3806 (α)

350 3816 598 3875 diversis
627 3819 900 3873 ornatum
931 3813 1228 3887 lapidibus
1260 3813 1550 3887 pretiosis,
1576 3830 1820 3885 pensan.
1844 3812 2026 3870 libras
2048 3813 2311 3887 triginta.
2340 3812 2467 3869 Pari
2499 3813 2672 3868 modo
2697 3813 2830 3868 fecit
2850 3818 2908 3868 et
2930 3819 3201 3887 patenam
3227 3832 3467 3871 auream
3493 3834 3631 3889 spa-

350 3914 701 3989 noclystam,
735 3911 1008 3969 similiter
1035 3911 1280 3968 diversis
1313 3916 1579 3968 ornatam
1629 3911 1901 3984 pretiosis
1932 3910 2248 3983 lapidibus,
2283 3928 2526 3984 pensan.
2553 3910 2734 3966 libras
2764 3910 2971 3984 viginti
2997 3912 3276 3987 quinque.
3303 3914 3462 3970 Fecit
3496 3931 3632 3972 vero

351 4030 530 4086 super
558 4010 846 4068 ciborium
879 4011 949 4067 de
980 4009 1148 4066 altari
1182 4009 1390 4081 majori
1423 4010 1592 4065 beato
1616 4010 1782 4065 Petro
1805 4008 2065 4081 apostolo
2090 4008 2373 4065 canthara
2397 4009 2624 4080 majora
2648 4012 2902 4081 quatuor
2930 4026 2998 4064 ex
3020 4016 3259 4082 argento
3291 4011 3630 4084 purissimo,

272 4115 312 4170 5
348 4111 631 4168 habentia
659 4109 718 4165 in
752 4108 944 4164 medio
969 4125 1165 4164 cereos
1186 4124 1253 4163 ex
1284 4110 1524 4180 argento
1546 4107 1878 4174 deauratos,
1906 4123 2150 4179 pensan,
2177 4106 2235 4161 in
2262 4123 2445 4162 unum
2482 4104 2664 4161 libras
2686 4110 2920 4162 centum
2952 4110 3009 4163 et
3039 4108 3448 4180 quadraginta.
3483 4109 3632 4166 Pras-

349 4209 546 4266 dictus
574 4224 708 4264 vero
737 4210 796 4263 et
825 4204 1141 4279 praeclarus
1171 4204 1431 4277 pontifex
1452 4204 1590 4259 fecit
1619 4202 1719 4259 ubi
1740 4220 1920 4276 supra
1949 4202 2319 4259 tburibulum
2345 4202 2729 4275 apostolicum
2752 4220 2822 4259 ex
2842 4220 2984 4260 auro
3018 4203 3359 4276 purissimo,
3382 4223 3629 4278 pensan.

351 4306 534 4364 libras
563 4306 713 4362 duas
741 4308 799 4361 et
830 4303 1036 4360 uncias
1058 4302 1340 4376 quinque.
1367 4302 1525 4359 Fecit
1553 4319 1688 4358 vero
1716 4305 1938 4358 vestem
1971 4318 2150 4373 super
2177 4300 2358 4357 altare
2388 4302 2583 4373 majus
2608 4300 3063 4374 chrysoclavam,
3087 4302 3333 4359 diversis
3365 4310 3631 4363 ornatam

350 4403 598 4479 picturis
619 4420 799 4478 quam
818 4401 1126 4459 constituit
1146 4404 1400 4473 quatuor
1421 4399 1787 4473 temporibus
1809 4417 1913 4472 per
1932 4415 2154 4455 annum
2188 4398 2247 4453 in
2270 4397 2578 4454 duodecim
2601 4398 2950 4456 lectionibus
2974 4399 3193 4456 ibidem
3214 4416 3447 4473 ponere.
3474 4403 3635 4461 Fecit

351 4501 454 4558 ubi
486 4516 665 4573 super
682 4515 927 4556 coronas
950 4498 1202 4570 majores
1223 4512 1292 4553 ex
1320 4501 1560 4569 argento
1591 4494 1910 4568 purissimo
1942 4497 2216 4568 quatuor,
2240 4511 2485 4567 pensan.
2511 4493 2687 4550 simul
2719 4494 2901 4552 libras
2938 4500 3173 4552 centum
3204 4497 3634 4574 quinquaginta

242 4601 314 4656 10
351 4603 608 4673 quatuor
634 4601 693 4654 et
724 4596 924 4654 semis.
947 4595 1104 4653 Fecit
1121 4611 1255 4651 vero
1277 4594 1377 4650 ubi
1401 4610 1582 4667 supra
1602 4592 1906 4649 lectorium
1933 4609 2001 4649 ex
2021 4596 2264 4665 argento
2286 4590 2604 4664 purissimo
2626 4593 2788 4648 mirae
2810 4594 3239 4667 magnitudinis
3266 4596 3632 4667 decoratum,

350 4714 597 4772 pensan.
623 4695 806 4752 libras
833 4698 1074 4751 centum
1105 4691 1498 4766 quadraginta
1516 4696 1574 4747 et
1596 4694 1746 4759 tres;
1771 4707 1996 4747 necnon
2019 4694 2076 4746 et
2096 4693 2416 4746 cerostatas
2436 4707 2505 4745 ex
2527 4694 2764 4763 argento
2786 4691 3204 4761 mundissimo,
3227 4697 3448 4752 stantes
3462 4697 3634 4769 juxta

350 4795 550 4869 ipsum
577 4791 907 4860 lectorium,
930 4808 1171 4865 pensan.
1198 4789 1376 4846 simul
1409 4789 1591 4845 libras
1621 4788 2009 4862 quadraginta
2038 4791 2096 4844 et
2126 4803 2353 4844 novem.
2377 4786 2593 4843 Verum
2625 4788 2803 4845 etiam
2835 4793 2892 4845 et
2923 4806 3101 4862 super
3128 4790 3287 4864 ipsas
3314 4798 3633 4851 cerostatas

352 4892 490 4951 fecit
516 4892 788 4948 lucernas
820 4889 1024 4947 fusiles
1045 4889 1295 4945 bimixas
1313 4889 1461 4944 duas
1482 4904 1550 4943 ex
1575 4889 1815 4959 argento
1845 4902 1990 4959 puro
2005 4929 2019 4953 ,
2041 4900 2289 4957 pensan.
2314 4883 2496 4941 libras
2514 4884 2718 4958 viginti
2742 4889 2798 4941 et
2818 4891 3062 4959 septem.
3087 4888 3167 4943 Ex
3196 4889 3306 4946 hoc
3326 4890 3634 4949 constituit

352 4996 419 5048 ut
438 4988 879 5048 Dominicorum
902 4988 1015 5058 die,
1036 4986 1126 5044 vel
1148 4987 1209 5043 in
1234 4985 1456 5043 sanctis
1482 4982 1975 5050 solemnitatibus,
2001 4981 2141 5038 hinc
2165 4981 2301 5038 inde
2320 4983 2493 5054 juxta
2518 4982 2821 5039 lectorium
2844 4985 3251 5057 consisterent,
3273 4993 3332 5044 et
3352 4990 3424 5045 ad
3443 4990 3636 5065 legen-

239 5093 313 5150 15
350 5091 497 5147 dum
527 5105 727 5145 sacras
754 5085 1035 5143 lectiones
1065 5083 1307 5141 luminis
1339 5083 1649 5156 splendore
1679 5080 1989 5153 fulgerent.
2016 5079 2520 5136 Pharocantbaros
2549 5079 2689 5137 fecit
2730 5081 2790 5137 in
2822 5083 3183 5156 presbyterio
3213 5103 3457 5146 numero
3488 5108 3634 5164 qua-

350 5187 679 5244 tuordecim
710 5202 779 5243 ex
799 5188 1039 5258 argento
1068 5181 1485 5247 mundissimo,
1511 5198 1677 5253 pens.
1701 5178 1877 5236 simul
1909 5177 2090 5234 libras
2113 5178 2535 5251 quadragintas
2564 5179 2810 5252 triginta
2828 5184 2884 5236 et
2906 5184 3055 5254 tres;
3080 5200 3305 5241 necnon
3327 5186 3636 5248 columnas

351 5292 482 5346 octo
512 5290 570 5343 et
598 5302 771 5342 arcus
801 5288 1056 5358 quatuor
1085 5280 1221 5338 fecit
1249 5297 1319 5337 ex
1347 5283 1609 5353 argento,
1636 5294 1877 5352 pensan.
1904 5276 2049 5332 inibi
2079 5275 2262 5332 libras
2290 5279 2525 5332 centum
2559 5278 2934 5350 septuaginta
2963 5284 3020 5336 et
3047 5285 3184 5339 tres.

425 5384 584 5441 ΔΜ
615 5382 770 5440 Fecit
797 5398 931 5439 vero
963 5379 1064 5437 ubi
1094 5396 1275 5452 supra
1302 5377 1515 5434 calices
1545 5376 1821 5433 fundatas
1852 5392 1920 5431 ex
1949 5377 2211 5448 argento,
2237 5373 2338 5445 qui
2372 5375 2628 5445 pendent
2660 5374 2815 5431 inter
2836 5377 3142 5436 columnas
3165 5383 3415 5454 majores
3437 5385 3643 5443 dextra

351 5486 614 5557 laevaque
643 5480 899 5539 basilica:
927 5495 1173 5536 numero
1205 5474 1508 5548 sexaginta
1532 5478 1802 5547 quatuor,
1828 5489 2072 5545 pensan.
2096 5470 2314 5544 pariter
2340 5470 2523 5527 libras
2544 5473 3005 5547 quadringentae
3030 5479 3337 5553 sexaginta
3357 5486 3416 5538 et
3438 5500 3642 5543 unam.

352 5583 550 5640 Isdem
579 5598 715 5637 vero
746 5595 1048 5653 przssagus
1077 5575 1321 5632 antistes
1355 5573 1454 5630 ubi
1486 5589 1666 5645 supra
1701 5571 1773 5627 ad
1806 5571 2046 5626 beatum
2075 5570 2368 5625 Andream
2402 5569 2734 5642 apostolum
2766 5570 3064 5630 investivit
3107 5575 3289 5634 altare
3338 5582 3534 5654 majus
3577 5599 3647 5640 ex

353 5684 597 5755 argento
619 5678 940 5753 purissimo
962 5676 1261 5741 deaurato,
1286 5672 1434 5728 miro
1454 5672 1658 5727 decore
1682 5671 1910 5737 ornato,
1935 5666 2037 5741 qui
2061 5684 2304 5740 pensan.
2330 5666 2594 5739 undique
2618 5667 2800 5726 libras
2822 5676 3063 5729 centum
3085 5674 3330 5749 triginta
3350 5680 3644 5755 quinque;

278 5783 317 5839 5
354 5780 672 5838 cantharas
701 5794 771 5835 ex
799 5779 1039 5851 argento
1067 5770 1387 5848 purissimo
1410 5769 1741 5839 duodecim,
1766 5784 2014 5842 pensan.
2041 5764 2217 5823 simul
2249 5764 2431 5821 libras
2454 5765 2887 5843 quinquaginta
2916 5776 2973 5829 et
2996 5773 3182 5847 duas;
3207 5777 3508 5840 canistros
3528 5779 3645 5841 duo

1404 5994 1658 6047 NOTULE
1697 5988 2083 6044 ιιΑιιῦωΑιεε
2124 5988 2448 6042 ῈΑΒΒΟΤΤΙο

280 6097 362 6184 (α)
390 6094 463 6177 Β,
493 6091 943 6175 epanoclistum.
