3924 6402
338 315 487 380 1231
1502 321 1887 383 ANASTAS]

2207 321 2599 382 )TIlECAllll
3602 327 3756 389 1232

480 448 669 505 decim
702 466 770 505 ex
801 454 1063 523 argento,
1090 466 1332 522 pensan.
1357 450 1537 506 libras
1561 453 1934 525 septuaginta
1958 456 2015 507 et
2038 457 2184 508 octo.
2211 452 2508 509 Investivit
2525 469 2657 509 vero
2680 451 2862 509 altare
2885 453 3064 510 beatae
3088 454 3408 511 Petronillaa
3429 473 3499 512 ex
3519 463 3758 529 argento

477 549 796 621 purissimo
847 550 1148 616 deaurato,
1181 550 1427 606 diversis
1477 557 1742 607 ornatam
1777 551 2023 625 picturis
2056 553 2336 624 undique,
2365 570 2608 625 pensan.
2633 553 2816 609 libras
2844 558 3079 609 centum
3112 555 3414 628 sexaginta
3443 561 3499 613 et
3528 557 3676 613 duas
3706 562 3761 613 et

475 647 680 703 uncias
702 652 851 704 octo.
877 647 1112 703 Necnon
1146 647 1438 704 investivit
1471 649 1654 706 altare
1700 651 1854 706 beati
1883 649 2143 723 Gregorii
2177 651 2530 706 confessoris
2579 655 2754 723 atque
2785 651 3080 723 pontiﬁcis
3109 669 3178 709 ex
3209 658 3452 727 argento
3482 655 3760 712 deaurato

475 745 755 818 undique,
784 761 1026 816 pensan.
1047 743 1230 800 libras
1252 750 1486 802 centum
1511 747 1717 820 viginti
1751 753 1808 802 et
1839 752 2084 820 septem.
2111 748 2269 803 Fecit
2291 748 2390 820 ubi
2414 766 2592 820 supra
2625 749 2681 804 in
2715 750 2938 822 gremio
2971 750 3225 806 basilica:
3257 751 3410 807 beati
3449 752 3594 808 Petri
3629 769 3763 825 apo-

369 843 436 899 10
475 841 607 900 stoli
640 842 928 897 cortinam
959 843 1244 914 majorem
1274 844 1725 901 Alexandrinam
1759 845 2168 916 holosericam,
2197 845 2510 902 habentem
2543 846 2603 901 in
2647 847 2838 903 medio
2870 848 3215 919 adjunctum
3249 850 3581 916 fundatum,
3615 854 3672 905 et
3703 850 3762 904 in

475 939 720 995 circuitu
745 944 1018 995 ornatum
1043 940 1113 996 de
1146 941 1410 998 fundato.
1434 942 1834 998 Verumetiam
1867 943 2054 998 isdem
2088 942 2418 1016 praecipuus
2443 944 2654 1016 prmsul
2682 945 2816 1000 fecit
2846 945 3151 1000 thuribula
3171 946 3495 1018 apostolica
3522 964 3589 1003 ex
3619 964 3762 1003 auro

473 1037 792 1111 purissimo
823 1038 960 1110 duo,
985 1055 1053 1094 ex
1084 1039 1302 1112 quibus
1337 1057 1521 1096 unum
1554 1039 1715 1096 misit
1747 1041 1906 1096 intus
1939 1058 2118 1113 super
2146 1058 2360 1115 corpus
2393 1043 2542 1113 ejus,
2569 1043 2725 1114 quod
2759 1059 3002 1115 pensau.
3027 1041 3209 1099 libras
3229 1044 3400 1110 duas,
3423 1050 3479 1100 et
3507 1043 3761 1100 alterum

477 1153 724 1209 pensau.
757 1135 939 1193 libras
972 1137 1120 1193 duas
1151 1141 1208 1193 et
1240 1138 1444 1194 uncias
1475 1142 1626 1205 octo,
1652 1140 1809 1210 quod
1838 1139 2110 1210 przecedit
2140 1156 2246 1211 per
2277 1139 2582 1195 stationes.

548 1236 697 1299 401
735 1235 839 1292 Hic
869 1251 1002 1292 vero
1029 1235 1322 1293 almiﬁcus
1354 1236 1564 1309 praesul
1598 1237 1734 1292 fecit
1761 1237 1818 1292 in
1854 1235 2157 1293 basilicam
2192 1237 2342 1292 beati
2372 1237 2533 1294 Pauli
2567 1237 2813 1310 apostoli
2848 1238 3150 1296 tburibula
3171 1240 3490 1314 apostolica
3522 1258 3589 1296 ex
3623 1257 3765 1296 auro

470 1333 792 1407 purissimo
815 1334 951 1392 duo.
980 1335 1080 1390 llic
1109 1352 1243 1390 vero
1267 1333 1556 1390 almiﬁcus
1590 1334 1800 1408 praesul
1830 1334 2122 1390 investivit
2152 1335 2360 1391 faciem
2383 1335 2587 1391 altaris
2617 1341 2831 1391 sanctae
2859 1337 2954 1392 Dei
2987 1338 3298 1394 Genitricis
3322 1339 3394 1394 ad
3419 1339 3678 1410 Praesepe
3700 1357 3769 1394 ex

477 1436 718 1506 argento
750 1433 1145 1489 mundissimo
1179 1433 1478 1501 deaurato,
1504 1435 1659 1505 quod
1694 1451 1858 1506 pens.
1886 1433 2018 1488 libr.
2049 1433 2386 1507 octuaginta
2424 1438 2479 1488 et
2511 1452 2631 1490 sex.
2658 1435 2813 1491 Fecit
2843 1441 3039 1492 autem
3092 1436 3171 1491 ibi
3220 1454 3466 1493 coronas
3515 1438 3664 1492 duas
3696 1453 3767 1492 ex

478 1534 719 1603 argento
741 1529 1060 1603 purissimo
1085 1548 1248 1603 pens.
1275 1529 1455 1588 libras
1481 1531 1911 1604 quinquaginta
1933 1535 2203 1603 quatuor.
2229 1531 2494 1587 Cortinas
2527 1534 2780 1602 majores
2806 1533 3222 1589 Alexandrinas
3242 1534 3566 1590 holoserica
3594 1551 3768 1590 orna-

400 1629 437 1683 5
479 1631 568 1692 tas
598 1627 657 1683 in
686 1628 935 1686 circuitu
971 1629 1039 1684 de
1071 1629 1336 1685 fundato.
1363 1629 1464 1684 Hic
1495 1647 1626 1684 vero
1660 1629 1992 1702 praecipuus
2035 1629 2244 1702 przesul
2280 1647 2348 1684 ex
2380 1629 2647 1704 largitate
2695 1631 3115 1704 omnipotentis
3148 1632 3269 1702 Dei,
3302 1637 3360 1688 et
3410 1632 3561 1688 beati
3609 1632 3766 1688 Petri

475 1726 746 1801 clavigeri
779 1727 940 1800 regni
975 1726 1274 1795 ccelorum,
1301 1727 1512 1783 obtulit
1545 1745 1645 1800 per
1676 1728 1980 1784 universas
2005 1731 2342 1783 sanctorum
2369 1745 2568 1784 sacras
2600 1728 2878 1785 ecclesias
2898 1729 3079 1800 hnjus
3101 1729 3268 1786 almae
3301 1731 3496 1786 Roma:
3516 1747 3765 1786 coronas

471 1825 561 1884 vel
593 1826 769 1884 etiam
802 1825 1092 1884 canistros
1113 1842 1181 1882 ex
1209 1831 1449 1900 argento
1477 1827 1816 1902 purissimo,
1837 1827 1908 1882 ob
1933 1826 2164 1882 veniam
2191 1826 2516 1882 facinorum
2546 1843 2821 1895 suorum;
2853 1827 3122 1884 videlicet
3147 1845 3160 1883 :
3186 1828 3242 1884 in
3267 1828 3512 1886 ecclesia
3533 1827 3764 1884 Domini

475 1923 657 1980 nostri
692 1923 1031 1990 Salvatoris,
1057 1940 1186 1996 quae
1219 1924 1549 1998 appellatur
1582 1924 2085 1991 Constantiniana,
2115 1925 2247 1980 fecit
2277 1941 2520 1981 coronas
2551 1942 2618 1980 ex
2650 1930 2890 1998 argento
2937 1925 3277 1998 purissimo,
3302 1943 3542 1999 pensau.
3579 1925 3765 1982 libras

471 2021 682 2094 viginti
705 2025 843 2080 tres.
868 2022 939 2078 Et
960 2021 1018 2078 in
1042 2021 1286 2078 basilica
1309 2026 1523 2078 sanctae
1548 2023 1648 2077 Dei
1673 2022 1982 2078 Genitricis
2005 2023 2076 2077 ad
2109 2023 2370 2095 Praesepe
2392 2022 2578 2078 instar
2599 2022 2726 2078 fecit
2753 2041 3029 2079 coronam
3051 2041 3120 2079 ex
3139 2029 3380 2097 argento
3409 2041 3576 2096 puro,
3602 2040 3771 2097 pens.

373 2121 443 2178 10
480 2119 663 2178 libras
695 2119 994 2176 tredecim.
1019 2121 1088 2176 Et
1119 2121 1178 2175 in
1211 2120 1454 2176 basilica
1489 2125 1703 2176 sancta:
1737 2121 1837 2176 Dei
1860 2119 2174 2176 Genitricis
2207 2121 2267 2176 in
2299 2120 2468 2176 titulo
2490 2120 2696 2177 Calixti
2731 2121 2868 2177 fecit
2899 2139 3172 2178 coronam
3208 2140 3273 2177 ex
3305 2128 3566 2194 argento,
3603 2139 3778 2194 pens.

487 2217 667 2276 libras
699 2217 979 2274 tredecim
1004 2220 1061 2274 et
1084 2217 1288 2274 uncias
1311 2223 1449 2275 tres.
1476 2219 1545 2272 Et
1575 2217 1632 2272 in
1667 2217 1936 2274 diaconia
1965 2217 2155 2289 ipsius
2189 2218 2288 2273 Dei
2311 2218 2644 2286 Genitricis,
2668 2236 2794 2292 quae
2827 2218 3158 2292 appellatur
3200 2220 3480 2292 Antiqua.
3506 2219 3787 2276 similiter

485 2315 621 2374 fecit
655 2333 931 2375 coronam
961 2333 1029 2372 ex
1059 2321 1322 2388 argento,
1349 2333 1592 2388 pensan.
1627 2315 1809 2372 libras
1852 2315 2153 2370 tredecim.
2180 2317 2250 2371 Et
2282 2315 2341 2370 in
2373 2315 2617 2371 ecclesia
2662 2321 2876 2372 sancta:
2908 2317 3008 2372 Dei
3051 2317 3364 2373 Genitricis
3393 2318 3466 2373 ad
3500 2318 3790 2390 Martyres

492 2413 631 2472 fecit
663 2430 938 2470 coronam
971 2431 1039 2469 ex
1071 2418 1330 2487 argento,
1354 2430 1601 2486 pensau.
1626 2413 1807 2468 libras
1830 2413 2137 2469 duodecim
2161 2418 2217 2468 et
2238 2413 2440 2469 uncias
2465 2418 2602 2470 tres.
2628 2415 2698 2468 Et
2725 2414 2783 2469 in
2807 2414 3075 2470 diaconia
3106 2415 3293 2486 ipsius
3321 2415 3420 2471 Dei
3445 2416 3789 2482 Genitricis,

485 2529 614 2589 quae
644 2511 975 2584 appellatur
995 2511 1327 2576 Cosmedin,
1351 2512 1556 2568 eodem
1590 2512 1763 2567 modo
1784 2511 1918 2566 fecit
1940 2527 2215 2566 coronam
2239 2529 2308 2566 ex
2329 2517 2590 2584 argento,
2618 2529 2782 2583 pens.
2809 2511 2990 2568 libras
3015 2513 3346 2579 duodecim,
3373 2530 3599 2571 necnon
3629 2518 3688 2570 et
3719 2513 3790 2569 in

380 2611 452 2668 -15
489 2609 757 2667 diaconia
787 2612 1002 2666 sancta:
1027 2609 1126 2663 Dei
1152 2609 1627 2681 Genitricis,quze
1661 2608 1990 2681 appellatur
2022 2608 2347 2676 Dominica,
2377 2609 2648 2664 simililer
2677 2609 2809 2664 fecit
2837 2625 3110 2664 coronam
3143 2627 3210 2665 ex
3242 2615 3503 2682 argento,
3529 2629 3794 2682 pensau.

488 2705 670 2768 libras
694 2722 920 2762 novem.
945 2706 1016 2762 Et
1045 2705 1103 2760 in
1137 2705 1407 2762 diaconia
1437 2710 1650 2760 sancta:
1679 2704 1781 2760 Dei
1815 2705 2145 2774 Genitricis,
2173 2723 2299 2777 qua:
2335 2707 2573 2778 ponitur
2603 2706 2695 2761 via
2716 2707 2880 2772 Lata,
2905 2705 3036 2761 fecit
3067 2723 3340 2762 coronam
3393 2724 3462 2762 ex
3514 2713 3792 2781 argento,

492 2821 737 2878 pensau.
763 2803 942 2860 libras
975 2820 1202 2860 novem.
1227 2804 1297 2858 Et
1328 2804 1387 2858 in
1420 2803 1688 2859 diaconia
1719 2807 1934 2858 sancta:
1976 2803 2170 2859 Mariae
2205 2803 2261 2858 in
2285 2806 2428 2877 Cyro
2461 2804 2598 2859 fecit
2627 2819 2902 2860 coronam
2934 2808 3290 2877 argenteam,
3315 2822 3561 2878 pensau.
3595 2805 3788 2862 libras

488 2907 638 2958 octo.
663 2902 785 2958 Ιωο
819 2905 876 2958 et
906 2901 965 2956 in
998 2899 1265 2957 diaconia
1297 2901 1476 2957 beatae
1503 2900 1602 2958 Dei
1633 2899 2108 2973 Genitricis,quaz
2140 2900 2379 2973 ponitur
2411 2901 2551 2957 foris
2583 2906 2810 2974 portam
2843 2903 2995 2958 beati
3039 2903 3188 2958 Petri
3223 2903 3493 2975 apostoli,
3520 2903 3655 2959 fecit
3685 2921 3791 2960 co-

489 3016 694 3056 ronam
726 3016 795 3055 ex
826 3002 1089 3072 argento,
1140 3015 1384 3070 pensau.
1433 2997 1614 3054 libras
1644 2997 1903 3070 quinque
1935 3003 1990 3053 et
2021 2998 2227 3054 uncias
2256 3003 2394 3054 tres.
2420 2999 2488 3054 Et
2521 2999 2580 3054 in
2613 2999 2881 3055 diaconia
2927 2998 3117 3071 ipsius
3161 3000 3262 3055 Dei
3290 3001 3624 3068 Genitricis,
3649 3018 3786 3074 qua:

383 3100 454 3158 20
489 3097 730 3172 ponitur
760 3097 820 3152 in
852 3097 1127 3152 Adriano.
1161 3097 1365 3152 eodem
1400 3097 1572 3152 modo
1608 3096 1746 3152 fecit
1777 3113 2051 3151 coronam
2085 3113 2153 3151 ex
2186 3100 2446 3168 argento,
2483 3114 2726 3169 pensau.
2763 3096 2944 3152 libras
2977 3097 3258 3169 quinque.

559 3196 714 3253 402
746 3195 981 3252 Necnon
1011 3197 1068 3249 et
1099 3194 1156 3250 in
1189 3194 1443 3250 oratorio
1488 3197 1704 3250 sanctae
1740 3194 1840 3249 Dei
1873 3193 2204 3261 Genitricis,
2239 3211 2366 3267 quae
2413 3195 2652 3266 ponitur
2683 3195 2741 3249 in
2775 3195 3145 3251 Xenodochio
3199 3195 3430 3262 Firmis,
3454 3195 3591 3253 fecit
3617 3197 3789 3254 cani-

489 3298 680 3354 strum
703 3309 772 3350 ex
793 3296 1056 3365 argento,
1082 3309 1326 3364 pensan.
1352 3291 1535 3348 libras
1557 3292 1704 3347 duas
1736 3295 1793 3347 et
1823 3290 2029 3347 uncias
2050 3295 2296 3364 septem.
2319 3292 2381 3348 In
2407 3291 2649 3348 ecclesia
2675 3292 2830 3348 beati
2855 3292 3006 3348 Petri
3029 3291 3280 3364 apostoli
3302 3293 3438 3349 fecit
3459 3293 3791 3350 canistrum

489 3393 562 3450 de
593 3394 834 3464 argento
865 3389 1206 3462 purissimo,
1231 3406 1474 3466 pensan.
1500 3389 1681 3444 libras
1697 3389 1906 3461 viginti
1930 3389 2107 3457 duas;
2132 3393 2188 3444 et
2216 3388 2275 3444 in
2307 3389 2552 3444 ecclesia
2581 3389 2734 3445 beati
2758 3388 2920 3446 Pauli
2955 3389 3202 3462 apostoli
3234 3389 3421 3446 instar
3450 3391 3584 3447 fecit
3615 3391 3790 3447 cani-

490 3468 689 3548 strum.
713 3505 782 3545 ex
812 3491 1052 3561 argento
1084 3486 1426 3560 purissimo,
1458 3503 1702 3558 pensau.
1730 3485 1912 3543 libras
1940 3489 2011 3541 22
2041 3491 2099 3543 et
2150 3487 2356 3542 uncias
2389 3491 2641 3560 quatuor
2671 3491 2728 3543 et
2757 3492 2908 3543 octo.
2943 3487 3065 3544 Imo
3115 3493 3174 3544 et
3223 3488 3282 3544 in
3331 3487 3578 3545 ecclesia
3626 3487 3789 3544 beati

416 3589 454 3644 5
487 3588 733 3643 Andrem
764 3584 1036 3658 apostoli,
1054 3601 1181 3656 quae
1203 3583 1534 3656 appellatur
1555 3583 1850 3651 Eudoxize,
1874 3584 2077 3640 eodem
2101 3585 2274 3640 modo
2302 3585 2434 3641 fecit
2455 3601 2732 3640 coronam
2765 3585 2836 3640 de
2857 3589 3120 3656 argento,
3145 3602 3311 3658 pens.
3337 3585 3518 3642 libras
3550 3603 3785 3642 novem.

490 3685 710 3744 Verum
733 3683 910 3742 etiam
933 3686 990 3739 et
1020 3682 1078 3738 in
1110 3681 1356 3738 ecclesia
1380 3682 1530 3738 beati
1565 3681 1810 3738 Joannis
1843 3681 2138 3754 Baptistae,
2164 3699 2292 3754 qure
2316 3682 2553 3756 ponitur
2566 3683 2737 3754 juxta
2761 3681 3186 3755 patriarchium
3210 3683 3620 3750 Lateranense,
3647 3683 3790 3740 fecit

490 3799 766 3844 coronam
797 3781 868 3836 de
902 3784 1164 3852 argento,
1190 3796 1434 3852 pensan.
1457 3779 1639 3835 libras
1662 3778 1941 3852 quinque.
1970 3781 2091 3836 lmo
2124 3784 2181 3835 et
2212 3779 2270 3834 in
2302 3779 2549 3835 ecclesia
2581 3779 2732 3835 beati
2764 3779 3011 3836 Joannis
3038 3779 3428 3853 evangelista,
3455 3798 3582 3854 quae
3614 3781 3787 3853 poni-

491 3885 591 3938 tur
618 3879 718 3934 ubi
751 3895 948 3950 supra,
973 3877 1109 3933 fecit
1140 3894 1415 3933 coronam
1449 3892 1518 3931 ex
1549 3881 1810 3949 argento,
1845 3894 2087 3949 pensan.
2122 3876 2301 3933 libras
2335 3877 2616 3949 quinque.
2652 3877 2795 3932 Item
2829 3882 2886 3933 et
2918 3877 2977 3933 in
3009 3877 3254 3934 ecclesia
3284 3878 3437 3933 beati
3470 3879 3782 3952 Stephani,

491 3994 618 4050 quae
653 3975 894 4048 ponitur
922 3974 982 4030 in
1014 3974 1186 4031 Coelio
1219 3979 1438 4040 monte,
1463 3974 1640 4030 simili
1675 3976 1847 4031 modo
1879 3975 2010 4031 fecit
2043 3992 2315 4030 coronam
2346 3993 2416 4038 ex
2448 3981 2711 4048 argento,
2743 3993 2988 4049 pensau.
3020 3975 3202 4031 libras
3233 3981 3457 4049 septem
3489 3981 3547 4034 et
3574 3977 3786 4033 uncias

383 4076 454 4134 40
489 4073 784 4132 undecim.
818 4073 887 4128 Et
918 4073 975 4128 in
1008 4071 1256 4128 basilica
1299 4072 1722 4144 apostolorum,
1755 4090 1882 4144 qua:
1928 4071 2168 4144 ponitur
2197 4072 2257 4127 in
2292 4072 2384 4127 via
2435 4076 2591 4140 Lata,
2626 4072 2762 4128 fecit
2790 4089 3068 4129 coronam
3117 4074 3189 4128 de
3237 4078 3499 4146 argento,
3533 4091 3781 4147 pensau.

489 4174 669 4232 libras
698 4171 1001 4228 tradecim.
1037 4172 1108 4226 Et
1137 4170 1197 4228 in
1231 4170 1476 4226 Musileo
1509 4170 1689 4226 beatae
1724 4169 2068 4235 Petronillze,
2104 4171 2257 4242 quod
2310 4170 2553 4242 ponitur
2582 4171 2653 4225 ad
2687 4171 2924 4226 beatum
2977 4171 3214 4226 Petrum
3260 4172 3614 4245 apostolum,
3649 4173 3786 4228 fecit

490 4264 765 4330 coronam
788 4289 856 4327 ex
880 4273 1143 4344 argento,
1170 4285 1418 4341 pensan,
1443 4267 1623 4325 libras
1646 4268 1872 4340 viginti.
1902 4269 1970 4324 Et
2001 4269 2058 4324 in
2085 4268 2330 4324 ecclesia
2360 4268 2747 4335 Hierusalem,
2765 4286 2892 4341 qua:
2925 4270 3162 4340 ponitur
3192 4270 3248 4324 in
3273 4269 3786 4339 Sessoriano,fecit

488 4387 763 4428 coronam
788 4370 860 4425 de
881 4371 1142 4441 argento,
1167 4384 1413 4439 pensan.
1439 4365 1623 4423 libras
1647 4367 1930 4440 quinque.
1954 4369 2024 4423 Et
2053 4367 2112 4422 in
2141 4367 2386 4424 ecclesia
2417 4367 2572 4424 beati
2597 4368 2914 4433 Laurentii,
2933 4385 3058 4440 qua:
3090 4369 3326 4441 ponitur
3348 4369 3488 4428 foris
3519 4385 3783 4441 murum,

487 4467 759 4526 similiter
789 4467 924 4523 fecit
952 4482 1228 4522 coronam
1257 4465 1326 4521 de
1359 4471 1624 4539 argento,
1654 4482 1897 4537 pensau.
1926 4465 2107 4522 libras
2157 4465 2458 4520 tredecim.
2485 4466 2556 4520 Et
2585 4464 2645 4520 in
2676 4463 2926 4521 ecclesia
2973 4465 3123 4521 beati
3178 4465 3526 4539 Apollinaris
3557 4471 3782 4539 marty-

379 4567 450 4632 45
489 4566 571 4622 ris
602 4565 738 4622 fecit
768 4581 1066 4631 coronam,
1094 4580 1337 4636 pensau.
1371 4562 1553 4619 libras
1587 4563 1850 4636 quinque
1882 4568 1938 4619 et
1981 4563 2189 4618 uncias
2222 4568 2495 4635 quatuor.
2518 4563 2738 4619 Verum
2787 4563 2963 4619 etiam
2992 4568 3049 4619 et
3081 4564 3138 4619 in
3171 4563 3415 4622 basilica
3447 4565 3603 4621 beati
3635 4564 3783 4622 Pan-

486 4662 652 4720 cratii
683 4661 1123 4734 martyris,quze
1157 4661 1396 4732 ponitur
1426 4659 1567 4716 foris
1589 4677 1847 4726 murum,
1874 4659 2078 4715 eodem
2102 4660 2275 4716 modo
2310 4661 2444 4715 fecit
2476 4677 2752 4716 coronam
2785 4678 2853 4716 ex
2874 4666 3134 4736 argento,
3160 4679 3402 4735 pensau.
3426 4661 3608 4718 libras
3629 4667 3780 4718 octo.

486 4760 643 4820 Fecit
675 4763 869 4816 autem
902 4764 960 4815 et
991 4759 1050 4814 in
1083 4757 1330 4816 ecclesia
1359 4758 1516 4814 beati
1546 4757 1836 4814 Valentini
1872 4757 2172 4831 martyris,
2204 4774 2333 4830 quae
2384 4758 2624 4830 ponitur
2657 4757 2795 4813 foris
2847 4775 3109 4825 murum,
3142 4759 3242 4815 ubi
3291 4776 3506 4832 corpus
3530 4760 3660 4831 ejus
3692 4776 3780 4815 rs-

483 4857 755 4930 quiescit,
789 4873 1067 4912 coronam
1099 4857 1172 4911 de
1202 4860 1464 4928 argento,
1489 4872 1731 4928 pensau.
1766 4854 1948 4910 libras
1980 4872 2098 4910 sex.
2124 4856 2195 4910 Et
2235 4855 2294 4910 in
2342 4855 2515 4911 titulo
2548 4855 2702 4911 beati
2735 4855 3050 4913 Clementis
3082 4857 3359 4932 martyris
3407 4861 3588 4929 atque
3634 4875 3776 4930 pon-

483 4955 656 5011 tiﬁeis
686 4955 818 5010 fecit
847 4971 1123 5010 coronam
1155 4954 1226 5009 de
1257 4957 1518 5026 argento,
1552 4970 1794 5024 pensau.
1829 4951 2010 5019 libras
2043 4952 2402 5026 quindecim.

556 5054 709 5111 403
741 5055 808 5107 Et
842 5053 896 5107 in
931 5050 1099 5107 titulo
1131 5051 1435 5107 beatorum
1483 5051 1703 5122 Aquilae
1735 5055 1791 5107 et
1824 5050 2029 5107 Priscae
2082 5051 2217 5106 fecit
2248 5068 2522 5107 coronam
2555 5068 2623 5107 ex
2654 5059 2915 5127 argento,
2951 5071 3194 5127 pensau.
3229 5053 3411 5110 libras
3460 5071 3582 5109 sex.
3616 5054 3686 5109 Et
3716 5054 3773 5108 in

480 5151 650 5206 titulo
682 5156 895 5206 sanctze
925 5150 1177 5205 Balbinae
1210 5149 1482 5204 similiter
1512 5149 1663 5204 fecit.
1701 5150 1824 5205 Imo
1857 5154 1914 5205 et
1944 5150 2002 5204 in
2037 5148 2282 5205 ecclesia
2331 5149 2517 5204 sancti
2554 5149 2700 5205 Sixti
2752 5152 3028 5225 martyris
3078 5156 3258 5224 atque
3310 5150 3608 5225 pontiﬁcis
3643 5150 3776 5207 fecit

481 5265 755 5304 coronam
789 5248 1075 5304 similiter.
1112 5252 1176 5302 Et
1209 5247 1266 5302 in
1299 5247 1469 5302 titulo
1493 5247 1680 5302 sancti
1707 5247 2003 5303 Laurentii
2029 5247 2325 5319 martyris,
2352 5264 2479 5319 quae
2512 5249 2750 5321 ponitur
2773 5251 3026 5316 Lucinae,
3053 5248 3326 5306 similiter
3347 5249 3506 5315 fecit,
3530 5266 3771 5320 pensau.

478 5345 660 5402 libras
693 5351 946 5418 quatuor
973 5350 1030 5400 et
1052 5345 1253 5400 uncias
1278 5346 1500 5400 decem.
1526 5347 1595 5400 Et
1631 5345 1690 5400 in
1723 5345 1893 5401 titulo
1944 5345 2130 5402 sancti
2185 5345 2482 5400 Laurentii
2512 5346 2808 5418 martyris,
2835 5347 2935 5420 qui
2969 5346 3301 5420 appellatur
3349 5347 3609 5413 Damasi,
3647 5346 3774 5402 fecit

405 5441 442 5496 5
479 5458 756 5500 coronam
790 5458 858 5496 ex
879 5447 1142 5514 argento,
1168 5458 1332 5512 pens.
1361 5441 1541 5496 libras
1569 5443 1848 5513 quinque.
1876 5444 1945 5498 Et
1975 5443 2034 5498 in
2063 5442 2308 5498 ecclesia
2337 5442 2523 5514 ipsius
2547 5445 2844 5518 martyris,
2871 5463 2996 5518 quae
3022 5445 3259 5518 ponitur
3283 5446 3619 5512 Formosus,
3646 5443 3772 5517 fecit

481 5539 808 5596 canistrum
841 5556 910 5595 ex
941 5543 1204 5611 argento,
1230 5555 1474 5610 pensau.
1504 5538 1682 5594 libras
1705 5540 1853 5595 duas
1877 5546 1933 5594 et.
1956 5540 2159 5596 uncias
2192 5545 2438 5612 septem.
2466 5541 2577 5596 Sed
2602 5547 2658 5597 et
2680 5543 2739 5597 in
2761 5542 2928 5598 titulo
2953 5542 3313 5599 Pammacbii
3345 5542 3479 5598 fecit
3501 5557 3768 5598 coronam

476 5653 545 5692 ex
575 5640 834 5708 argento,
860 5653 1026 5708 pens.
1051 5635 1232 5694 libras
1260 5637 1345 5690 10.
1372 5637 1440 5691 Et
1472 5636 1529 5690 in
1562 5635 1731 5691 titulo
1760 5637 2080 5692 Aimiliana:
2117 5638 2238 5710 pari
2265 5639 2436 5694 modo
2466 5639 2599 5694 fecit
2631 5657 2907 5697 coronam
2930 5642 3000 5696 de
3025 5646 3288 5715 argento,
3313 5657 3558 5712 pensau.
3593 5640 3766 5696 libras

477 5732 530 5785 4.
556 5732 790 5788 Necnon
823 5738 879 5788 et
908 5734 966 5787 in
1001 5731 1168 5788 titulo
1201 5733 1388 5788 sancti
1414 5733 1646 5788 Eusebii
1673 5735 1805 5789 fecit
1828 5752 2102 5790 coronam
2129 5736 2197 5790 de
2221 5741 2482 5808 argento,
2509 5754 2753 5808 pensau.
2785 5737 2965 5794 libras
2988 5757 3106 5794 sex.
3133 5740 3202 5794 Et
3224 5739 3280 5794 in
3305 5737 3474 5794 titulo
3498 5737 3762 5794 Praxedis

482 5826 621 5882 fecit
650 5843 946 5898 coronam,
973 5847 1137 5903 pens.
1173 5830 1352 5885 libras
1404 5832 1685 5903 quinque.
1719 5833 1788 5887 Et
1817 5833 1876 5888 in
1909 5833 2076 5888 titulo
2130 5834 2410 5889 Pudentis
2462 5835 2598 5890 fecit
2649 5853 2924 5893 coronam
2975 5855 3044 5892 ex
3091 5842 3354 5910 argento,
3386 5853 3554 5908 pens.
3587 5837 3760 5891 libras

371 5910 443 5968 10
483 5937 714 5976 novem.
748 5920 868 5978 Imo
899 5931 956 5980 et
995 5927 1056 5979 in
1085 5925 1255 5979 titulo
1305 5927 1458 5981 beati
1487 5927 1696 5983 Vitalis
1729 5929 2003 6003 martyris
2052 5930 2189 5986 fecit
2235 5946 2511 5986 coronam
2562 5948 2630 5988 ex
2679 5939 2941 6006 argento,
2976 5951 3219 6008 pensau.
3257 5934 3439 5992 libras
3470 5951 3676 5991 novem
3707 5937 3759 5990 et

484 6014 692 6073 uncias
721 6017 859 6072 tres.
881 6019 953 6075 Et
983 6019 1043 6073 in
1073 6018 1244 6075 titulo
1275 6025 1488 6078 sanctas
1520 6023 1805 6083 Susanna:
1845 6026 2119 6101 martyris
2151 6026 2426 6084 similiter
2457 6028 2594 6087 fecit
2637 6046 2933 6105 coronam,
2967 6050 3222 6109 pensau..
3244 6033 3429 6092 libras
3475 6034 3678 6094 decem
3707 6035 3758 6090 et
