3924 6418
151 408 307 475 £286
990 410 1359 474 HISTORIA
1400 411 1504 475 DE
1547 410 1751 475 VITIS
1795 411 1984 474 ROM.
2032 409 2261 472 PONT.
2294 443 2372 455 —
2414 408 2566 472 LEO
2610 408 2718 471 ΙῙῙ.
3401 364 3595 473 HM.

289 549 535 620 septem.
559 545 632 602 Et
660 543 721 602 in
751 542 923 602 titulo
956 544 1143 601 sancti
1169 543 1389 618 Cyriaci
1416 543 1548 601 fecit
1570 560 1845 602 coronam
1868 545 1938 602 de
1963 548 2222 618 argento,
2246 562 2489 617 pensan.
2512 541 2695 600 libras
2721 540 3000 616 quinque.
3023 541 3095 600 Et
3122 541 3183 600 in
3213 538 3384 601 titulo
3404 540 3565 602 beati

289 644 547 702 Marcelii
580 644 854 717 martyris
898 644 1033 699 fecit
1081 660 1354 699 coronam
1386 660 1454 698 ex
1486 649 1745 717 argento,
1772 661 1935 717 pens.
1968 642 2149 699 libras
2181 644 2398 698 decem.
2434 642 2670 699 Necnon
2719 646 2776 698 et
2821 641 2881 697 in
2938 640 3111 698 titulo
3168 640 3323 699 beati
3381 638 3563 699 Marci

290 743 565 817 martyris
597 742 733 799 fecit
764 758 1036 798 coronam
1069 741 1359 798 similiter.
1394 742 1462 797 Et
1493 742 1549 797 in
1584 740 1753 797 titulo
1786 743 1967 797 beatae
2000 742 2312 797 Anastasis:
2343 738 2477 796 fecit
2507 757 2802 805 coronam,
2835 756 2999 813 pens.
3032 738 3214 796 libras
3252 744 3476 814 septem
3506 744 3565 797 et

184 842 252 899 45
288 843 496 898 uncias
525 857 752 897 novem.
776 840 1012 896 Necnon
1043 845 1100 895 et
1130 839 1189 894 in
1223 839 1392 895 titulo
1423 839 1660 894 Crecilize
1693 840 1880 895 instar
1910 839 2045 894 fecit
2066 856 2339 895 coronam
2371 855 2439 894 ex
2468 842 2726 910 argento,
2753 855 2914 910 pens.
2939 836 3115 893 simul
3146 836 3328 894 libras
3359 838 3562 896 decem

202 954 211 957 λ
286 945 345 996 et
376 938 612 995 unciam
643 936 992 994 unam.Etin
1008 936 1179 993 titulo
1194 936 1343 993 beati
1363 937 2012 1011 Chrysogonimartyris
2028 934 3244 1009 fecitcoronamexargento,pensan.1ibras
3274 934 3560 1010 quinque.

359 1040 516 1094 404
548 1034 937 1092 Verumetirm
971 1040 1029 1091 et
1058 1035 1116 1090 in
1152 1034 1419 1090 diaconia
1470 1040 1809 1091 sanctorum
1859 1035 2023 1091 Nerei
2056 1038 2113 1091 et
2141 1034 2382 1091 Achillei
2414 1034 2546 1091 fecit
2575 1052 2848 1090 coronam
2902 1035 2973 1090 de
3020 1024 3280 1109 argento,
3313 1052 3559 1108 pensan.

288 1135 470 1191 libras
492 1151 592 1191 sex
614 1138 671 1191 et
694 1133 898 1189 uncias
931 1133 1214 1205 quinque.
1242 1137 1305 1186 Et
1331 1131 1388 1186 in
1423 1133 1693 1188 diaconia
1714 1139 1927 1188 sanctae
1955 1133 2165 1198 Lucim,
2188 1150 2314 1205 quae
2348 1133 2585 1205 ponitur
2614 1131 2670 1187 in
2706 1136 2927 1205 septem
2947 1130 3091 1198 Viis,
3117 1131 3253 1188 fecit
3282 1148 3559 1188 coronam

287 1250 356 1289 ex
387 1236 647 1306 argento,
680 1247 925 1304 pensan.
957 1229 1140 1285 libras
1172 1247 1271 1285 sex
1302 1233 1359 1285 et
1389 1230 1593 1286 uncias
1627 1235 1873 1303 septem.
1908 1231 1979 1286 Et
2008 1230 2066 1285 in
2099 1230 2368 1286 diaconia
2406 1230 2590 1287 sancti
2623 1229 2900 1286 Bonifacii
2930 1227 3203 1286 similiter
3232 1228 3366 1287 fecit
3393 1246 3558 1287 coro-

286 1347 448 1396 nam,
472 1345 717 1403 pensan.
748 1327 929 1384 libras
962 1332 1207 1400 septem.
1237 1328 1306 1382 Et
1338 1328 1395 1382 in
1430 1327 1696 1383 diaconia
1729 1328 1913 1383 sancti
1948 1328 2176 1401 Georgii
2209 1328 2342 1383 fecit
2374 1345 2645 1384 coronam
2695 1345 2762 1384 ex
2811 1331 3074 1401 argento,
3100 1345 3342 1400 pensan.
3373 1320 3558 1387 libras

213 1430 251 1486 5
287 1428 570 1502 quinque.
593 1426 665 1482 Et
691 1426 749 1481 in
781 1424 1048 1481 diaconia
1080 1425 1266 1481 sancti
1321 1424 1613 1481 Theodori
1663 1426 1866 1481 eodem
1919 1427 2091 1481 modo
2142 1425 2277 1481 fecit
2323 1442 2618 1493 coronam,
2653 1442 2894 1499 pensan.
2927 1424 3111 1482 libras
3139 1442 3237 1482 sex
3266 1429 3325 1482 et
3352 1423 3558 1483 unicae

284 1530 432 1583 octo.
466 1525 539 1581 Et
568 1525 627 1579 in
658 1523 925 1580 diaconia
955 1527 1293 1579 sanctorum
1326 1521 1511 1596 Sergii
1543 1527 1600 1579 et
1632 1523 1841 1578 Bacchi
1876 1523 2008 1579 fecit
2037 1540 2312 1579 coronam
2358 1540 2427 1580 ex
2464 1527 2725 1597 argento,
2759 1541 3002 1597 pensan.
3032 1523 3214 1580 libras
3244 1540 3363 1581 sex.
3396 1523 3467 1580 Et
3496 1523 3558 1583 in

286 1622 555 1680 diaconia
585 1625 923 1678 sanctorum
955 1620 1175 1677 Cosmzc
1208 1624 1264 1676 et
1295 1619 1562 1675 Damiani
1598 1620 1730 1675 fecit
1776 1636 2071 1688 coronam,
2097 1637 2340 1693 pensan.
2373 1620 2555 1677 libras
2607 1620 2867 1695 quinque
2896 1624 2953 1678 et
2983 1620 3186 1678 uncias
3216 1624 3365 1677 octo.
3398 1621 3469 1677 Et
3496 1620 3559 1678 in

288 1718 557 1778 diaconia
581 1718 768 1775 sancti
799 1716 1036 1774 Adriani
1068 1716 1343 1790 martyris
1389 1716 1521 1773 fecit
1568 1732 1842 1773 coronam
1876 1735 1943 1774 ex
1974 1722 2236 1791 argento,
2273 1736 2514 1792 pensan.
2548 1718 2730 1775 libras
2762 1736 2880 1775 sex.
2915 1719 3028 1775 Sed
3076 1723 3134 1776 et
3181 1718 3241 1775 in
3292 1717 3560 1776 diaconia

286 1818 479 1875 sancti
512 1813 852 1889 Archangeli
885 1815 1021 1871 fecit
1050 1830 1325 1871 coranam
1358 1830 1427 1870 cx
1458 1819 1716 1887 argento,
1742 1828 1988 1888 pensan.
2011 1815 2192 1871 libras
2222 1833 2339 1872 sex.
2375 1816 2485 1872 Sed
2530 1820 2587 1872 et
2635 1814 2696 1871 in
2745 1815 3013 1873 diaconia
3042 1817 3226 1873 sancti
3258 1814 3559 1877 Eustachii

179 1917 253 1974 l0
287 1915 563 1973 similiter
589 1913 746 1981 fecit,
768 1930 1013 1987 pensan.
1036 1911 1220 1968 libras
1252 1929 1349 1967 sex
1379 1916 1435 1967 et
1464 1912 1668 1968 uncias
1700 1913 1978 1985 quinque.
2003 1913 2072 1969 Et
2101 1913 2161 1969 in
2193 1912 2462 1969 diaconia
2491 1917 2705 1971 sanctae
2738 1914 2949 1981 Lucius,
2973 1932 3099 1988 qua:
3129 1914 3368 1989 ponitur
3387 1918 3563 1990 juxta

283 2013 537 2087 Orphea,
558 2011 681 2086 pari
714 2011 887 2067 modo
917 2009 1053 2066 fecit
1083 2026 1358 2066 coronam
1391 2026 1458 2066 ex
1489 2013 1750 2083 argento,
1776 2028 2019 2083 pensan.
2045 2010 2225 2067 libras
2257 2029 2358 2068 sex
2394 2016 2452 2067 et
2483 2011 2688 2068 uncias
2726 2012 2894 2070 duas.
2920 2013 3225 2088 Simulque
3252 2018 3311 2071 et
3337 2014 3398 2072 in
3430 2014 3559 2074 dia-

282 2112 454 2169 conia
482 2109 635 2167 beati
665 2108 782 2164 Viti
814 2108 1110 2182 martyris,
1139 2125 1265 2182 quae
1299 2108 1537 2181 ponitur
1566 2108 1624 2163 in
1658 2108 1921 2175 Macello,
1948 2109 2081 2164 fecit
2108 2126 2381 2167 coronam
2414 2127 2483 2166 ex
2514 2112 2776 2185 argento,
2813 2128 3058 2185 pensan.
3080 2111 3261 2169 libras
3292 2130 3411 2171 sex.
3437 2108 3559 2172 lmo

280 2213 339 2266 et
367 2208 428 2265 in
460 2208 729 2265 diaconia
757 2210 970 2263 sancta
1001 2206 1238 2279 Agathze
1261 2204 1531 2261 similiter
1553 2206 1683 2261 fecit
1706 2222 1978 2262 coronam
2012 2223 2080 2262 ex
2110 2212 2369 2280 argento,
2394 2225 2636 2280 pensan.
2662 2208 2843 2265 libras
2870 2209 3151 2283 quinque.
3176 2210 3334 2268 Fecit
3363 2216 3558 2270 autem

279 2311 337 2364 et
365 2307 425 2363 in
458 2306 729 2363 diaconia
755 2304 942 2360 sancti
968 2303 1250 2369 Silvestri,
1276 2320 1403 2375 qua:
1437 2303 1678 2375 ponitur
1725 2304 1898 2375 juxta
1944 2305 2179 2360 beatum
2236 2305 2469 2361 Petrum
2502 2305 2855 2378 apostolum,
2879 2322 3153 2364 coronam
3199 2314 3559 2383 argenteam,

174 2406 244 2463 15
281 2422 527 2478 pensan.
560 2402 743 2460 libras
774 2406 1045 2475 quatuor.
1066 2400 1465 2456 Verumetiam
1498 2404 1555 2455 et
1586 2400 1642 2455 in
1667 2400 1934 2457 diaconia
1955 2402 2140 2457 sancti
2170 2403 2426 2469 Martini,
2452 2420 2579 2475 quae
2611 2404 2851 2476 ponitur
2871 2404 3042 2477 juxta
3060 2406 3299 2463 beatum
3326 2407 3558 2467 Petrum

283 2500 639 2577 apostolum,
668 2500 859 2557 instar
887 2498 1021 2556 fecit
1052 2514 1326 2554 coronam
1367 2514 1436 2553 ex
1480 2501 1742 2570 argento,
1777 2516 2021 2571 pensan.
2057 2500 2239 2557 libras
2271 2500 2531 2573 quinque
2562 2505 2620 2557 et
2649 2501 2854 2558 uncias
2884 2507 3025 2560 tres.
3062 2502 3185 2561 Imo
3212 2509 3271 2561 et
3300 2505 3360 2561 in
3388 2506 3562 2564 titulo

282 2604 623 2659 sanctorum
655 2597 917 2656 Silvestri
948 2602 1006 2654 et
1037 2597 1295 2666 Martini,
1321 2596 1420 2670 qui
1452 2595 1689 2670 ponitur
1709 2598 1884 2668 juxta
1914 2597 2167 2672 Orphea,
2202 2616 2478 2655 coronam
2509 2616 2577 2656 ex
2606 2603 2866 2673 argento,
2892 2618 3137 2673 pensan.
3170 2600 3353 2661 libras
3383 2620 3483 2661 sex
3509 2609 3568 2663 et

282 2698 491 2755 uncias
522 2698 691 2755 duas.

357 2794 510 2853 405
545 2794 673 2868 lpse
700 2811 837 2851 vero
868 2811 902 2849 a
931 2794 1047 2849 Deo
1079 2797 1377 2866 protectus
1408 2797 1465 2848 et
1496 2793 1813 2866 praeclarus
1842 2793 2103 2864 pontifex
2132 2793 2269 2849 fecit
2299 2793 2358 2849 in
2392 2795 2746 2853 monasterio
2777 2796 2966 2853 sancti
2999 2796 3163 2855 Saba:
3194 2815 3467 2857 coronam
3499 2815 3569 2858 ex

289 2898 553 2967 argento,
577 2909 819 2966 pensan.
845 2891 1025 2947 libras
1055 2894 1089 2946 8
1118 2896 1176 2947 et
1207 2891 1409 2947 uncias
1440 2891 1661 2947 decem.
1685 2890 2083 2946 Verumetiam
2114 2894 2171 2947 et
2200 2892 2259 2945 in
2292 2893 2650 2949 monasterio
2680 2892 2831 2949 beati
2854 2894 3148 2950 Anastasii
3172 2892 3445 2969 martyris
3473 2914 3568 2955 eo-

287 2993 422 3049 dem
452 2991 628 3048 mod‘o
658 2990 795 3047 fecit
823 3006 1098 3046 coronam
1129 3006 1197 3045 ex
1228 2994 1489 3061 argento,
1514 3007 1758 3063 pensan.
1782 2988 1963 3044 libras
1986 2992 2115 3044 octo
2140 2992 2197 3044 et
2222 2988 2426 3045 uncias
2450 2994 2703 3062 quatuor
2722 2994 2778 3046 et
2802 2991 3001 3047 semis.
3030 2989 3141 3047 Sed
3171 2996 3231 3048 et
3261 2991 3321 3048 in
3354 3009 3563 3051 mona-

284 3089 463 3146 sterio
496 3087 682 3145 sancti
718 3088 973 3157 Andreae,
1008 3087 1164 3159 quod
1198 3087 1437 3159 ponitur
1466 3087 1524 3141 in
1557 3086 1745 3142 clibus
1794 3085 1975 3156 cauri,
2006 3085 2278 3142 similiter
2321 3084 2455 3142 fecit
2501 3103 2777 3143 coronam
2807 3103 2876 3143 ex
2905 3091 3144 3160 argento
3189 3100 3365 3163 puro,
3390 3106 3556 3163 pens.

205 3187 251 3244 5
283 3186 464 3243 libras
495 3187 774 3259 quinque.
807 3186 877 3242 Et
905 3186 963 3241 in
996 3186 1352 3241 monasterio
1396 3185 1576 3241 beatae
1607 3184 1843 3258 Agathe:
1885 3183 2179 3256 martyris,
2212 3183 2366 3255 quod
2416 3182 2654 3256 ponitur
2701 3200 2879 3256 super
2908 3184 3255 3253 Suburram,
3288 3184 3561 3244 similiter

280 3284 437 3340 fecit.
461 3284 696 3340 Necnon
729 3287 788 3339 et
821 3283 878 3338 in
906 3282 1264 3339 monasterio
1288 3283 1473 3338 sancti
1497 3281 1745 3349 Erasmi,
1770 3281 1925 3353 quod
1950 3282 2188 3353 ponitur
2214 3280 2275 3335 in
2302 3279 2476 3337 Coelio
2509 3285 2726 3347 monte,
2752 3281 2889 3337 fecit
2907 3298 3183 3338 coronam
3204 3299 3273 3339 ex
3293 3288 3554 3357 argento,

277 3399 524 3455 pensan.
558 3379 741 3437 libras
771 3382 804 3436 4
832 3384 889 3436 et
918 3380 1125 3436 uncias
1157 3380 1325 3435 duas.
1361 3379 1551 3435 Simili
1600 3379 1773 3435 modo
1804 3382 1862 3434 et
1891 3378 1951 3433 in
2003 3376 2357 3434 monasterio
2389 3378 2574 3434 sancti
2608 3377 2869 3435 Silvestri
2914 3397 3190 3436 coronam
3219 3390 3288 3437 ex
3317 3386 3557 3455 argento

277 3495 526 3552 pensan.
547 3478 731 3535 libras
750 3481 805 3546 6,
832 3478 1038 3534 uncias
1060 3482 1196 3533 tres.
1231 3478 1300 3532 Et
1332 3477 1390 3531 in
1423 3476 1778 3532 monasterio
1802 3474 1955 3531 beati
1980 3474 2276 3531 Laurentii
2308 3475 2601 3548 martyris,
2625 3475 2726 3549 qui
2746 3474 3075 3549 appellatur
3096 3474 3393 3548 Pallacini,
3419 3479 3559 3537 fecit

275 3576 605 3633 canistrum
637 3576 709 3631 de
739 3578 1003 3648 argento,
1023 3590 1188 3647 pens.
1214 3574 1396 3630 libras
1425 3577 1459 3629 2
1499 3578 1556 3629 et
1585 3573 1790 3629 uncias
1821 3576 2065 3644 septem.
2090 3571 2396 3628 Enimvero
2427 3577 2483 3628 et
2514 3572 2574 3628 in
2607 3573 2960 3631 monasterio
3009 3574 3197 3632 sancti
3245 3575 3556 3646 Pancratii,

170 3674 241 3729 1ο
277 3673 436 3746 quod
470 3670 710 3745 ponitur
730 3672 902 3744 juxta
932 3669 1237 3726 basilicam
1269 3668 1607 3735 Salvatoris,
1640 3670 1777 3725 fecit
1821 3686 2096 3725 coronam
2142 3669 2211 3724 de
2243 3673 2503 3742 argento,
2536 3687 2780 3743 pensan.
2804 3670 3041 3729 libras5
3069 3677 3127 3729 et
3171 3673 3371 3731 semis.
3400 3666 3558 3733 Fecit

274 3775 475 3826 autem
505 3773 563 3825 et
592 3769 651 3825 in
684 3768 1037 3824 monasterio
1068 3772 1405 3823 sanctorum
1435 3767 1673 3823 Andreae
1696 3772 1751 3823 et
1772 3764 2200 3836 Bartholomaei,
2224 3768 2377 3839 quod
2408 3767 2737 3840 appellatur
2761 3769 2997 3837 Honori,
3020 3769 3347 3828 canistrum
3381 3789 3451 3829 ex
3470 3790 3558 3829 ar-

279 3870 481 3942 gento,
503 3882 747 3939 ponsan.
772 3864 954 3921 libras
975 3869 1115 3921 tres.
1139 3864 1210 3920 Et
1240 3864 1300 3920 in
1334 3865 1687 3921 monasterio
1719 3864 1907 3921 sancti
1940 3863 2243 3936 Stephani,
2278 3865 2434 3937 quod
2474 3865 2712 3937 ponitur
2747 3866 2920 3938 juxta
2948 3868 3271 3937 Lateranis,
3295 3864 3432 3926 fecit
3460 3886 3555 3926 ca-

281 3965 540 4021 nistrum
572 3964 644 4019 de
673 3967 932 4037 argento,
956 3977 1200 4034 pensan.
1227 3960 1409 4017 libras
1440 3960 1609 4016 duas.
1632 3960 1937 4032 Simulque
1967 3964 2024 4015 et
2052 3959 2113 4015 in
2147 3961 2501 4018 monasterio
2532 3961 2722 4035 ipsius
2748 3962 2923 4036 primi
2946 3964 3221 4039 martyris
3251 3965 3554 4039 Stephani,

282 4062 441 4135 quod
475 4061 716 4133 ponitur
741 4060 815 4116 ad
846 4060 1084 4115 beatum
1115 4058 1352 4113 Petrum
1384 4056 1737 4130 apostolum,
1762 4056 1898 4112 fecit
1928 4057 2251 4113 canistrum
2282 4073 2352 4113 ex
2382 4063 2640 4131 argento,
2668 4077 2911 4132 pensan.
2935 4060 3117 4118 libras
3134 4066 3255 4119 tres
3276 4066 3333 4119 et
3352 4063 3553 4122 semis.

171 4160 247 4217 45
284 4159 415 4232 Ipse
442 4173 578 4214 vero
609 4156 901 4213 almiflous
934 4155 1145 4229 praesul
1171 4155 1304 4211 fecit
1332 4154 1391 4210 in
1420 4155 1773 4210 monasterio
1796 4159 2135 4210 sanctorum
2164 4154 2411 4211 Joannis
2441 4160 2497 4212 et
2526 4156 2711 4224 Pauli,
2735 4158 2835 4231 qui
2865 4158 3107 4230 ponitur
3116 4159 3288 4230 juxta
3318 4158 3555 4217 beatum

290 4258 521 4313 Petrum
554 4254 906 4328 apostolum,
931 4253 1255 4310 canistrum
1286 4270 1353 4309 ex
1380 4256 1642 4325 argento,
1667 4267 1909 4324 pensan.
1935 4251 2115 4307 libras
2147 4259 2279 4307 tres.
2310 4252 2438 4307 Pari
2472 4254 2644 4309 modo
2673 4254 2807 4309 fecit
2826 4258 2883 4311 et
2909 4254 2969 4310 in
2993 4255 3346 4312 monasterio
3368 4256 3556 4313 sancti

284 4353 545 4419 Martini,
569 4352 722 4425 quod
755 4351 993 4425 ponitur
1021 4354 1087 4406 ut
1115 4368 1314 4423 supra,
1339 4350 1686 4417 canistrum,
1713 4366 1955 4422 pensan.
1990 4348 2170 4404 libras
2203 4355 2456 4421 quatuor
2502 4355 2559 4406 et
2601 4352 2806 4408 uncias
2838 4351 3006 4409 duas.
3032 4353 3143 4409 Sed
3175 4357 3233 4409 et
3260 4353 3320 4409 in
3351 4371 3556 4411 mona-

282 4451 462 4508 sterio
492 4450 683 4505 sancti
714 4449 1015 4522 Stephani,
1043 4448 1143 4504 ubi
1188 4464 1388 4520 supra,
1410 4448 1565 4520 quod
1593 4446 1922 4519 appellatur
1949 4446 2245 4519 Catagalla
2274 4447 2535 4516 Patritia,
2571 4449 2695 4521 pari
2746 4450 2918 4505 modo
2966 4450 3103 4506 fecit
3132 4449 3457 4509 canistrum
3487 4469 3559 4510 ex

283 4552 549 4621 argento,
583 4564 825 4619 pensan.
856 4546 1038 4602 libras
1085 4545 1234 4601 duas
1265 4549 1323 4601 et
1352 4544 1546 4601 semis.
1584 4543 1889 4617 Simulque
1917 4548 1973 4599 et
2003 4543 2063 4599 in
2098 4544 2451 4600 monasterio
2483 4544 2669 4601 sancti
2703 4546 2956 4616 Caesarii,
2990 4549 3145 4621 quod
3195 4548 3434 4622 ponitur
3482 4551 3556 4609 ad

170 4649 247 4702 ω
283 4647 524 4703 beatum
557 4644 804 4700 Paulum
836 4643 1187 4716 apostolum,
1210 4642 1400 4698 instar
1429 4642 1561 4698 fecit
1591 4642 1918 4697 canistrum
1957 4657 2026 4697 ex
2068 4646 2327 4714 argento,
2361 4657 2606 4715 pensan.
2639 4642 2821 4701 libras
2852 4648 2988 4701 tres.
3012 4646 3082 4700 Et
3112 4645 3172 4702 in
3203 4644 3558 4705 monasterio

284 4742 476 4800 sancti
508 4742 812 4814 Stephani,
846 4741 947 4796 ubi
980 4758 1178 4813 supra,
1214 4739 1348 4796 fecit
1390 4740 1732 4808 canistrum,
1766 4756 2008 4811 pensan.
2041 4738 2223 4794 libras
2263 4740 2431 4796 duas.
2467 4740 2588 4796 Imo
2619 4745 2676 4797 et
2706 4742 2767 4797 in
2812 4742 3167 4800 monasterio
3216 4746 3557 4802 sanctorum

284 4842 595 4897 Gosmaa'et
620 4838 909 4908 Damiani,
932 4839 1089 4911 quod
1120 4837 1359 4911 ponitur
1379 4839 1550 4910 juxta
1581 4837 1840 4910 Praasepe
1874 4836 2005 4892 fecit
2045 4835 2369 4892 canistrum
2418 4854 2488 4893 ex
2535 4843 2795 4911 argento,
2833 4856 3078 4911 pensan.
3110 4839 3292 4899 libras
3322 4842 3472 4899 duas
3501 4847 3561 4899 et

286 4939 497 4996 uncias
526 4938 694 4993 duas.
718 4936 911 4994 Simili
940 4937 1112 4993 modo
1136 4937 1272 4992 fecit
1290 4936 1349 4990 in
1375 4934 1731 4991 monasterio
1754 4934 1941 4990 sancti
1962 4933 2387 5006 Andreae,quod
2411 4934 2738 5008 appellatur
2758 4937 2953 4994 Massa
2970 4937 3558 5006 Juliana,oanistrum

287 5052 364 5093 ex-
389 5038 653 5108 argento,
675 5048 916 5106 pensan.
941 5033 1125 5089 libras
1146 5034 1315 5089 duas.
1340 5033 1574 5088 Necnon
1605 5037 1662 5087 et
1690 5032 1749 5086 in
1782 5031 2135 5087 monasterio
2157 5030 2343 5086 sancti
2361 5032 2623 5100 Adriani,
2648 5035 2805 5106 quod
2825 5035 3067 5106 ponitur
3088 5037 3257 5108 juxta
3276 5035 3558 5111 Praesepe,

168 5137 247 5192 25
284 5134 477 5189 instar
505 5132 642 5188 fecit
659 5130 1005 5199 canistrum,
1029 5147 1195 5204 pens.
1216 5130 1399 5186 libras
1420 5131 1589 5185 duas.
1612 5130 1683 5185 Et
1713 5128 1771 5183 in
1796 5128 2147 5185 monasterio
2168 5128 2355 5184 sancti
2377 5129 2665 5199 Cassiani,
2689 5133 2842 5203 quod
2872 5132 3111 5205 ponitur
3129 5133 3303 5205 juxta
3323 5134 3562 5193 beatum

286 5228 692 5286 Baurentium.
724 5232 1044 5301 martyrem
1074 5228 1217 5283 foris
1248 5243 1506 5293 murum,
1543 5226 1676 5282 fecit
1706 5226 2030 5282 canistrum
2062 5243 2132 5281 ex
2161 5231 2421 5300 argento,
2457 5244 2699 5299 pensan.
2732 5229 2911 5287 libras
2941 5231 3109 5288 duas.

362 5328 520 5383 400
551 5324 708 5382 Fecit
748 5329 945 5381 autem
976 5325 1035 5380 in
1068 5324 1421 5381 monasterio
1475 5323 1662 5380 sancti
1710 5323 2012 5396 Stephani,
2046 5323 2149 5395 qui
2180 5324 2417 5396 ponitur
2444 5325 2544 5380 ubi
2576 5343 2777 5399 supra,
2811 5328 3135 5385 canistrum
3183 5346 3253 5387 ex
3299 5333 3569 5405 argento,

288 5441 538 5500 pensan.
562 5424 745 5480 libras
773 5424 922 5479 duas
942 5427 1001 5479 et
1030 5421 1229 5479 semis.
1252 5422 1650 5479 Verumetiam
1681 5426 1737 5476 et
1764 5421 1824 5476 in
1856 5422 2210 5477 monasterio
2241 5422 2427 5478 sancti
2452 5421 2712 5492 Victorii,
2739 5428 2894 5498 quod
2927 5426 3166 5500 ponitur
3189 5430 3262 5485 ad
3291 5434 3567 5488 sanctum

289 5522 690 5589 Pancratium,
717 5519 853 5576 fecit
873 5521 1196 5576 canistrum
1222 5537 1291 5576 ex
1312 5523 1572 5591 argento,
1599 5535 1842 5591 pensan.
1867 5517 2049 5574 libras
2076 5519 2225 5574 duas
2247 5525 2306 5575 et
2326 5521 2531 5577 uncias
2554 5526 2797 5594 septem.
2822 5525 2891 5579 Et
2919 5525 2979 5580 in
3002 5528 3357 5585 monasterio
3379 5530 3570 5588 sancti

290 5619 655 5695 Chrysogoni
677 5618 950 5675 similiter
972 5618 1105 5674 fecit
1126 5619 1473 5683 canistrum,
1495 5635 1737 5690 pensan.
1758 5617 1940 5673 libras
1960 5622 2095 5674 tres.
2124 5618 2251 5690 Ipse
2270 5636 2403 5675 vero
2425 5619 2715 5678 almiticus
2735 5623 2947 5695 praesul
2972 5624 3108 5681 fecit
3130 5626 3192 5683 in
3214 5630 3573 5687 monasterio

216 5722 267 5777 5'
292 5722 513 5776 sanctae
544 5716 760 5784 Maria,
785 5717 940 5788 quod
975 5715 1305 5788 appellatur
1337 5715 1645 5781 Ambrosii,
1673 5715 1996 5770 canistrum
2022 5732 2090 5770 ex
2121 5721 2379 5787 argento,
2407 5734 2571 5788 pens.
2594 5717 2775 5776 libras
2807 5722 2975 5778 duas.
3001 5724 3130 5780 Pari
3159 5727 3333 5784 modo
3364 5728 3499 5786 fecit
3518 5733 3578 5786 et

292 5816 359 5872 in
387 5812 747 5871 monasterio
778 5817 992 5868 sancta:
1024 5813 1239 5879 Mariae,
1270 5813 1425 5884 quod
1456 5811 1788 5884 appellatur
1816 5812 2005 5880 Julia},
2041 5818 2101 5866 ut
2148 5830 2338 5884 sapra.
2374 5814 2486 5869 Sed
2520 5821 2575 5871 et
2613 5816 2673 5872 in
2707 5822 3062 5880 monasterio
3093 5826 3279 5883 sancti
3310 5829 3577 5898 Andrea,

300 5914 458 5987 quod
488 5911 735 5986 ponitur
754 5910 926 5982 juxta
957 5909 1260 5966 basilicam
1293 5908 1713 5981 apostolorum,
1751 5909 1885 5965 fecit
1930 5909 2221 5965 similiter.
2254 5910 2561 5985 Simulque
2592 5920 2648 5971 et
2676 5916 2735 5972 in
2768 5921 3022 5979 oratorio
3051 5926 3241 5983 sancti
3273 5927 3573 6000 Stephani,

303 6011 462 6084 quod
494 6006 735 6082 ponitur
761 6006 822 6062 in
850 6004 1082 6073 Dulciti,
1109 6006 1242 6061 fecit
1272 6005 1594 6062 canistrum
1627 6023 1696 6062 ex
1726 6011 1989 6079 argento,
2014 6022 2259 6078 pensan.
2283 6007 2463 6066 libras
2486 6011 2632 6069 duas
2655 6019 2711 6070 et
2732 6019 2938 6076 uncias
2968 6025 3246 6100 quinque.
3270 6027 3571 6085 Enimvero

268 6140 271 6143 -
304 6111 371 6169 et’
392 6109 455 6168 in
469 6129 473 6135 '
487 6104 747 6166 oratorio
767 6107 1105 6164 sanctorum
1123 6102 1311 6177 Sergii
1339 6107 1397 6160 et
1417 6103 1646 6173 Bacchi,
1671 6104 1771 6176 qui
1794 6103 2032 6177 ponitur
2060 6104 2121 6161 in
2152 6104 2450 6179 Callinico,
2474 6110 2749 6171 similiter
2768 6116 2905 6176 fecit
2927 6122 3269 6183 canistrum.
3292 6125 3414 6185 Ιωο
3434 6127 3492 6184 et
3508 6122 3565 6179 in
