3924 6424
294 360 453 425 1235
1449 363 1843 426 ΑΝΑΞΤΑΞΙῘ

2180 362 2564 426 THECARII.
3560 366 3729 433 1236

331 497 400 552 10
438 495 793 552 monasterio
826 494 1014 552 sancti
1044 494 1295 569 Agapiti,
1321 496 1477 566 quod
1509 495 1746 567 ponitur
1766 495 1938 568 juxta
1960 494 2198 551 titulum
2218 496 2664 563 Eudoxize,fecit
2687 495 2962 554 similiter
2985 497 3311 555 canistrum
3344 504 3723 574 argenteum,

436 599 493 652 et
524 596 722 650 semis.
750 594 938 650 Simili
966 595 1138 650 modo
1169 600 1224 649 et
1256 594 1315 648 in
1340 594 1589 649 oratorio
1613 599 1825 650 sanctae
1849 594 2107 666 Agnetis,
2133 594 2288 667 quod
2323 594 2560 667 ponitur
2579 596 2637 650 in
2661 595 3037 662 monasterio,
3063 597 3218 669 quod
3243 596 3577 670 appellatur
3596 599 3726 655 Duo

437 694 650 761 Furna,
678 693 814 747 fecit
843 693 1165 747 canistrum
1199 709 1268 747 ex
1299 697 1561 764 argento,
1587 709 1752 764 pens.
1786 692 1968 747 libras
1999 693 2146 748 duas
2168 697 2225 748 et
2247 691 2449 749 uncias
2479 698 2627 749 octo.
2654 693 2889 749 Necnon
2911 698 2969 750 et
2999 694 3058 749 in
3089 696 3340 750 oratorio
3371 696 3560 752 sancti
3582 697 3725 766 Viti,

437 791 592 862 quod
624 790 861 862 ponitur
891 789 950 845 in
984 789 1362 861 monasterio,
1398 791 1552 862 quod
1601 789 1932 862 appellatur
1962 790 2032 844 dc
2063 790 2299 857 Sardas,
2336 790 2474 846 fecit
2505 790 2828 847 canistrum
2860 809 2929 847 ex
2969 797 3230 865 argento,
3265 810 3508 866 pensan,
3539 794 3727 852 libras

437 894 575 944 tres.
610 889 678 943 Et
707 888 765 942 in
801 887 1156 944 monasterio
1185 893 1398 943 sanctae
1427 887 1679 942 Vivianae
1712 887 1986 944 similiter
2016 887 2153 942 fecit
2183 887 2505 944 canistrum
2536 905 2604 945 ex
2635 894 2895 962 argento,
2928 907 3093 962 pens.
3135 890 3316 948 libras
3347 892 3495 948 duas
3525 896 3582 949 et
3614 912 3727 951 un-

335 989 402 1044 15
440 987 560 1043 cias
593 1003 821 1042 novem.
850 986 1005 1042 Fecit
1035 990 1229 1042 autem
1260 988 1320 1043 et
1350 986 1407 1041 in
1440 986 1693 1042 oratorio
1727 990 1941 1042 saneta:
1974 985 2182 1055 Luciaa,
2208 987 2364 1058 quod
2395 986 2635 1060 ponitur
2673 987 2734 1043 in
2779 989 3135 1046 monasterio
3166 989 3237 1046 de
3267 990 3498 1062 Renati,
3524 993 3726 1050 canis-

439 1090 596 1141 trum
630 1102 698 1140 ex
729 1089 988 1157 argento,
1024 1101 1188 1158 pens.
1221 1083 1402 1140 libras
1435 1085 1602 1140 duas.

512 1185 660 1240 401
697 1183 1092 1239 Verumetiam
1125 1187 1181 1238 et
1213 1182 1271 1236 in
1303 1183 1552 1238 oratorio
1581 1186 1794 1238 sanctae
1828 1182 2044 1251 Maria,
2078 1183 2233 1256 quod
2265 1184 2505 1256 ponitur
2534 1183 2594 1238 in
2628 1184 2984 1241 monasterio
3017 1185 3340 1255 Michaelis,
3365 1187 3554 1246 instar
3584 1191 3723 1247 fecit

440 1281 765 1339 canistrum
797 1299 864 1336 ex
895 1285 1154 1354 argento,
1180 1298 1423 1353 pensan.
1451 1280 1631 1337 libras
1664 1282 1811 1337 duas
1834 1285 1890 1336 et
1912 1281 2117 1337 uncias
2149 1282 2319 1336 duas.
2345 1283 2414 1336 Et
2444 1283 2502 1336 in
2528 1283 2882 1339 monasterio
2905 1283 3093 1340 sancti
3115 1285 3299 1359 Sergii
3319 1287 3522 1342 eodem
3548 1289 3724 1345 modo

439 1381 575 1437 fecit
605 1380 925 1436 canistrum
960 1397 1027 1435 ex
1057 1382 1318 1451 argento,
1344 1395 1588 1451 pensan.
1623 1378 1804 1434 libras
1836 1385 1972 1434 tres.
1999 1379 2128 1451 Ipse
2157 1396 2290 1434 vero
2323 1379 2614 1436 almificus
2644 1381 2857 1454 praesul
2889 1388 2945 1437 et
2975 1383 3034 1437 in
3063 1384 3314 1440 oratorio
3337 1389 3552 1441 sanctae
3572 1388 3724 1460 Aga-

439 1480 574 1547 thm,
604 1479 758 1552 quod
791 1478 1031 1550 ponitur
1063 1478 1122 1532 in
1156 1477 1513 1532 monasterio
1544 1476 1699 1548 apud
1730 1476 1935 1544 Africi,
1966 1477 2290 1533 canistrum
2322 1494 2391 1533 ex
2421 1484 2682 1552 argento,
2707 1496 2964 1551 pensans
3006 1479 3186 1537 libras
3217 1485 3355 1538 tres.
3390 1482 3518 1539 Pari
3549 1485 3724 1541 modo

364 1579 400 1635 5
442 1577 575 1634 fecit
605 1582 661 1634 et
693 1577 752 1632 in
784 1576 1138 1632 monasterio
1171 1580 1510 1631 sanctorum
1541 1573 1877 1646 Euphemiaa
1907 1578 1966 1630 et
1993 1574 2363 1648 Archangeli,
2387 1577 2542 1649 quod
2574 1577 2815 1649 ponitur
2836 1579 3010 1650 juxta
3036 1578 3276 1635 titulum
3309 1580 3610 1653 Pudentis,
3635 1599 3728 1638 ca-

439 1676 696 1732 nistrum
726 1692 795 1730 ex
825 1680 1086 1747 argento,
1113 1691 1354 1747 pensan.
1381 1672 1562 1728 libras
1594 1671 1874 1744 quinque.
1899 1672 2012 1728 Sed
2045 1677 2102 1728 et
2132 1673 2192 1728 in
2226 1673 2583 1730 monasterio
2611 1675 2801 1731 sancti
2823 1675 3034 1732 Isidori
3061 1677 3241 1732 simili
3271 1679 3442 1735 modo
3472 1679 3610 1735 fecit
3638 1697 3730 1736 ea-

439 1775 715 1830 nistrum.
741 1771 1045 1844 Simulque
1069 1776 1128 1828 et
1155 1771 1215 1826 in
1247 1771 1499 1826 oratorio
1522 1774 1735 1826 sanctas
1756 1769 2013 1842 Agathae,
2031 1771 2186 1843 quod
2208 1771 2447 1843 ponitur
2467 1771 2526 1828 in
2548 1773 2904 1830 monasterio
2926 1774 3218 1847 Tempuli,
3239 1775 3376 1832 fecit
3396 1777 3724 1834 canistrum

441 1869 731 1927 similiter.
757 1871 827 1925 Et
847 1869 907 1924 in
931 1869 1185 1925 oratorio
1216 1868 1403 1924 sancti
1427 1867 1680 1932 Caesarii,
1697 1868 1849 1938 quod
1873 1865 2114 1939 ponitur
2131 1866 2191 1922 in
2216 1869 2572 1924 monasterio
2594 1870 2665 1925 de
2683 1870 2911 1936 Corsas,
2937 1870 3212 1928 similiter
3231 1872 3366 1928 fecit
3393 1874 3725 1932 canistrum

441 1985 684 2042 pensan.
715 1967 898 2023 libras
920 1967 1069 2023 duas
1095 1970 1152 2022 et
1183 1965 1387 2021 uncias
1409 1969 1548 2020 tres.
1573 1964 1881 2020 Enimvero
1912 1969 1968 2020 et
1988 1963 2048 2019 in
2074 1965 2430 2022 monasterio
2458 1966 2644 2022 sancti
2669 1967 2930 2023 Semitrii
2950 1968 3085 2024 fecit
3105 1969 3379 2026 similiter
3397 1972 3725 2029 canistrum

333 2068 402 2123 10
441 2071 807 2139 argenteum.
835 2067 957 2120 Imo
990 2068 1048 2119 et
1078 2063 1137 2119 in
1170 2063 1354 2119 oratio
1378 2063 1600 2118 sandtaa
1632 2061 1844 2130 Mariaz,
1862 2062 2017 2134 quod
2051 2063 2292 2135 ponitur
2319 2063 2379 2118 in
2412 2064 2770 2121 monasterio
2805 2067 2978 2138 Aquae
3009 2065 3234 2135 Salviae,
3265 2067 3400 2124 fecit
3427 2069 3724 2126 similiter.

440 2164 632 2222 Simili
655 2165 827 2221 modo
851 2163 988 2219 fecit
1008 2167 1065 2219 et
1089 2162 1147 2218 in
1171 2160 1526 2218 monasterio
1549 2160 1736 2217 sancti
1759 2159 1991 2231 Donati,
2014 2161 2169 2232 quod
2190 2161 2431 2232 ponitur
2441 2162 2615 2233 juxta
2639 2162 2873 2218 titulum
2899 2168 3112 2219 sancte
3140 2165 3369 2232 Prisce,
3396 2167 3726 2224 canistrum

438 2280 506 2319 ex
538 2266 804 2336 argento,
827 2278 1071 2334 pensan.
1095 2259 1277 2316 libras
1302 2260 1450 2314 duas
1480 2263 1539 2314 et
1571 2257 1776 2314 uncias
1809 2257 2089 2330 quinque.
2113 2259 2184 2314 Et
2212 2258 2270 2313 in
2303 2260 2658 2315 monasterio
2702 2261 2889 2316 sancti
2921 2261 3186 2330 Joannis,
3211 2264 3366 2334 quod
3397 2264 3638 2337 ponitur
3665 2265 3725 2321 in

436 2360 740 2428 Aventino,
765 2358 953 2414 instar
985 2359 1122 2416 fecit
1150 2357 1474 2413 canistrum
1504 2374 1572 2412 ex
1601 2361 1863 2430 argento,
1889 2373 2133 2429 pensan.
2158 2355 2341 2414 libras
2373 2358 2539 2414 duas.
2565 2358 2801 2414 Necnon
2825 2364 2882 2415 et
2913 2359 2972 2414 in
2996 2351 3247 2416 oratorio
3267 2367 3482 2418 sanctas
3505 2363 3723 2430 Mariae,

439 2459 593 2531 quod
628 2458 867 2530 ponitur
894 2457 953 2511 in
988 2455 1342 2512 monasterio
1375 2456 1446 2510 de
1481 2455 1713 2520 Lutara,
1747 2453 1884 2509 fecit
1913 2453 2172 2510 canistra
2201 2471 2270 2510 ex
2296 2459 2558 2529 argento,
2593 2473 2838 2528 pensan.
2862 2455 3046 2513 libras
3075 2457 3222 2514 duas
3252 2463 3309 2515 et
3341 2460 3541 2516 semis.
3568 2462 3728 2518 Fecit

331 2556 402 2613 45
439 2560 637 2612 autem
668 2559 726 2611 et
756 2555 814 2610 in
849 2553 1206 2610 monasterio
1238 2552 1623 2620 Hierusalem,
1649 2552 1806 2624 quod
1849 2551 2089 2624 ponitur
2117 2553 2190 2608 ad
2225 2552 2460 2609 beatum
2513 2553 2746 2609 Petrum
2796 2554 3150 2628 apostolum,
3175 2557 3499 2614 canistrum
3531 2575 3601 2616 ex
3631 2577 3727 2617 ar-

441 2657 637 2726 gento,
671 2669 916 2726 pensan.
945 2651 1126 2708 libras
1158 2652 1326 2707 duas.

514 2751 668 2808 408
697 2750 917 2806 Verum
943 2750 1120 2806 etiam
1152 2753 1209 2805 et
1237 2749 1297 2803 in
1330 2747 1683 2804 monasterio
1711 2751 1924 2804 sanctae
1945 2747 2204 2821 Agnetis,
2232 2749 2386 2820 quod
2419 2749 2658 2822 ponitur
2686 2750 2827 2807 foris
2856 2755 3087 2824 portam
3109 2752 3560 2822 Numentanam,
3587 2754 3731 2812 fecit

444 2849 702 2906 canistra
723 2867 792 2906 ex
812 2853 1072 2921 argento,
1099 2865 1342 2920 pensan.
1367 2847 1549 2902 libras
1572 2846 1851 2919 quinque.
1875 2847 1946 2901 Et
1972 2845 2031 2901 in
2056 2847 2409 2903 monasterio
2432 2853 2644 2904 sanctae
2667 2849 2958 2923 Eugeniae,
2983 2851 3139 2923 quod
3169 2849 3404 2924 ponitur
3433 2852 3574 2908 foris
3596 2870 3731 2926 por-

444 2952 565 3004 tam
600 2947 888 3014 Latinam,
917 2947 1040 3018 pari
1075 2947 1247 3001 modo
1282 2945 1416 3000 fecit
1445 2944 1768 3000 canistrum
1803 2962 1871 2999 ex
1901 2949 2162 3017 argento,
2208 2962 2372 3017 pens.
2407 2944 2587 3001 libras
2621 2947 2901 3020 quinque.
2930 2948 3042 3005 Seu
3075 2953 3130 3004 et
3160 2948 3220 3004 in
3250 2949 3500 3006 oratorio
3531 2951 3725 3007 sancti

447 3045 729 3118 Gregorii,
756 3047 908 3118 quod
947 3045 1184 3116 ponitur
1211 3044 1267 3098 in
1303 3043 1519 3114 Campo
1552 3042 1784 3119 Martis,
1803 3042 1938 3097 fecit
1969 3041 2225 3098 canistra
2254 3061 2323 3099 ex
2363 3048 2626 3116 argento,
2660 3061 2904 3117 pensan.
2939 3044 3118 3102 libras
3148 3051 3282 3102 tres.
3320 3046 3447 3120 Ipse
3475 3065 3606 3105 vero
3638 3049 3729 3105 al-

374 3145 410 3200 5
449 3144 682 3199 milicus
713 3143 924 3216 prmsul
961 3143 1094 3197 fecit
1126 3143 1184 3196 in
1219 3141 1388 3196 titulo
1421 3141 1598 3196 beata:
1631 3140 1858 3196 Sabina:
1889 3156 2164 3194 coronam
2198 3158 2265 3194 ex
2295 3147 2537 3214 argento
2568 3142 2908 3213 purissimo,
2935 3161 3176 3216 pensan.
3212 3143 3392 3201 libras
3421 3150 3564 3203 acto.
3596 3147 3725 3202 Pari

447 3243 619 3298 modo
653 3241 789 3298 fecit
819 3243 875 3296 in
909 3240 1177 3296 diaconia
1205 3244 1544 3295 sanctorum
1578 3237 1839 3294 Silvestri
1872 3242 1928 3293 et
1968 3238 2224 3306 Martini,
2250 3256 2376 3310 quze
2411 3239 2649 3312 ponitur
2681 3241 2855 3312 juxta
2883 3241 3195 3314 Orpheam,
3221 3260 3495 3300 coronam
3526 3261 3596 3300 ex
3625 3262 3724 3301 ar-

445 3344 643 3412 gento,
666 3356 911 3413 pensan.
936 3339 1117 3394 libras
1149 3355 1248 3394 sex
1269 3342 1325 3393 et
1355 3336 1561 3392 uncias
1592 3337 1759 3391 duas.
1786 3336 2022 3390 Necnon
2045 3339 2102 3392 et
2132 3333 2190 3389 in
2222 3336 2474 3392 oratorio
2507 3342 2719 3392 sanetae
2762 3337 2970 3407 Luciae,
2991 3341 3148 3412 quod
3179 3341 3417 3413 ponitur
3444 3340 3503 3396 in
3535 3341 3726 3398 Xeno-

446 3437 675 3503 dochio,
703 3437 974 3494 similiter
999 3437 1136 3493 fecit
1161 3437 1485 3492 canistrum
1509 3452 1576 3490 ex
1607 3439 1870 3507 argento,
1894 3450 2139 3505 pensan.
2163 3432 2346 3490 libras
2378 3434 2524 3490 duas
2555 3441 2610 3491 et
2641 3435 2847 3492 uncias
2878 3441 3150 3509 quatuor.
3176 3439 3330 3496 Fecit
3353 3444 3547 3496 autem
3578 3446 3636 3497 et
3665 3440 3725 3496 in

446 3538 696 3593 oratorio
724 3536 911 3593 sancti
934 3535 1414 3608 Abbacyri,quod
1450 3533 1688 3607 ponitur
1711 3532 1770 3587 in
1804 3531 2194 3599 Xenodochio,
2224 3532 2546 3587 canistrum
2569 3550 2638 3588 ex
2662 3539 2922 3606 argento,
2947 3552 3114 3608 pens.
3137 3536 3319 3593 libras
3343 3539 3510 3595 duas.
3535 3540 3726 3612 Atque

341 3635 408 3690 10
446 3634 504 3690 in
537 3635 790 3690 oratorio
823 3639 1160 3690 sanctorum
1193 3633 1416 3688 Cosmm
1447 3636 1506 3687 et
1535 3630 1828 3697 Damiani,
1860 3631 2014 3702 quod
2067 3629 2304 3702 ponitur
2355 3630 2413 3685 in
2464 3630 2856 3699 Xenodochio,
2890 3634 3046 3705 quod
3095 3635 3426 3708 appellatur
3455 3638 3726 3707 Tucium,

445 3732 634 3789 instar
664 3733 798 3788 fecit
828 3733 1152 3788 canistrum
1182 3749 1250 3786 ex
1281 3735 1541 3803 argento,
1577 3746 1821 3802 pensan.
1847 3727 2028 3783 libras
2059 3728 2206 3783 duas
2238 3732 2296 3783 et
2326 3728 2560 3785 unciam
2596 3747 2796 3786 unam.
2820 3729 3220 3788 Verumetiam
3269 3738 3327 3790 et
3373 3734 3434 3791 in
3477 3736 3730 3793 oratorio

449 3830 636 3886 sancti
669 3829 1155 3904 Peregrini,quod
1189 3829 1426 3902 ponitur
1455 3829 1514 3882 in
1548 3826 1820 3898 hospitali
1853 3825 2156 3882 Dominico
2191 3827 2262 3881 ad
2297 3827 2744 3897 Naumachiam,
2766 3829 2898 3884 fecit
2921 3830 3177 3886 canistra
3205 3848 3275 3886 ex
3303 3838 3566 3906 argento,
3590 3851 3730 3907 pen-

450 3947 577 3984 san.
604 3927 784 3984 libras
806 3928 1066 4001 quinque
1089 3932 1146 3983 et
1175 3926 1410 3982 unciam
1444 3943 1644 3980 unam.
1675 3925 1954 3980 Prmfatus
1977 3940 2111 3980 vero
2133 3924 2393 3997 pontifex
2422 3924 2558 3980 fecit
2587 3925 2648 3981 in
2669 3926 2914 3983 basilica
2935 3927 3166 3983 Domini
3198 3929 3382 3985 nostri
3403 3931 3546 3988 Jesu
3573 3931 3734 3988 Chri-

451 4026 547 4096 sti,
573 4043 700 4098 quae
733 4026 1061 4099 appellatur
1090 4024 1597 4094 Constantiniana,
1631 4040 1809 4095 super
1837 4021 2020 4078 altare
2066 4023 2261 4094 majus
2301 4028 2491 4078 vestes
2523 4023 2927 4097 chrysoclavas
2958 4025 3134 4094 duas;
3166 4043 3236 4083 ex
3285 4027 3505 4101 quibus
3553 4047 3730 4086 unam

348 4127 415 4181 15
454 4125 768 4181 habentem
800 4124 1106 4181 historiam
1139 4122 1456 4179 Dominicze
1488 4119 1953 4187 resurrectionis,
1979 4125 2034 4176 et
2066 4119 2242 4176 aliam
2275 4120 2585 4176 habentem
2617 4121 2927 4178 historiam
2946 4122 3184 4180 viviﬁcaa
3213 4129 3391 4198 atque
3423 4126 3730 4183 adoranda

450 4223 763 4280 Dominicis
796 4222 1007 4280 erucis.
1041 4221 1364 4278 Cantharos
1396 4237 1464 4276 ex
1494 4223 1732 4291 argento
1767 4217 2160 4274 mundissimo
2192 4222 2341 4284 octo,
2377 4235 2618 4290 pensan.
2655 4219 2834 4275 simul
2867 4221 3047 4278 libras
3075 4221 3281 4295 viginti
3309 4227 3367 4278 et
3396 4228 3645 4296 septem,
3676 4230 3732 4282 et

450 4319 654 4377 uncias
687 4339 806 4377 sex.
843 4320 1139 4377 Investivit
1169 4319 1268 4375 ubi
1302 4335 1482 4390 supra
1512 4334 1688 4390 rugas
1720 4321 1855 4372 ante
1896 4317 2230 4389 ingressum
2279 4315 2485 4372 altaris
2516 4333 2585 4372 ex
2612 4324 2852 4389 argento
2906 4319 3246 4390 purissimo,
3279 4337 3523 4393 pensan.
3553 4321 3733 4379 libras

450 4420 840 4493 quadraginta
873 4424 1001 4475 octo
1032 4423 1087 4474 et
1117 4417 1322 4474 uncias
1353 4421 1504 4472 octo.
1539 4415 1794 4471 Coronas
1825 4432 1892 4470 ex
1925 4418 2164 4487 argento
2211 4414 2554 4486 purissimo,
2597 4432 2843 4487 pensan.
2877 4415 3059 4474 libras
3089 4417 3412 4475 duocecim.
3445 4419 3605 4476 Fecit
3637 4419 3732 4477 ubi

451 4535 629 4590 supra
660 4518 730 4572 ad
766 4518 954 4573 fontes
986 4517 1110 4572 vela
1159 4516 1291 4572 alba
1320 4514 1663 4578 holoserica,
1687 4518 1892 4569 ornata
1924 4513 1984 4567 in
2017 4512 2266 4568 circuitu
2312 4513 2383 4568 de
2435 4512 2699 4581 fundato,
2726 4518 2902 4586 atque
2950 4516 3316 4589 quadrapulo
3350 4533 3599 4574 numero
3631 4519 3730 4576 de-

339 4616 410 4670 20
449 4632 595 4670 cem.
622 4616 790 4671 Sarta
820 4618 972 4670 tecta
1001 4631 1133 4669 vero
1166 4613 1353 4685 ipsius
1385 4611 1663 4679 ecclesiae,
1689 4627 1824 4666 cum
1856 4610 2322 4682 quadripertieu,
2353 4609 2531 4666 simul
2584 4615 2642 4666 et
2691 4612 2762 4666 ad
2797 4613 3007 4680 fontes,
3041 4614 3260 4681 omnia,
3285 4618 3342 4670 et
3372 4614 3430 4668 in
3462 4615 3737 4672 omnibus

452 4714 674 4770 noviter
704 4711 1070 4769 restauravit.
1105 4711 1292 4767 Simul
1325 4715 1382 4766 et
1412 4711 1696 4766 fenestras
1726 4710 1796 4765 de
1827 4707 2032 4765 absida
2053 4725 2122 4763 ex
2140 4707 2288 4764 vitro
2318 4707 2564 4764 diversis
2587 4707 2881 4766 coloribus
2903 4709 3194 4766 conclusit
3223 4716 3400 4783 atque
3423 4713 3733 4770 decoravit.

448 4815 517 4868 Et
550 4812 697 4868 alias
729 4812 1013 4867 fenestras
1045 4809 1298 4865 basilicae
1331 4826 1401 4864 ex
1433 4807 1668 4863 metallo
1695 4805 1945 4880 Cyprino
1968 4805 2283 4879 reparavit;
2318 4811 2375 4862 et
2403 4805 2463 4861 in
2493 4805 2717 4879 gremio
2748 4807 3004 4864 basilica
3034 4808 3171 4865 fecit
3199 4809 3454 4867 cortinas
3477 4811 3648 4881 duas,
3675 4828 3738 4868 ex

449 4910 666 4983 quibus
697 4927 817 4965 una
847 4910 1036 4980 major
1065 4908 1310 4962 fundata
1339 4905 1492 4970 alba,
1521 4910 1579 4961 et
1608 4905 1725 4961 alia
1755 4905 1949 4960 minor
1980 4904 2114 4960 alba
2146 4909 2358 4960 rosata.

519 5009 672 5064 409
707 5007 862 5063 Fecit
893 5011 1088 5061 autem
1119 5005 1307 5060 isdem
1340 5002 1551 5074 praesul
1581 5003 1641 5056 in
1677 5001 1917 5057 basilica
1945 5005 2158 5057 sanctae
2207 5001 2307 5056 Dei
2351 5001 2825 5075 Genitricis,quae
2857 5001 3186 5077 appellatur
3215 5004 3286 5060 ad
3319 5003 3601 5076 Przesepe,
3632 5022 3723 5061 ro-

447 5110 574 5162 sata
605 5123 738 5160 cum
772 5103 1085 5177 periclysin
1115 5103 1184 5158 de
1208 5102 1473 5157 fundato.
1495 5100 1788 5156 Canthara
1808 5101 1878 5155 de
1910 5105 2150 5172 argento
2180 5097 2498 5171 purissimo
2527 5099 2664 5166 duo,
2689 5117 2932 5171 pensan.
2957 5100 3102 5157 inibi
3133 5100 3315 5157 libras
3343 5100 3549 5175 viginti
3583 5107 3716 5159 tres.

447 5203 761 5259 Columnas
784 5203 952 5269 duas,
989 5218 1230 5272 pensan.
1257 5199 1438 5254 libras
1470 5198 1673 5271 viginti
1705 5203 1762 5253 et
1793 5215 1993 5264 unam,
2020 5202 2077 5253 et
2107 5196 2313 5253 uncias
2335 5197 2617 5269 quinque.
2645 5199 2888 5253 Crucem
2931 5215 3067 5254 cum
3097 5197 3357 5271 gabatha
3383 5213 3453 5254 ex
3485 5204 3724 5273 argento

447 5302 688 5371 mundo,
715 5318 955 5372 pensan.
982 5298 1158 5354 simul
1189 5298 1368 5353 libras
1390 5297 1673 5369 quinque.
1700 5296 1760 5351 In
1794 5295 2064 5351 diaeonia
2093 5311 2225 5350 vero
2257 5294 2444 5367 ipsius
2472 5295 2572 5350 Dei
2596 5295 3072 5369 Genitricis,quaa
3097 5295 3425 5369 appellatur
3453 5297 3725 5370 Antiqua,

372 5399 408 5452 5
447 5400 582 5455 fecit
615 5396 879 5454 tetravila
905 5396 1186 5468 alithyna,
1214 5401 1418 5451 ornata
1451 5395 1506 5450 in
1533 5394 1779 5449 circuitu
1823 5394 1892 5448 de
1943 5392 2290 5465 quadruplo.
2317 5394 2386 5447 Et
2414 5392 2472 5447 in
2496 5392 2748 5448 oratorio
2770 5392 3241 5462 sanctiAndreaa,
3265 5393 3364 5449 ubi
3397 5411 3597 5466 supra,
3614 5395 3732 5452 vela

425 5498 540 5551 duo
573 5496 916 5560 holoserica,
941 5499 1147 5550 ornata
1177 5497 1240 5549 ut
1273 5510 1470 5566 supra.
1500 5493 1561 5546 In
1592 5491 1760 5546 titulo
1792 5491 1980 5564 ipsius
2003 5508 2133 5546 vero
2157 5491 2257 5546 Dei
2281 5490 2731 5563 Genitricis,qui
2762 5490 3092 5564 appellatur
3112 5491 3724 5557 Calixti,fecitvestem

443 5593 636 5647 albam
662 5591 1044 5647 holosericam
1071 5596 1346 5660 rogatam,
1373 5591 1682 5645 habentem
1709 5589 1766 5643 in
1804 5588 1993 5644 medio
2029 5587 2290 5643 tabulam
2313 5588 2382 5642 de
2407 5587 2802 5659 chrysoclavo,
2829 5605 2964 5644 cum
2996 5587 3241 5644 historia
3262 5589 3732 5661 praesentationis

444 5687 670 5740 Domini
705 5687 886 5742 nostri
913 5689 1052 5742 Jesu
1085 5686 1322 5755 Christi,
1346 5693 1401 5743 et
1429 5686 1614 5741 sancti
1648 5687 1960 5752 Simeonis,
1984 5702 2118 5741 cum
2150 5683 2418 5757 periclysi
2463 5685 2532 5740 de
2563 5686 2736 5757 tyrio.
2765 5686 3057 5742 Tetravila
3091 5686 3281 5742 rubea
3311 5685 3574 5759 alithyna
3603 5705 3736 5761 qua-

445 5784 595 5844 tuor,
622 5782 899 5838 habentia
927 5800 1128 5840 cruces
1160 5801 1293 5839 cum
1326 5783 1698 5856 gammadiis,
1725 5789 1779 5838 et
1811 5784 1867 5838 in
1903 5781 2148 5837 circuitu
2184 5781 2495 5854 periclysin
2528 5782 2599 5838 de
2642 5783 2813 5855 tyrio.
2838 5783 3050 5839 Velum
3081 5783 3301 5856 tyrium
3333 5785 3552 5855 majus,
3579 5785 3726 5857 quod

338 5869 404 5922 10
447 5875 658 5944 pendet
689 5881 821 5929 ante
852 5878 1190 5948 imaginem,
1220 5898 1352 5935 cum
1385 5878 1654 5952 periclysi
1689 5883 1758 5935 de
1791 5879 2000 5936 blatthi
2034 5896 2239 5934 unum.
2265 5877 2364 5933 Vel
2402 5879 2632 5935 modica
2673 5881 2853 5936 rubea
2898 5881 3183 5954 alithyna,
3207 5897 3342 5936 cum
3373 5886 3640 5938 staurace
3668 5882 3725 5938 in

446 5969 634 6020 medio
668 5986 908 6024 numero
936 5974 1071 6034 tria,
1095 5991 1220 6042 quae
1254 5977 1510 6045 pendent
1531 5981 1664 6032 ante
1693 5978 1980 6050 imagines
2011 5980 2338 6046 argenteas,
2366 5991 2500 6030 cum
2531 5976 2800 6049 periclysi
2825 5979 2896 6034 de
2928 5977 3198 6034 blatthin.
3222 5979 3517 6036 Cortinam
3546 5979 3697 6051 maio

449 6077 569 6114 rem
600 6060 983 6119 holoserieam
1007 6066 1065 6120 in
1087 6069 1307 6136 gremio
1339 6069 1616 6135 basilicre,
1643 6075 1985 6139 unam,t‘ecit
2003 6078 2061 6127 et
2083 6071 2369 6144 imagines
2392 6077 2702 6143 argenteas
2723 6076 3054 6133 deauratas.
3079 6077 3120 6134 E
3144 6076 3362 6150 quibus
3381 6093 3563 6134 unam
3586 6093 3714 6135 eum

455 6155 721 6225 "smmis,
743 6171 942 6215 arcum
965 6165 1302 6230 argenteum
1326 6179 1533 6232 unum,
1549 6181 1684 6223 cum
1707 6168 2056 6240 gammadiis
2080 6168 2227 6226 suis.
2243 6168 2433 6239 Supra
2449 6173 2737 6230 cerostata
2757 6173 3010 6244 pharum
3033 6174 3568 6247 unum,thuribula
3587 6175 3717 6245 duo,

3199 6410 3276 6424 _-

873 6405 1272 6414 ———h——*
1617 6406 1626 6407 κ
1649 6407 1654 6409 μ
1688 6409 1734 6411 _
1756 6409 1821 6413 __
2099 6402 2276 6409 -——_-.._.
2292 6404 2355 6411 _-__

2292 6407 2355 6411 _._
2610 6405 2844 6414 ¥—_
3156 6410 3276 6414 77—
3366 6409 3402 6414 μ.
3512 6409 3534 6414 _.
3626 6409 3643 6411 —
3710 6407 3740 6412 ~—
3786 6403 3795 6407 -
