3924 6420
308 326 465 388 1239
1481 328 1857 391 ΔΝΑδ-ΤΑΒΙ

2198 328 2562 397 TﬂECARlI
3579 325 3747 388 ιω

451 460 694 517 domum
717 477 820 534 pro
838 459 1122 519 subsidiis
1143 459 1352 516 Christi
1368 477 1694 532 pauperum
1708 465 1884 534 atque
1899 460 2340 534 peregrinorum
2355 460 2632 524 balneum
2645 479 2680 519 a
2695 460 3097 525 fundamentis
3118 459 3363 522 miriﬁce
3373 461 3740 522 decoratum.

447 558 550 618 Hic
573 563 771 616 autem
802 557 1118 629 prmclarus
1141 558 1388 616 antistes
1420 558 1701 614 divinitus
1730 558 2053 632 inspiratus
2081 559 2432 631 hospitalem
2465 560 2633 616 beato
2657 559 2824 616 Petro
2847 558 3110 632 apostolo
3132 559 3190 616 in
3214 558 3338 615 loco
3361 558 3462 632 qui
3483 559 3738 619 Nauma-

445 656 578 713 cbia
608 656 821 712 dicitur
850 673 885 712 a
915 655 1318 714 fundamentis
1349 655 1573 712 noviter
1603 661 1970 725 construens,
2005 657 2235 714 diversa
2264 656 2379 712 illic
2412 657 2724 720 domorum
2757 656 3005 716 aediﬁcia
3035 656 3350 724 decoravit,
3369 661 3545 729 atque
3567 655 3744 714 eccle-

343 755 411 812 15
449 753 596 812 siam
631 754 689 809 in
707 753 988 810 honorem
1011 753 1166 810 beati
1194 753 1352 810 Petri
1369 752 1653 826 principis
1675 753 2076 828 apostolorum
2100 772 2136 811 a
2155 772 2301 812 novo
2323 755 2743 816 construxit.ln
2767 771 2886 827 qua
2907 754 3085 818 etiam
3111 759 3451 813 sanctorum
3474 755 3742 812 Ecclesiae

448 850 663 910 Christi
696 855 1023 924 martyrum
1055 868 1302 925 corpora
1329 852 1598 910 deferens
1630 853 1974 922 recondidit,
2010 857 2067 909 et
2088 852 2287 916 omnia
2317 871 2446 926 qua:
2479 853 2538 908 in
2571 852 2846 927 praedicto
2896 851 3174 926 hospitali
3212 857 3381 914 erant
3410 852 3745 910 necessaria

451 949 800 1008 construxit.

525 1084 679 1138 413
719 1082 942 1138 Praedia
969 1082 1145 1139 etiam
1179 1083 1297 1139 illic
1331 1085 1560 1140 urbana
1588 1083 1676 1139 vel
1711 1084 1931 1139 rustica
1961 1101 2067 1157 pro
2098 1083 2395 1140 alimoniis
2423 1084 2636 1140 Christi
2673 1100 3021 1158 pauperum,
3051 1101 3153 1140 seu
3176 1081 3436 1151 advenis,
3459 1081 3548 1138 vel
3572 1099 3743 1156 pere-

453 1179 658 1254 grinis,
694 1180 795 1252 qui
828 1198 898 1236 ex
926 1180 1267 1253 longinquis
1300 1181 1637 1254 regionibus
1667 1181 1926 1247 veniunt,
1953 1182 2168 1238 obtulit
2199 1183 2271 1238 ad
2306 1182 2716 1239 exaltationem
2747 1187 2962 1238 sanctze
2994 1181 3096 1238 Dei
3138 1179 3430 1244 Ecclesiae,
3463 1186 3519 1237 et
3549 1181 3742 1238 salute

453 1277 656 1350 populi
680 1278 948 1334 Romani.
978 1280 1304 1335 Praesertim
1327 1279 1507 1352 igitur
1525 1283 1582 1336 et
1601 1281 2026 1336 monasterium
2049 1282 2238 1336 sancti
2259 1280 2472 1337 Christi
2494 1279 2669 1354 primi
2687 1281 2962 1354 martyris
2979 1278 3281 1354 Stephani,
3307 1279 3462 1352 quod
3487 1279 3740 1352 appella-

453 1380 553 1432 tur
583 1376 878 1448 Catagalla
909 1377 1165 1448 patritia,
1201 1379 1356 1450 quod
1390 1395 1505 1450 prae
1537 1378 1723 1433 nimia
1747 1383 2036 1434 vetustate
2078 1379 2206 1449 jam
2259 1383 2624 1435 emarcuerat
2677 1383 2851 1450 atque
2901 1395 2970 1434 ex
3019 1381 3182 1450 parte
3232 1382 3550 1445 corruerat,
3583 1377 3740 1434 idem

375 1474 413 1530 5
450 1490 752 1548 praesagus
781 1474 1041 1546 pontifex
1069 1479 1363 1531 certamen
1397 1492 1620 1548 ponens
1639 1476 2091 1533 afundamentis
2116 1476 2295 1533 simul
2329 1493 2463 1532 cum
2495 1475 2749 1532 oratorio
2782 1477 3020 1531 firmum
3044 1475 3252 1546 jacens
3283 1474 3739 1530 fundamentum

452 1571 512 1630 in
545 1571 846 1628 meliorem
877 1572 1058 1629 erexit
1089 1577 1333 1629 statum.
1366 1573 1596 1630 Gradus
1625 1591 1782 1642 vero,
1817 1589 1922 1647 per
1970 1591 2118 1647 quos
2170 1575 2472 1648 ingressus
2505 1579 2593 1631 est
2621 1574 2681 1629 in
2713 1573 3020 1630 ecclesiam
3052 1572 3208 1629 beati
3243 1571 3393 1629 Petri
3425 1571 3673 1645 apostoli
3708 1590 3744 1629 a

455 1674 659 1730 sancto
689 1671 921 1730 Andrea
952 1671 1236 1743 apostolo,
1271 1671 1372 1744 qui
1399 1676 1688 1729 vetustate
1717 1672 2052 1746 consumpti
2083 1677 2270 1738 erant,
2304 1689 2338 1728 a
2368 1690 2514 1729 novo
2548 1672 2766 1728 refecit.
2803 1671 2928 1728 Pari
2990 1671 3163 1726 modo
3212 1675 3270 1726 et
3312 1671 3743 1727 monasterium

459 1768 614 1826 beati
649 1767 885 1825 Martini
918 1769 1273 1826 confessoris
1302 1773 1480 1843 atque
1512 1770 1828 1842 pontificis,
1861 1771 2042 1826 situm
2072 1771 2171 1826 ubi
2205 1788 2403 1843 supra,
2438 1771 2594 1843 quod
2627 1770 2811 1825 nimia
2844 1771 3032 1825 fuerat
3052 1772 3340 1825 vetustate
3373 1775 3746 1841 quassatum,

459 1883 607 1939 pene
635 1883 808 1922 omne
837 1885 872 1924 a
895 1867 1304 1925 fundamentis
1341 1867 1709 1925 restauravit.
1744 1868 1913 1926 Sarta
1940 1885 2072 1924 vero
2103 1873 2257 1925 tecta
2283 1868 2542 1924 basilica:
2573 1867 2762 1925 sancti
2792 1868 3036 1923 Andreae
3069 1865 3339 1940 apostoli,
3365 1867 3522 1939 quod
3547 1865 3745 1940 appel-

355 1964 424 2019 10
464 1961 620 2035 latur
650 1964 1042 2030 Catabarbara
1071 1965 1328 2038 patritia,
1347 1983 1474 2038 quae
1498 1982 1602 2039 per
1621 1966 1840 2022 olitana
1862 1967 1989 2038 jam
2023 1967 2256 2021 fuerant
2284 1971 2548 2039 tempora
2578 1969 2866 2022 vetustate
2897 1968 3271 2037 consumpta,
3292 1965 3516 2021 noviter
3530 1969 3753 2020 restau-

461 2062 628 2120 ravit.
663 2061 854 2122 Simili
887 2063 1061 2120 modo
1086 2068 1143 2120 et
1171 2067 1330 2122 sarta
1351 2068 1504 2120 tecta
1524 2064 1704 2128 beatas
1729 2063 1920 2119 Lucis:
1942 2063 2238 2137 martyris,
2263 2081 2392 2136 quas
2427 2064 2666 2137 ponitur
2695 2063 2755 2118 in
2785 2063 3038 2136 Orphea,
3064 2062 3266 2118 refecit
3285 2079 3319 2118 a
3340 2079 3505 2118 novo.
3531 2062 3751 2118 Pariter

458 2158 636 2215 etiam
657 2163 714 2215 et
745 2165 903 2216 sarta
932 2165 1083 2217 tecta
1113 2161 1295 2217 beata:
1329 2161 1581 2217 Balbinaa
1611 2160 1906 2234 martyris,
1929 2179 2057 2234 quae
2081 2162 2208 2233 jam
2241 2179 2389 2234 pene
2421 2162 2649 2216 ruitura
2679 2165 2867 2227 erant,
2899 2160 2958 2215 in
2992 2159 3203 2216 melius
3231 2160 3598 2216 restauravit.
3619 2159 3747 2215 Pari

458 2258 632 2320 modo
653 2262 712 2315 et
733 2262 893 2316 sarta
911 2262 1068 2325 tecta
1084 2258 1340 2324 basilicas
1371 2259 1676 2317 beatorum
1701 2264 2028 2333 martyrum
2060 2259 2280 2320 Cosmaa
2312 2264 2370 2315 et
2398 2257 2689 2326 Damiani,
2710 2258 2834 2313 sitae
2853 2257 2911 2313 in
2935 2258 3028 2314 via
3048 2259 3246 2325 Sacra,
3266 2258 3513 2315 mirifice
3531 2260 3752 2314 restau-

459 2355 625 2412 ravit.
662 2356 889 2422 Pariter
915 2356 1094 2418 etiam
1125 2359 1182 2412 et
1212 2359 1370 2417 sarta
1396 2360 1549 2414 tecta
1581 2355 1836 2422 basilicae
1860 2361 2076 2413 sanctae
2106 2356 2373 2412 Mar-tinea
2403 2356 2699 2430 martyris,
2733 2357 2848 2414 sita
2873 2355 2936 2411 in
2968 2355 3183 2412 Tribus
3215 2355 3393 2425 Fatis,
3429 2355 3489 2411 in
3535 2354 3749 2411 melius

357 2453 426 2509 15
463 2453 835 2510 restauravit.

531 2588 694 2646 414
728 2587 964 2642 Necnon
999 2586 1182 2660 igitur
1211 2591 1268 2642 et
1297 2592 1454 2643 sarta
1483 2590 1643 2652 tecta.
1668 2586 1837 2644 titulo
1868 2587 2023 2647 beati
2060 2587 2357 2645 Laurentii
2386 2586 2681 2660 martyris,
2715 2585 2816 2660 qui
2848 2583 3181 2658 appellatur
3227 2583 3487 2651 Damasi,
3521 2585 3756 2644 naviter

462 2683 829 2741 restauravit.
866 2685 969 2739 Hic
999 2702 1132 2741 vero
1163 2685 1579 2742 sanctissimus
1609 2690 1667 2741 et
1696 2684 2013 2758 przeclarus
2043 2685 2301 2758 pontifex
2331 2689 2490 2740 sarta
2521 2689 2674 2744 tecta
2704 2682 2957 2744 basilicae
2987 2679 3282 2745 Valentini
3327 2683 3606 2757 martyris
3635 2681 3755 2738 sita

465 2781 559 2848 via
583 2781 889 2849 Flaminia,
917 2799 1042 2854 quae
1068 2784 1195 2854 jam
1227 2800 1343 2855 prae
1366 2782 1549 2838 nimia
1573 2786 1859 2839 vetustate
1876 2783 2105 2846 ruitura
2119 2787 2302 2852 erant,
2329 2780 2791 2855 prudentissimo
2813 2777 3007 2842 studio
3029 2778 3275 2838 mirifice
3299 2795 3334 2836 a
3354 2795 3500 2842 novo
3525 2779 3753 2840 refecit.

470 2879 954 2953 Quadriporticus
981 2896 1115 2936 vero
1147 2880 1400 2936 basilica
1432 2879 1832 2952 apostolorum
1867 2880 1924 2936 in
1957 2880 2050 2937 via
2077 2882 2218 2941 Lata
2248 2880 2407 2936 intus
2433 2883 2490 2934 et
2521 2877 2662 2934 foris
2691 2877 2894 2948 omnia
2922 2881 3084 2946 sarta
3111 2880 3264 2942 tecta
3294 2875 3562 2949 ipsarum
3586 2877 3756 2934 novi-

396 2978 432 3032 5
471 2982 558 3048 ter
588 2978 896 3050 reparavit.
921 2978 1045 3034 Imo
1074 2995 1207 3034 vero
1239 2982 1296 3033 et
1321 2982 1481 3033 sarta
1504 2983 1654 3034 tecta
1683 2978 1936 3044 basilicis
1968 2979 2147 3034 beata:
2178 2977 2418 3052 Agathe:
2447 2975 2721 3052 martyris
2753 2974 2871 3038 sita
2897 2991 3076 3048 super
3107 2973 3603 3046 Suburram,quze
3636 2992 3756 3048 pra

468 3075 654 3139 nimia
683 3079 966 3133 vetustate
990 3077 1116 3148 jam
1145 3081 1569 3146 emarcuerant,
1596 3075 1818 3131 noviter
1845 3076 2152 3148 reparavit.
2187 3075 2290 3131 Hic
2318 3091 2449 3130 vero
2479 3073 2894 3137 sanctissimus
2926 3070 3140 3144 praesul
3164 3071 3375 3130 fecitin
3396 3071 3754 3144 patriarchio

469 3174 847 3233 Lateranensi
877 3173 1197 3230 oratorium
1223 3191 1256 3228 a
1277 3173 1677 3228 fundamentis
1705 3173 1764 3228 in
1787 3173 2006 3232 honore
2023 3172 2174 3236 beati
2192 3170 2560 3244 Archangeli,
2590 3169 2806 3243 insigni
2826 3186 2999 3241 opere
3019 3167 3357 3232 firmissime
3379 3174 3750 3239 construens,

469 3272 622 3344 quod
655 3272 831 3329 etiam
855 3289 924 3327 ex
945 3271 1193 3340 musivo,
1222 3288 1323 3328 seu
1348 3271 1592 3327 diversis
1616 3270 1883 3343 picturis,
1909 3276 2084 3343 atque
2105 3268 2519 3344 pulcherrimis
2535 3284 2898 3334 marmorum
2919 3265 3172 3324 metallis
3187 3265 3433 3326 diversis
3455 3265 3752 3330 coloribus

469 3370 698 3426 ornavit
728 3369 1007 3442 undique.
1043 3370 1112 3424 Et
1144 3368 1343 3424 omnia
1373 3368 1591 3424 cimilia
1622 3373 1741 3423 tam
1775 3385 1952 3424 aurea
1983 3383 2280 3440 quamque
2311 3370 2588 3439 argentea
2616 3364 2703 3422 vel
2736 3364 2916 3427 etiam
2963 3362 3091 3420 vela
3138 3362 3366 3430 diversa
3405 3364 3483 3422 ibi
3513 3363 3746 3422 obtulit.

364 3470 431 3526 10
469 3469 802 3530 Macronem
837 3485 968 3522 vero
1001 3467 1191 3540 ipsius
1221 3466 1631 3522 Lateranensis
1663 3464 2023 3538 patriarchii,
2048 3483 2176 3538 quae
2207 3464 2592 3522 extenditura
2623 3463 2862 3535 Campo,
2891 3465 2948 3517 et
2971 3461 3128 3526 ultra
3147 3460 3432 3535 imagines
3455 3461 3750 3535 apostolo-

469 3585 623 3634 rum,
658 3584 783 3638 quze
808 3585 922 3638 pra}
945 3565 1129 3620 nimia
1156 3569 1446 3620 vetustate
1479 3564 1715 3620 ruituraa
1748 3569 1932 3631 erant,
1954 3581 1987 3618 a
2011 3562 2411 3618 fundamentis
2443 3561 2622 3631 simul
2652 3566 2709 3616 et
2742 3565 2900 3616 sarta
2931 3564 3104 3627 tecta,
3124 3576 3345 3626 necnon
3379 3563 3436 3615 et
3464 3558 3751 3620 solarium

469 3665 541 3721 ab
574 3665 690 3726 imo
718 3682 906 3739 usque
937 3664 1010 3718 ad
1043 3680 1347 3719 summum
1381 3662 1604 3718 noviter
1633 3661 2004 3728 restauravit,
2038 3665 2096 3718 et
2127 3660 2187 3715 in
2223 3659 2436 3715 melius
2469 3657 2831 3724 firmissimis
2869 3656 3271 3722 marmoribus
3313 3657 3538 3726 stravit,
3573 3661 3753 3730 atque

469 3778 764 3824 cameram
784 3761 974 3834 ipsius
995 3761 1282 3817 Macrone:
1305 3760 1530 3816 noviter
1551 3759 1706 3826 fecit,
1726 3764 1784 3814 et
1814 3759 2061 3814 diversis
2094 3756 2355 3813 historiis
2387 3757 2618 3830 pictura
2649 3755 2895 3811 mirifice
2925 3753 3238 3818 decoravit.
3273 3754 3377 3818 Hic
3407 3771 3441 3816 a
3468 3754 3585 3810 Deo
3617 3772 3753 3829 pro-

467 3864 658 3916 tectus
675 3857 1024 3922 venerabilis
1046 3863 1104 3913 et
1121 3858 1436 3930 praeclarus
1458 3857 1719 3930 pontifex
1740 3857 1877 3912 fecit
1896 3856 1954 3911 in
1979 3855 2230 3916 circuitu
2253 3854 2453 3912 altaris
2476 3854 2629 3910 beati
2662 3853 2811 3909 Petri
2843 3851 3093 3928 apostoli
3125 3851 3429 3918 nutritoris
3459 3851 3551 3914 sui
3576 3855 3751 3910 tetra-

363 3959 430 4015 15
448 4007 449 4010 η
467 3955 594 4013 vela
623 3957 804 4014 rubea
833 3956 1156 4012 holoserica
1185 3955 1468 4029 alithyna,
1491 3954 1774 4010 habentes
1803 3953 2038 4010 tabulas
2069 3971 2170 4009 seu
2194 3952 2487 4009 orbiculos
2507 3952 2577 4008 de
2597 3949 2993 4024 chrysoclavo,
3013 3949 3269 4014 diversis:
3288 3949 3753 4022 depictoshistoo

469 4055 592 4124 riis,
625 4071 757 4110 cum
790 4053 977 4110 stellis
1008 4055 1080 4109 de
1109 4053 1520 4126 chrysoclavo;
1554 4070 1780 4108 necnon
1810 4057 1866 4108 et
1897 4051 1957 4106 in
1991 4051 2183 4114 medio
2218 4067 2422 4110 cruces
2455 4050 2526 4105 de
2556 4048 2930 4122 chrysoclavo
2979 4064 3050 4109 ex
3097 4046 3432 4124 margaritis
3490 4052 3751 4115 ornatas,

472 4152 631 4208 mira:
663 4151 1089 4224 magnitudinis
1120 4155 1178 4207 et
1202 4149 1664 4223 pulchritudinis
1692 4151 2016 4218 decoratas,
2053 4167 2180 4224 quge
2213 4147 2272 4203 in
2305 4147 2513 4207 diebus
2546 4147 2712 4202 festis
2743 4145 2963 4201 ibidem
2994 4145 3078 4209 ad
3111 4145 3382 4202 decorem
3411 4145 3747 4204 mittuntur.

466 4249 595 4307 Pari
630 4251 801 4306 modo
831 4254 898 4306 ut
928 4267 1107 4321 supra
1137 4255 1196 4304 et
1224 4247 1340 4303 alia
1367 4247 1644 4303 tetravela
1677 4247 1809 4304 alba
1841 4245 2169 4302 holoserica
2199 4243 2794 4321 rosata,_paschatiles
2811 4233 3374 4310 habentestabulas,
3403 4246 3581 4316 atque
3602 4243 3752 4298 orbi-

464 4348 628 4408 culos
648 4349 720 4404 de
741 4346 1112 4421 chrysoclavo
1137 4365 1150 4416 ;
1178 4363 1401 4403 necnon
1425 4349 1481 4401 et
1501 4362 1705 4401 cruces
1728 4362 1863 4400 cum
1895 4343 2266 4417 chrysoclavo
2297 4361 2366 4400 ex
2396 4341 2753 4418 margaritis,
2779 4357 2924 4408 cum,
2945 4339 3216 4413 periclysi
3249 4340 3322 4404 de
3350 4339 3744 4414 chrysoclavo.

355 4451 426 4504 20
465 4448 586 4504 lmo
618 4446 793 4506 etiam
825 4450 884 4502 et
912 4444 1028 4501 alia
1053 4444 1178 4501 vela
1208 4444 1439 4500 modica
1468 4448 1741 4515 quatuor,
1776 4443 1876 4498 ubi
1901 4460 2103 4515 supra,
2132 4441 2191 4496 in
2225 4440 2477 4518 singulis
2509 4437 2904 4505 columnisde
2933 4437 3153 4506 ciborio
3185 4436 3342 4509 fecit,
3375 4436 3660 4500 habentes
3677 4436 3746 4493 ti-

464 4561 600 4619 gres
627 4545 699 4600 de
729 4542 1124 4616 chrysoclavo,
1159 4547 1216 4598 et
1245 4542 1303 4596 in
1337 4540 1586 4597 circuitu
1620 4546 1857 4596 ornatas
1889 4541 1959 4595 de
1991 4539 2224 4595 blatthi.
2260 4537 2659 4612 Verumetiam
2691 4541 2748 4592 et
2773 4535 2890 4592 alia
2918 4534 3046 4600 vela
3077 4534 3309 4591 modica
3328 4538 3748 4606 quatuoream-

465 4644 600 4706 dem
628 4642 913 4700 habentes
945 4640 1394 4697 similitudinem
1426 4639 1486 4695 in
1517 4639 1760 4696 basilica
1790 4638 2048 4706 doctoris
2076 4635 2281 4694 mundi
2314 4634 2470 4698 beati
2502 4633 2667 4690 Pauli
2700 4632 2947 4708 apostoli
2992 4633 3052 4700 in
3097 4631 3393 4700 columnis
3423 4632 3495 4690 dc
3525 4632 3745 4700 ciboria

469 4740 684 4814 posuit.

537 4863 696 4926 4ιρ
734 4862 1053 4919 Ριοωάἱοῑυε
1081 4879 1214 4918 vero
1244 4859 1594 4918 venerabilis
1623 4860 1880 4933 pontifex
1912 4863 2070 4926 sarta
2099 4863 2252 4916 tecta
2280 4856 2534 4929 basilicae
2567 4853 2720 4913 beati
2750 4853 2982 4928 Agapiti
3013 4853 3308 4927 martyris,
3342 4869 3469 4925 qua:
3500 4853 3743 4926 ponitur

463 4962 524 5018 in
555 4962 701 5017 urbe
731 4961 1085 5016 Przenestina
1112 4979 1126 5027 ;
1151 4977 1374 5015 necnon
1419 4964 1475 5014 et
1515 4965 1674 5014 sarta
1716 4963 1868 5014 tecta
1899 4957 2138 5013 alterius
2170 4954 2424 5012 basilicze
2447 4955 2622 5026 juxta
2649 4953 2918 5009 eamdem
2951 4950 3256 5008 basilicam
3287 4949 3433 5018 sitae,
3465 4967 3606 5022 quae.
3618 4952 3743 5022 jam

464 5077 580 5132 prae
613 5058 798 5113 nimia
826 5062 1111 5113 vetustate
1142 5057 1371 5112 ruitura
1401 5059 1587 5123 erant,
1622 5057 1817 5112 omnia
1850 5054 2071 5112 noviter
2100 5053 2160 5112 in
2192 5051 2405 5108 melius
2436 5049 2804 5112 restauravit.
2836 5048 2972 5110 Pari
2997 5048 3174 5114 modo
3191 5051 3428 5111 etsarta
3456 5052 3611 5106 tecta
3642 5048 3745 5103 ba-

461 5156 640 5212 silicaa
669 5155 819 5211 beati
855 5154 1135 5226 Stephani
1170 5153 1344 5226 primi
1377 5152 1650 5226 martyris
1682 5153 2003 5209 constituta
2033 5151 2126 5208 via
2157 5150 2364 5208 Latina
2395 5147 2672 5216 milliario
2705 5145 3044 5218 tertio,quae
3072 5162 3175 5218 per
3204 5143 3394 5207 multa
3411 5145 3543 5216 jam
3565 5161 3742 5203 anno-

388 5255 426 5311 5
462 5271 595 5310 rum
625 5253 917 5309 curricula
947 5257 1236 5308 vetustate
1267 5257 1433 5306 erant
1469 5252 1750 5318 confecta,
1784 5256 1843 5306 et
1873 5250 2070 5312 ruinis.
2117 5248 2384 5322 proxima
2440 5244 2667 5304 naviter
2726 5245 3032 5316 reparavit.
3067 5241 3470 5304 Verumetiam
3499 5247 3564 5299 et
3587 5247 3743 5300 sarta

457 5355 612 5408 tecta
638 5350 890 5407 basilica
923 5349 1074 5405 beati
1110 5348 1382 5404 Basilidis
1416 5349 1711 5421 martyris,
1743 5348 1866 5404 sitae
1898 5349 1957 5404 in
2010 5346 2332 5414 Merulana,
2364 5343 2592 5406 noviter
2639 5343 3008 5404 restauravit.
3041 5341 3147 5404 Hic
3192 5359 3244 5406 ει,
3276 5341 3396 5401 Deo
3446 5344 3741 5412 protectus

456 5447 806 5504 venerabilis
836 5452 892 5502 et
922 5447 1236 5519 prmelarus
1269 5445 1527 5519 pontifex
1561 5447 1695 5500 fecit
1723 5445 1783 5500 in
1816 5445 2062 5502 basilica
2089 5443 2405 5504 Salvatoris
2439 5439 2667 5498 Domini
2699 5439 2884 5496 nostri
2914 5439 3054 5503 Jesu
3086 5437 3319 5506 Lhristi,
3348 5453 3476 5509 qua
3493 5437 3744 5510 appella-

457 5549 554 5601 tur
582 5545 1086 5612 Constantiniana,
1123 5544 1193 5599 de
1225 5544 1458 5616 proprio
1493 5547 1732 5616 argento
1768 5543 1954 5617 ipsius
1989 5543 2243 5600 basilicae
2277 5557 2522 5598 coronas
2554 5555 2690 5602 cum
2712 5536 3010 5610 delphinis
3035 5535 3161 5594 suis
3185 5551 3430 5596 numero
3454 5534 3736 5627 quinque,

458 5641 745 5696 canistros
777 5658 1021 5696 numero
1051 5639 1291 5713 triginta
1325 5640 1603 5712 quinque,
1633 5640 1920 5712 gabathas
1947 5657 2189 5696 numero
2223 5644 2372 5702 octo,
2398 5635 2500 5710 qui
2531 5652 2776 5708 pensan.
2803 5634 2981 5698 simul
3002 5634 3182 5690 libras
3201 5633 3486 5696 ducentas
3507 5638 3736 5705 septua-

352 5729 420 5786 10
456 5735 621 5807 ginta
650 5742 708 5792 et
736 5755 855 5794 sex.
877 5739 1027 5794 Fecit
1057 5745 1252 5794 autem
1272 5738 1329 5792 in
1363 5736 1607 5793 basilica
1625 5744 1839 5793 sanctae
1859 5739 1955 5794 Dei
1982 5737 2294 5794 Genitricis
2327 5750 2675 5808 semperque
2707 5733 2970 5806 Virginis
2997 5731 3192 5794 Marias
3223 5730 3478 5788 domina
3504 5737 3733 5797 nostra,

456 5850 585 5906 qum
620 5833 945 5904 appellatur
975 5837 1046 5890 ad
1083 5837 1359 5905 Praesepe,
1395 5834 1682 5890 cortinam
1717 5836 1788 5892 de
1823 5837 2082 5904 fundato,
2118 5842 2174 5891 et
2202 5834 2260 5890 iu
2295 5833 2543 5892 circuitu
2575 5836 2844 5890 ornatam
2875 5831 2946 5894 de
2978 5829 3257 5898 blatthin,
3279 5845 3406 5900 qua
3439 5828 3655 5900 pendet
3680 5827 3731 5882 in

459 5929 686 6001 porticu
719 5945 895 5999 super
924 5932 1140 5998 sedem,
1176 5931 1419 5986 mirifice
1453 5931 1805 5991 decoratam.
1837 5934 1977 5990 Vela
2007 5932 2342 6005 promiscua
2371 5935 2492 5988 tam
2524 5931 2597 5990 de
2630 5931 2872 5996 fundato
2901 5945 3084 6001 quam
3114 5927 3294 5990 etiam
3314 5926 3385 5986 de
3407 5924 3733 5983 staucaciet

464 6022 851 6098 quadrapulo,
884 6029 1089 6080 ornata
1117 6026 1176 6080 in
1207 6024 1456 6081 circuitu
1473 6027 1544 6082 de
1562 6028 1817 6088 blatthin
1847 6046 2090 6090 numero
2107 6025 2520 6101 quadraginta.
2545 6025 3234 6098 chitvermubiiaupta,
3250 6020 3730 6094 nam-ingressum
