  <div class='ocr_page' id='page_1' title='image "/cluster/home/n/w/nwhite01/storage/ocr_20150623/127-128/uc1.31175010226572/1428.png"; bbox 0 0 3924 6400; ppageno 0'>
   <div class='ocr_carea' id='block_1_1' title="bbox 161 341 3573 419">
    <p class='ocr_par' dir='ltr' id='par_1_1' title="bbox 161 341 3573 419">
     <span class='ocr_line' id='line_1_1' title="bbox 161 341 3573 419; baseline -0.005 0"><span class='ocrx_word' id='word_1_1' title='bbox 161 356 313 419; x_wconf 57' lang='lat' dir='ltr'>{ili</span> <span class='ocrx_word' id='word_1_2' title='bbox 1029 350 1400 414; x_wconf 80' lang='lat' dir='ltr'>HISTORIA</span> <span class='ocrx_word' id='word_1_3' title='bbox 1443 350 1546 411; x_wconf 86' lang='lat' dir='ltr'>DE</span> <span class='ocrx_word' id='word_1_4' title='bbox 1589 347 1794 410; x_wconf 84' lang='lat' dir='ltr'><strong>VITIS</strong></span> <span class='ocrx_word' id='word_1_5' title='bbox 1840 347 2026 408; x_wconf 68' lang='grc' dir='ltr'>ΗΘΜ.</span> <span class='ocrx_word' id='word_1_6' title='bbox 2072 347 2387 408; x_wconf 86' lang='lat' dir='ltr'>PON&#39;l‘.——-</span> <span class='ocrx_word' id='word_1_7' title='bbox 2415 347 2566 408; x_wconf 90' lang='lat' dir='ltr'>LEO</span> <span class='ocrx_word' id='word_1_8' title='bbox 2609 345 2712 406; x_wconf 85' lang='lat' dir='ltr'>III.</span> <span class='ocrx_word' id='word_1_9' title='bbox 3419 341 3573 403; x_wconf 67' lang='grc'><strong>1242</strong></span> 
     </span>
    </p>
   </div>
   <div class='ocr_carea' id='block_1_2' title="bbox 306 474 3576 560">
    <p class='ocr_par' dir='ltr' id='par_1_2' title="bbox 306 474 3576 560">
     <span class='ocr_line' id='line_1_2' title="bbox 306 474 3576 560; baseline -0.005 -15"><span class='ocrx_word' id='word_1_10' title='bbox 306 486 575 560; x_wconf 65' lang='lat' dir='ltr'>Procopii</span> <span class='ocrx_word' id='word_1_11' title='bbox 611 485 864 559; x_wconf 82' lang='lat' dir='ltr'>pharum</span> <span class='ocrx_word' id='word_1_12' title='bbox 887 483 948 540; x_wconf 93' lang='lat' dir='ltr'>in</span> <span class='ocrx_word' id='word_1_13' title='bbox 980 483 1222 540; x_wconf 87' lang='lat' dir='ltr'>modum</span> <span class='ocrx_word' id='word_1_14' title='bbox 1253 482 1394 538; x_wconf 88' lang='lat' dir='ltr'>retis</span> <span class='ocrx_word' id='word_1_15' title='bbox 1423 498 1489 537; x_wconf 86' lang='lat' dir='ltr'>ex</span> <span class='ocrx_word' id='word_1_16' title='bbox 1521 485 1760 554; x_wconf 89' lang='lat' dir='ltr'>argento</span> <span class='ocrx_word' id='word_1_17' title='bbox 1793 478 2108 552; x_wconf 90' lang='lat' dir='ltr'>purissimo</span> <span class='ocrx_word' id='word_1_18' title='bbox 2133 496 2269 534; x_wconf 91' lang='lat' dir='ltr'>cum</span> <span class='ocrx_word' id='word_1_19' title='bbox 2301 477 2573 533; x_wconf 81' lang='lat' dir='ltr'>canistris</span> <span class='ocrx_word' id='word_1_20' title='bbox 2605 477 2884 549; x_wconf 88' lang='lat' dir='ltr'>quinque,</span> <span class='ocrx_word' id='word_1_21' title='bbox 2920 492 3164 548; x_wconf 88' lang='lat' dir='ltr'>pensan.</span> <span class='ocrx_word' id='word_1_22' title='bbox 3197 474 3375 531; x_wconf 84' lang='lat' dir='ltr'><strong>simul</strong></span> <span class='ocrx_word' id='word_1_23' title='bbox 3396 474 3576 529; x_wconf 86' lang='lat' dir='ltr'>libras</span> 
     </span>
    </p>
   </div>
   <div class='ocr_carea' id='block_1_3' title="bbox 194 581 1116 659">
    <p class='ocr_par' dir='ltr' id='par_1_3' title="bbox 194 581 1116 659">
     <span class='ocr_line' id='line_1_3' title="bbox 194 581 1116 659; baseline -0.007 -17"><span class='ocrx_word' id='word_1_24' title='bbox 194 587 268 642; x_wconf 73' lang='grc'>45</span> <span class='ocrx_word' id='word_1_25' title='bbox 304 585 548 659; x_wconf 85' lang='lat' dir='ltr'>triginta</span> <span class='ocrx_word' id='word_1_26' title='bbox 573 589 799 657; x_wconf 78' lang='lat' dir='ltr'>septem</span> <span class='ocrx_word' id='word_1_27' title='bbox 832 588 890 638; x_wconf 92' lang='lat' dir='ltr'>et</span> <span class='ocrx_word' id='word_1_28' title='bbox 917 581 1116 638; x_wconf 81' lang='lat' dir='ltr'>semis.</span> 
     </span>
    </p>
   </div>
   <div class='ocr_carea' id='block_1_4' title="bbox 375 671 3577 750">
    <p class='ocr_par' dir='ltr' id='par_1_4' title="bbox 375 671 3577 750">
     <span class='ocr_line' id='line_1_4' title="bbox 375 671 3577 750; baseline -0.004 -9"><span class='ocrx_word' id='word_1_29' title='bbox 375 686 531 741; x_wconf 74' lang='lat'>416</span> <span class='ocrx_word' id='word_1_30' title='bbox 573 683 760 738; x_wconf 83' lang='lat' dir='ltr'>Isdem</span> <span class='ocrx_word' id='word_1_31' title='bbox 793 697 926 736; x_wconf 87' lang='lat' dir='ltr'>vero</span> <span class='ocrx_word' id='word_1_32' title='bbox 958 678 1369 735; x_wconf 89' lang='lat' dir='ltr'>sanctissimus</span> <span class='ocrx_word' id='word_1_33' title='bbox 1416 677 1648 750; x_wconf 73' lang='lat' dir='ltr'>praesul,</span> <span class='ocrx_word' id='word_1_34' title='bbox 1679 676 1864 733; x_wconf 97' lang='lat' dir='ltr'>sancti</span> <span class='ocrx_word' id='word_1_35' title='bbox 1912 676 2166 748; x_wconf 84' lang='lat' dir='ltr'>Spiritus</span> <span class='ocrx_word' id='word_1_36' title='bbox 2225 673 2613 729; x_wconf 86' lang='lat' dir='ltr'>illustratione</span> <span class='ocrx_word' id='word_1_37' title='bbox 2671 674 2966 746; x_wconf 87' lang='lat' dir='ltr'>perfusus,</span> <span class='ocrx_word' id='word_1_38' title='bbox 3003 673 3137 728; x_wconf 91' lang='lat' dir='ltr'>fecit</span> <span class='ocrx_word' id='word_1_39' title='bbox 3191 673 3362 729; x_wconf 88' lang='lat' dir='ltr'>beato</span> <span class='ocrx_word' id='word_1_40' title='bbox 3413 671 3577 727; x_wconf 91' lang='lat' dir='ltr'>Petro</span> 
     </span>
    </p>
   </div>
   <div class='ocr_carea' id='block_1_5' title="bbox 303 771 3579 854">
    <p class='ocr_par' dir='ltr' id='par_1_5' title="bbox 303 771 3579 854">
     <span class='ocr_line' id='line_1_5' title="bbox 303 771 3579 854; baseline -0.006 -11"><span class='ocrx_word' id='word_1_41' title='bbox 303 780 568 854; x_wconf 73' lang='lat' dir='ltr'>apostolo</span> <span class='ocrx_word' id='word_1_42' title='bbox 617 777 891 838; x_wconf 78' lang='lat' dir='ltr'>nutritori</span> <span class='ocrx_word' id='word_1_43' title='bbox 941 793 1047 833; x_wconf 90' lang='lat' dir='ltr'>suo</span> <span class='ocrx_word' id='word_1_44' title='bbox 1092 775 1333 832; x_wconf 83' lang='lat' dir='ltr'>calicem</span> <span class='ocrx_word' id='word_1_45' title='bbox 1376 792 1620 831; x_wconf 90' lang='lat' dir='ltr'>aureum</span> <span class='ocrx_word' id='word_1_46' title='bbox 1671 774 2029 846; x_wconf 81' lang='lat' dir='ltr'>praecipuum</span> <span class='ocrx_word' id='word_1_47' title='bbox 2080 778 2448 842; x_wconf 83' lang='lat' dir='ltr'>tetragonum</span> <span class='ocrx_word' id='word_1_48' title='bbox 2506 771 2975 844; x_wconf 87' lang='lat' dir='ltr'>Spanoclystum,</span> <span class='ocrx_word' id='word_1_49' title='bbox 3010 771 3256 826; x_wconf 79' lang='lat' dir='ltr'>diversis</span> <span class='ocrx_word' id='word_1_50' title='bbox 3305 775 3579 826; x_wconf 87' lang='lat' dir='ltr'>ornatum</span> 
     </span>
    </p>
   </div>
   <div class='ocr_carea' id='block_1_6' title="bbox 305 867 3580 953">
    <p class='ocr_par' dir='ltr' id='par_1_6' title="bbox 305 867 3580 953">
     <span class='ocr_line' id='line_1_6' title="bbox 305 867 3580 953; baseline -0.004 -17"><span class='ocrx_word' id='word_1_51' title='bbox 305 878 580 953; x_wconf 79' lang='lat' dir='ltr'>pretiosis</span> <span class='ocrx_word' id='word_1_52' title='bbox 609 876 928 950; x_wconf 84' lang='lat' dir='ltr'>lapidibus,</span> <span class='ocrx_word' id='word_1_53' title='bbox 965 891 1209 947; x_wconf 89' lang='lat' dir='ltr'>pensan.</span> <span class='ocrx_word' id='word_1_54' title='bbox 1244 874 1424 928; x_wconf 89' lang='lat' dir='ltr'>libras</span> <span class='ocrx_word' id='word_1_55' title='bbox 1454 872 1695 944; x_wconf 78' lang='lat' dir='ltr'>triginta</span> <span class='ocrx_word' id='word_1_56' title='bbox 1722 877 1776 926; x_wconf 91' lang='lat' dir='ltr'>et</span> <span class='ocrx_word' id='word_1_57' title='bbox 1808 872 1976 927; x_wconf 90' lang='lat' dir='ltr'>duas.</span> <span class='ocrx_word' id='word_1_58' title='bbox 2011 870 2243 926; x_wconf 79' lang='lat' dir='ltr'>Necnon</span> <span class='ocrx_word' id='word_1_59' title='bbox 2277 870 2411 924; x_wconf 80' lang='lat' dir='ltr'>fecit</span> <span class='ocrx_word' id='word_1_60' title='bbox 2439 874 2495 924; x_wconf 88' lang='lat' dir='ltr'>et</span> <span class='ocrx_word' id='word_1_61' title='bbox 2527 875 2800 942; x_wconf 88' lang='lat' dir='ltr'>patenam</span> <span class='ocrx_word' id='word_1_62' title='bbox 2850 885 3088 924; x_wconf 82' lang='lat' dir='ltr'>auream</span> <span class='ocrx_word' id='word_1_63' title='bbox 3135 867 3580 941; x_wconf 80' lang='lat' dir='ltr'>Spanoclystam</span> 
     </span>
    </p>
   </div>
   <div class='ocr_carea' id='block_1_7' title="bbox 305 966 3584 1048">
    <p class='ocr_par' dir='ltr' id='par_1_7' title="bbox 305 966 3584 1048">
     <span class='ocr_line' id='line_1_7' title="bbox 305 966 3584 1048; baseline -0.005 -10"><span class='ocrx_word' id='word_1_64' title='bbox 305 977 467 1038; x_wconf 69' lang='lat' dir='ltr'>mira</span> <span class='ocrx_word' id='word_1_65' title='bbox 498 973 926 1048; x_wconf 74' lang='lat' dir='ltr'>magnitudinis</span> <span class='ocrx_word' id='word_1_66' title='bbox 956 973 1310 1039; x_wconf 88' lang='lat' dir='ltr'>decoratam,</span> <span class='ocrx_word' id='word_1_67' title='bbox 1335 988 1579 1043; x_wconf 88' lang='lat' dir='ltr'>pensan.</span> <span class='ocrx_word' id='word_1_68' title='bbox 1607 970 1786 1025; x_wconf 89' lang='lat' dir='ltr'>libras</span> <span class='ocrx_word' id='word_1_69' title='bbox 1805 969 2004 1041; x_wconf 80' lang='lat' dir='ltr'>viginti</span> <span class='ocrx_word' id='word_1_70' title='bbox 2023 969 2284 1040; x_wconf 88' lang='lat' dir='ltr'>quinque</span> <span class='ocrx_word' id='word_1_71' title='bbox 2310 972 2367 1021; x_wconf 85' lang='lat' dir='ltr'>et</span> <span class='ocrx_word' id='word_1_72' title='bbox 2388 967 2593 1022; x_wconf 90' lang='lat' dir='ltr'>uncias</span> <span class='ocrx_word' id='word_1_73' title='bbox 2617 985 2843 1023; x_wconf 87' lang='lat' dir='ltr'>novem.</span> <span class='ocrx_word' id='word_1_74' title='bbox 2866 967 3022 1024; x_wconf 82' lang='lat' dir='ltr'>Fecit</span> <span class='ocrx_word' id='word_1_75' title='bbox 3047 971 3242 1023; x_wconf 87' lang='lat' dir='ltr'>autem</span> <span class='ocrx_word' id='word_1_76' title='bbox 3261 966 3319 1020; x_wconf 91' lang='lat' dir='ltr'>in</span> <span class='ocrx_word' id='word_1_77' title='bbox 3338 966 3584 1022; x_wconf 87' lang='lat' dir='ltr'>basilica</span> 
     </span>
    </p>
   </div>
   <div class='ocr_carea' id='block_1_8' title="bbox 231 1064 3580 1147">
    <p class='ocr_par' dir='ltr' id='par_1_8' title="bbox 231 1064 3580 1147">
     <span class='ocr_line' id='line_1_8' title="bbox 231 1064 3580 1147; baseline -0.004 -15"><span class='ocrx_word' id='word_1_78' title='bbox 231 1076 271 1142; x_wconf 82' lang='lat'><strong>5</strong></span> <span class='ocrx_word' id='word_1_79' title='bbox 307 1075 482 1147; x_wconf 84' lang='lat' dir='ltr'>cujus</span> <span class='ocrx_word' id='word_1_80' title='bbox 511 1090 692 1146; x_wconf 70' lang='lat' dir='ltr'>supra</span> <span class='ocrx_word' id='word_1_81' title='bbox 719 1071 971 1144; x_wconf 88' lang='lat' dir='ltr'>pharum</span> <span class='ocrx_word' id='word_1_82' title='bbox 1002 1069 1062 1126; x_wconf 92' lang='lat' dir='ltr'>in</span> <span class='ocrx_word' id='word_1_83' title='bbox 1096 1070 1336 1126; x_wconf 91' lang='lat' dir='ltr'>modum</span> <span class='ocrx_word' id='word_1_84' title='bbox 1371 1069 1508 1124; x_wconf 88' lang='lat' dir='ltr'>retis</span> <span class='ocrx_word' id='word_1_85' title='bbox 1540 1085 1675 1123; x_wconf 90' lang='lat' dir='ltr'>cum</span> <span class='ocrx_word' id='word_1_86' title='bbox 1707 1067 1985 1137; x_wconf 85' lang='lat' dir='ltr'>canistro,</span> <span class='ocrx_word' id='word_1_87' title='bbox 2020 1071 2075 1121; x_wconf 90' lang='lat' dir='ltr'>et</span> <span class='ocrx_word' id='word_1_88' title='bbox 2102 1082 2304 1121; x_wconf 90' lang='lat' dir='ltr'>cruces</span> <span class='ocrx_word' id='word_1_89' title='bbox 2335 1067 2404 1120; x_wconf 91' lang='lat' dir='ltr'>de</span> <span class='ocrx_word' id='word_1_90' title='bbox 2434 1070 2675 1136; x_wconf 85' lang='lat' dir='ltr'>argento</span> <span class='ocrx_word' id='word_1_91' title='bbox 2724 1064 3060 1136; x_wconf 89' lang='lat' dir='ltr'>purissimo,</span> <span class='ocrx_word' id='word_1_92' title='bbox 3093 1064 3192 1137; x_wconf 91' lang='lat' dir='ltr'>qui</span> <span class='ocrx_word' id='word_1_93' title='bbox 3227 1065 3440 1137; x_wconf 85' lang='lat' dir='ltr'>pendet</span> <span class='ocrx_word' id='word_1_94' title='bbox 3470 1066 3580 1121; x_wconf 88' lang='lat' dir='ltr'>sub</span> 
     </span>
    </p>
   </div>
   <div class='ocr_carea' id='block_1_9' title="bbox 308 1161 3581 1244">
    <p class='ocr_par' dir='ltr' id='par_1_9' title="bbox 308 1161 3581 1244">
     <span class='ocr_line' id='line_1_9' title="bbox 308 1161 3581 1244; baseline -0.004 -12"><span class='ocrx_word' id='word_1_95' title='bbox 308 1190 453 1236; x_wconf 76' lang='lat' dir='ltr'>auro</span> <span class='ocrx_word' id='word_1_96' title='bbox 482 1169 1063 1244; x_wconf 83' lang='lat' dir='ltr'>principali.Necnon</span> <span class='ocrx_word' id='word_1_97' title='bbox 1083 1174 1139 1224; x_wconf 92' lang='lat' dir='ltr'>et</span> <span class='ocrx_word' id='word_1_98' title='bbox 1155 1167 1336 1223; x_wconf 88' lang='lat' dir='ltr'>alium</span> <span class='ocrx_word' id='word_1_99' title='bbox 1368 1167 1619 1238; x_wconf 87' lang='lat' dir='ltr'>pharum</span> <span class='ocrx_word' id='word_1_100' title='bbox 1653 1167 1932 1236; x_wconf 80' lang='lat' dir='ltr'>majorem</span> <span class='ocrx_word' id='word_1_101' title='bbox 1968 1165 2026 1219; x_wconf 92' lang='lat' dir='ltr'>in</span> <span class='ocrx_word' id='word_1_102' title='bbox 2059 1165 2298 1218; x_wconf 88' lang='lat' dir='ltr'>modum</span> <span class='ocrx_word' id='word_1_103' title='bbox 2333 1164 2643 1229; x_wconf 87' lang='lat' dir='ltr'>retis,cum</span> <span class='ocrx_word' id='word_1_104' title='bbox 2676 1163 2948 1217; x_wconf 81' lang='lat' dir='ltr'>canistris</span> <span class='ocrx_word' id='word_1_105' title='bbox 2978 1161 3202 1234; x_wconf 77' lang='lat' dir='ltr'>viginti,</span> <span class='ocrx_word' id='word_1_106' title='bbox 3228 1163 3581 1234; x_wconf 80' lang='lat' dir='ltr'>pendentem</span> 
     </span>
    </p>
   </div>
   <div class='ocr_carea' id='block_1_10' title="bbox 308 1261 3582 1338">
    <p class='ocr_par' dir='ltr' id='par_1_10' title="bbox 308 1261 3582 1338">
     <span class='ocr_line' id='line_1_10' title="bbox 308 1261 3582 1338; baseline -0.004 -6"><span class='ocrx_word' id='word_1_107' title='bbox 308 1272 421 1332; x_wconf 83' lang='lat' dir='ltr'>sub</span> <span class='ocrx_word' id='word_1_108' title='bbox 453 1270 676 1328; x_wconf 87' lang='lat' dir='ltr'>trabem</span> <span class='ocrx_word' id='word_1_109' title='bbox 709 1267 991 1338; x_wconf 73' lang='lat' dir='ltr'>majorem</span> <span class='ocrx_word' id='word_1_110' title='bbox 1024 1270 1381 1337; x_wconf 79' lang='lat' dir='ltr'>argenteam,</span> <span class='ocrx_word' id='word_1_111' title='bbox 1414 1265 1484 1319; x_wconf 88' lang='lat' dir='ltr'>ad</span> <span class='ocrx_word' id='word_1_112' title='bbox 1513 1268 1784 1319; x_wconf 89' lang='lat' dir='ltr'>ornatum</span> <span class='ocrx_word' id='word_1_113' title='bbox 1819 1267 2030 1318; x_wconf 68' lang='lat' dir='ltr'>sanctae</span> <span class='ocrx_word' id='word_1_114' title='bbox 2067 1263 2160 1317; x_wconf 90' lang='lat' dir='ltr'>Dei</span> <span class='ocrx_word' id='word_1_115' title='bbox 2190 1261 2467 1326; x_wconf 70' lang='lat' dir='ltr'>ecclesiae,</span> <span class='ocrx_word' id='word_1_116' title='bbox 2496 1261 2595 1333; x_wconf 88' lang='lat' dir='ltr'>qui</span> <span class='ocrx_word' id='word_1_117' title='bbox 2631 1278 2874 1332; x_wconf 88' lang='lat' dir='ltr'>pensan.</span> <span class='ocrx_word' id='word_1_118' title='bbox 2909 1261 3054 1316; x_wconf 93' lang='lat' dir='ltr'>inibi</span> <span class='ocrx_word' id='word_1_119' title='bbox 3084 1261 3262 1316; x_wconf 89' lang='lat' dir='ltr'>libras</span> <span class='ocrx_word' id='word_1_120' title='bbox 3283 1261 3398 1316; x_wconf 92' lang='lat' dir='ltr'>duo</span> <span class='ocrx_word' id='word_1_121' title='bbox 3422 1261 3582 1318; x_wconf 92' lang='lat' dir='ltr'>mille</span> 
     </span>
    </p>
   </div>
   <div class='ocr_carea' id='block_1_11' title="bbox 308 1358 3580 1439">
    <p class='ocr_par' dir='ltr' id='par_1_11' title="bbox 308 1358 3580 1439">
     <span class='ocr_line' id='line_1_11' title="bbox 308 1358 3580 1439; baseline -0.003 -13"><span class='ocrx_word' id='word_1_122' title='bbox 308 1373 546 1426; x_wconf 83' lang='lat' dir='ltr'>centum</span> <span class='ocrx_word' id='word_1_123' title='bbox 568 1371 842 1439; x_wconf 75' lang='lat' dir='ltr'>quatuor,</span> <span class='ocrx_word' id='word_1_124' title='bbox 864 1369 924 1422; x_wconf 91' lang='lat' dir='ltr'>et</span> <span class='ocrx_word' id='word_1_125' title='bbox 955 1364 1159 1420; x_wconf 84' lang='lat' dir='ltr'>uncias</span> <span class='ocrx_word' id='word_1_126' title='bbox 1190 1367 1433 1434; x_wconf 87' lang='lat' dir='ltr'>septem.</span> <span class='ocrx_word' id='word_1_127' title='bbox 1460 1363 1562 1418; x_wconf 84' lang='lat' dir='ltr'>Hic</span> <span class='ocrx_word' id='word_1_128' title='bbox 1595 1362 1730 1416; x_wconf 91' lang='lat' dir='ltr'>fecit</span> <span class='ocrx_word' id='word_1_129' title='bbox 1763 1361 1819 1416; x_wconf 90' lang='lat' dir='ltr'>in</span> <span class='ocrx_word' id='word_1_130' title='bbox 1854 1360 2097 1416; x_wconf 88' lang='lat' dir='ltr'>basilica</span> <span class='ocrx_word' id='word_1_131' title='bbox 2115 1359 2371 1414; x_wconf 89' lang='lat' dir='ltr'>doctoris</span> <span class='ocrx_word' id='word_1_132' title='bbox 2390 1359 2594 1415; x_wconf 88' lang='lat' dir='ltr'>mundi</span> <span class='ocrx_word' id='word_1_133' title='bbox 2615 1360 2765 1414; x_wconf 87' lang='lat' dir='ltr'>beati</span> <span class='ocrx_word' id='word_1_134' title='bbox 2793 1358 2949 1414; x_wconf 87' lang='lat' dir='ltr'>Pauli</span> <span class='ocrx_word' id='word_1_135' title='bbox 2968 1358 3213 1430; x_wconf 85' lang='lat' dir='ltr'>apostoli</span> <span class='ocrx_word' id='word_1_136' title='bbox 3236 1359 3580 1415; x_wconf 83' lang='lat' dir='ltr'>cruciﬁxum</span> 
     </span>
    </p>
   </div>
   <div class='ocr_carea' id='block_1_12' title="bbox 308 1456 3581 1538">
    <p class='ocr_par' dir='ltr' id='par_1_12' title="bbox 308 1456 3581 1538">
     <span class='ocr_line' id='line_1_12' title="bbox 308 1456 3581 1538; baseline -0.002 -16"><span class='ocrx_word' id='word_1_137' title='bbox 308 1483 380 1524; x_wconf 79' lang='lat' dir='ltr'>ex</span> <span class='ocrx_word' id='word_1_138' title='bbox 408 1468 649 1538; x_wconf 83' lang='lat' dir='ltr'>argento</span> <span class='ocrx_word' id='word_1_139' title='bbox 679 1463 1019 1536; x_wconf 86' lang='lat' dir='ltr'>purissimo,</span> <span class='ocrx_word' id='word_1_140' title='bbox 1053 1461 1214 1517; x_wconf 63' lang='lat' dir='ltr'>mirae</span> <span class='ocrx_word' id='word_1_141' title='bbox 1246 1459 1674 1532; x_wconf 82' lang='lat' dir='ltr'>magnitudinis</span> <span class='ocrx_word' id='word_1_142' title='bbox 1707 1456 2522 1530; x_wconf 87' lang='lat' dir='ltr'>decoratum,pensan.libras</span> <span class='ocrx_word' id='word_1_143' title='bbox 2553 1457 2981 1529; x_wconf 85' lang='lat' dir='ltr'>quinquaginta</span> <span class='ocrx_word' id='word_1_144' title='bbox 3009 1456 3581 1514; x_wconf 87' lang='lat' dir='ltr'>duas.Verumetiam</span> 
     </span>
    </p>
   </div>
   <div class='ocr_carea' id='block_1_13' title="bbox 203 1533 3581 1634">
    <p class='ocr_par' dir='ltr' id='par_1_13' title="bbox 203 1533 3581 1634">
     <span class='ocr_line' id='line_1_13' title="bbox 203 1533 3581 1634; baseline -0.003 -12"><span class='ocrx_word' id='word_1_145' title='bbox 203 1566 282 1633; x_wconf 68' lang='lat' dir='ltr'>t0</span> <span class='ocrx_word' id='word_1_146' title='bbox 311 1563 448 1632; x_wconf 79' lang='lat' dir='ltr'>fecit</span> <span class='ocrx_word' id='word_1_147' title='bbox 473 1533 558 1618; x_wconf 69' lang='lat' dir='ltr'>ibi</span> <span class='ocrx_word' id='word_1_148' title='bbox 584 1533 766 1634; x_wconf 69' lang='lat' dir='ltr'>supra</span> <span class='ocrx_word' id='word_1_149' title='bbox 787 1559 1065 1618; x_wconf 83' lang='lat' dir='ltr'>tetravela</span> <span class='ocrx_word' id='word_1_150' title='bbox 1094 1559 1228 1614; x_wconf 91' lang='lat' dir='ltr'>alba</span> <span class='ocrx_word' id='word_1_151' title='bbox 1255 1557 1581 1614; x_wconf 87' lang='lat' dir='ltr'>holoserica</span> <span class='ocrx_word' id='word_1_152' title='bbox 1604 1561 1818 1624; x_wconf 87' lang='lat' dir='ltr'>rosata,</span> <span class='ocrx_word' id='word_1_153' title='bbox 1852 1572 1920 1612; x_wconf 80' lang='lat' dir='ltr'>ex</span> <span class='ocrx_word' id='word_1_154' title='bbox 1951 1556 2166 1628; x_wconf 88' lang='lat' dir='ltr'>quibus</span> <span class='ocrx_word' id='word_1_155' title='bbox 2195 1572 2378 1610; x_wconf 91' lang='lat' dir='ltr'>unum</span> <span class='ocrx_word' id='word_1_156' title='bbox 2413 1554 2636 1610; x_wconf 90' lang='lat' dir='ltr'>habens</span> <span class='ocrx_word' id='word_1_157' title='bbox 2665 1555 2721 1610; x_wconf 95' lang='lat' dir='ltr'>in</span> <span class='ocrx_word' id='word_1_158' title='bbox 2754 1553 2944 1610; x_wconf 86' lang='lat' dir='ltr'>medio</span> <span class='ocrx_word' id='word_1_159' title='bbox 2975 1571 3205 1610; x_wconf 89' lang='lat' dir='ltr'>crucem</span> <span class='ocrx_word' id='word_1_160' title='bbox 3239 1555 3308 1611; x_wconf 88' lang='lat' dir='ltr'>de</span> <span class='ocrx_word' id='word_1_161' title='bbox 3339 1533 3581 1626; x_wconf 38' lang='lat' dir='ltr'>chryso;</span> 
     </span>
    </p>
   </div>
   <div class='ocr_carea' id='block_1_14' title="bbox 310 1652 3582 1732">
    <p class='ocr_par' dir='ltr' id='par_1_14' title="bbox 310 1652 3582 1732">
     <span class='ocr_line' id='line_1_14' title="bbox 310 1652 3582 1732; baseline -0.003 -13"><span class='ocrx_word' id='word_1_162' title='bbox 310 1662 495 1728; x_wconf 85' lang='lat' dir='ltr'>clavo,</span> <span class='ocrx_word' id='word_1_163' title='bbox 525 1664 585 1718; x_wconf 85' lang='lat' dir='ltr'>et</span> <span class='ocrx_word' id='word_1_164' title='bbox 614 1658 982 1732; x_wconf 81' lang='lat' dir='ltr'>gammadias</span> <span class='ocrx_word' id='word_1_165' title='bbox 1017 1657 1086 1712; x_wconf 90' lang='lat' dir='ltr'>de</span> <span class='ocrx_word' id='word_1_166' title='bbox 1113 1655 1502 1728; x_wconf 87' lang='lat' dir='ltr'>chrysoclavo.</span> <span class='ocrx_word' id='word_1_167' title='bbox 1539 1655 1773 1710; x_wconf 80' lang='lat' dir='ltr'>Necnon</span> <span class='ocrx_word' id='word_1_168' title='bbox 1804 1655 1979 1709; x_wconf 90' lang='lat' dir='ltr'>etiam</span> <span class='ocrx_word' id='word_1_169' title='bbox 2024 1653 2148 1708; x_wconf 88' lang='lat' dir='ltr'>vela</span> <span class='ocrx_word' id='word_1_170' title='bbox 2196 1653 2329 1708; x_wconf 87' lang='lat' dir='ltr'>alba</span> <span class='ocrx_word' id='word_1_171' title='bbox 2378 1652 2704 1709; x_wconf 87' lang='lat' dir='ltr'>holoserica</span> <span class='ocrx_word' id='word_1_172' title='bbox 2753 1669 2998 1709; x_wconf 83' lang='lat' dir='ltr'>numero</span> <span class='ocrx_word' id='word_1_173' title='bbox 3029 1667 3256 1721; x_wconf 87' lang='lat' dir='ltr'>novem,</span> <span class='ocrx_word' id='word_1_174' title='bbox 3291 1658 3496 1710; x_wconf 85' lang='lat' dir='ltr'>ornata</span> <span class='ocrx_word' id='word_1_175' title='bbox 3521 1652 3582 1708; x_wconf 89' lang='lat' dir='ltr'>in</span> 
     </span>
    </p>
   </div>
   <div class='ocr_carea' id='block_1_15' title="bbox 310 1751 3582 1829">
    <p class='ocr_par' dir='ltr' id='par_1_15' title="bbox 310 1751 3582 1829">
     <span class='ocr_line' id='line_1_15' title="bbox 310 1751 3582 1829; baseline -0.003 -11"><span class='ocrx_word' id='word_1_176' title='bbox 310 1758 562 1818; x_wconf 72' lang='lat' dir='ltr'>circuitu</span> <span class='ocrx_word' id='word_1_177' title='bbox 596 1758 667 1814; x_wconf 91' lang='lat' dir='ltr'>de</span> <span class='ocrx_word' id='word_1_178' title='bbox 698 1756 865 1829; x_wconf 87' lang='lat' dir='ltr'>tyrio.</span> <span class='ocrx_word' id='word_1_179' title='bbox 903 1755 1060 1811; x_wconf 87' lang='lat' dir='ltr'>Fecit</span> <span class='ocrx_word' id='word_1_180' title='bbox 1089 1754 1167 1808; x_wconf 92' lang='lat' dir='ltr'>ibi</span> <span class='ocrx_word' id='word_1_181' title='bbox 1200 1770 1379 1825; x_wconf 89' lang='lat' dir='ltr'>super</span> <span class='ocrx_word' id='word_1_182' title='bbox 1403 1753 1690 1824; x_wconf 89' lang='lat' dir='ltr'>gabathas</span> <span class='ocrx_word' id='word_1_183' title='bbox 1722 1752 1995 1807; x_wconf 80' lang='lat' dir='ltr'>fundatas</span> <span class='ocrx_word' id='word_1_184' title='bbox 2024 1751 2382 1806; x_wconf 84' lang='lat' dir='ltr'>interrasiles</span> <span class='ocrx_word' id='word_1_185' title='bbox 2414 1769 2483 1806; x_wconf 78' lang='lat' dir='ltr'>ex</span> <span class='ocrx_word' id='word_1_186' title='bbox 2513 1756 2752 1823; x_wconf 83' lang='lat' dir='ltr'>argento</span> <span class='ocrx_word' id='word_1_187' title='bbox 2794 1751 3111 1824; x_wconf 84' lang='lat' dir='ltr'>purissimo</span> <span class='ocrx_word' id='word_1_188' title='bbox 3158 1768 3401 1808; x_wconf 88' lang='lat' dir='ltr'>numero</span> <span class='ocrx_word' id='word_1_189' title='bbox 3433 1757 3582 1820; x_wconf 90' lang='lat' dir='ltr'>octo,</span> 
     </span>
    </p>
   </div>
   <div class='ocr_carea' id='block_1_16' title="bbox 310 1847 3586 1928">
    <p class='ocr_par' dir='ltr' id='par_1_16' title="bbox 310 1847 3586 1928">
     <span class='ocr_line' id='line_1_16' title="bbox 310 1847 3586 1928; baseline -0.002 -14"><span class='ocrx_word' id='word_1_190' title='bbox 310 1873 441 1928; x_wconf 67' lang='lat' dir='ltr'>qua</span> <span class='ocrx_word' id='word_1_191' title='bbox 469 1853 730 1927; x_wconf 86' lang='lat' dir='ltr'>pendent</span> <span class='ocrx_word' id='word_1_192' title='bbox 744 1852 804 1907; x_wconf 89' lang='lat' dir='ltr'>in</span> <span class='ocrx_word' id='word_1_193' title='bbox 828 1851 1010 1924; x_wconf 87' lang='lat' dir='ltr'>pharo</span> <span class='ocrx_word' id='word_1_194' title='bbox 1034 1867 1178 1906; x_wconf 64' lang='lat' dir='ltr'>aereo</span> <span class='ocrx_word' id='word_1_195' title='bbox 1194 1850 1252 1905; x_wconf 91' lang='lat' dir='ltr'>in</span> <span class='ocrx_word' id='word_1_196' title='bbox 1275 1848 1466 1904; x_wconf 88' lang='lat' dir='ltr'>medio</span> <span class='ocrx_word' id='word_1_197' title='bbox 1486 1848 1760 1918; x_wconf 60' lang='lat' dir='ltr'>basilica),</span> <span class='ocrx_word' id='word_1_198' title='bbox 1781 1865 1944 1919; x_wconf 90' lang='lat' dir='ltr'>pens.</span> <span class='ocrx_word' id='word_1_199' title='bbox 1968 1847 2112 1902; x_wconf 92' lang='lat' dir='ltr'>inibi</span> <span class='ocrx_word' id='word_1_200' title='bbox 2131 1847 2310 1903; x_wconf 89' lang='lat' dir='ltr'>libras</span> <span class='ocrx_word' id='word_1_201' title='bbox 2323 1848 2788 1919; x_wconf 90' lang='lat' dir='ltr'>quatuordecim.</span> <span class='ocrx_word' id='word_1_202' title='bbox 2816 1850 3152 1920; x_wconf 86' lang='lat' dir='ltr'>Ingressum</span> <span class='ocrx_word' id='word_1_203' title='bbox 3176 1866 3307 1904; x_wconf 88' lang='lat' dir='ltr'>vero</span> <span class='ocrx_word' id='word_1_204' title='bbox 3325 1851 3586 1922; x_wconf 90' lang='lat' dir='ltr'>corporis</span> 
     </span>
    </p>
   </div>
   <div class='ocr_carea' id='block_1_17' title="bbox 315 1944 3589 2024">
    <p class='ocr_par' dir='ltr' id='par_1_17' title="bbox 315 1944 3589 2024">
     <span class='ocr_line' id='line_1_17' title="bbox 315 1944 3589 2024; baseline -0.002 -15"><span class='ocrx_word' id='word_1_205' title='bbox 315 1953 505 2010; x_wconf 86' lang='lat' dir='ltr'>isdem</span> <span class='ocrx_word' id='word_1_206' title='bbox 536 1949 748 2024; x_wconf 70' lang='lat' dir='ltr'>praesul</span> <span class='ocrx_word' id='word_1_207' title='bbox 778 1967 847 2006; x_wconf 79' lang='lat' dir='ltr'>ex</span> <span class='ocrx_word' id='word_1_208' title='bbox 877 1947 1271 2006; x_wconf 81' lang='lat' dir='ltr'>marmoribus</span> <span class='ocrx_word' id='word_1_209' title='bbox 1300 1945 1566 2002; x_wconf 86' lang='lat' dir='ltr'>candidis</span> <span class='ocrx_word' id='word_1_210' title='bbox 1602 1944 1747 2000; x_wconf 91' lang='lat' dir='ltr'>miro</span> <span class='ocrx_word' id='word_1_211' title='bbox 1779 1946 1983 2000; x_wconf 90' lang='lat' dir='ltr'>decore</span> <span class='ocrx_word' id='word_1_212' title='bbox 2015 1944 2258 2012; x_wconf 87' lang='lat' dir='ltr'>ornavit,</span> <span class='ocrx_word' id='word_1_213' title='bbox 2293 1950 2468 2016; x_wconf 89' lang='lat' dir='ltr'>atque</span> <span class='ocrx_word' id='word_1_214' title='bbox 2500 1945 2690 2016; x_wconf 87' lang='lat' dir='ltr'>regias</span> <span class='ocrx_word' id='word_1_215' title='bbox 2721 1962 2900 2002; x_wconf 65' lang='lat' dir='ltr'>terens</span> <span class='ocrx_word' id='word_1_216' title='bbox 2927 1945 3145 2002; x_wconf 86' lang='lat' dir='ltr'>ibidem</span> <span class='ocrx_word' id='word_1_217' title='bbox 3172 1947 3589 2021; x_wconf 89' lang='lat' dir='ltr'>posuit.Super</span> 
     </span>
    </p>
   </div>
   <div class='ocr_carea' id='block_1_18' title="bbox 206 2042 3585 2118">
    <p class='ocr_par' dir='ltr' id='par_1_18' title="bbox 206 2042 3585 2118">
     <span class='ocr_line' id='line_1_18' title="bbox 206 2042 3585 2118; baseline -0.001 -10"><span class='ocrx_word' id='word_1_218' title='bbox 206 2052 277 2116; x_wconf 57' lang='grc' dir='ltr'>ιδ</span> <span class='ocrx_word' id='word_1_219' title='bbox 313 2050 622 2109; x_wconf 84' lang='lat' dir='ltr'>columnas</span> <span class='ocrx_word' id='word_1_220' title='bbox 649 2063 783 2104; x_wconf 85' lang='lat' dir='ltr'>vero</span> <span class='ocrx_word' id='word_1_221' title='bbox 813 2061 1194 2108; x_wconf 84' lang='lat' dir='ltr'>marmoreas,</span> <span class='ocrx_word' id='word_1_222' title='bbox 1230 2061 1357 2114; x_wconf 67' lang='lat' dir='ltr'>quae</span> <span class='ocrx_word' id='word_1_223' title='bbox 1388 2047 1548 2098; x_wconf 86' lang='lat' dir='ltr'>stant</span> <span class='ocrx_word' id='word_1_224' title='bbox 1580 2043 1636 2096; x_wconf 91' lang='lat' dir='ltr'>in</span> <span class='ocrx_word' id='word_1_225' title='bbox 1669 2042 1918 2098; x_wconf 81' lang='lat' dir='ltr'>circuitu</span> <span class='ocrx_word' id='word_1_226' title='bbox 1950 2042 2151 2098; x_wconf 87' lang='lat' dir='ltr'>altaris</span> <span class='ocrx_word' id='word_1_227' title='bbox 2177 2043 2367 2114; x_wconf 89' lang='lat' dir='ltr'>ipsius</span> <span class='ocrx_word' id='word_1_228' title='bbox 2398 2043 2654 2099; x_wconf 90' lang='lat' dir='ltr'>doctoris</span> <span class='ocrx_word' id='word_1_229' title='bbox 2676 2043 2904 2114; x_wconf 90' lang='lat' dir='ltr'>mundi,</span> <span class='ocrx_word' id='word_1_230' title='bbox 2937 2045 3038 2100; x_wconf 90' lang='lat' dir='ltr'>ubi</span> <span class='ocrx_word' id='word_1_231' title='bbox 3071 2045 3266 2101; x_wconf 84' lang='lat' dir='ltr'>trabes</span> <span class='ocrx_word' id='word_1_232' title='bbox 3286 2049 3585 2118; x_wconf 86' lang='lat' dir='ltr'>quondam</span> 
     </span>
    </p>
   </div>
   <div class='ocr_carea' id='block_1_19' title="bbox 314 2140 3589 2222">
    <p class='ocr_par' dir='ltr' id='par_1_19' title="bbox 314 2140 3589 2222">
     <span class='ocr_line' id='line_1_19' title="bbox 314 2140 3589 2222; baseline -0 -19"><span class='ocrx_word' id='word_1_233' title='bbox 314 2147 521 2222; x_wconf 60' lang='lat' dir='ltr'>lignea</span> <span class='ocrx_word' id='word_1_234' title='bbox 552 2145 754 2219; x_wconf 70' lang='lat' dir='ltr'>posita:</span> <span class='ocrx_word' id='word_1_235' title='bbox 782 2144 1033 2208; x_wconf 80' lang='lat' dir='ltr'>fuerant,</span> <span class='ocrx_word' id='word_1_236' title='bbox 1065 2141 1240 2197; x_wconf 87' lang='lat' dir='ltr'>etiam</span> <span class='ocrx_word' id='word_1_237' title='bbox 1274 2140 1456 2197; x_wconf 91' lang='lat' dir='ltr'>nimia</span> <span class='ocrx_word' id='word_1_238' title='bbox 1485 2144 1776 2196; x_wconf 84' lang='lat' dir='ltr'>vetustate</span> <span class='ocrx_word' id='word_1_239' title='bbox 1801 2146 2226 2207; x_wconf 89' lang='lat' dir='ltr'>emarcuerant,</span> <span class='ocrx_word' id='word_1_240' title='bbox 2261 2140 2356 2196; x_wconf 88' lang='lat' dir='ltr'>hic</span> <span class='ocrx_word' id='word_1_241' title='bbox 2388 2157 2550 2196; x_wconf 89' lang='lat' dir='ltr'>sacer</span> <span class='ocrx_word' id='word_1_242' title='bbox 2581 2141 2828 2196; x_wconf 88' lang='lat' dir='ltr'>antistes</span> <span class='ocrx_word' id='word_1_243' title='bbox 2858 2159 3036 2214; x_wconf 90' lang='lat' dir='ltr'>super</span> <span class='ocrx_word' id='word_1_244' title='bbox 3074 2143 3234 2215; x_wconf 89' lang='lat' dir='ltr'>ipsas</span> <span class='ocrx_word' id='word_1_245' title='bbox 3284 2144 3589 2202; x_wconf 85' lang='lat' dir='ltr'>columnas</span> 
     </span>
    </p>
   </div>
   <div class='ocr_carea' id='block_1_20' title="bbox 317 2237 3591 2317">
    <p class='ocr_par' dir='ltr' id='par_1_20' title="bbox 317 2237 3591 2317">
     <span class='ocr_line' id='line_1_20' title="bbox 317 2237 3591 2317; baseline -0.001 -15"><span class='ocrx_word' id='word_1_246' title='bbox 317 2245 479 2306; x_wconf 78' lang='lat' dir='ltr'>lilios</span> <span class='ocrx_word' id='word_1_247' title='bbox 505 2243 643 2317; x_wconf 88' lang='lat' dir='ltr'>poni</span> <span class='ocrx_word' id='word_1_248' title='bbox 673 2241 830 2309; x_wconf 85' lang='lat' dir='ltr'>fecit,</span> <span class='ocrx_word' id='word_1_249' title='bbox 856 2247 914 2296; x_wconf 89' lang='lat' dir='ltr'>et</span> <span class='ocrx_word' id='word_1_250' title='bbox 941 2256 1118 2314; x_wconf 89' lang='lat' dir='ltr'>super</span> <span class='ocrx_word' id='word_1_251' title='bbox 1150 2239 1309 2311; x_wconf 88' lang='lat' dir='ltr'>ipsos</span> <span class='ocrx_word' id='word_1_252' title='bbox 1359 2238 1514 2294; x_wconf 90' lang='lat' dir='ltr'>lilios</span> <span class='ocrx_word' id='word_1_253' title='bbox 1561 2256 1630 2294; x_wconf 79' lang='lat' dir='ltr'>ex</span> <span class='ocrx_word' id='word_1_254' title='bbox 1675 2238 1931 2294; x_wconf 86' lang='lat' dir='ltr'>metallis</span> <span class='ocrx_word' id='word_1_255' title='bbox 1974 2237 2318 2293; x_wconf 86' lang='lat' dir='ltr'>marmoreis</span> <span class='ocrx_word' id='word_1_256' title='bbox 2365 2237 2656 2309; x_wconf 89' lang='lat' dir='ltr'>platonias</span> <span class='ocrx_word' id='word_1_257' title='bbox 2705 2239 2919 2310; x_wconf 86' lang='lat' dir='ltr'>posuit,</span> <span class='ocrx_word' id='word_1_258' title='bbox 2955 2240 3316 2313; x_wconf 86' lang='lat' dir='ltr'>diversisque</span> <span class='ocrx_word' id='word_1_259' title='bbox 3348 2243 3591 2315; x_wconf 88' lang='lat' dir='ltr'>picturis</span> 
     </span>
    </p>
   </div>
   <div class='ocr_carea' id='block_1_21' title="bbox 317 2325 3589 2414">
    <p class='ocr_par' dir='ltr' id='par_1_21' title="bbox 317 2325 3589 2414">
     <span class='ocr_line' id='line_1_21' title="bbox 317 2325 3589 2414; baseline 0 -17"><span class='ocrx_word' id='word_1_260' title='bbox 317 2343 481 2414; x_wconf 68' lang='lat' dir='ltr'>mire</span> <span class='ocrx_word' id='word_1_261' title='bbox 514 2325 938 2414; x_wconf 74' lang='lat' dir='ltr'>magnitudinis</span> <span class='ocrx_word' id='word_1_262' title='bbox 960 2355 1109 2411; x_wconf 88' lang='lat' dir='ltr'>opus</span> <span class='ocrx_word' id='word_1_263' title='bbox 1139 2337 1448 2394; x_wconf 87' lang='lat' dir='ltr'>decoravit.</span> <span class='ocrx_word' id='word_1_264' title='bbox 1475 2338 1708 2393; x_wconf 87' lang='lat' dir='ltr'>Necnon</span> <span class='ocrx_word' id='word_1_265' title='bbox 1731 2337 1830 2392; x_wconf 92' lang='lat' dir='ltr'>ubi</span> <span class='ocrx_word' id='word_1_266' title='bbox 1849 2354 2029 2408; x_wconf 89' lang='lat' dir='ltr'>supra</span> <span class='ocrx_word' id='word_1_267' title='bbox 2050 2336 2184 2392; x_wconf 90' lang='lat' dir='ltr'>fecit</span> <span class='ocrx_word' id='word_1_268' title='bbox 2212 2335 2340 2391; x_wconf 88' lang='lat' dir='ltr'>vela</span> <span class='ocrx_word' id='word_1_269' title='bbox 2367 2336 2758 2392; x_wconf 86' lang='lat' dir='ltr'>Alexandrina</span> <span class='ocrx_word' id='word_1_270' title='bbox 2790 2339 3014 2409; x_wconf 87' lang='lat' dir='ltr'>majora</span> <span class='ocrx_word' id='word_1_271' title='bbox 3044 2357 3288 2396; x_wconf 90' lang='lat' dir='ltr'>numero</span> <span class='ocrx_word' id='word_1_272' title='bbox 3308 2342 3589 2414; x_wconf 90' lang='lat' dir='ltr'>quinque,</span> 
     </span>
    </p>
   </div>
   <div class='ocr_carea' id='block_1_22' title="bbox 321 2433 2750 2516">
    <p class='ocr_par' dir='ltr' id='par_1_22' title="bbox 321 2433 2750 2516">
     <span class='ocr_line' id='line_1_22' title="bbox 321 2433 2750 2516; baseline -0.004 -19"><span class='ocrx_word' id='word_1_273' title='bbox 321 2458 451 2516; x_wconf 66' lang='lat' dir='ltr'>quae</span> <span class='ocrx_word' id='word_1_274' title='bbox 481 2440 739 2513; x_wconf 87' lang='lat' dir='ltr'>pendent</span> <span class='ocrx_word' id='word_1_275' title='bbox 766 2455 945 2511; x_wconf 87' lang='lat' dir='ltr'>super</span> <span class='ocrx_word' id='word_1_276' title='bbox 971 2437 1161 2509; x_wconf 85' lang='lat' dir='ltr'>regias</span> <span class='ocrx_word' id='word_1_277' title='bbox 1195 2436 1447 2505; x_wconf 83' lang='lat' dir='ltr'>majores</span> <span class='ocrx_word' id='word_1_278' title='bbox 1479 2435 1536 2490; x_wconf 91' lang='lat' dir='ltr'>in</span> <span class='ocrx_word' id='word_1_279' title='bbox 1574 2435 1840 2507; x_wconf 88' lang='lat' dir='ltr'>ingressu</span> <span class='ocrx_word' id='word_1_280' title='bbox 1875 2433 2148 2501; x_wconf 68' lang='lat' dir='ltr'>basilicae,</span> <span class='ocrx_word' id='word_1_281' title='bbox 2186 2434 2430 2489; x_wconf 78' lang='lat' dir='ltr'>mirifice</span> <span class='ocrx_word' id='word_1_282' title='bbox 2459 2435 2750 2490; x_wconf 86' lang='lat' dir='ltr'>decorata.</span> 
     </span>
    </p>
   </div>
   <div class='ocr_carea' id='block_1_23' title="bbox 393 2531 3598 2609">
    <p class='ocr_par' dir='ltr' id='par_1_23' title="bbox 393 2531 3598 2609">
     <span class='ocr_line' id='line_1_23' title="bbox 393 2531 3598 2609; baseline -0.001 -13"><span class='ocrx_word' id='word_1_283' title='bbox 393 2540 541 2596; x_wconf 72' lang='grc'>417</span> <span class='ocrx_word' id='word_1_284' title='bbox 589 2535 691 2592; x_wconf 83' lang='lat' dir='ltr'>Hic</span> <span class='ocrx_word' id='word_1_285' title='bbox 719 2551 854 2591; x_wconf 90' lang='lat' dir='ltr'>vero</span> <span class='ocrx_word' id='word_1_286' title='bbox 887 2533 1296 2592; x_wconf 88' lang='lat' dir='ltr'>sanctissimus</span> <span class='ocrx_word' id='word_1_287' title='bbox 1327 2536 1384 2587; x_wconf 93' lang='lat' dir='ltr'>et</span> <span class='ocrx_word' id='word_1_288' title='bbox 1414 2532 1730 2604; x_wconf 72' lang='lat' dir='ltr'>przeclarus</span> <span class='ocrx_word' id='word_1_289' title='bbox 1763 2531 2018 2604; x_wconf 83' lang='lat' dir='ltr'>pontifex</span> <span class='ocrx_word' id='word_1_290' title='bbox 2048 2531 2183 2586; x_wconf 89' lang='lat' dir='ltr'>fecit</span> <span class='ocrx_word' id='word_1_291' title='bbox 2204 2531 2262 2586; x_wconf 90' lang='lat' dir='ltr'>in</span> <span class='ocrx_word' id='word_1_292' title='bbox 2285 2531 2528 2588; x_wconf 88' lang='lat' dir='ltr'>basilica</span> <span class='ocrx_word' id='word_1_293' title='bbox 2560 2538 2772 2588; x_wconf 75' lang='lat' dir='ltr'>sanctae</span> <span class='ocrx_word' id='word_1_294' title='bbox 2796 2532 2897 2589; x_wconf 90' lang='lat' dir='ltr'>Dei</span> <span class='ocrx_word' id='word_1_295' title='bbox 2916 2534 3226 2592; x_wconf 89' lang='lat' dir='ltr'>Genitricis</span> <span class='ocrx_word' id='word_1_296' title='bbox 3250 2553 3598 2609; x_wconf 86' lang='lat' dir='ltr'>semperque</span> 
     </span>
    </p>
   </div>
   <div class='ocr_carea' id='block_1_24' title="bbox 321 2627 3602 2712">
    <p class='ocr_par' dir='ltr' id='par_1_24' title="bbox 321 2627 3602 2712">
     <span class='ocr_line' id='line_1_24' title="bbox 321 2627 3602 2712; baseline 0.001 -24"><span class='ocrx_word' id='word_1_297' title='bbox 321 2634 583 2712; x_wconf 78' lang='lat' dir='ltr'>Virginis</span> <span class='ocrx_word' id='word_1_298' title='bbox 615 2631 808 2688; x_wconf 68' lang='lat' dir='ltr'>Mariae</span> <span class='ocrx_word' id='word_1_299' title='bbox 841 2631 1089 2686; x_wconf 74' lang='lat' dir='ltr'>domina:</span> <span class='ocrx_word' id='word_1_300' title='bbox 1123 2635 1335 2686; x_wconf 74' lang='lat' dir='ltr'>nostrae</span> <span class='ocrx_word' id='word_1_301' title='bbox 1367 2630 1438 2686; x_wconf 90' lang='lat' dir='ltr'>ad</span> <span class='ocrx_word' id='word_1_302' title='bbox 1473 2630 1732 2701; x_wconf 64' lang='lat' dir='ltr'>Praesepe</span> <span class='ocrx_word' id='word_1_303' title='bbox 1763 2627 2040 2684; x_wconf 87' lang='lat' dir='ltr'>tetravela</span> <span class='ocrx_word' id='word_1_304' title='bbox 2069 2628 2201 2684; x_wconf 90' lang='lat' dir='ltr'>alba</span> <span class='ocrx_word' id='word_1_305' title='bbox 2231 2628 2555 2686; x_wconf 90' lang='lat' dir='ltr'>holoserica</span> <span class='ocrx_word' id='word_1_306' title='bbox 2593 2635 2806 2698; x_wconf 88' lang='lat' dir='ltr'>rosata,</span> <span class='ocrx_word' id='word_1_307' title='bbox 2841 2631 3086 2687; x_wconf 81' lang='lat' dir='ltr'>mirifice</span> <span class='ocrx_word' id='word_1_308' title='bbox 3117 2634 3406 2690; x_wconf 88' lang='lat' dir='ltr'>decorata.</span> <span class='ocrx_word' id='word_1_309' title='bbox 3443 2635 3602 2692; x_wconf 89' lang='lat' dir='ltr'>Fecit</span> 
     </span>
    </p>
   </div>
   <div class='ocr_carea' id='block_1_25' title="bbox 323 2725 3605 2807">
    <p class='ocr_par' dir='ltr' id='par_1_25' title="bbox 323 2725 3605 2807">
     <span class='ocr_line' id='line_1_25' title="bbox 323 2725 3605 2807; baseline 0.001 -20"><span class='ocrx_word' id='word_1_310' title='bbox 323 2749 480 2803; x_wconf 89' lang='lat' dir='ltr'>vero,</span> <span class='ocrx_word' id='word_1_311' title='bbox 503 2730 600 2786; x_wconf 91' lang='lat' dir='ltr'>ubi</span> <span class='ocrx_word' id='word_1_312' title='bbox 628 2746 827 2803; x_wconf 85' lang='lat' dir='ltr'>supra,</span> <span class='ocrx_word' id='word_1_313' title='bbox 850 2729 1006 2784; x_wconf 90' lang='lat' dir='ltr'>intra</span> <span class='ocrx_word' id='word_1_314' title='bbox 1037 2727 1390 2799; x_wconf 75' lang='lat' dir='ltr'>Praesepium</span> <span class='ocrx_word' id='word_1_315' title='bbox 1419 2733 1636 2782; x_wconf 87' lang='lat' dir='ltr'>vestem</span> <span class='ocrx_word' id='word_1_316' title='bbox 1671 2726 1865 2783; x_wconf 88' lang='lat' dir='ltr'>albam</span> <span class='ocrx_word' id='word_1_317' title='bbox 1898 2725 2285 2782; x_wconf 89' lang='lat' dir='ltr'>holosericam</span> <span class='ocrx_word' id='word_1_318' title='bbox 2319 2732 2593 2795; x_wconf 87' lang='lat' dir='ltr'>rosatam,</span> <span class='ocrx_word' id='word_1_319' title='bbox 2621 2733 2886 2784; x_wconf 88' lang='lat' dir='ltr'>ornatam</span> <span class='ocrx_word' id='word_1_320' title='bbox 2917 2730 2976 2785; x_wconf 90' lang='lat' dir='ltr'>in</span> <span class='ocrx_word' id='word_1_321' title='bbox 3009 2730 3258 2788; x_wconf 88' lang='lat' dir='ltr'>circuitu</span> <span class='ocrx_word' id='word_1_322' title='bbox 3281 2733 3351 2789; x_wconf 92' lang='lat' dir='ltr'>de</span> <span class='ocrx_word' id='word_1_323' title='bbox 3373 2733 3605 2807; x_wconf 79' lang='lat' dir='ltr'>chryso-</span> 
     </span>
    </p>
   </div>
   <div class='ocr_carea' id='block_1_26' title="bbox 323 2823 3602 2896">
    <p class='ocr_par' dir='ltr' id='par_1_26' title="bbox 323 2823 3602 2896">
     <span class='ocr_line' id='line_1_26' title="bbox 323 2823 3602 2896; baseline 0.001 -12"><span class='ocrx_word' id='word_1_324' title='bbox 323 2828 506 2896; x_wconf 84' lang='lat' dir='ltr'>clavo,</span> <span class='ocrx_word' id='word_1_325' title='bbox 531 2831 588 2884; x_wconf 88' lang='lat' dir='ltr'>et</span> <span class='ocrx_word' id='word_1_326' title='bbox 608 2826 666 2882; x_wconf 88' lang='lat' dir='ltr'>in</span> <span class='ocrx_word' id='word_1_327' title='bbox 691 2824 883 2882; x_wconf 90' lang='lat' dir='ltr'>medio</span> <span class='ocrx_word' id='word_1_328' title='bbox 905 2824 1218 2879; x_wconf 89' lang='lat' dir='ltr'>habentem</span> <span class='ocrx_word' id='word_1_329' title='bbox 1242 2840 1475 2879; x_wconf 90' lang='lat' dir='ltr'>crucem</span> <span class='ocrx_word' id='word_1_330' title='bbox 1507 2840 1642 2879; x_wconf 90' lang='lat' dir='ltr'>cum</span> <span class='ocrx_word' id='word_1_331' title='bbox 1675 2823 1955 2880; x_wconf 90' lang='lat' dir='ltr'>orbiculis</span> <span class='ocrx_word' id='word_1_332' title='bbox 1978 2825 2047 2879; x_wconf 92' lang='lat' dir='ltr'>de</span> <span class='ocrx_word' id='word_1_333' title='bbox 2079 2823 2472 2896; x_wconf 88' lang='lat' dir='ltr'>chrysoclavo,</span> <span class='ocrx_word' id='word_1_334' title='bbox 2497 2825 2626 2882; x_wconf 89' lang='lat' dir='ltr'>vela</span> <span class='ocrx_word' id='word_1_335' title='bbox 2642 2825 2778 2882; x_wconf 90' lang='lat' dir='ltr'>alba</span> <span class='ocrx_word' id='word_1_336' title='bbox 2799 2826 3122 2886; x_wconf 86' lang='lat' dir='ltr'>holoserica</span> <span class='ocrx_word' id='word_1_337' title='bbox 3146 2834 3341 2886; x_wconf 89' lang='lat' dir='ltr'>rosata</span> <span class='ocrx_word' id='word_1_338' title='bbox 3358 2849 3602 2889; x_wconf 86' lang='lat' dir='ltr'>numero</span> 
     </span>
    </p>
   </div>
   <div class='ocr_carea' id='block_1_27' title="bbox 244 2920 3600 3001">
    <p class='ocr_par' dir='ltr' id='par_1_27' title="bbox 244 2920 3600 3001">
     <span class='ocr_line' id='line_1_27' title="bbox 244 2920 3600 3001; baseline 0.001 -19"><span class='ocrx_word' id='word_1_339' title='bbox 244 2927 282 2982; x_wconf 89' lang='grc'><strong>5</strong></span> <span class='ocrx_word' id='word_1_340' title='bbox 323 2930 597 3001; x_wconf 89' lang='lat' dir='ltr'>quatuor,</span> <span class='ocrx_word' id='word_1_341' title='bbox 630 2927 834 2978; x_wconf 86' lang='lat' dir='ltr'>ornata</span> <span class='ocrx_word' id='word_1_342' title='bbox 864 2921 922 2976; x_wconf 93' lang='lat' dir='ltr'>in</span> <span class='ocrx_word' id='word_1_343' title='bbox 956 2920 1204 2977; x_wconf 90' lang='lat' dir='ltr'>circuitu</span> <span class='ocrx_word' id='word_1_344' title='bbox 1236 2921 1306 2975; x_wconf 90' lang='lat' dir='ltr'>de</span> <span class='ocrx_word' id='word_1_345' title='bbox 1339 2921 1589 2993; x_wconf 75' lang='lat' dir='ltr'>tyrian</span> <span class='ocrx_word' id='word_1_346' title='bbox 1624 2921 1893 2978; x_wconf 87' lang='lat' dir='ltr'>diaconia</span> <span class='ocrx_word' id='word_1_347' title='bbox 1922 2937 2053 2976; x_wconf 89' lang='lat' dir='ltr'>vero</span> <span class='ocrx_word' id='word_1_348' title='bbox 2083 2920 2271 2992; x_wconf 87' lang='lat' dir='ltr'>ipsius</span> <span class='ocrx_word' id='word_1_349' title='bbox 2303 2921 2405 2977; x_wconf 91' lang='lat' dir='ltr'>Dei</span> <span class='ocrx_word' id='word_1_350' title='bbox 2437 2921 2908 2994; x_wconf 68' lang='lat' dir='ltr'>Genitricis,qu£e</span> <span class='ocrx_word' id='word_1_351' title='bbox 2927 2925 3256 2997; x_wconf 82' lang='lat' dir='ltr'>appellatur</span> <span class='ocrx_word' id='word_1_352' title='bbox 3277 2928 3600 2999; x_wconf 87' lang='lat' dir='ltr'>Dominica,</span> 
     </span>
    </p>
   </div>
   <div class='ocr_carea' id='block_1_28' title="bbox 331 3018 3599 3092">
    <p class='ocr_par' dir='ltr' id='par_1_28' title="bbox 331 3018 3599 3092">
     <span class='ocr_line' id='line_1_28' title="bbox 331 3018 3599 3092; baseline 0.001 -14"><span class='ocrx_word' id='word_1_353' title='bbox 331 3022 466 3082; x_wconf 89' lang='lat' dir='ltr'>fecit</span> <span class='ocrx_word' id='word_1_354' title='bbox 496 3025 714 3078; x_wconf 84' lang='lat' dir='ltr'>vestem</span> <span class='ocrx_word' id='word_1_355' title='bbox 745 3020 940 3076; x_wconf 91' lang='lat' dir='ltr'>albam</span> <span class='ocrx_word' id='word_1_356' title='bbox 971 3019 1354 3075; x_wconf 89' lang='lat' dir='ltr'>holosericam</span> <span class='ocrx_word' id='word_1_357' title='bbox 1388 3025 1666 3085; x_wconf 89' lang='lat' dir='ltr'>rosatam,</span> <span class='ocrx_word' id='word_1_358' title='bbox 1690 3019 2002 3074; x_wconf 86' lang='lat' dir='ltr'>habentem</span> <span class='ocrx_word' id='word_1_359' title='bbox 2025 3019 2084 3073; x_wconf 91' lang='lat' dir='ltr'>in</span> <span class='ocrx_word' id='word_1_360' title='bbox 2109 3019 2302 3074; x_wconf 88' lang='lat' dir='ltr'>medio</span> <span class='ocrx_word' id='word_1_361' title='bbox 2326 3018 2582 3074; x_wconf 87' lang='lat' dir='ltr'>tabulam</span> <span class='ocrx_word' id='word_1_362' title='bbox 2609 3019 2677 3076; x_wconf 90' lang='lat' dir='ltr'>de</span> <span class='ocrx_word' id='word_1_363' title='bbox 2701 3020 2866 3092; x_wconf 84' lang='lat' dir='ltr'>tyrio,</span> <span class='ocrx_word' id='word_1_364' title='bbox 2884 3038 3018 3077; x_wconf 91' lang='lat' dir='ltr'>cum</span> <span class='ocrx_word' id='word_1_365' title='bbox 3041 3022 3284 3079; x_wconf 88' lang='lat' dir='ltr'>historia</span> <span class='ocrx_word' id='word_1_366' title='bbox 3305 3024 3599 3082; x_wconf 80' lang='lat' dir='ltr'>Cruciﬁxi.</span> 
     </span>
    </p>
   </div>
   <div class='ocr_carea' id='block_1_29' title="bbox 331 3115 3603 3192">
    <p class='ocr_par' dir='ltr' id='par_1_29' title="bbox 331 3115 3603 3192">
     <span class='ocr_line' id='line_1_29' title="bbox 331 3115 3603 3192; baseline 0 -15"><span class='ocrx_word' id='word_1_367' title='bbox 331 3121 568 3180; x_wconf 82' lang='lat' dir='ltr'>Necnon</span> <span class='ocrx_word' id='word_1_368' title='bbox 586 3123 644 3176; x_wconf 85' lang='lat' dir='ltr'>et</span> <span class='ocrx_word' id='word_1_369' title='bbox 661 3123 818 3174; x_wconf 86' lang='lat' dir='ltr'>rotas</span> <span class='ocrx_word' id='word_1_370' title='bbox 835 3118 905 3172; x_wconf 91' lang='lat' dir='ltr'>de</span> <span class='ocrx_word' id='word_1_371' title='bbox 922 3117 1316 3189; x_wconf 83' lang='lat' dir='ltr'>chrysoclavo,</span> <span class='ocrx_word' id='word_1_372' title='bbox 1343 3121 1579 3172; x_wconf 90' lang='lat' dir='ltr'>ornatas</span> <span class='ocrx_word' id='word_1_373' title='bbox 1601 3116 1659 3170; x_wconf 91' lang='lat' dir='ltr'>in</span> <span class='ocrx_word' id='word_1_374' title='bbox 1686 3115 1932 3172; x_wconf 90' lang='lat' dir='ltr'>circuitu</span> <span class='ocrx_word' id='word_1_375' title='bbox 1955 3116 2026 3171; x_wconf 91' lang='lat' dir='ltr'>de</span> <span class='ocrx_word' id='word_1_376' title='bbox 2047 3115 2432 3186; x_wconf 89' lang='lat' dir='ltr'>quadrapulo.</span> <span class='ocrx_word' id='word_1_377' title='bbox 2460 3116 2616 3171; x_wconf 86' lang='lat' dir='ltr'>Fecit</span> <span class='ocrx_word' id='word_1_378' title='bbox 2641 3116 2739 3171; x_wconf 90' lang='lat' dir='ltr'>ubi</span> <span class='ocrx_word' id='word_1_379' title='bbox 2762 3135 2942 3189; x_wconf 90' lang='lat' dir='ltr'>supra</span> <span class='ocrx_word' id='word_1_380' title='bbox 2963 3120 3247 3176; x_wconf 87' lang='lat' dir='ltr'>cortinam</span> <span class='ocrx_word' id='word_1_381' title='bbox 3270 3121 3603 3192; x_wconf 87' lang='lat' dir='ltr'>fundatam,</span> 
     </span>
    </p>
   </div>
   <div class='ocr_carea' id='block_1_30' title="bbox 331 3213 3607 3289">
    <p class='ocr_par' dir='ltr' id='par_1_30' title="bbox 331 3213 3607 3289">
     <span class='ocr_line' id='line_1_30' title="bbox 331 3213 3607 3289; baseline 0.001 -14"><span class='ocrx_word' id='word_1_382' title='bbox 331 3222 600 3289; x_wconf 83' lang='lat' dir='ltr'>ornatam</span> <span class='ocrx_word' id='word_1_383' title='bbox 635 3216 693 3271; x_wconf 91' lang='lat' dir='ltr'>in</span> <span class='ocrx_word' id='word_1_384' title='bbox 725 3215 970 3272; x_wconf 87' lang='lat' dir='ltr'>circuitu</span> <span class='ocrx_word' id='word_1_385' title='bbox 1005 3215 1074 3269; x_wconf 90' lang='lat' dir='ltr'>de</span> <span class='ocrx_word' id='word_1_386' title='bbox 1105 3213 1377 3268; x_wconf 90' lang='lat' dir='ltr'>blatthin.</span> <span class='ocrx_word' id='word_1_387' title='bbox 1405 3219 1469 3269; x_wconf 87' lang='lat' dir='ltr'>In</span> <span class='ocrx_word' id='word_1_388' title='bbox 1501 3213 1769 3268; x_wconf 90' lang='lat' dir='ltr'>diaconia</span> <span class='ocrx_word' id='word_1_389' title='bbox 1788 3230 1922 3268; x_wconf 87' lang='lat' dir='ltr'>vero</span> <span class='ocrx_word' id='word_1_390' title='bbox 1954 3213 2140 3284; x_wconf 87' lang='lat' dir='ltr'>ipsius</span> <span class='ocrx_word' id='word_1_391' title='bbox 2161 3213 2254 3267; x_wconf 84' lang='lat' dir='ltr'>Dei</span> <span class='ocrx_word' id='word_1_392' title='bbox 2275 3213 2605 3280; x_wconf 90' lang='lat' dir='ltr'>Genitricis,</span> <span class='ocrx_word' id='word_1_393' title='bbox 2632 3231 2756 3286; x_wconf 67' lang='lat' dir='ltr'>quae</span> <span class='ocrx_word' id='word_1_394' title='bbox 2777 3215 3448 3286; x_wconf 61' lang='lat' dir='ltr'>appellaturtiosmedin,</span> <span class='ocrx_word' id='word_1_395' title='bbox 3473 3222 3607 3278; x_wconf 89' lang='lat' dir='ltr'>fecit</span> 
     </span>
    </p>
   </div>
   <div class='ocr_carea' id='block_1_31' title="bbox 333 3309 3602 3387">
    <p class='ocr_par' dir='ltr' id='par_1_31' title="bbox 333 3309 3602 3387">
     <span class='ocr_line' id='line_1_31' title="bbox 333 3309 3602 3387; baseline 0.002 -19"><span class='ocrx_word' id='word_1_396' title='bbox 333 3317 557 3374; x_wconf 88' lang='lat' dir='ltr'>vestem</span> <span class='ocrx_word' id='word_1_397' title='bbox 586 3313 782 3372; x_wconf 89' lang='lat' dir='ltr'>albam</span> <span class='ocrx_word' id='word_1_398' title='bbox 816 3310 1222 3379; x_wconf 87' lang='lat' dir='ltr'>holosericam,</span> <span class='ocrx_word' id='word_1_399' title='bbox 1242 3328 1376 3366; x_wconf 90' lang='lat' dir='ltr'>cum</span> <span class='ocrx_word' id='word_1_400' title='bbox 1395 3309 1595 3366; x_wconf 88' lang='lat' dir='ltr'>tabula</span> <span class='ocrx_word' id='word_1_401' title='bbox 1612 3311 1682 3364; x_wconf 88' lang='lat' dir='ltr'>de</span> <span class='ocrx_word' id='word_1_402' title='bbox 1700 3309 2419 3382; x_wconf 77' lang='lat' dir='ltr'>chrysoclavo,habentem</span> <span class='ocrx_word' id='word_1_403' title='bbox 2453 3309 2756 3367; x_wconf 88' lang='lat' dir='ltr'>historiam</span> <span class='ocrx_word' id='word_1_404' title='bbox 2789 3313 3102 3369; x_wconf 77' lang='lat' dir='ltr'>Dominicze</span> <span class='ocrx_word' id='word_1_405' title='bbox 3134 3319 3602 3387; x_wconf 88' lang='lat' dir='ltr'>resurrectionis,</span> 
     </span>
    </p>
   </div>
   <div class='ocr_carea' id='block_1_32' title="bbox 220 3408 3605 3482">
    <p class='ocr_par' dir='ltr' id='par_1_32' title="bbox 220 3408 3605 3482">
     <span class='ocr_line' id='line_1_32' title="bbox 220 3408 3605 3482; baseline 0.001 -13"><span class='ocrx_word' id='word_1_406' title='bbox 220 3415 292 3469; x_wconf 86' lang='grc'>10</span> <span class='ocrx_word' id='word_1_407' title='bbox 329 3417 389 3468; x_wconf 90' lang='lat' dir='ltr'>et</span> <span class='ocrx_word' id='word_1_408' title='bbox 411 3412 468 3466; x_wconf 91' lang='lat' dir='ltr'>in</span> <span class='ocrx_word' id='word_1_409' title='bbox 501 3410 751 3467; x_wconf 89' lang='lat' dir='ltr'>circuitu</span> <span class='ocrx_word' id='word_1_410' title='bbox 783 3410 994 3482; x_wconf 78' lang='lat' dir='ltr'>lystam</span> <span class='ocrx_word' id='word_1_411' title='bbox 1029 3409 1100 3464; x_wconf 91' lang='lat' dir='ltr'>de</span> <span class='ocrx_word' id='word_1_412' title='bbox 1131 3408 1523 3481; x_wconf 81' lang='lat' dir='ltr'>chrysoclavo.</span> <span class='ocrx_word' id='word_1_413' title='bbox 1544 3409 1699 3463; x_wconf 87' lang='lat' dir='ltr'>Fecit</span> <span class='ocrx_word' id='word_1_414' title='bbox 1723 3409 1792 3463; x_wconf 86' lang='lat' dir='ltr'>ad</span> <span class='ocrx_word' id='word_1_415' title='bbox 1823 3414 2084 3464; x_wconf 89' lang='lat' dir='ltr'>sanctam</span> <span class='ocrx_word' id='word_1_416' title='bbox 2120 3408 2359 3462; x_wconf 86' lang='lat' dir='ltr'>Mariam</span> <span class='ocrx_word' id='word_1_417' title='bbox 2380 3409 2450 3462; x_wconf 89' lang='lat' dir='ltr'>ad</span> <span class='ocrx_word' id='word_1_418' title='bbox 2471 3409 2754 3479; x_wconf 83' lang='lat' dir='ltr'>Martyres</span> <span class='ocrx_word' id='word_1_419' title='bbox 2772 3415 2986 3466; x_wconf 82' lang='lat' dir='ltr'>vestem</span> <span class='ocrx_word' id='word_1_420' title='bbox 3007 3411 3199 3467; x_wconf 86' lang='lat' dir='ltr'>albam</span> <span class='ocrx_word' id='word_1_421' title='bbox 3222 3413 3605 3474; x_wconf 86' lang='lat' dir='ltr'>holosericam</span> 
     </span>
    </p>
   </div>
   <div class='ocr_carea' id='block_1_33' title="bbox 336 3504 3605 3580">
    <p class='ocr_par' dir='ltr' id='par_1_33' title="bbox 336 3504 3605 3580">
     <span class='ocr_line' id='line_1_33' title="bbox 336 3504 3605 3580; baseline 0.002 -17"><span class='ocrx_word' id='word_1_422' title='bbox 336 3512 615 3577; x_wconf 88' lang='lat' dir='ltr'>rosatam,</span> <span class='ocrx_word' id='word_1_423' title='bbox 649 3524 786 3563; x_wconf 89' lang='lat' dir='ltr'>cum</span> <span class='ocrx_word' id='word_1_424' title='bbox 819 3504 1022 3563; x_wconf 86' lang='lat' dir='ltr'>tabula</span> <span class='ocrx_word' id='word_1_425' title='bbox 1052 3507 1121 3561; x_wconf 90' lang='lat' dir='ltr'>de</span> <span class='ocrx_word' id='word_1_426' title='bbox 1155 3506 1324 3579; x_wconf 87' lang='lat' dir='ltr'>tyrio,</span> <span class='ocrx_word' id='word_1_427' title='bbox 1359 3506 1673 3562; x_wconf 85' lang='lat' dir='ltr'>habentem</span> <span class='ocrx_word' id='word_1_428' title='bbox 1708 3507 2014 3561; x_wconf 87' lang='lat' dir='ltr'>historiam</span> <span class='ocrx_word' id='word_1_429' title='bbox 2045 3504 2335 3571; x_wconf 77' lang='lat' dir='ltr'>Cruciﬁxi,</span> <span class='ocrx_word' id='word_1_430' title='bbox 2371 3510 2427 3562; x_wconf 90' lang='lat' dir='ltr'>et</span> <span class='ocrx_word' id='word_1_431' title='bbox 2458 3510 2646 3561; x_wconf 91' lang='lat' dir='ltr'>rotam</span> <span class='ocrx_word' id='word_1_432' title='bbox 2698 3507 2767 3562; x_wconf 88' lang='lat' dir='ltr'>de</span> <span class='ocrx_word' id='word_1_433' title='bbox 2818 3507 3213 3580; x_wconf 86' lang='lat' dir='ltr'>chrysoclavo,</span> <span class='ocrx_word' id='word_1_434' title='bbox 3247 3518 3512 3570; x_wconf 89' lang='lat' dir='ltr'>ornatam</span> <span class='ocrx_word' id='word_1_435' title='bbox 3544 3517 3605 3572; x_wconf 89' lang='lat' dir='ltr'>in</span> 
     </span>
    </p>
   </div>
   <div class='ocr_carea' id='block_1_34' title="bbox 336 3603 3606 3684">
    <p class='ocr_par' dir='ltr' id='par_1_34' title="bbox 336 3603 3606 3684">
     <span class='ocr_line' id='line_1_34' title="bbox 336 3603 3606 3684; baseline 0.003 -24"><span class='ocrx_word' id='word_1_436' title='bbox 336 3605 586 3678; x_wconf 82' lang='lat' dir='ltr'>circuitu</span> <span class='ocrx_word' id='word_1_437' title='bbox 619 3605 690 3661; x_wconf 89' lang='lat' dir='ltr'>de</span> <span class='ocrx_word' id='word_1_438' title='bbox 723 3604 890 3678; x_wconf 82' lang='lat' dir='ltr'>tyrio.</span> <span class='ocrx_word' id='word_1_439' title='bbox 920 3605 1153 3660; x_wconf 87' lang='lat' dir='ltr'>Vestem</span> <span class='ocrx_word' id='word_1_440' title='bbox 1186 3604 1362 3660; x_wconf 90' lang='lat' dir='ltr'>etiam</span> <span class='ocrx_word' id='word_1_441' title='bbox 1393 3605 1450 3659; x_wconf 92' lang='lat' dir='ltr'>in</span> <span class='ocrx_word' id='word_1_442' title='bbox 1486 3605 1756 3661; x_wconf 88' lang='lat' dir='ltr'>diaconia</span> <span class='ocrx_word' id='word_1_443' title='bbox 1781 3605 1908 3677; x_wconf 87' lang='lat' dir='ltr'>jam</span> <span class='ocrx_word' id='word_1_444' title='bbox 1941 3604 2108 3659; x_wconf 62' lang='lat' dir='ltr'>dictae</span> <span class='ocrx_word' id='word_1_445' title='bbox 2142 3610 2354 3658; x_wconf 74' lang='lat' dir='ltr'>sancta:</span> <span class='ocrx_word' id='word_1_446' title='bbox 2389 3603 2488 3659; x_wconf 87' lang='lat' dir='ltr'>Dei</span> <span class='ocrx_word' id='word_1_447' title='bbox 2521 3604 2852 3672; x_wconf 87' lang='lat' dir='ltr'>Genitricis,</span> <span class='ocrx_word' id='word_1_448' title='bbox 2885 3607 3138 3679; x_wconf 84' lang='lat' dir='ltr'>positam</span> <span class='ocrx_word' id='word_1_449' title='bbox 3193 3610 3332 3666; x_wconf 89' lang='lat' dir='ltr'>foris</span> <span class='ocrx_word' id='word_1_450' title='bbox 3375 3617 3606 3684; x_wconf 90' lang='lat' dir='ltr'>portam</span> 
     </span>
    </p>
   </div>
   <div class='ocr_carea' id='block_1_35' title="bbox 333 3703 2359 3776">
    <p class='ocr_par' dir='ltr' id='par_1_35' title="bbox 333 3703 2359 3776">
     <span class='ocr_line' id='line_1_35' title="bbox 333 3703 2359 3776; baseline -0.002 -15"><span class='ocrx_word' id='word_1_451' title='bbox 333 3703 493 3764; x_wconf 88' lang='lat' dir='ltr'>beati</span> <span class='ocrx_word' id='word_1_452' title='bbox 524 3703 676 3760; x_wconf 89' lang='lat' dir='ltr'>Petri</span> <span class='ocrx_word' id='word_1_453' title='bbox 707 3703 978 3776; x_wconf 86' lang='lat' dir='ltr'>apostoli,</span> <span class='ocrx_word' id='word_1_454' title='bbox 1013 3703 1148 3759; x_wconf 90' lang='lat' dir='ltr'>fecit</span> <span class='ocrx_word' id='word_1_455' title='bbox 1176 3709 1397 3758; x_wconf 85' lang='lat' dir='ltr'>vestem</span> <span class='ocrx_word' id='word_1_456' title='bbox 1428 3704 1497 3758; x_wconf 90' lang='lat' dir='ltr'>de</span> <span class='ocrx_word' id='word_1_457' title='bbox 1528 3703 1696 3776; x_wconf 86' lang='lat' dir='ltr'>tyrio,</span> <span class='ocrx_word' id='word_1_458' title='bbox 1731 3703 1975 3758; x_wconf 84' lang='lat' dir='ltr'>mirifice</span> <span class='ocrx_word' id='word_1_459' title='bbox 2006 3703 2359 3758; x_wconf 87' lang='lat' dir='ltr'>decoratam.</span> 
     </span>
    </p>
   </div>
   <div class='ocr_carea' id='block_1_36' title="bbox 408 3799 3608 3876">
    <p class='ocr_par' dir='ltr' id='par_1_36' title="bbox 408 3799 3608 3876">
     <span class='ocr_line' id='line_1_36' title="bbox 408 3799 3608 3876; baseline 0.003 -19"><span class='ocrx_word' id='word_1_460' title='bbox 408 3801 563 3862; x_wconf 75' lang='grc'>418</span> <span class='ocrx_word' id='word_1_461' title='bbox 603 3799 706 3856; x_wconf 88' lang='lat' dir='ltr'>Hic</span> <span class='ocrx_word' id='word_1_462' title='bbox 731 3817 865 3857; x_wconf 89' lang='lat' dir='ltr'>vero</span> <span class='ocrx_word' id='word_1_463' title='bbox 894 3799 1244 3856; x_wconf 87' lang='lat' dir='ltr'>venerabilis</span> <span class='ocrx_word' id='word_1_464' title='bbox 1275 3806 1334 3856; x_wconf 89' lang='lat' dir='ltr'>et</span> <span class='ocrx_word' id='word_1_465' title='bbox 1363 3801 1678 3873; x_wconf 74' lang='lat' dir='ltr'>przeclarus</span> <span class='ocrx_word' id='word_1_466' title='bbox 1710 3801 1967 3874; x_wconf 83' lang='lat' dir='ltr'>pontifex</span> <span class='ocrx_word' id='word_1_467' title='bbox 1999 3800 2133 3855; x_wconf 92' lang='lat' dir='ltr'>fecit</span> <span class='ocrx_word' id='word_1_468' title='bbox 2161 3799 2220 3854; x_wconf 93' lang='lat' dir='ltr'>in</span> <span class='ocrx_word' id='word_1_469' title='bbox 2253 3799 2496 3855; x_wconf 88' lang='lat' dir='ltr'>basilica</span> <span class='ocrx_word' id='word_1_470' title='bbox 2533 3799 2686 3856; x_wconf 89' lang='lat' dir='ltr'>beati</span> <span class='ocrx_word' id='word_1_471' title='bbox 2721 3801 2872 3857; x_wconf 88' lang='lat' dir='ltr'>Petri</span> <span class='ocrx_word' id='word_1_472' title='bbox 2906 3804 3154 3876; x_wconf 88' lang='lat' dir='ltr'>apostoli</span> <span class='ocrx_word' id='word_1_473' title='bbox 3186 3808 3492 3866; x_wconf 85' lang='lat' dir='ltr'>nutritoris</span> <span class='ocrx_word' id='word_1_474' title='bbox 3516 3811 3608 3867; x_wconf 91' lang='lat' dir='ltr'>sui</span> 
     </span>
    </p>
   </div>
   <div class='ocr_carea' id='block_1_37' title="bbox 335 3896 3608 3972">
    <p class='ocr_par' dir='ltr' id='par_1_37' title="bbox 335 3896 3608 3972">
     <span class='ocr_line' id='line_1_37' title="bbox 335 3896 3608 3972; baseline -0.001 -16"><span class='ocrx_word' id='word_1_475' title='bbox 335 3898 624 3966; x_wconf 84' lang='lat' dir='ltr'>canistros</span> <span class='ocrx_word' id='word_1_476' title='bbox 654 3896 1016 3966; x_wconf 82' lang='lat' dir='ltr'>interrasiles</span> <span class='ocrx_word' id='word_1_477' title='bbox 1039 3914 1106 3952; x_wconf 79' lang='lat' dir='ltr'>ex</span> <span class='ocrx_word' id='word_1_478' title='bbox 1127 3902 1366 3970; x_wconf 90' lang='lat' dir='ltr'>argento</span> <span class='ocrx_word' id='word_1_479' title='bbox 1399 3897 1737 3970; x_wconf 90' lang='lat' dir='ltr'>purissimo,</span> <span class='ocrx_word' id='word_1_480' title='bbox 1759 3896 1962 3956; x_wconf 89' lang='lat' dir='ltr'>tamin</span> <span class='ocrx_word' id='word_1_481' title='bbox 1994 3896 2434 3970; x_wconf 87' lang='lat' dir='ltr'>quadriperticu</span> <span class='ocrx_word' id='word_1_482' title='bbox 2465 3914 2760 3970; x_wconf 88' lang='lat' dir='ltr'>quamque</span> <span class='ocrx_word' id='word_1_483' title='bbox 2777 3898 2836 3952; x_wconf 90' lang='lat' dir='ltr'>in</span> <span class='ocrx_word' id='word_1_484' title='bbox 2853 3901 3075 3972; x_wconf 89' lang='lat' dir='ltr'>gremio</span> <span class='ocrx_word' id='word_1_485' title='bbox 3094 3903 3346 3962; x_wconf 66' lang='lat' dir='ltr'>basilicae</span> <span class='ocrx_word' id='word_1_486' title='bbox 3366 3925 3608 3966; x_wconf 66' lang='lat' dir='ltr'>numero</span> 
     </span>
    </p>
   </div>
   <div class='ocr_carea' id='block_1_38' title="bbox 334 3993 3608 4077">
    <p class='ocr_par' dir='ltr' id='par_1_38' title="bbox 334 3993 3608 4077">
     <span class='ocr_line' id='line_1_38' title="bbox 334 3993 3608 4077; baseline -0 -25"><span class='ocrx_word' id='word_1_487' title='bbox 334 3997 428 4063; x_wconf 84' lang='lat'>22,</span> <span class='ocrx_word' id='word_1_488' title='bbox 460 4012 625 4068; x_wconf 88' lang='lat' dir='ltr'>pens.</span> <span class='ocrx_word' id='word_1_489' title='bbox 659 3993 835 4050; x_wconf 88' lang='lat' dir='ltr'>simul</span> <span class='ocrx_word' id='word_1_490' title='bbox 868 3994 1048 4050; x_wconf 91' lang='lat' dir='ltr'>libras</span> <span class='ocrx_word' id='word_1_491' title='bbox 1080 4000 1317 4050; x_wconf 90' lang='lat' dir='ltr'>centum</span> <span class='ocrx_word' id='word_1_492' title='bbox 1349 3995 1553 4067; x_wconf 82' lang='lat' dir='ltr'>viginti</span> <span class='ocrx_word' id='word_1_493' title='bbox 1587 3995 1867 4067; x_wconf 86' lang='lat' dir='ltr'>quinque.</span> <span class='ocrx_word' id='word_1_494' title='bbox 1904 3995 2200 4051; x_wconf 89' lang='lat' dir='ltr'>Gabathas</span> <span class='ocrx_word' id='word_1_495' title='bbox 2238 3995 2512 4050; x_wconf 87' lang='lat' dir='ltr'>fundatas</span> <span class='ocrx_word' id='word_1_496' title='bbox 2569 3995 3028 4069; x_wconf 85' lang='lat' dir='ltr'>signochrystas,</span> <span class='ocrx_word' id='word_1_497' title='bbox 3079 4018 3207 4074; x_wconf 63' lang='lat' dir='ltr'>quae</span> <span class='ocrx_word' id='word_1_498' title='bbox 3265 4007 3520 4077; x_wconf 69' lang='lat' dir='ltr'>pendent</span> <span class='ocrx_word' id='word_1_499' title='bbox 3549 4007 3608 4063; x_wconf 77' lang='lat' dir='ltr'>in</span> 
     </span>
    </p>
   </div>
   <div class='ocr_carea' id='block_1_39' title="bbox 335 4085 3608 4169">
    <p class='ocr_par' dir='ltr' id='par_1_39' title="bbox 335 4085 3608 4169">
     <span class='ocr_line' id='line_1_39' title="bbox 335 4085 3608 4169; baseline 0.004 -21"><span class='ocrx_word' id='word_1_500' title='bbox 335 4091 799 4168; x_wconf 86' lang='lat' dir='ltr'>quadriperticu,</span> <span class='ocrx_word' id='word_1_501' title='bbox 833 4091 893 4146; x_wconf 88' lang='lat' dir='ltr'>in</span> <span class='ocrx_word' id='word_1_502' title='bbox 925 4091 1108 4163; x_wconf 90' lang='lat' dir='ltr'>pharo</span> <span class='ocrx_word' id='word_1_503' title='bbox 1163 4109 1309 4147; x_wconf 58' lang='lat' dir='ltr'>careo</span> <span class='ocrx_word' id='word_1_504' title='bbox 1361 4091 1421 4146; x_wconf 92' lang='lat' dir='ltr'>in</span> <span class='ocrx_word' id='word_1_505' title='bbox 1471 4093 1663 4147; x_wconf 87' lang='lat' dir='ltr'>medio</span> <span class='ocrx_word' id='word_1_506' title='bbox 1713 4085 1967 4148; x_wconf 61' lang='lat' dir='ltr'>basilica</span> <span class='ocrx_word' id='word_1_507' title='bbox 2028 4109 2272 4147; x_wconf 88' lang='lat' dir='ltr'>numero</span> <span class='ocrx_word' id='word_1_508' title='bbox 2330 4093 2720 4166; x_wconf 87' lang='lat' dir='ltr'>quadraginta</span> <span class='ocrx_word' id='word_1_509' title='bbox 2750 4099 2805 4150; x_wconf 89' lang='lat' dir='ltr'>et</span> <span class='ocrx_word' id='word_1_510' title='bbox 2837 4100 2984 4162; x_wconf 91' lang='lat' dir='ltr'>octo,</span> <span class='ocrx_word' id='word_1_511' title='bbox 3019 4115 3186 4169; x_wconf 90' lang='lat' dir='ltr'>pens.</span> <span class='ocrx_word' id='word_1_512' title='bbox 3215 4102 3395 4158; x_wconf 89' lang='lat' dir='ltr'>simul</span> <span class='ocrx_word' id='word_1_513' title='bbox 3427 4104 3608 4161; x_wconf 90' lang='lat' dir='ltr'>libras</span> 
     </span>
    </p>
   </div>
   <div class='ocr_carea' id='block_1_40' title="bbox 335 4188 3609 4269">
    <p class='ocr_par' dir='ltr' id='par_1_40' title="bbox 335 4188 3609 4269">
     <span class='ocr_line' id='line_1_40' title="bbox 335 4188 3609 4269; baseline 0 -23"><span class='ocrx_word' id='word_1_514' title='bbox 335 4193 573 4246; x_wconf 89' lang='lat' dir='ltr'>centum</span> <span class='ocrx_word' id='word_1_515' title='bbox 604 4193 660 4244; x_wconf 93' lang='lat' dir='ltr'>et</span> <span class='ocrx_word' id='word_1_516' title='bbox 689 4205 869 4243; x_wconf 89' lang='lat' dir='ltr'>unam</span> <span class='ocrx_word' id='word_1_517' title='bbox 901 4194 960 4243; x_wconf 92' lang='lat' dir='ltr'>et</span> <span class='ocrx_word' id='word_1_518' title='bbox 991 4188 1195 4244; x_wconf 89' lang='lat' dir='ltr'>semis.</span> <span class='ocrx_word' id='word_1_519' title='bbox 1229 4189 1419 4244; x_wconf 87' lang='lat' dir='ltr'>Phara</span> <span class='ocrx_word' id='word_1_520' title='bbox 1450 4194 1724 4262; x_wconf 89' lang='lat' dir='ltr'>argentea</span> <span class='ocrx_word' id='word_1_521' title='bbox 1755 4190 1890 4256; x_wconf 90' lang='lat' dir='ltr'>tria,</span> <span class='ocrx_word' id='word_1_522' title='bbox 1924 4208 2052 4262; x_wconf 70' lang='lat' dir='ltr'>qua:</span> <span class='ocrx_word' id='word_1_523' title='bbox 2085 4194 2242 4244; x_wconf 91' lang='lat' dir='ltr'>stant</span> <span class='ocrx_word' id='word_1_524' title='bbox 2300 4207 2478 4262; x_wconf 89' lang='lat' dir='ltr'>super</span> <span class='ocrx_word' id='word_1_525' title='bbox 2533 4192 2729 4247; x_wconf 88' lang='lat' dir='ltr'>trabes</span> <span class='ocrx_word' id='word_1_526' title='bbox 2789 4199 3113 4266; x_wconf 87' lang='lat' dir='ltr'>argenteas,</span> <span class='ocrx_word' id='word_1_527' title='bbox 3148 4214 3391 4269; x_wconf 79' lang='lat' dir='ltr'>pensan,</span> <span class='ocrx_word' id='word_1_528' title='bbox 3428 4202 3609 4260; x_wconf 68' lang='lat' dir='ltr'>libras</span> 
     </span>
    </p>
   </div>
   <div class='ocr_carea' id='block_1_41' title="bbox 337 4286 3610 4359">
    <p class='ocr_par' dir='ltr' id='par_1_41' title="bbox 337 4286 3610 4359">
     <span class='ocr_line' id='line_1_41' title="bbox 337 4286 3610 4359; baseline 0.005 -20"><span class='ocrx_word' id='word_1_529' title='bbox 337 4286 662 4358; x_wconf 86' lang='lat' dir='ltr'>nonaginta</span> <span class='ocrx_word' id='word_1_530' title='bbox 688 4289 746 4340; x_wconf 93' lang='lat' dir='ltr'>et</span> <span class='ocrx_word' id='word_1_531' title='bbox 772 4289 912 4340; x_wconf 90' lang='lat' dir='ltr'>tres.</span> <span class='ocrx_word' id='word_1_532' title='bbox 938 4291 1126 4341; x_wconf 80' lang='lat' dir='ltr'>Arcus</span> <span class='ocrx_word' id='word_1_533' title='bbox 1156 4291 1460 4358; x_wconf 88' lang='lat' dir='ltr'>argenteos</span> <span class='ocrx_word' id='word_1_534' title='bbox 1492 4287 1659 4354; x_wconf 91' lang='lat' dir='ltr'>duos,</span> <span class='ocrx_word' id='word_1_535' title='bbox 1685 4305 1928 4358; x_wconf 90' lang='lat' dir='ltr'>pensan.</span> <span class='ocrx_word' id='word_1_536' title='bbox 1954 4288 2135 4342; x_wconf 89' lang='lat' dir='ltr'>libras</span> <span class='ocrx_word' id='word_1_537' title='bbox 2166 4287 2557 4359; x_wconf 84' lang='lat' dir='ltr'>quadraginta</span> <span class='ocrx_word' id='word_1_538' title='bbox 2587 4292 2642 4342; x_wconf 90' lang='lat' dir='ltr'>et</span> <span class='ocrx_word' id='word_1_539' title='bbox 2673 4307 2850 4344; x_wconf 89' lang='lat' dir='ltr'>unam</span> <span class='ocrx_word' id='word_1_540' title='bbox 2883 4295 2938 4346; x_wconf 89' lang='lat' dir='ltr'>et</span> <span class='ocrx_word' id='word_1_541' title='bbox 2969 4294 3172 4350; x_wconf 89' lang='lat' dir='ltr'>uncias</span> <span class='ocrx_word' id='word_1_542' title='bbox 3201 4302 3348 4354; x_wconf 91' lang='lat' dir='ltr'>octo.</span> <span class='ocrx_word' id='word_1_543' title='bbox 3382 4299 3523 4356; x_wconf 89' lang='lat' dir='ltr'>Vela</span> <span class='ocrx_word' id='word_1_544' title='bbox 3539 4303 3610 4357; x_wconf 91' lang='lat' dir='ltr'>de</span> 
     </span>
    </p>
   </div>
   <div class='ocr_carea' id='block_1_42' title="bbox 338 4383 3608 4459">
    <p class='ocr_par' dir='ltr' id='par_1_42' title="bbox 338 4383 3608 4459">
     <span class='ocr_line' id='line_1_42' title="bbox 338 4383 3608 4459; baseline 0.004 -19"><span class='ocrx_word' id='word_1_545' title='bbox 338 4383 592 4441; x_wconf 90' lang='lat' dir='ltr'>blatthin</span> <span class='ocrx_word' id='word_1_546' title='bbox 617 4383 860 4456; x_wconf 86' lang='lat' dir='ltr'>majora,</span> <span class='ocrx_word' id='word_1_547' title='bbox 888 4401 1016 4456; x_wconf 65' lang='lat' dir='ltr'>quae</span> <span class='ocrx_word' id='word_1_548' title='bbox 1040 4385 1298 4456; x_wconf 91' lang='lat' dir='ltr'>pendent</span> <span class='ocrx_word' id='word_1_549' title='bbox 1320 4401 1423 4457; x_wconf 87' lang='lat' dir='ltr'>per</span> <span class='ocrx_word' id='word_1_550' title='bbox 1443 4385 1636 4440; x_wconf 88' lang='lat' dir='ltr'>trabes</span> <span class='ocrx_word' id='word_1_551' title='bbox 1660 4390 1966 4457; x_wconf 86' lang='lat' dir='ltr'>argenteas</span> <span class='ocrx_word' id='word_1_552' title='bbox 1988 4386 2186 4440; x_wconf 78' lang='lat' dir='ltr'>dextra</span> <span class='ocrx_word' id='word_1_553' title='bbox 2208 4386 2464 4457; x_wconf 66' lang='lat' dir='ltr'>laevaque</span> <span class='ocrx_word' id='word_1_554' title='bbox 2489 4386 2852 4459; x_wconf 82' lang='lat' dir='ltr'>presbyterii.</span> <span class='ocrx_word' id='word_1_555' title='bbox 2886 4389 3119 4446; x_wconf 88' lang='lat' dir='ltr'>Necnon</span> <span class='ocrx_word' id='word_1_556' title='bbox 3162 4399 3216 4448; x_wconf 90' lang='lat' dir='ltr'>et</span> <span class='ocrx_word' id='word_1_557' title='bbox 3261 4394 3318 4449; x_wconf 90' lang='lat' dir='ltr'>in</span> <span class='ocrx_word' id='word_1_558' title='bbox 3360 4397 3608 4454; x_wconf 88' lang='lat' dir='ltr'>circuitu</span> 
     </span>
    </p>
   </div>
   <div class='ocr_carea' id='block_1_43' title="bbox 338 4480 3610 4568">
    <p class='ocr_par' dir='ltr' id='par_1_43' title="bbox 338 4480 3610 4568">
     <span class='ocr_line' id='line_1_43' title="bbox 338 4480 3610 4568; baseline 0.005 -31"><span class='ocrx_word' id='word_1_559' title='bbox 338 4480 496 4538; x_wconf 90' lang='lat' dir='ltr'>sedis</span> <span class='ocrx_word' id='word_1_560' title='bbox 526 4497 771 4536; x_wconf 90' lang='lat' dir='ltr'>numero</span> <span class='ocrx_word' id='word_1_561' title='bbox 794 4480 1054 4554; x_wconf 87' lang='lat' dir='ltr'>triginta,</span> <span class='ocrx_word' id='word_1_562' title='bbox 1079 4487 1284 4537; x_wconf 89' lang='lat' dir='ltr'>ornata</span> <span class='ocrx_word' id='word_1_563' title='bbox 1305 4482 1362 4536; x_wconf 91' lang='lat' dir='ltr'>in</span> <span class='ocrx_word' id='word_1_564' title='bbox 1388 4482 1634 4537; x_wconf 89' lang='lat' dir='ltr'>circuitu</span> <span class='ocrx_word' id='word_1_565' title='bbox 1667 4482 1737 4537; x_wconf 95' lang='lat' dir='ltr'>de</span> <span class='ocrx_word' id='word_1_566' title='bbox 1768 4483 2307 4555; x_wconf 87' lang='lat' dir='ltr'>quadrapulo.Vela</span> <span class='ocrx_word' id='word_1_567' title='bbox 2325 4482 2554 4538; x_wconf 90' lang='lat' dir='ltr'>modica</span> <span class='ocrx_word' id='word_1_568' title='bbox 2584 4484 2655 4540; x_wconf 87' lang='lat' dir='ltr'>de</span> <span class='ocrx_word' id='word_1_569' title='bbox 2688 4485 2928 4541; x_wconf 90' lang='lat' dir='ltr'>fundato</span> <span class='ocrx_word' id='word_1_570' title='bbox 2947 4504 3189 4546; x_wconf 90' lang='lat' dir='ltr'>numero</span> <span class='ocrx_word' id='word_1_571' title='bbox 3221 4494 3610 4568; x_wconf 87' lang='lat' dir='ltr'>quadraginta</span> 
     </span>
    </p>
   </div>
   <div class='ocr_carea' id='block_1_44' title="bbox 337 4578 3607 4658">
    <p class='ocr_par' dir='ltr' id='par_1_44' title="bbox 337 4578 3607 4658">
     <span class='ocr_line' id='line_1_44' title="bbox 337 4578 3607 4658; baseline 0.005 -23"><span class='ocrx_word' id='word_1_572' title='bbox 337 4583 398 4636; x_wconf 86' lang='lat' dir='ltr'>et</span> <span class='ocrx_word' id='word_1_573' title='bbox 428 4582 674 4650; x_wconf 86' lang='lat' dir='ltr'>septem,</span> <span class='ocrx_word' id='word_1_574' title='bbox 707 4581 917 4634; x_wconf 90' lang='lat' dir='ltr'>ornata</span> <span class='ocrx_word' id='word_1_575' title='bbox 945 4579 1006 4634; x_wconf 89' lang='lat' dir='ltr'>in</span> <span class='ocrx_word' id='word_1_576' title='bbox 1037 4578 1286 4634; x_wconf 90' lang='lat' dir='ltr'>circuitu</span> <span class='ocrx_word' id='word_1_577' title='bbox 1321 4580 1390 4634; x_wconf 93' lang='lat' dir='ltr'>de</span> <span class='ocrx_word' id='word_1_578' title='bbox 1422 4579 1672 4635; x_wconf 90' lang='lat' dir='ltr'>blatthin</span> <span class='ocrx_word' id='word_1_579' title='bbox 1708 4582 2013 4652; x_wconf 81' lang='lat' dir='ltr'>Byzanteo,</span> <span class='ocrx_word' id='word_1_580' title='bbox 2047 4585 2102 4636; x_wconf 92' lang='lat' dir='ltr'>et</span> <span class='ocrx_word' id='word_1_581' title='bbox 2128 4580 2502 4643; x_wconf 75' lang='lat' dir='ltr'>investitade</span> <span class='ocrx_word' id='word_1_582' title='bbox 2524 4579 2775 4636; x_wconf 89' lang='lat' dir='ltr'>blatthin</span> <span class='ocrx_word' id='word_1_583' title='bbox 2797 4583 3448 4658; x_wconf 88' lang='lat' dir='ltr'>Neapolitano.Necnon</span> <span class='ocrx_word' id='word_1_584' title='bbox 3471 4600 3527 4650; x_wconf 89' lang='lat' dir='ltr'>et</span> <span class='ocrx_word' id='word_1_585' title='bbox 3549 4597 3607 4652; x_wconf 90' lang='lat' dir='ltr'>in</span> 
     </span>
    </p>
   </div>
   <div class='ocr_carea' id='block_1_45' title="bbox 223 4674 3607 4765">
    <p class='ocr_par' dir='ltr' id='par_1_45' title="bbox 223 4674 3607 4765">
     <span class='ocr_line' id='line_1_45' title="bbox 223 4674 3607 4765; baseline 0.004 -29"><span class='ocrx_word' id='word_1_586' title='bbox 223 4679 299 4736; x_wconf 72' lang='grc'>40</span> <span class='ocrx_word' id='word_1_587' title='bbox 340 4674 563 4751; x_wconf 88' lang='lat' dir='ltr'>gremio</span> <span class='ocrx_word' id='word_1_588' title='bbox 584 4674 837 4732; x_wconf 64' lang='lat' dir='ltr'>basilice</span> <span class='ocrx_word' id='word_1_589' title='bbox 857 4675 992 4731; x_wconf 89' lang='lat' dir='ltr'>fecit</span> <span class='ocrx_word' id='word_1_590' title='bbox 1009 4676 1295 4746; x_wconf 84' lang='lat' dir='ltr'>cortinam</span> <span class='ocrx_word' id='word_1_591' title='bbox 1315 4678 1597 4749; x_wconf 83' lang='lat' dir='ltr'>majorem</span> <span class='ocrx_word' id='word_1_592' title='bbox 1613 4676 2064 4732; x_wconf 82' lang='lat' dir='ltr'>Alexandrinam</span> <span class='ocrx_word' id='word_1_593' title='bbox 2083 4677 2242 4733; x_wconf 63' lang='lat' dir='ltr'>mirae</span> <span class='ocrx_word' id='word_1_594' title='bbox 2262 4678 2687 4751; x_wconf 88' lang='lat' dir='ltr'>magnitudinis</span> <span class='ocrx_word' id='word_1_595' title='bbox 2702 4685 2758 4736; x_wconf 89' lang='lat' dir='ltr'>et</span> <span class='ocrx_word' id='word_1_596' title='bbox 2773 4682 3234 4754; x_wconf 90' lang='lat' dir='ltr'>pulchritudinis</span> <span class='ocrx_word' id='word_1_597' title='bbox 3251 4690 3607 4765; x_wconf 88' lang='lat' dir='ltr'>decoratam,</span> 
     </span>
    </p>
   </div>
   <div class='ocr_carea' id='block_1_46' title="bbox 337 4770 3612 4859">
    <p class='ocr_par' dir='ltr' id='par_1_46' title="bbox 337 4770 3612 4859">
     <span class='ocr_line' id='line_1_46' title="bbox 337 4770 3612 4859; baseline 0.004 -30"><span class='ocrx_word' id='word_1_598' title='bbox 337 4776 606 4830; x_wconf 83' lang='lat' dir='ltr'>ornatam</span> <span class='ocrx_word' id='word_1_599' title='bbox 638 4770 699 4828; x_wconf 86' lang='lat' dir='ltr'>in</span> <span class='ocrx_word' id='word_1_600' title='bbox 729 4772 978 4829; x_wconf 86' lang='lat' dir='ltr'>circuitu</span> <span class='ocrx_word' id='word_1_601' title='bbox 1008 4773 1078 4830; x_wconf 92' lang='lat' dir='ltr'>de</span> <span class='ocrx_word' id='word_1_602' title='bbox 1102 4773 1270 4846; x_wconf 87' lang='lat' dir='ltr'>tyrio.</span> <span class='ocrx_word' id='word_1_603' title='bbox 1302 4773 1456 4840; x_wconf 45' lang='lat' dir='ltr'>Vela,</span> <span class='ocrx_word' id='word_1_604' title='bbox 1477 4773 1610 4830; x_wconf 89' lang='lat' dir='ltr'>alba</span> <span class='ocrx_word' id='word_1_605' title='bbox 1639 4775 1868 4830; x_wconf 89' lang='lat' dir='ltr'>modica</span> <span class='ocrx_word' id='word_1_606' title='bbox 1901 4775 2223 4832; x_wconf 88' lang='lat' dir='ltr'>holoserica</span> <span class='ocrx_word' id='word_1_607' title='bbox 2272 4781 2469 4832; x_wconf 90' lang='lat' dir='ltr'>rosata</span> <span class='ocrx_word' id='word_1_608' title='bbox 2525 4795 2769 4834; x_wconf 90' lang='lat' dir='ltr'>numero</span> <span class='ocrx_word' id='word_1_609' title='bbox 2827 4779 3035 4854; x_wconf 90' lang='lat' dir='ltr'>viginti</span> <span class='ocrx_word' id='word_1_610' title='bbox 3092 4785 3370 4859; x_wconf 86' lang='lat' dir='ltr'>quinque,</span> <span class='ocrx_word' id='word_1_611' title='bbox 3405 4798 3612 4850; x_wconf 72' lang='lat' dir='ltr'>ornata</span> 
     </span>
    </p>
   </div>
   <div class='ocr_carea' id='block_1_47' title="bbox 337 4868 3607 4954">
    <p class='ocr_par' dir='ltr' id='par_1_47' title="bbox 337 4868 3607 4954">
     <span class='ocr_line' id='line_1_47' title="bbox 337 4868 3607 4954; baseline 0.007 -29"><span class='ocrx_word' id='word_1_612' title='bbox 337 4869 402 4926; x_wconf 88' lang='lat' dir='ltr'>in</span> <span class='ocrx_word' id='word_1_613' title='bbox 431 4868 682 4926; x_wconf 86' lang='lat' dir='ltr'>circuitu</span> <span class='ocrx_word' id='word_1_614' title='bbox 714 4869 786 4926; x_wconf 91' lang='lat' dir='ltr'>de</span> <span class='ocrx_word' id='word_1_615' title='bbox 817 4869 1092 4938; x_wconf 90' lang='lat' dir='ltr'>blatthin,</span> <span class='ocrx_word' id='word_1_616' title='bbox 1125 4888 1194 4927; x_wconf 83' lang='lat' dir='ltr'>ex</span> <span class='ocrx_word' id='word_1_617' title='bbox 1223 4870 1441 4943; x_wconf 86' lang='lat' dir='ltr'>quibus</span> <span class='ocrx_word' id='word_1_618' title='bbox 1473 4889 1656 4927; x_wconf 90' lang='lat' dir='ltr'>unum</span> <span class='ocrx_word' id='word_1_619' title='bbox 1687 4877 1959 4929; x_wconf 86' lang='lat' dir='ltr'>ornatum</span> <span class='ocrx_word' id='word_1_620' title='bbox 1989 4874 2059 4929; x_wconf 90' lang='lat' dir='ltr'>de</span> <span class='ocrx_word' id='word_1_621' title='bbox 2091 4873 2366 4930; x_wconf 88' lang='lat' dir='ltr'>stauraci.</span> <span class='ocrx_word' id='word_1_622' title='bbox 2398 4875 2584 4947; x_wconf 88' lang='lat' dir='ltr'>Super</span> <span class='ocrx_word' id='word_1_623' title='bbox 2614 4874 2796 4932; x_wconf 90' lang='lat' dir='ltr'>altare</span> <span class='ocrx_word' id='word_1_624' title='bbox 2843 4894 2974 4934; x_wconf 90' lang='lat' dir='ltr'>vero</span> <span class='ocrx_word' id='word_1_625' title='bbox 3019 4880 3172 4938; x_wconf 89' lang='lat' dir='ltr'>beati</span> <span class='ocrx_word' id='word_1_626' title='bbox 3209 4886 3472 4954; x_wconf 64' lang='lat' dir='ltr'>Andreas,</span> <span class='ocrx_word' id='word_1_627' title='bbox 3505 4891 3607 4947; x_wconf 88' lang='lat' dir='ltr'>ubi</span> 
     </span>
    </p>
   </div>
   <div class='ocr_carea' id='block_1_48' title="bbox 335 4967 3608 5047">
    <p class='ocr_par' dir='ltr' id='par_1_48' title="bbox 335 4967 3608 5047">
     <span class='ocr_line' id='line_1_48' title="bbox 335 4967 3608 5047; baseline 0.006 -23"><span class='ocrx_word' id='word_1_628' title='bbox 335 4983 538 5040; x_wconf 84' lang='lat' dir='ltr'>supra,</span> <span class='ocrx_word' id='word_1_629' title='bbox 571 4967 710 5023; x_wconf 87' lang='lat' dir='ltr'>fecit</span> <span class='ocrx_word' id='word_1_630' title='bbox 755 4973 974 5024; x_wconf 90' lang='lat' dir='ltr'>vestem</span> <span class='ocrx_word' id='word_1_631' title='bbox 1033 4967 1228 5024; x_wconf 89' lang='lat' dir='ltr'>albam</span> <span class='ocrx_word' id='word_1_632' title='bbox 1285 4968 1668 5025; x_wconf 87' lang='lat' dir='ltr'>holosericam</span> <span class='ocrx_word' id='word_1_633' title='bbox 1723 4975 2000 5039; x_wconf 89' lang='lat' dir='ltr'>rosatam,</span> <span class='ocrx_word' id='word_1_634' title='bbox 2033 4989 2167 5027; x_wconf 91' lang='lat' dir='ltr'>cum</span> <span class='ocrx_word' id='word_1_635' title='bbox 2200 4971 2399 5028; x_wconf 87' lang='lat' dir='ltr'>tabula</span> <span class='ocrx_word' id='word_1_636' title='bbox 2430 4973 2502 5028; x_wconf 92' lang='lat' dir='ltr'>de</span> <span class='ocrx_word' id='word_1_637' title='bbox 2531 4973 2923 5047; x_wconf 79' lang='lat' dir='ltr'>chrysoclavo,</span> <span class='ocrx_word' id='word_1_638' title='bbox 2954 4976 3266 5036; x_wconf 90' lang='lat' dir='ltr'>habentem</span> <span class='ocrx_word' id='word_1_639' title='bbox 3299 4983 3608 5045; x_wconf 87' lang='lat' dir='ltr'>historiam</span> 
     </span>
    </p>
   </div>
   <div class='ocr_carea' id='block_1_49' title="bbox 336 5063 3607 5150">
    <p class='ocr_par' dir='ltr' id='par_1_49' title="bbox 336 5063 3607 5150">
     <span class='ocr_line' id='line_1_49' title="bbox 336 5063 3607 5150; baseline 0.006 -30"><span class='ocrx_word' id='word_1_640' title='bbox 336 5063 654 5120; x_wconf 66' lang='lat' dir='ltr'>Dominicaa</span> <span class='ocrx_word' id='word_1_641' title='bbox 685 5065 1151 5131; x_wconf 87' lang='lat' dir='ltr'>resurrectionis,</span> <span class='ocrx_word' id='word_1_642' title='bbox 1181 5070 1238 5120; x_wconf 92' lang='lat' dir='ltr'>et</span> <span class='ocrx_word' id='word_1_643' title='bbox 1267 5065 1326 5120; x_wconf 91' lang='lat' dir='ltr'>in</span> <span class='ocrx_word' id='word_1_644' title='bbox 1358 5065 1604 5122; x_wconf 90' lang='lat' dir='ltr'>circuitu</span> <span class='ocrx_word' id='word_1_645' title='bbox 1661 5067 1860 5123; x_wconf 89' lang='lat' dir='ltr'>listam</span> <span class='ocrx_word' id='word_1_646' title='bbox 1909 5069 1980 5124; x_wconf 87' lang='lat' dir='ltr'>de</span> <span class='ocrx_word' id='word_1_647' title='bbox 2028 5069 2418 5143; x_wconf 86' lang='lat' dir='ltr'>chrysoclavo.</span> <span class='ocrx_word' id='word_1_648' title='bbox 2452 5071 2848 5128; x_wconf 89' lang='lat' dir='ltr'>Verumetiam</span> <span class='ocrx_word' id='word_1_649' title='bbox 2881 5080 2940 5130; x_wconf 94' lang='lat' dir='ltr'>et</span> <span class='ocrx_word' id='word_1_650' title='bbox 2969 5094 3147 5150; x_wconf 90' lang='lat' dir='ltr'>super</span> <span class='ocrx_word' id='word_1_651' title='bbox 3195 5079 3374 5138; x_wconf 81' lang='lat' dir='ltr'>altare</span> <span class='ocrx_word' id='word_1_652' title='bbox 3426 5084 3607 5140; x_wconf 70' lang='lat' dir='ltr'>beata:</span> 
     </span>
    </p>
   </div>
   <div class='ocr_carea' id='block_1_50' title="bbox 225 5160 3607 5242">
    <p class='ocr_par' dir='ltr' id='par_1_50' title="bbox 225 5160 3607 5242">
     <span class='ocr_line' id='line_1_50' title="bbox 225 5160 3607 5242; baseline 0.005 -23"><span class='ocrx_word' id='word_1_653' title='bbox 225 5164 307 5219; x_wconf 76' lang='grc'><strong>15</strong></span> <span class='ocrx_word' id='word_1_654' title='bbox 338 5160 662 5218; x_wconf 75' lang='lat' dir='ltr'>Petronillze</span> <span class='ocrx_word' id='word_1_655' title='bbox 692 5163 829 5217; x_wconf 84' lang='lat' dir='ltr'>fecit</span> <span class='ocrx_word' id='word_1_656' title='bbox 859 5167 1082 5218; x_wconf 89' lang='lat' dir='ltr'>vestem</span> <span class='ocrx_word' id='word_1_657' title='bbox 1115 5163 1309 5218; x_wconf 88' lang='lat' dir='ltr'>albam</span> <span class='ocrx_word' id='word_1_658' title='bbox 1338 5163 1721 5220; x_wconf 86' lang='lat' dir='ltr'>holosericam</span> <span class='ocrx_word' id='word_1_659' title='bbox 1755 5171 2033 5228; x_wconf 88' lang='lat' dir='ltr'>rosatam,</span> <span class='ocrx_word' id='word_1_660' title='bbox 2067 5184 2200 5222; x_wconf 92' lang='lat' dir='ltr'>cum</span> <span class='ocrx_word' id='word_1_661' title='bbox 2232 5167 2432 5222; x_wconf 88' lang='lat' dir='ltr'>tabula</span> <span class='ocrx_word' id='word_1_662' title='bbox 2463 5168 2533 5222; x_wconf 91' lang='lat' dir='ltr'>de</span> <span class='ocrx_word' id='word_1_663' title='bbox 2558 5169 3281 5242; x_wconf 72' lang='lat' dir='ltr'>chrysoclavo,habcntem</span> <span class='ocrx_word' id='word_1_664' title='bbox 3303 5177 3607 5238; x_wconf 85' lang='lat' dir='ltr'>historiam</span> 
     </span>
    </p>
   </div>
   <div class='ocr_carea' id='block_1_51' title="bbox 336 5259 3608 5338">
    <p class='ocr_par' dir='ltr' id='par_1_51' title="bbox 336 5259 3608 5338">
     <span class='ocr_line' id='line_1_51' title="bbox 336 5259 3608 5338; baseline 0.007 -24"><span class='ocrx_word' id='word_1_665' title='bbox 336 5259 652 5316; x_wconf 77' lang='lat' dir='ltr'>Dominicaa</span> <span class='ocrx_word' id='word_1_666' title='bbox 684 5261 1242 5330; x_wconf 9' lang='lat' dir='ltr'>resurrectionis,vet</span> <span class='ocrx_word' id='word_1_667' title='bbox 1273 5261 1332 5316; x_wconf 89' lang='lat' dir='ltr'>in</span> <span class='ocrx_word' id='word_1_668' title='bbox 1364 5261 1611 5317; x_wconf 88' lang='lat' dir='ltr'>circuitu</span> <span class='ocrx_word' id='word_1_669' title='bbox 1643 5264 1770 5334; x_wconf 90' lang='lat' dir='ltr'>ejus</span> <span class='ocrx_word' id='word_1_670' title='bbox 1803 5264 1997 5320; x_wconf 89' lang='lat' dir='ltr'>listam</span> <span class='ocrx_word' id='word_1_671' title='bbox 2028 5267 2098 5321; x_wconf 91' lang='lat' dir='ltr'>de</span> <span class='ocrx_word' id='word_1_672' title='bbox 2129 5265 2521 5338; x_wconf 89' lang='lat' dir='ltr'>chrysoclavo.</span> <span class='ocrx_word' id='word_1_673' title='bbox 2557 5267 2684 5322; x_wconf 90' lang='lat' dir='ltr'>Pari</span> <span class='ocrx_word' id='word_1_674' title='bbox 2721 5271 2892 5325; x_wconf 91' lang='lat' dir='ltr'>modo</span> <span class='ocrx_word' id='word_1_675' title='bbox 2923 5277 2979 5327; x_wconf 90' lang='lat' dir='ltr'>et</span> <span class='ocrx_word' id='word_1_676' title='bbox 3005 5272 3064 5328; x_wconf 91' lang='lat' dir='ltr'>in</span> <span class='ocrx_word' id='word_1_677' title='bbox 3099 5277 3351 5334; x_wconf 89' lang='lat' dir='ltr'>oratorio</span> <span class='ocrx_word' id='word_1_678' title='bbox 3394 5288 3608 5337; x_wconf 66' lang='lat' dir='ltr'>sanctae</span> 
     </span>
    </p>
   </div>
   <div class='ocr_carea' id='block_1_52' title="bbox 336 5356 3609 5435">
    <p class='ocr_par' dir='ltr' id='par_1_52' title="bbox 336 5356 3609 5435">
     <span class='ocr_line' id='line_1_52' title="bbox 336 5356 3609 5435; baseline 0.006 -21"><span class='ocrx_word' id='word_1_679' title='bbox 336 5356 441 5414; x_wconf 91' lang='lat' dir='ltr'>Dei</span> <span class='ocrx_word' id='word_1_680' title='bbox 471 5356 803 5430; x_wconf 80' lang='lat' dir='ltr'>Genitricis,</span> <span class='ocrx_word' id='word_1_681' title='bbox 838 5357 938 5414; x_wconf 90' lang='lat' dir='ltr'>ubi</span> <span class='ocrx_word' id='word_1_682' title='bbox 969 5375 1153 5434; x_wconf 89' lang='lat' dir='ltr'>supra</span> <span class='ocrx_word' id='word_1_683' title='bbox 1181 5359 1240 5413; x_wconf 91' lang='lat' dir='ltr'>in</span> <span class='ocrx_word' id='word_1_684' title='bbox 1274 5359 1566 5426; x_wconf 91' lang='lat' dir='ltr'>mediana,</span> <span class='ocrx_word' id='word_1_685' title='bbox 1599 5361 1735 5416; x_wconf 89' lang='lat' dir='ltr'>fecit</span> <span class='ocrx_word' id='word_1_686' title='bbox 1762 5368 1982 5418; x_wconf 89' lang='lat' dir='ltr'>vestem</span> <span class='ocrx_word' id='word_1_687' title='bbox 2013 5361 2205 5418; x_wconf 88' lang='lat' dir='ltr'>albam</span> <span class='ocrx_word' id='word_1_688' title='bbox 2240 5362 2626 5419; x_wconf 88' lang='lat' dir='ltr'>holosericam</span> <span class='ocrx_word' id='word_1_689' title='bbox 2671 5369 2948 5432; x_wconf 89' lang='lat' dir='ltr'>rosatam,</span> <span class='ocrx_word' id='word_1_690' title='bbox 2983 5367 3294 5428; x_wconf 89' lang='lat' dir='ltr'>habentem</span> <span class='ocrx_word' id='word_1_691' title='bbox 3326 5373 3386 5431; x_wconf 91' lang='lat' dir='ltr'>in</span> <span class='ocrx_word' id='word_1_692' title='bbox 3417 5378 3609 5435; x_wconf 91' lang='lat' dir='ltr'>medio</span> 
     </span>
    </p>
   </div>
   <div class='ocr_carea' id='block_1_53' title="bbox 337 5454 3609 5545">
    <p class='ocr_par' dir='ltr' id='par_1_53' title="bbox 337 5454 3609 5545">
     <span class='ocr_line' id='line_1_53' title="bbox 337 5454 3609 5545; baseline 0.005 -34"><span class='ocrx_word' id='word_1_693' title='bbox 337 5470 572 5511; x_wconf 85' lang='lat' dir='ltr'>crucem</span> <span class='ocrx_word' id='word_1_694' title='bbox 604 5455 677 5510; x_wconf 90' lang='lat' dir='ltr'>de</span> <span class='ocrx_word' id='word_1_695' title='bbox 707 5454 1103 5528; x_wconf 85' lang='lat' dir='ltr'>chrysoclavo,</span> <span class='ocrx_word' id='word_1_696' title='bbox 1136 5459 1192 5511; x_wconf 93' lang='lat' dir='ltr'>et</span> <span class='ocrx_word' id='word_1_697' title='bbox 1223 5455 1281 5510; x_wconf 90' lang='lat' dir='ltr'>in</span> <span class='ocrx_word' id='word_1_698' title='bbox 1315 5457 1561 5512; x_wconf 90' lang='lat' dir='ltr'>circuitu</span> <span class='ocrx_word' id='word_1_699' title='bbox 1593 5463 1860 5515; x_wconf 89' lang='lat' dir='ltr'>ornatam</span> <span class='ocrx_word' id='word_1_700' title='bbox 1893 5461 1962 5516; x_wconf 90' lang='lat' dir='ltr'>de</span> <span class='ocrx_word' id='word_1_701' title='bbox 1993 5461 2161 5533; x_wconf 85' lang='lat' dir='ltr'>tyrio.</span> <span class='ocrx_word' id='word_1_702' title='bbox 2199 5461 2260 5516; x_wconf 92' lang='lat' dir='ltr'>In</span> <span class='ocrx_word' id='word_1_703' title='bbox 2293 5459 2541 5516; x_wconf 86' lang='lat' dir='ltr'>oratorio</span> <span class='ocrx_word' id='word_1_704' title='bbox 2593 5478 2727 5517; x_wconf 90' lang='lat' dir='ltr'>vero</span> <span class='ocrx_word' id='word_1_705' title='bbox 2777 5462 2965 5534; x_wconf 91' lang='lat' dir='ltr'>ipsius</span> <span class='ocrx_word' id='word_1_706' title='bbox 3017 5466 3118 5523; x_wconf 91' lang='lat' dir='ltr'>Dei</span> <span class='ocrx_word' id='word_1_707' title='bbox 3152 5471 3481 5545; x_wconf 74' lang='lat' dir='ltr'>Genitiicis,</span> <span class='ocrx_word' id='word_1_708' title='bbox 3509 5480 3609 5536; x_wconf 87' lang='lat' dir='ltr'>ubi</span> 
     </span>
    </p>
   </div>
   <div class='ocr_carea' id='block_1_54' title="bbox 338 5553 3609 5633">
    <p class='ocr_par' dir='ltr' id='par_1_54' title="bbox 338 5553 3609 5633">
     <span class='ocr_line' id='line_1_54' title="bbox 338 5553 3609 5633; baseline 0.008 -25"><span class='ocrx_word' id='word_1_709' title='bbox 338 5569 542 5625; x_wconf 88' lang='lat' dir='ltr'>supra,</span> <span class='ocrx_word' id='word_1_710' title='bbox 565 5553 722 5628; x_wconf 90' lang='lat' dir='ltr'>quod</span> <span class='ocrx_word' id='word_1_711' title='bbox 753 5553 970 5609; x_wconf 88' lang='lat' dir='ltr'>dicitur</span> <span class='ocrx_word' id='word_1_712' title='bbox 999 5553 1199 5610; x_wconf 90' lang='lat' dir='ltr'>domni</span> <span class='ocrx_word' id='word_1_713' title='bbox 1235 5553 1392 5609; x_wconf 86' lang='lat' dir='ltr'>Pauli</span> <span class='ocrx_word' id='word_1_714' title='bbox 1419 5573 1578 5627; x_wconf 64' lang='lat' dir='ltr'>papa</span> <span class='ocrx_word' id='word_1_715' title='bbox 1602 5556 1736 5612; x_wconf 90' lang='lat' dir='ltr'>fecit</span> <span class='ocrx_word' id='word_1_716' title='bbox 1757 5563 1974 5613; x_wconf 87' lang='lat' dir='ltr'>vestem</span> <span class='ocrx_word' id='word_1_717' title='bbox 2007 5558 2200 5613; x_wconf 88' lang='lat' dir='ltr'>albam</span> <span class='ocrx_word' id='word_1_718' title='bbox 2232 5558 2638 5626; x_wconf 88' lang='lat' dir='ltr'>holosericam,</span> <span class='ocrx_word' id='word_1_719' title='bbox 2663 5564 2929 5616; x_wconf 86' lang='lat' dir='ltr'>ornatam</span> <span class='ocrx_word' id='word_1_720' title='bbox 2954 5563 3011 5618; x_wconf 92' lang='lat' dir='ltr'>in</span> <span class='ocrx_word' id='word_1_721' title='bbox 3027 5564 3272 5625; x_wconf 90' lang='lat' dir='ltr'>circuitu</span> <span class='ocrx_word' id='word_1_722' title='bbox 3294 5572 3365 5628; x_wconf 91' lang='lat' dir='ltr'>de</span> <span class='ocrx_word' id='word_1_723' title='bbox 3392 5574 3609 5633; x_wconf 90' lang='lat' dir='ltr'>mizilo.</span> 
     </span>
    </p>
   </div>
   <div class='ocr_carea' id='block_1_55' title="bbox 223 5649 3610 5736">
    <p class='ocr_par' dir='ltr' id='par_1_55' title="bbox 223 5649 3610 5736">
     <span class='ocr_line' id='line_1_55' title="bbox 223 5649 3610 5736; baseline 0.007 -30"><span class='ocrx_word' id='word_1_724' title='bbox 223 5651 302 5706; x_wconf 79' lang='lat'><strong>20</strong></span> <span class='ocrx_word' id='word_1_725' title='bbox 335 5649 573 5706; x_wconf 78' lang='lat' dir='ltr'>Necnon</span> <span class='ocrx_word' id='word_1_726' title='bbox 590 5649 723 5706; x_wconf 89' lang='lat' dir='ltr'>etin</span> <span class='ocrx_word' id='word_1_727' title='bbox 741 5651 1094 5706; x_wconf 82' lang='lat' dir='ltr'>monasterio</span> <span class='ocrx_word' id='word_1_728' title='bbox 1116 5651 1302 5706; x_wconf 89' lang='lat' dir='ltr'>sancti</span> <span class='ocrx_word' id='word_1_729' title='bbox 1336 5651 1592 5720; x_wconf 91' lang='lat' dir='ltr'>Martini,</span> <span class='ocrx_word' id='word_1_730' title='bbox 1624 5653 1721 5708; x_wconf 90' lang='lat' dir='ltr'>ubi</span> <span class='ocrx_word' id='word_1_731' title='bbox 1744 5670 1940 5725; x_wconf 89' lang='lat' dir='ltr'>supra,</span> <span class='ocrx_word' id='word_1_732' title='bbox 1967 5655 2100 5709; x_wconf 89' lang='lat' dir='ltr'>fecit</span> <span class='ocrx_word' id='word_1_733' title='bbox 2126 5660 2342 5710; x_wconf 89' lang='lat' dir='ltr'>vestem</span> <span class='ocrx_word' id='word_1_734' title='bbox 2365 5655 2559 5711; x_wconf 89' lang='lat' dir='ltr'>albam</span> <span class='ocrx_word' id='word_1_735' title='bbox 2591 5655 2974 5714; x_wconf 89' lang='lat' dir='ltr'>holosericam</span> <span class='ocrx_word' id='word_1_736' title='bbox 3009 5668 3610 5736; x_wconf 89' lang='lat' dir='ltr'>rosatam,habentem</span> 
     </span>
    </p>
   </div>
   <div class='ocr_carea' id='block_1_56' title="bbox 339 5746 3613 5830">
    <p class='ocr_par' dir='ltr' id='par_1_56' title="bbox 339 5746 3613 5830">
     <span class='ocr_line' id='line_1_56' title="bbox 339 5746 3613 5830; baseline 0.008 -29"><span class='ocrx_word' id='word_1_737' title='bbox 339 5746 400 5802; x_wconf 92' lang='lat' dir='ltr'>in</span> <span class='ocrx_word' id='word_1_738' title='bbox 434 5746 626 5802; x_wconf 91' lang='lat' dir='ltr'>medio</span> <span class='ocrx_word' id='word_1_739' title='bbox 657 5763 889 5803; x_wconf 89' lang='lat' dir='ltr'>crucem</span> <span class='ocrx_word' id='word_1_740' title='bbox 922 5748 992 5804; x_wconf 89' lang='lat' dir='ltr'>de</span> <span class='ocrx_word' id='word_1_741' title='bbox 1022 5748 1416 5820; x_wconf 88' lang='lat' dir='ltr'>chrysoclavo,</span> <span class='ocrx_word' id='word_1_742' title='bbox 1453 5765 1584 5803; x_wconf 90' lang='lat' dir='ltr'>cum</span> <span class='ocrx_word' id='word_1_743' title='bbox 1619 5749 1885 5823; x_wconf 85' lang='lat' dir='ltr'>periclysi</span> <span class='ocrx_word' id='word_1_744' title='bbox 1919 5752 1989 5807; x_wconf 91' lang='lat' dir='ltr'>de</span> <span class='ocrx_word' id='word_1_745' title='bbox 2021 5751 2188 5824; x_wconf 83' lang='lat' dir='ltr'>tyrio.</span> <span class='ocrx_word' id='word_1_746' title='bbox 2227 5752 2324 5806; x_wconf 85' lang='lat' dir='ltr'>Hic</span> <span class='ocrx_word' id='word_1_747' title='bbox 2359 5751 2491 5806; x_wconf 88' lang='lat' dir='ltr'>fecit</span> <span class='ocrx_word' id='word_1_748' title='bbox 2521 5751 2580 5806; x_wconf 93' lang='lat' dir='ltr'>in</span> <span class='ocrx_word' id='word_1_749' title='bbox 2615 5752 2857 5810; x_wconf 87' lang='lat' dir='ltr'>basilica</span> <span class='ocrx_word' id='word_1_750' title='bbox 2885 5759 3299 5829; x_wconf 87' lang='lat' dir='ltr'>Apostolorum</span> <span class='ocrx_word' id='word_1_751' title='bbox 3349 5769 3440 5825; x_wconf 92' lang='lat' dir='ltr'>via</span> <span class='ocrx_word' id='word_1_752' title='bbox 3472 5772 3613 5830; x_wconf 89' lang='lat' dir='ltr'>Lata</span> 
     </span>
    </p>
   </div>
   <div class='ocr_carea' id='block_1_57' title="bbox 339 5841 3609 5936">
    <p class='ocr_par' dir='ltr' id='par_1_57' title="bbox 339 5841 3609 5936">
     <span class='ocr_line' id='line_1_57' title="bbox 339 5841 3609 5936; baseline 0.008 -36"><span class='ocrx_word' id='word_1_753' title='bbox 339 5858 520 5915; x_wconf 87' lang='lat' dir='ltr'>super</span> <span class='ocrx_word' id='word_1_754' title='bbox 549 5841 733 5898; x_wconf 88' lang='lat' dir='ltr'>altare</span> <span class='ocrx_word' id='word_1_755' title='bbox 766 5845 959 5916; x_wconf 90' lang='lat' dir='ltr'>majus</span> <span class='ocrx_word' id='word_1_756' title='bbox 988 5848 1207 5900; x_wconf 90' lang='lat' dir='ltr'>vestem</span> <span class='ocrx_word' id='word_1_757' title='bbox 1239 5844 1430 5900; x_wconf 77' lang='lat' dir='ltr'>albam</span> <span class='ocrx_word' id='word_1_758' title='bbox 1464 5844 1848 5902; x_wconf 87' lang='lat' dir='ltr'>holosericam</span> <span class='ocrx_word' id='word_1_759' title='bbox 1885 5849 2488 5920; x_wconf 88' lang='lat' dir='ltr'>rosatam,habentem</span> <span class='ocrx_word' id='word_1_760' title='bbox 2507 5849 2565 5904; x_wconf 91' lang='lat' dir='ltr'>in</span> <span class='ocrx_word' id='word_1_761' title='bbox 2587 5851 2776 5907; x_wconf 91' lang='lat' dir='ltr'>medio</span> <span class='ocrx_word' id='word_1_762' title='bbox 2808 5855 3070 5914; x_wconf 88' lang='lat' dir='ltr'>tabulam</span> <span class='ocrx_word' id='word_1_763' title='bbox 3093 5861 3162 5917; x_wconf 87' lang='lat' dir='ltr'>de</span> <span class='ocrx_word' id='word_1_764' title='bbox 3183 5868 3609 5936; x_wconf 88' lang='lat' dir='ltr'>stauraci,cum</span> 
     </span>
    </p>
   </div>
   <div class='ocr_carea' id='block_1_58' title="bbox 338 5938 3609 6021">
    <p class='ocr_par' dir='ltr' id='par_1_58' title="bbox 338 5938 3609 6021">
     <span class='ocr_line' id='line_1_58' title="bbox 338 5938 3609 6021; baseline 0.009 -27"><span class='ocrx_word' id='word_1_765' title='bbox 338 5938 588 5995; x_wconf 89' lang='lat' dir='ltr'>historia</span> <span class='ocrx_word' id='word_1_766' title='bbox 645 5939 955 5996; x_wconf 72' lang='lat' dir='ltr'>Dominicze</span> <span class='ocrx_word' id='word_1_767' title='bbox 1016 5942 1478 6011; x_wconf 85' lang='lat' dir='ltr'>resurrectionis,</span> <span class='ocrx_word' id='word_1_768' title='bbox 1511 5947 1568 5998; x_wconf 89' lang='lat' dir='ltr'>et</span> <span class='ocrx_word' id='word_1_769' title='bbox 1625 5944 1684 5999; x_wconf 89' lang='lat' dir='ltr'>in</span> <span class='ocrx_word' id='word_1_770' title='bbox 1743 5946 1992 6002; x_wconf 87' lang='lat' dir='ltr'>circuitu</span> <span class='ocrx_word' id='word_1_771' title='bbox 2047 5953 2268 6003; x_wconf 88' lang='lat' dir='ltr'>vestem</span> <span class='ocrx_word' id='word_1_772' title='bbox 2327 5948 2397 6002; x_wconf 89' lang='lat' dir='ltr'>de</span> <span class='ocrx_word' id='word_1_773' title='bbox 2439 5947 2831 6021; x_wconf 80' lang='lat' dir='ltr'>chrysoclavo.</span> <span class='ocrx_word' id='word_1_774' title='bbox 2862 5953 3098 6015; x_wconf 90' lang='lat' dir='ltr'>Necnon</span> <span class='ocrx_word' id='word_1_775' title='bbox 3129 5966 3186 6018; x_wconf 90' lang='lat' dir='ltr'>et</span> <span class='ocrx_word' id='word_1_776' title='bbox 3217 5964 3506 6020; x_wconf 86' lang='lat' dir='ltr'>orbiculos</span> <span class='ocrx_word' id='word_1_777' title='bbox 3537 5966 3609 6021; x_wconf 88' lang='lat' dir='ltr'>de</span> 
     </span>
    </p>
   </div>
   <div class='ocr_carea' id='block_1_59' title="bbox 339 6033 3604 6132">
    <p class='ocr_par' dir='ltr' id='par_1_59' title="bbox 339 6033 3604 6132">
     <span class='ocr_line' id='line_1_59' title="bbox 339 6033 3604 6132; baseline 0.009 -40"><span class='ocrx_word' id='word_1_778' title='bbox 339 6033 736 6108; x_wconf 82' lang='lat' dir='ltr'>chrysoclavo,</span> <span class='ocrx_word' id='word_1_779' title='bbox 759 6055 894 6094; x_wconf 89' lang='lat' dir='ltr'>cum</span> <span class='ocrx_word' id='word_1_780' title='bbox 917 6038 1185 6111; x_wconf 84' lang='lat' dir='ltr'>periclysi</span> <span class='ocrx_word' id='word_1_781' title='bbox 1218 6039 1288 6096; x_wconf 90' lang='lat' dir='ltr'>de</span> <span class='ocrx_word' id='word_1_782' title='bbox 1317 6039 1486 6110; x_wconf 85' lang='lat' dir='ltr'>tyrio.</span> <span class='ocrx_word' id='word_1_783' title='bbox 1512 6041 1813 6099; x_wconf 90' lang='lat' dir='ltr'>Tetravela</span> <span class='ocrx_word' id='word_1_784' title='bbox 1842 6044 2074 6103; x_wconf 87' lang='lat' dir='ltr'>modica</span> <span class='ocrx_word' id='word_1_785' title='bbox 2102 6045 2285 6103; x_wconf 89' lang='lat' dir='ltr'>rubea</span> <span class='ocrx_word' id='word_1_786' title='bbox 2308 6049 2512 6102; x_wconf 80' lang='lat' dir='ltr'>ornata</span> <span class='ocrx_word' id='word_1_787' title='bbox 2541 6045 2601 6103; x_wconf 90' lang='lat' dir='ltr'>in</span> <span class='ocrx_word' id='word_1_788' title='bbox 2631 6047 2880 6109; x_wconf 86' lang='lat' dir='ltr'>circuitu</span> <span class='ocrx_word' id='word_1_789' title='bbox 2907 6053 2978 6111; x_wconf 90' lang='lat' dir='ltr'>de</span> <span class='ocrx_word' id='word_1_790' title='bbox 3008 6055 3272 6129; x_wconf 73' lang='lat' dir='ltr'>fundato,</span> <span class='ocrx_word' id='word_1_791' title='bbox 3294 6059 3604 6132; x_wconf 57' lang='lat' dir='ltr'>exquibus</span> 
     </span>
    </p>
   </div>
  </div>
