3924 6398
360 323 518 387 1243
1514 328 1668 391 ΑΝΑ
1681 329 1909 393 ΒΤΑΒΙΪ

2236 327 2628 393 THECARII.
3247 363 3249 368 -
3628 331 3781 393 1244

388 457 460 515 25
497 475 684 516 unum
714 476 850 517 cum
872 456 1266 535 chrysoclavo.
1301 459 1440 518 Vela
1489 461 1720 518 modica
1762 462 1944 519 rubea
1984 461 2379 519 Alexandrina
2432 463 2572 531 duo,
2599 467 2806 520 ornata
2833 461 2895 519 in
2928 461 3178 520 circuitu
3208 463 3280 520 de
3311 462 3588 520 stauraci.
3622 464 3693 520 Et
3723 465 3780 520 in

500 557 720 630 gremio
753 558 1027 624 basilicae,
1049 559 1148 615 ubi
1175 577 1372 631 supra,
1398 560 1533 616 fecit
1561 560 1846 616 cortinam
1873 562 2153 632 majorem
2174 563 2243 616 de
2262 562 2502 618 fundato
2523 561 2766 618 miriﬁce
2789 563 3144 631 decoratam,
3170 568 3438 619 ornatam
3455 563 3515 618 in
3531 563 3777 619 circuitu

499 656 569 711 de
600 657 768 729 tyrio,
804 662 862 712 et
891 658 949 711 in
984 657 1176 712 medio
1207 675 1410 714 cruces
1442 659 1512 714 de
1545 659 1713 730 tyrio.

568 775 722 829 419
762 773 865 828 Hic
896 790 1028 829 vero
1054 775 1326 847 egregius
1359 774 1570 847 praisul
1605 776 1738 830 fecit
1767 774 1826 829 in
1859 775 2031 831 titulo
2065 780 2278 831 sanctae
2311 775 2540 831 Sabinae
2573 775 2847 849 martyris
2879 793 3056 849 super
3085 775 3252 832 altari
3307 776 3516 848 majori
3553 779 3777 831 vestem

499 869 692 926 albam
724 871 1108 928 holosericam
1143 877 1423 940 rosatam,
1457 872 1770 929 habentem
1805 873 1864 928 in
1897 875 2088 929 medio
2119 874 2380 929 tabulam
2413 875 2482 930 de
2515 875 2944 944 stauraci,cum
2974 874 3218 931 historia
3246 874 3561 931 Dominicaa
3581 892 3777 930 resur-

499 969 793 1033 rectionis,
819 975 875 1025 et
904 969 962 1024 in
993 970 1468 1026 circuitlrlistam
1501 973 1574 1027 de
1601 971 1995 1044 chrysoclavo.
2029 972 2160 1027 Pari
2197 973 2369 1027 modo
2402 977 2458 1028 et
2486 973 2546 1027 in
2579 973 2748 1029 titulo
2771 978 2985 1028 sanctae
3005 974 3288 1030 Susanna:
3307 973 3582 1046 martyris
3601 989 3778 1044 super

496 1066 663 1122 altari
696 1067 904 1140 majori
935 1073 1150 1124 vestem
1179 1069 1375 1124 albam
1409 1070 1543 1125 fecit
1575 1070 1960 1125 holosericam
1988 1075 2266 1136 rosatam,
2301 1069 2616 1126 habentem
2649 1071 2708 1126 in
2743 1071 2934 1127 medio
2965 1071 3231 1127 tabulam
3263 1073 3333 1127 de
3374 1070 3772 1144 chrysoclavo,

421 1164 458 1218 5
495 1181 630 1219 cum
663 1164 908 1221 historia
939 1166 1255 1221 Dominicze
1288 1166 1752 1234 resurrectionis,
1787 1172 1844 1223 et
1873 1168 1933 1222 in
1966 1167 2212 1223 circuitu
2245 1167 2443 1223 listam
2472 1169 2542 1224 de
2576 1169 2966 1242 chrysoclavo.
3005 1170 3156 1225 Fecit
3205 1173 3401 1225 autem
3441 1169 3501 1224 in
3535 1168 3778 1225 basilica

494 1262 682 1317 sancti
711 1263 991 1336 Stephani
1026 1263 1198 1336 primi
1227 1265 1502 1337 martyris
1531 1265 1589 1319 in
1621 1266 1794 1321 leio
1829 1270 2027 1321 monte
2056 1270 2277 1321 vestem
2305 1265 2500 1321 albam
2533 1266 2918 1323 holosericam
2951 1267 3558 1336 rosatam,habentem
3577 1267 3638 1322 in
3660 1283 3775 1322 me-

490 1360 587 1416 dio
618 1361 880 1417 tabulam
912 1363 982 1417 de
1014 1363 1290 1430 stauraci,
1325 1379 1459 1418 cum
1493 1363 1741 1419 historia
1778 1365 2086 1419 Dominicae
2121 1364 2588 1433 resurrectionis,
2613 1370 2669 1420 et
2683 1383 2914 1422 crucem
2939 1367 3008 1422 de
3039 1365 3432 1440 chrysoclavo.
3458 1365 3696 1422 Necnon
3715 1370 3772 1421 et

488 1459 549 1514 in
577 1461 847 1516 diaconia
877 1461 1028 1516 beati
1051 1460 1280 1534 Georgii
1312 1461 1584 1534 martyris
1616 1479 1795 1534 super
1821 1463 1987 1518 altari
2020 1462 2228 1534 majori
2248 1463 2381 1518 fecit
2397 1467 2617 1518 vestem
2638 1462 2832 1520 albam
2850 1464 3236 1520 holosericam
3259 1468 3537 1532 rosatam,
3555 1464 3770 1520 haben-

487 1561 608 1613 tem
633 1557 689 1612 in
725 1559 917 1614 medio
949 1559 1210 1614 tabulam
1241 1560 1312 1614 de
1343 1559 1620 1626 stauraci,
1653 1577 1787 1615 cum
1819 1560 2063 1617 historia
2092 1560 2670 1628 Cruciﬂxi,ornatam
2697 1562 2766 1617 de
2799 1562 3036 1634 tyrio,et
3067 1578 3232 1618 rosas
3263 1563 3334 1618 de
3363 1561 3763 1634 chrysoclavo.

383 1656 452 1710 10
487 1661 620 1730 Ipse
638 1673 773 1712 vero
796 1657 965 1712 a'Deo
997 1661 1293 1729 protectus
1322 1657 1672 1714 venerabilis
1701 1663 1758 1714 et
1789 1658 2102 1730 praeclarus
2134 1658 2393 1731 pontifex
2421 1658 2559 1714 fecit
2590 1659 2648 1713 in
2669 1659 2912 1716 basilica
2941 1663 3156 1716 sanctae
3176 1659 3766 1733 l)eiGenitricis,quze

489 1754 819 1828 appellatur
843 1755 916 1810 ad
948 1755 1228 1826 Praesepe,
1261 1755 1334 1810 ob
1364 1755 1615 1810 nimium
1661 1773 1922 1812 amorem
1971 1757 2158 1829 ipsius
2208 1756 2457 1812 dominae
2509 1761 2741 1824 nostraa,
2774 1757 3024 1829 pharum
3055 1775 3123 1813 ex
3153 1761 3394 1830 argento
3423 1758 3764 1831 purissimo,

487 1869 624 1908 cum
653 1853 892 1909 lucerna
911 1858 967 1907 et
988 1857 1254 1924 cereapto
1279 1853 1353 1924 (α)
1377 1870 1504 1920 suo,
1530 1871 1773 1926 pensan.
1800 1853 1979 1910 simul
2011 1853 2191 1910 libras
2225 1853 2615 1926 quadraginta
2636 1859 2694 1910 et
2715 1855 2913 1910 semis.
2941 1857 3009 1910 Et
3028 1855 3136 1911 hoc
3158 1857 3467 1912 constituit
3488 1858 3616 1928 ejus
3639 1857 3768 1913 bea-

487 1951 698 2018 titudo,
731 1956 794 2006 ut
823 1951 1264 2006 Dominicarum
1295 1949 1526 2015 diebus,
1557 1949 1647 2004 vel
1680 1950 1739 2004 in
1767 1951 1988 2006 sanctis
2019 1951 2516 2019 solemnitatibus,
2543 1951 2717 2023 juxta
2747 1951 3053 2009 lectorium
3095 1954 3462 2024 consisteret,
3494 1960 3551 2011 et
3581 1956 3654 2011 ad
3685 1955 3764 2012 le-

487 2051 744 2122 gendum
776 2066 974 2105 sacras
1005 2048 1286 2104 lectiones
1316 2047 1558 2103 luminis
1590 2046 1899 2119 splendore
1930 2046 2196 2119 fulgeret.
2224 2053 2290 2103 Et
2319 2047 2379 2103 in
2411 2049 2657 2106 ecclesia
2674 2050 2826 2106 beati
2855 2050 3006 2107 Petri
3027 2052 3276 2124 apostoli
3294 2053 3417 2126 pari
3437 2053 3609 2109 modo
3630 2053 3767 2109 fecit

381 2149 449 2204 15
487 2149 738 2221 pharum
753 2166 821 2204 ex
831 2153 1070 2221 argento
1083 2146 1402 2219 purissimo
1424 2147 1703 2201 deaurato
1707 2145 1896 2212 ,mire
1912 2145 2370 2216 pulchritudinis
2383 2147 2885 2216 decoratum,cum
2905 2149 3225 2219 lucerna,et
3247 2156 3514 2224 cereapto
3529 2151 3765 2224 suo,qui

485 2247 842 2320 pens,simul
864 2247 1045 2302 libras
1076 2246 1396 2319 nonaginta
1416 2250 1471 2300 et
1494 2245 1694 2300 semis.
1721 2243 2048 2310 Enimvero,
2074 2245 2173 2300 ubi
2190 2263 2389 2318 supra,
2405 2247 2476 2301 ad
2492 2247 2730 2302 beatum
2747 2248 2980 2304 Petrum
2995 2249 3326 2321 apostolum
3351 2251 3460 2306 sub
3478 2250 3605 2322 ipsa
3623 2250 3768 2305 ima-

483 2347 616 2420 gine
638 2346 954 2403 Salvatoris
975 2345 1203 2401 Domini
1226 2343 1407 2399 nostri
1429 2344 1569 2399 Jesu
1583 2341 1798 2398 Christi
1812 2342 2072 2398 crucifixi
2087 2343 2144 2397 in
2161 2345 2334 2398 modo
2350 2344 2482 2400 fecit
2495 2361 2769 2400 coronam
2783 2361 2851 2400 ex
2863 2350 3104 2418 argento
3119 2347 3461 2418 purissimo,
3476 2351 3531 2404 et
3543 2347 3762 2404 ibidem

485 2447 560 2502 ob
591 2446 779 2519 ipsius
811 2443 1041 2500 Domini
1074 2442 1257 2498 nostri
1287 2443 1426 2499 Jesu
1457 2441 1672 2496 Christi
1705 2458 1986 2508 amorem,
2023 2458 2126 2513 pro
2159 2441 2606 2498 luminariorum
2639 2443 2949 2515 splendore
2983 2446 3198 2516 posuit,
3233 2461 3478 2517 pensan.
3509 2445 3763 2501 libras...

558 2563 716 2618 420
754 2559 1002 2616 Basilica
1030 2576 1162 2615 vero
1192 2559 1344 2614 beati
1376 2557 1729 2630 Apollinaris
1755 2557 2029 2629 martyris
2060 2561 2235 2629 atque
2267 2557 2580 2630 pontificis,
2605 2575 2731 2630 qua
2755 2559 2998 2613 fundata
3021 2563 3109 2614 est
3129 2559 3302 2630 juxta
3332 2560 3628 2617 civitatem
3659 2562 3770 2617 Ra-

481 2676 754 2726 vennam,
788 2658 958 2730 cujus
990 2657 1184 2713 trabes
1206 2674 1321 2728 prae
1354 2656 1538 2712 nimia
1566 2659 1856 2711 vetustate
1887 2655 1958 2710 de
1989 2672 2278 2711 annorum
2310 2654 2707 2722 curriculis,et
2723 2654 2959 2710 olitanis
2982 2656 3348 2727 temporibus
3371 2657 3546 2713 nimis
3568 2676 3765 2714 emar-

484 2761 744 2825 cuerant,
762 2757 1008 2828 jamque
1038 2771 1184 2828 pene
1214 2754 1453 2810 ruitura:
1477 2755 1533 2809 in
1558 2758 1819 2826 tempore
1844 2753 1940 2809 illo
1959 2757 2145 2822 erant,
2171 2753 2356 2810 isdem
2376 2752 2724 2809 venerabilis
2747 2752 3217 2821 Pater,divinitus
3242 2754 3768 2828 inspiratus,misit

479 2855 638 2922 illuc,
669 2859 726 2910 et
755 2872 859 2927 per
886 2853 1332 2910 solertissimam
1363 2868 1428 2908 ac
1461 2851 1760 2924 providam
1795 2868 1998 2907 curam
2030 2868 2199 2907 suam
2227 2851 2426 2907 omnia
2455 2856 2618 2906 sarta‘
2645 2855 2798 2907 tecta
2857 2851 3045 2924 ipsius
3096 2851 3355 2908 ecclesia:
3408 2853 3589 2909 simul
3623 2871 3765 2911 cum

405 2957 442 3011 5
479 2952 933 3027 quadriporticis
963 2952 1088 3007 suis
1121 2951 1346 3006 noviter
1370 2967 1434 3005 ac
1462 2949 1708 3006 firmiter
1739 2948 2105 3013 restauravit,
2138 2953 2194 3003 et
2226 2949 2283 3004 in
2321 2949 2618 3004 meliorem
2653 2949 2883 3005 reduxit
2914 2955 3158 3008 statum.
3189 2951 3380 3024 Super
3409 2950 3592 3008 altare
3624 2971 3764 3009 vero

479 3053 668 3125 ipsius
703 3068 879 3107 sacrm
912 3050 1165 3106 basilicae
1196 3050 1268 3104 ob
1301 3049 1580 3105 honorem
1613 3049 2030 3120 omnipotentis
2054 3045 2175 3112 Dei,
2199 3051 2254 3101 et
2276 3047 2425 3102 beati
2452 3047 2604 3102 Petri
2619 3047 2974 3120 apostoli,de
2995 3050 3168 3121 cujus
3191 3050 3362 3105 donis
3378 3068 3442 3105 ac
3457 3051 3610 3106 datis
3625 3051 3765 3106 fecit

475 3156 696 3208 vestem
728 3150 976 3206 sericam
1008 3152 1285 3215 rosatam,
1321 3148 1634 3203 habentem
1667 3147 1724 3201 in
1759 3145 1948 3201 medio
1982 3161 2212 3200 crucem
2241 3146 2310 3200 de
2341 3145 2714 3218 chrysoclavo
2747 3163 2881 3201 cum
2915 3145 3214 3214 orbiculis,
3248 3153 3305 3203 et
3327 3152 3484 3203 rotas
3515 3149 3758 3218 sericas,

477 3251 760 3306 habentes
788 3247 1066 3303 historias
1096 3245 1600 3310 Annuntiationis,
1621 3262 1724 3300 seu
1744 3242 1954 3298 natalis
1986 3242 2216 3298 Domini
2253 3245 2434 3300 nostri
2467 3246 2608 3300 Jesu
2640 3244 2878 3312 Christi,
2904 3249 3079 3316 atque
3098 3245 3436 3302 Passionem
3459 3251 3515 3301 et
3537 3248 3759 3303 Resur-

479 3350 818 3415 rectionem,
845 3363 1068 3402 necnon
1101 3349 1156 3400 et
1186 3345 1244 3400 in
1277 3343 1438 3400 caelis
1465 3343 1902 3409 Ascensionem,
1936 3345 2108 3412 atque
2140 3341 2873 3408 Pentecosten,ornatasin
2892 3343 3140 3399 circuitu
3173 3343 3354 3399 simili
3387 3345 3761 3413 modo,sicut

371 3451 438 3506 10
475 3452 533 3505 et
559 3452 778 3504 vestem
811 3446 882 3501 de
914 3443 1306 3517 chrysoclavo.
1343 3443 1452 3498 Sed
1480 3446 1537 3496 et
1567 3440 1889 3496 canistrum
1921 3455 1988 3494 ex
2015 3442 2255 3510 argento
2287 3439 2606 3512 purissimo
2631 3439 2776 3496 inibi
2810 3440 3116 3508 fecit,cum
3140 3441 3428 3498 catenulis
3451 3442 3598 3508 suis,
3617 3460 3764 3515 pen-

476 3564 602 3602 san.
633 3545 815 3600 libras
846 3539 1588 3614 quindecim.Episcopium
1619 3554 1752 3592 vero
1785 3536 2319 3601 Albanense,simul
2351 3554 2486 3592 cum
2519 3537 2918 3609 ecclesia,quaa
2941 3538 2998 3594 in
3019 3539 3256 3594 nomine
3279 3539 3432 3595 beati
3457 3540 3755 3597 Pancratii

474 3645 719 3701 fundata
745 3646 853 3707 est,
888 3657 990 3712 per
1018 3639 1336 3711 quamdam
1369 3636 1783 3710 negligentiam
1814 3634 1902 3690 vel
1931 3635 2240 3701 incuriam,
2278 3651 2381 3707 per
2410 3635 2840 3691 submissiones
2871 3635 3212 3704 diabolicas,
3246 3642 3377 3709 post
3422 3639 3756 3695 matutinas

475 3743 680 3799 laudes
699 3743 923 3808 exusta,
947 3755 981 3792 a
1005 3736 1409 3792 fundamentis
1439 3751 1623 3806 usque
1655 3735 1726 3788 ad
1760 3750 2061 3789 summum
2096 3738 2316 3788 tectum
2337 3735 2713 3790 combustum
2731 3739 2838 3790 est.
2860 3735 2970 3790 Sed
2991 3735 3490 3792 clementissimus
3507 3743 3563 3792 et
3585 3737 3763 3793 soler-

477 3841 749 3897 tissimus
770 3835 1046 3909 pontifex,
1073 3835 1189 3890 Deo
1220 3833 1516 3906 aspirante
1543 3850 1609 3888 ex
1627 3832 1815 3888 sancti
1834 3832 2088 3904 Spiritus
2118 3831 2534 3900 illustratione,
2561 3834 2800 3887 firmum
2816 3831 3046 3904 jacicns
3067 3833 3516 3890 fundamentum
3540 3835 3761 3891 mirum

369 3941 437 3997 13
477 3939 537 3994 in
561 3937 801 3993 modum
818 3935 943 4006 jam
969 3933 1268 4006 praefatam
1287 3929 1595 3987 ecclesiam
1621 3928 1842 3985 noviter
1862 3930 2232 3998 restauravit,
2257 3935 2314 3986 ct
2336 3930 2514 3986 simul
2542 3947 2677 3986 cum
2701 3931 2876 3986 sertis
2899 3931 3088 3998 tectis,
3115 3931 3230 3988 Deo
3245 3933 3513 4004 juvante,
3534 3935 3609 3990 ad
3635 3951 3763 3990 me-

481 4037 686 4093 liorem
719 4032 959 4090 deduxit
985 4035 1228 4087 statum.

545 4152 692 4208 42]
740 4150 809 4204 Et
838 4151 904 4203 ut
933 4163 1104 4202 verus
1132 4149 1360 4201 amator
1391 4142 1491 4199 Dei
1523 4146 1579 4198 et
1608 4142 1797 4198 cultor
1827 4147 2166 4199 sanctarum
2199 4143 2300 4198 Dei
2332 4142 2712 4199 ecclesiarum
2763 4143 2900 4199 fecit
2947 4161 3126 4216 super
3165 4144 3334 4200 altari
3368 4145 3577 4215 majori
3613 4163 3761 4218 pras-

473 4251 638 4308 dictae
670 4247 924 4305 ecclesiae
957 4249 1146 4300 vestes
1177 4245 1346 4314 duas,
1371 4259 1438 4297 ex
1470 4241 1686 4313 quibus
1718 4257 1898 4296 unam
1931 4258 2066 4296 cum
2099 4241 2241 4296 rotis
2268 4242 2615 4313 majoribus,
2637 4241 2951 4298 habentem
2981 4242 3259 4315 gryphas,
3282 4246 3549 4298 ornatam
3574 4242 3632 4297 in
3651 4243 3759 4299 cii»

474 4351 635 4406 cuitu
666 4348 738 4403 de
767 4345 1030 4411 fundato,
1065 4347 1124 4398 et
1153 4339 1418 4396 tetravila
1447 4339 1633 4395 serica
1663 4338 1926 4411 alithyna
1957 4344 2162 4394 ornata
2191 4339 2261 4394 de
2291 4338 2439 4411 tyrio
2469 4339 2691 4411 optimo
2721 4339 2780 4394 in
2814 4338 3062 4394 circuitu
3095 4340 3362 4410 ejusdem
3393 4339 3599 4395 altaris
3621 4342 3756 4397 fecit

473 4463 720 4505 numero
749 4447 1021 4517 quatuor.
1048 4439 1445 4496 Verumetiam
1468 4443 1525 4493 et
1548 4437 1606 4492 in
1630 4437 1875 4493 ecclesia
1906 4436 2058 4493 beati
2091 4436 2244 4492 Petri
2270 4435 2540 4508 apostoli,
2577 4436 2676 4490 ubi
2711 4453 2910 4508 supra,
2947 4437 3080 4494 fecit
3109 4441 3330 4492 vestem
3356 4443 3634 4505 rosatam,
3658 4438 3756 4493 ha-

398 4550 434 4604 5
470 4547 707 4602 bentem
738 4541 1047 4597 historiam
1078 4536 1311 4594 Domini
1344 4535 1529 4592 nostri
1558 4535 1699 4591 Jesu
1721 4536 1959 4602 Christi,
1983 4536 2216 4607 quando
2239 4535 2497 4590 extendit
2528 4551 2740 4590 manus
2759 4539 2815 4590 et
2837 4535 3226 4607 apprehendit
3248 4536 3485 4590 beatum
3511 4536 3750 4592 Petrum

473 4641 802 4717 apostolum
825 4639 897 4694 de
919 4637 1196 4693 fluctibus
1215 4635 1416 4690 maris.
1443 4634 1634 4690 Isdem
1659 4633 2038 4690 beatissimus
2057 4649 2190 4688 vero
2213 4637 2270 4692 et
2292 4632 2603 4704 praeclarus
2625 4633 2882 4705 pontifex
2915 4632 3050 4688 fecit
3067 4632 3126 4687 in
3159 4632 3402 4688 basilica
3423 4635 3612 4690 sancti
3645 4634 3750 4709 Cy-

470 4741 611 4799 riaci
629 4744 849 4796 vestem
881 4735 1076 4791 albam
1098 4732 1488 4789 holosericam
1510 4731 1823 4787 habentem
1847 4731 1906 4786 in
1929 4747 2068 4804 gyro
2090 4730 2403 4805 periclysin
2427 4731 2497 4786 de
2521 4730 2785 4798 fundato,
2807 4735 2864 4786 et
2885 4729 2943 4785 in
2967 4731 3160 4786 medio
3191 4730 3496 4787 historiam
3529 4732 3751 4788 Resur-

469 4837 782 4905 rcctionis;
815 4840 874 4891 et
904 4834 963 4888 in
985 4832 1233 4888 circuitu
1265 4829 1466 4886 altaris
1497 4829 1762 4885 tetravila
1792 4829 1944 4896 alba,
1977 4829 2289 4884 habentem
2319 4827 2633 4902 periclysin
2666 4829 2736 4883 de
2767 4827 2933 4901 tyrio.
2973 4829 3132 4884 Fecit
3159 4833 3354 4884 autem
3387 4833 3444 4886 et
3486 4830 3544 4884 in
3578 4830 3751 4887 titulo

469 4937 656 4997 sancti
675 4933 883 4990 Vitalis
903 4935 1124 4987 vestem
1145 4929 1342 4986 albam
1364 4927 1749 4984 holosericam
1770 4927 2083 4982 habentem
2105 4926 2414 4999 periclysin
2439 4927 2510 4982 de
2531 4927 2796 4994 fundato,
2821 4930 2878 4982 et
2893 4927 2952 4981 in
2973 4927 3164 4983 medio
3195 4926 3502 4983 historiam
3537 4928 3752 4985 Resur-

363 5040 431 5096 lO
468 5034 782 5102 rectionis;
817 5047 1041 5088 necnon
1063 5029 1198 5084 etin
1222 5025 1490 5082 diaconia
1521 5025 1708 5082 sancti
1741 5023 2081 5097 Archangeli
2112 5025 2310 5097 posuit
2337 5028 2559 5081 vestem
2591 5023 2787 5081 albam
2822 5023 3232 5091 holosericam,
3257 5025 3572 5082 habentem
3602 5027 3747 5099 peri-

466 5134 652 5208 clysin
684 5132 756 5186 de
786 5128 955 5202 tyrio,
988 5132 1044 5183 et
1069 5127 1128 5181 in
1161 5123 1352 5180 medio
1383 5123 1691 5180 historiam
1723 5123 2114 5179 Ascensionis.
2150 5125 2294 5178 item
2319 5122 2516 5195 ipsum
2535 5140 2712 5195 super
2741 5122 2924 5179 altare
2955 5123 3142 5179 sancti
3175 5122 3463 5195 Abhacyri
3494 5123 3749 5180 similem

469 5238 688 5289 vestem
721 5226 952 5284 obtulit.
987 5225 1161 5282 Porro
1188 5223 1246 5278 in
1277 5223 1546 5278 diaconia
1575 5227 1788 5278 sancta:
1819 5222 2058 5296 Agathm
2090 5220 2365 5294 martyris
2412 5221 2545 5276 fecit
2586 5221 2712 5294 ipse
2755 5221 3172 5278 sanctissimus
3222 5221 3481 5294 pontifex
3529 5227 3748 5278 vestem

468 5331 663 5387 albam
694 5325 1080 5383 holosericam
1113 5323 1425 5377 habentem
1456 5319 1516 5375 in
1549 5338 1688 5393 gyro
1721 5321 1790 5375 de
1821 5321 1991 5392 tyrio,
2025 5324 2081 5376 et
2113 5320 2169 5375 in
2204 5319 2396 5375 medio
2428 5319 2739 5374 historiam
2772 5319 3677 5375 Resurrectionis.Verumetiam
3697 5325 3751 5376 et

468 5429 528 5485 in
560 5426 730 5482 titulo
763 5420 1120 5480 Pammachii
1155 5437 1330 5491 super
1360 5419 1540 5474 altare
1573 5424 1912 5474 sanctorum
1933 5419 2177 5475 Joannis
2196 5417 2817 5474 etPaulilecitvestem
2838 5417 3032 5472 albam
3066 5416 3746 5489 holosericam,ornatam

367 5527 434 5579 15
469 5527 528 5580 in
560 5541 699 5597 gyro
731 5526 801 5578 de
833 5521 1097 5585 fundato,
1132 5517 1447 5572 habentem
1479 5515 1786 5572 historiam
1815 5517 2106 5586 Crucifixi,
2140 5516 2516 5574 Ascensionis
2543 5520 2600 5571 et
2633 5515 3022 5572 Pentecostes.
3061 5515 3280 5572 Pariter
3310 5520 3370 5570 et
3417 5515 3477 5570 in
3507 5515 3750 5571 ecclesia

471 5621 624 5676 beati
645 5620 956 5676 Clementis
980 5615 1254 5686 martyris
1277 5620 1448 5686 atque
1471 5613 1763 5685 pontificis
1786 5617 1922 5670 fecit
1942 5620 2161 5671 vestem
2186 5614 2382 5671 albam
2404 5631 2540 5670 cum
2563 5611 2936 5687 chrysoclavo
2961 5613 3275 5669 habentem
3298 5611 3610 5668 historiam
3647 5612 3749 5667 Re-

475 5716 873 5785 surrectionis,
904 5733 1006 5772 seu
1037 5712 1432 5777 Ascensionis,
1472 5728 1696 5766 necnon
1732 5717 1789 5767 et
1821 5713 2221 5769 Pentecosten.

1536 5921 1786 5970 NOTULE
1828 5926 2214 5973 MARGINALES
2257 5926 2558 5984 FABROTT_I

408 6047 488 6116 (α)
517 6054 582 6114 Β,
610 6045 860 6115 cerapto.
