3950 6496
382 477 480 541 2³71

1156 483 1249 538 AD
1296 483 1727 541 ANASTASIUM
1777 484 2290 545 PROLEGOMENA
2339 492 2515 548 EDIT.
2569 493 2999 552 ROM.——VATIC.

3693 502 3800 562 272

383 634 450 674 ex
477 617 733 688 catalogo
763 628 1179 672 successorum.
1212 614 1568 684 postpositis,
1603 613 1914 682 permistis,
1939 613 2024 668 ad-
2059 612 2116 670 A
2143 628 2448 688 annorum,
2479 622 2757 676 mensium
2789 636 2856 678 ac
2882 623 3109 678 dierum
3145 625 3472 682 eorumdem
3509 628 3666 684 sedis
3696 643 3802 686 non

383 707 528 762 ditis
566 706 736 760 etiam
780 703 1264 774 inscriptionibus
1304 710 1643 772 temporum,
1683 717 1808 773 qua
1845 702 2032 758 nihilo

384 802 574 850 essent
637 794 1055 850 emendatiores
1112 806 1282 864 quam
1345 793 1653 863 rhapsodia
1716 792 2032 862 imaginum

386 897 557 954 quam
602 882 868 953 elegerat.

461 969 546 1027 40.
581 972 808 1027 Asserta
855 971 1050 1043 itaque
1075 987 1204 1028 cum
1232 973 1312 1027 sit
1337 973 1488 1027 atati
1533 972 1830 1028 Leoniana
1856 970 2034 1026 series

389 1058 491 1115 illa
534 1061 816 1116 vetustior
851 1067 909 1116 et
949 1061 1196 1131 genuina
1235 1061 1606 1126 chronologia
1649 1060 1887 1130 parietis
1924 1074 2034 1114 au-

387 1149 604 1216 stralis,
636 1155 756 1204 tum
785 1150 1138 1205 indicatione
1165 1147 1465 1204 manifesta
1494 1149 1849 1218 picturarum
1873 1147 2029 1218 styli,

389 1237 643 1292 eamdem
673 1244 891 1294 atatem
918 1253 1047 1295 cum
1081 1239 1304 1294 musivo
1333 1237 1654 1306 referentis,
1686 1244 1804 1294 tum
1841 1237 2036 1307 pluri-

387 1324 496 1381 bus
521 1327 873 1382 testimoniis
898 1327 1138 1384 Adriani
1173 1340 1328 1397 papa
1360 1328 1533 1397 primi
1565 1334 1618 1382 et
1645 1327 1802 1381 Libri
1829 1326 2036 1381 Ponti-

387 1414 590 1484 ﬁcalis,
633 1415 764 1485 jure
801 1415 1082 1472 afﬁrmare
1125 1430 1431 1485 possumus
1479 1417 1760 1485 originem
1803 1413 2037 1468 Catalo-

387 1517 586 1574 gorum
622 1506 1001 1561 vetustiorum
1040 1510 1212 1574 atque
1249 1504 1702 1560 emendatiorum
1739 1503 1872 1558 hinc
1911 1515 2034 1556 esse

387 1595 744 1662 repetendam
776 1613 788 1648 :
825 1594 1042 1650 Italicis
1069 1607 1223 1661 vero,
1246 1607 1311 1648 ac
1342 1593 1655 1663 prasertim
1681 1591 2035 1646 suburbica—

385 1683 514 1752 riis,
558 1682 619 1737 in
653 1683 906 1738 archivis
945 1690 1001 1739 et
1037 1682 1357 1749 codicibus,
1396 1681 1605 1750 sapius
1642 1680 1872 1735 collatis
1900 1693 2030 1734 cum

383 1772 497 1828 isto
533 1774 861 1844 archetypo,
904 1773 1072 1828 talem
1112 1772 1394 1841 originem
1435 1771 1885 1825 demonstratum
1931 1768 2027 1836 iri,

381 1860 484 1916 ubi
515 1875 830 1917 consensus
866 1859 1264 1916 manifestetur
1299 1859 1763 1928 prastantiorum
1798 1856 2032 1912 Catalo-

2147 703 2313 760 modo
2337 706 2632 776 exhibere,
2660 709 2754 764 sed
2785 710 2958 764 etiam
3007 713 3344 768 nominibus
3375 717 3680 772 consulum
3711 731 3805 774 eos

2143 802 2323 846 annos
2371 794 2732 866 distinguere
2777 798 2835 853 in
2885 799 2962 853 iis
3005 801 3106 870 qui
3153 801 3463 858 Ecclesiam
3514 813 3805 878 rexerunt,

2143 887 2441 938 constante
2489 885 2791 940 consulum
2849 888 3212 960 magistratu.
3261 891 3623 960 Scriptorum
3676 909 3804 952 vero

2142 969 2406 1025 codicum
2450 977 2586 1027 atas
2627 974 2928 1045 colligitur
2961 982 3082 1032 tum
3122 991 3190 1032 ex
3234 979 3548 1048 specimine
3593 981 3806 1038 chara-

2143 1057 2341 1126 cteris,
2377 1064 2496 1115 tum
2528 1074 2595 1116 ex
2637 1063 2906 1132 periocha
2937 1063 2994 1118 in
3027 1080 3143 1121 uno
3183 1073 3426 1137 reperta,
3464 1075 3697 1125 extensa
3731 1071 3800 1127 ad
3828 1064 3833 1069 ’

2144 1145 2419 1202 saculum
2469 1149 2754 1204 decimum
2799 1153 3036 1208 tertium
3069 1169 3195 1210 ara
3238 1158 3584 1213 communis.
3617 1159 3804 1228 Quare

2143 1235 2619 1293 communicanda
2653 1238 2769 1293 hac
2794 1241 2994 1316 omnia
3025 1255 3148 1298 esse
3173 1245 3438 1315 censuit;
3463 1245 3640 1316 idque
3667 1260 3803 1316 per-

2143 1328 2484 1390 Opportune,
2534 1325 2690 1394 prelo
2735 1315 2988 1384 nondum
3029 1330 3284 1400 subjecta
3323 1347 3452 1388 cum
3499 1315 3802 1391 foretihac

2143 1407 2496 1467 dissertatio.
2551 1415 2951 1486 Transcriptas
2994 1419 3188 1489 itaque
3233 1419 3511 1478 lectiones
3558 1430 3680 1479 tum
3733 1439 3800 1481 ex

2147 1498 2594 1557 membranaceis
2622 1505 2922 1561 codicibus
2957 1521 3114 1578 mss.,
3150 1515 3270 1564 tum
3302 1523 3370 1565 ex
3403 1511 3703 1581 impressis
3729 1515 3798 1570 ad

2144 1599 2232 1641 me
2273 1589 2452 1657 misit,
2489 1605 2632 1662 quas
2666 1607 2768 1664 ego
2814 1593 3112 1652 conferens
3154 1611 3284 1652 cum
3327 1598 3596 1672 CataIOgo
3627 1601 3801 1658 Libe-

2142 1675 2308 1732 riano
2327 1677 2578 1750 aliisque
2599 1681 2840 1753 collegia
2863 1684 3166 1740 consulum
3199 1687 3635 1758 assignantibus
3657 1691 3800 1746 Vita

2143 1765 2501 1836 pontiﬁcum,
2535 1775 2591 1823 et
2619 1784 2748 1825 cum
2785 1773 3041 1828 numeris
3081 1773 3509 1848 chronologicis
3541 1777 3598 1832 in
3631 1777 3802 1836 basi-

2142 1852 2254 1909 lica
2292 1857 2346 1910 S.
2395 1857 2556 1912 Pauli
2598 1857 2826 1927 pictura
2869 1863 3176 1930 expressis,
3223 1864 3430 1926 mirum
3469 1865 3527 1920 in
3565 1867 3799 1923 modum

377 1961 578 2018 gorum
617 1949 698 2004 ibi
735 1955 1108 2018 repertorum,
1156 1960 1285 2001 cum
1326 1945 1741 2016 superstitibus
1784 1945 2031 2016 picturis
2062 1933 2110 1994 Β
2139 1941 3568 2022 afficior,consensumcolligensplaneconstantem
3589 1955 3799 2012 horum

377 2050 411 2092 a
457 2038 510 2092 S.
571 2039 751 2092 Leone
815 2038 1036 2093 curatis
1092 2037 1150 2091 in
1200 2035 1442 2093 basilica
1499 2037 1553 2091 S.
1606 2035 1794 2092 Pauli.
1855 2036 2028 2090 Porro

377 2127 546 2182 talem
603 2140 945 2182 consensum
997 2127 1151 2181 inter
1203 2126 1635 2182 vetustissimos
1691 2123 1872 2180 Italia
1923 2138 2029 2179 co—

370 2215 531 2272 dices
569 2223 621 2273 et
667 2217 922 2287 picturas
961 2216 1139 2284 hujus
1178 2215 1348 2270 seriei
1397 2215 1714 2285 Leoniana,
1758 2228 1858 2283 per
1895 2214 2030 2268 sin-

369 2305 539 2376 gulos
579 2305 878 2376 pontiﬁces
916 2304 1275 2374 exploratum
1319 2316 1628 2372 proponam
1668 2303 1856 2370 capite
1896 2300 2028 2357 sub-

368 2398 654 2466 sequenti.

442 2481 528 2539 ‘ll.
584 2485 801 2540 Addam
862 2483 1149 2554 poStremo
1217 2480 1341 2534 loco
1403 2493 1470 2534 ex
1521 2481 1739 2548 regulis
1793 2477 2018 2534 criterii

363 2574 760 2644 cbronologici
808 2571 1050 2641 prolatis
1088 2575 1144 2624 et
1185 2568 1442 2637 probatis
1481 2570 1668 2637 capite
1707 2567 2015 2637 superiori,

368 2661 794 2730 ebronologiam
821 2659 967 2712 hanc
998 2655 1375 2726 pontiﬁcium,
1403 2671 1471 2710 ex
1499 2657 1886 2712 monumentis
1917 2669 2020 2726 ge-

362 2750 570 2806 nuinis
602 2761 667 2803 ac
711 2746 964 2816 publicis
1003 2747 1268 2800 Romana
1306 2744 1574 2799 Ecclesia
1611 2745 1928 2814 collectam,
1962 2750 2018 2800 et

363 2839 426 2894 in
449 2836 760 2907 pracipuis
779 2835 1034 2904 ejusdem
1060 2833 1324 2888 basilicis
1350 2847 1446 2903 per
1465 2835 1690 2889 eosdem
1715 2833 2016 2904 pontiﬁces

361 2925 630 2995 positam,
663 2929 1051 2979 conservatam
1085 2927 1141 2978 et
1171 2923 1492 2992 repetitam,
1525 2927 1698 2992 atque
1729 2935 2014 2978 consensu

357 3013 824 3084 prastantiorum
865 3013 1129 3067 codicum
1174 3011 1589 3080 conﬁrmatam,
1623 3011 1863 3067 solidari
1899 3011 2018 3066 ite-

359 3113 487 3156 rum
522 3113 688 3172 posse
717 3101 1006 3156 constanti
1047 3099 1326 3171 suﬁ‘ragio
1355 3105 1410 3155 et
1440 3101 1853 3170 approbatione
1883 3114 2008 3156 om-

357 3191 520 3247 nium
557 3194 810 3258 atatum,
847 3202 880 3244 a
918 3189 1121 3244 Leonis
1165 3189 1376 3244 saculo
1419 3189 1486 3244 ad
1536 3194 1794 3244 nostrum
1841 3189 2013 3245 inter-

2136 2031 2609 2090 documentorum
2644 2051 2769 2106 qua
2803 2039 3211 2096 ministrantur
3239 2041 3310 2096 ab
3343 2041 3482 2098 urbe
3515 2045 3707 2111 Roma,
3741 2051 3801 2100 et

2136 2131 2169 2174 a
2200 2122 2537 2192 regionibus
2569 2124 3020 2200 suburbicariis,
3053 2136 3109 2185 et
3137 2129 3208 2185 ab
3238 2130 3376 2185 aliis
3407 2131 3666 2188 archivis
3694 2146 3799 2188 ec—

2135 2208 2441 2267 clesiarum
2467 2213 2647 2270 Italia
2674 2229 2772 2285 per
2791 2217 3000 2272 sacula
3023 2217 3199 2274 ferme
3219 2220 3451 2290 singula
3471 2235 3597 2276 ara
3616 2221 3800 2276 Chri-

2135 2297 2355 2354 stiana.
2384 2299 2774 2372 Consequitur
2803 2305 2959 2360 enim
2991 2306 3126 2361 Acta
3160 2313 3494 2379 martyrum,
3527 2309 3800 2380 collegiis

2131 2386 2434 2442 consulum
2455 2389 2790 2460 plerumque
2809 2393 3035 2462 signata
3050 2401 3346 2451 constante
3373 2397 3799 2466 persecutione,

2129 2473 2454 2544 Catalogus,
2487 2482 2652 2531 atate
2677 2478 2887 2534 Liberii
2921 2481 3220 2554 collectus,
3248 2485 3342 2540 cui
3376 2486 3617 2555 pictura
3642 2487 3805 2542 Vati-

2130 2573 2284 2616 cana
2341 2563 2502 2630 paria
2559 2565 2799 2633 faciunt,
2868 2567 3176 2639 imaginem
3246 2572 3461 2628 Liberii
3521 2581 3803 2631 ornantes

2127 2649 2375 2704 viventis
2421 2651 2662 2708 indicio.
2713 2654 2873 2710 Hunc
2916 2656 3134 2725 excipit
3181 2658 3508 2715 Leonianus
3555 2662 3686 2731 iste,
3734 2663 3801 2718 in

2127 2737 2370 2794 basilica
2415 2741 2470 2794 S.
2520 2741 2681 2796 Pauli
2735 2743 3000 2812 depictus
3047 2751 3104 2800 et
3149 2747 3500 2819 custoditus,
3551 2749 3678 2806 sive
3733 2751 3802 2808 in

2128 2828 2309 2882 Leone
2340 2829 2528 2898 sistat,
2559 2831 2679 2886 sive
2715 2832 3002 2904 pertingat
3030 2835 3100 2890 ad
3131 2835 3556 2908 Symmachum,
3586 2841 3801 2909 ponti—

2127 2915 2284 2971 ﬁcem
2309 2917 2502 2986 quinti
2535 2919 2731 2974 saculi
2765 2929 2820 2975 et
2845 2922 2991 2976 sexti
3020 2939 3032 2978 :
3067 2923 3161 2978 cui
3193 2931 3490 2994 pr0pterea
3523 2925 3639 2982 fere
3664 2942 3805 2998 syn-

2124 3005 2381 3061 chronus
2423 3012 2510 3061 est
2555 3007 2860 3080 Catalogus
2899 3011 3188 3067 secundus
3237 3012 3346 3068 sub
3389 3013 3575 3070 Felice
3619 3015 3688 3072 IV
3733 3023 3800 3073 et

2120 3094 2472 3163 Justiniano,
2502 3096 2646 3150 tanti
2683 3096 2916 3154 habitus
2956 3099 3026 3155 ab
3067 3101 3446 3164 Henschenio,
3494 3103 3803 3173 Papebro—

2123 3180 2275 3252 chio,
2334 3182 2650 3255 Holstenio,
2712 3185 3139 3259 Schelestratio,
3199 3188 3300 3259 qui
3357 3203 3427 3246 ex
3485 3197 3802 3262 prototypo

354 3285 672 3350 ceptarum,
707 3291 804 3348 per
833 3277 1172 3332 documenta
1201 3290 1361 3346 aque
1393 3277 1644 3346 publica,
1687 3278 1790 3332 hos
1821 3291 2012 3334 nume.
2038 3260 2088 3324 C
2123 3271 2465 3342 emendavit,
2501 3279 2556 3328 et
2589 3273 2660 3328 ab
2691 3275 2964 3332 omnibus
3000 3277 3270 3334 eruditis.
3314 3279 3639 3336 Succedunt
3667 3260 3807 3336 sa-

357 3383 456 3426 ros
475 3367 913 3438 chronologicos
932 3366 1012 3420 ita
1035 3365 1393 3434 praeferentia
1414 3367 1639 3420 cateris
1661 3365 2008 3436 rationibus,

353 3462 422 3515 ut
451 3455 674 3513 eosdem
707 3455 1016 3510 servandos
1044 3467 1110 3510 ac
1142 3455 1526 3525 pralegendos
1557 3456 1616 3510 in
1646 3455 1866 3512 divinis
1897 3454 2011 3512 olli-

353 3545 467 3604 ciis
495 3545 914 3616 prascripserit
943 3545 1097 3600 clero
1129 3543 1397 3600 universo
1429 3558 1612 3614 usque
1637 3545 1705 3600 ad
1733 3546 2006 3602 saculum

349 3634 568 3691 Christi
601 3633 888 3690 decimum
921 3633 1191 3704 quintum
1223 3634 1588 3703 completum.

420 3723 605 3778 Debeo
652 3721 986 3794 praesidium
1033 3720 1236 3776 invicti
1284 3722 1458 3790 hujus
1499 3725 1822 3794 argumenti
1853 3725 2006 3782 dili-

351 3813 578 3885 gentia,
619 3811 937 3868 eruditioni
979 3825 1044 3866 ac
1087 3811 1494 3868 benevolentia
1538 3814 1844 3870 admodum
1886 3831 1999 3872 rev.

346 3904 537 3959 Patris
565 3904 630 3957 D.
661 3902 898 3958 Joannis
922 3902 1297 3974 Marangonii,
1322 3903 1422 3974 qui
1445 3904 1629 3959 sacris
1657 3906 2003 3960 eameteriis

347 3997 664 4062 martyrum
704 3991 978 4047 curandis
1007 3996 1063 4046 et
1108 3990 1367 4047 historia
1410 3992 1812 4050 ecclesiastica
1856 3994 2000 4050 illu-

345 4083 594 4139 stranda
623 4095 812 4136 comes
847 4080 1082 4136 additus
1124 4081 1322 4150 pietati
1353 4095 1419 4136 ac
1453 4082 1675 4150 peritia
1721 4081 1831 4135 viri
1875 4084 2002 4137 cla—

345 4171 564 4226 rissimi
599 4170 772 4226 Marci
815 4169 1049 4225 Antonii
1082 4169 1325 4225 Boldetti
1367 4169 1624 4223 basilica
1661 4169 2000 4224 Transtibe-

340 4262 484 4317 rina
507 4259 794 4328 canonici,
818 4271 968 4314 anno
989 4259 1276 4328 superiori
1303 4254 1460 4324 4720,
1487 4271 1704 4311 mecum
1731 4255 1998 4313 incubuit

341 4363 442 4420 per
485 4350 680 4420 plures
735 4350 860 4404 dies
908 4347 1156 4402 ﬁdeliter
1203 4344 1583 4400 describendo
1635 4343 1894 4416 catalogo
1941 4351 1998 4400 et

341 4437 730 4506 chronol0gia
779 4433 1116 4502 pontiﬁcum
1161 4445 1228 4486 ex
1267 4445 1352 4497 eo,
1394 4432 1465 4486 de
1518 4446 1632 4501 quo
1675 4432 1992 4505 loquimur,

338 4523 640 4578 Leoniana
673 4520 861 4575 atatis
897 4523 1195 4588 prototypo
1223 4519 1282 4572 in
1314 4518 1554 4574 basilica
1585 4523 1640 4576 S.
1674 4521 1857 4576 Pauli.
1884 4523 1996 4578 La-

2121 3360 2272 3416 culis
2303 3362 2566 3432 septimo,
2600 3369 2820 3433 octavo,
2855 3379 3006 3421 nono
3044 3381 3112 3422 ac
3139 3367 3363 3423 decimo
3391 3367 3647 3440 Catalogi
3689 3383 3798 3426 ar-

2119 3447 2418 3504 chivorum
2445 3451 2625 3506 Italia
2647 3455 2988 3510 vetustiores
3009 3468 3076 3511 ac
3103 3456 3549 3526 prastantiores,
3576 3469 3802 3529 nempe

2117 3535 2531 3608 Bergomensis,
2573 3540 2844 3596 Cavensis
2881 3549 2938 3598 et
2978 3542 3290 3613 Farfensis,
3330 3545 3486 3601 circa
3529 3546 3806 3602 undeci--

2117 3637 2269 3680 mum
2326 3629 2718 3700 transcriptus
2758 3643 2826 3686 ex
2870 3631 3217 3702 antiquiori.
3262 3634 3432 3688 'Hunc
3471 3633 3804 3704 excipiunt

2098 3714 2372 3782 proxime
2393 3718 2621 3774 codices
2641 3719 3055 3776 membranacei
3073 3721 3406 3778 divinorum
3429 3719 3797 3790 oﬁiciorum,

2115 3805 2324 3872 reperti
2381 3805 2440 3860 in
2483 3807 2720 3864 archivo
2763 3808 3018 3864 ecclesia
3057 3809 3452 3864 Ocriculensis
3484 3829 3497 3864 :
3530 3816 3588 3866 et
3623 3823 3801 3880 repe-

2113 3893 2350 3949 titiones
2386 3897 2596 3952 veteris
2637 3897 2808 3952 seriei
2849 3903 2906 3952 et
2944 3897 3331 3968 chronologia
3378 3899 3712 3969 pontiﬁcia,
3756 3919 3798 3960 a

2110 3980 2346 4036 Nicolao
2373 3985 2544 4039 tertio
2573 3990 2783 4038 curata
2810 3983 3000 4038 tribus
3029 3985 3088 4038 in
3127 3983 3392 4038 basilicis
3423 3987 3801 4052 patriarcha-

2110 4067 2266 4122 libus
2311 4069 2464 4123 intra
2501 4077 2558 4124 et
2585 4075 2748 4124 extra
2788 4070 3012 4139 Urbem,
3056 4069 3267 4126 saculo
3305 4071 3529 4128 decimo
3576 4079 3792 4147 tertio,

2107 4155 2286 4210 donec
2337 4157 2395 4210 in
2452 4157 2564 4212 ﬁne
2613 4157 2826 4213 decimi
2885 4159 3079 4229 quinti
3134 4158 3332 4215 saculi
3388 4165 3796 4236 typograpbia

2109 4257 2305 4298 recens
2349 4244 2576 4300 inventa
2620 4245 2952 4302 divinarum
2999 4261 3230 4319 precum
3277 4248 3335 4304 in
3379 4249 3569 4323 libris,
3615 4254 3794 4314 clero

2105 4331 2175 4386 ad
2229 4332 2588 4389 recitandum
2644 4337 2979 4404 propositis,
3030 4338 3284 4394 eamdem
3339 4346 3554 4408 repetat
3607 4342 3794 4401 chro-

2107 4420 2417 4492 nologiam,
2467 4435 2500 4478 a
2549 4423 2835 4481 Leoniana
2891 4433 3077 4498 atate,
3128 4428 3244 4483 imo
3282 4433 3338 4483 et
3379 4442 3413 4484 a
3462 4429 3790 4492 Liberiana

2105 4509 2334 4578 publice
2357 4511 2677 4568 dedicatam
2710 4513 2769 4568 in
2796 4517 3060 4573 ecclesiis
3091 4521 3148 4573 et
3179 4517 3239 4572 in
3272 4519 3629 4588 patriarchio
3662 4522 3790 4581 Ro-

339 4610 508 4664 bente
532 4615 719 4662 autem
743 4619 894 4661 anno
926 4602 1080 4665 4721.
1117 4620 1244 4662 cum
1278 4607 1446 4664 verbo
1476 4610 1572 4664 Dei
1609 4611 1994 4670 ministrando
2026 4601 2080 4663 D
2108 4611 2296 4654 mano-

334 4699 644 4768 deputatus
661 4694 868 4752 fuisset
887 4709 984 4766 per
999 4709 1222 4751 sacrum
1231 4697 1306 4766 jej
1321 4698 1517 4754 nnium
1537 4699 1992 4771 Quadragesima

335 4787 395 4843 in
427 4785 729 4855 collegiata
755 4784 1017 4855 ecclesia,
1053 4785 1190 4840 olim
1223 4786 1560 4856 cathedrali,
1595 4790 1793 4860 oppidi
1821 4791 1994 4847 Ocri-

338 4877 555 4940 culani,
608 4876 704 4930 vix
759 4889 824 4930 eo
878 4881 1208 4945 pervenerat
1260 4883 1316 4931 et
1371 4878 1674 4946 apostolici
1736 4883 1992 4938 muneris

334 4965 584 5022 oﬁicium
624 4978 886 5021 exercere
925 4969 1188 5033 coeperat,
1233 4978 1362 5020 cum
1404 4965 1464 5021 in
1504 4968 1802 5025 archivum
1844 4970 1990 5026 sub-

335 5055 554 5110 secivas
585 5054 756 5110 horas
785 5053 1013 5110 utiliter
1046 5053 1413 5124 impensurus
1443 5057 1774 5126 deducitur,
1801 5064 1859 5114 et
1887 5074 1992 5116 co-

335 5145 487 5215 piam
528 5151 780 5199 veterum
820 5143 1083 5199 codicum
1126 5143 1186 5199 in
1225 5143 1573 5200 membranis
1614 5147 1984 5218 scriptorum,

336 5245 554 5288 necnon
587 5232 738 5287 haud
771 5233 1039 5304 exiguam
1074 5232 1480 5303 impressorum
1514 5239 1646 5290 ante
1677 5236 1843 5292 ﬁnem
1875 5251 1990 5292 sa-

335 5320 454 5374 culi
486 5334 559 5374 xv
605 5323 834 5390 reperit,
876 5321 946 5376 ad
979 5320 1161 5376 oﬁlcia
1192 5323 1392 5378 divina
1423 5323 1758 5380 celebranda
1794 5326 1850 5380 in
1883 5339 1991 5382 ve-

334 5406 444 5460 teri
472 5408 788 5462 cathedrali
819 5409 1134 5474 collectam,
1167 5411 1443 5467 Observat
1473 5413 1532 5466 in
1565 5415 1801 5484 scriptis
1829 5429 1894 5470 ac
1927 5415 1988 5470 in

338 5494 659 5562 impressis,
689 5497 1003 5563 prasertim
1033 5497 1284 5554 Venetiis
1315 5516 1459 5554 anno
1492 5499 1648 5570 4594,
1677 5504 1830 5572 apud
1856 5503 1988 5556 An-

338 5583 527 5635 dream
556 5581 620 5633 de
649 5583 962 5637 Torresanis
989 5586 1054 5639 de
1086 5588 1263 5640 Asula
1288 5591 1376 5642 die
1407 5603 1483 5642 xx
1513 5593 1686 5654 Junii,
1714 5592 1988 5647 lectiones

340 5667 665 5740 prOpositas
685 5670 752 5722 ad
787 5673 1140 5728 recitandum
1172 5676 1229 5729 in
1259 5675 1423 5731 festis
1452 5693 1802 5736 summorum
1839 5694 1990 5750 pon-

337 5759 561 5816 tinuum
613 5757 830 5812 sanctis
881 5761 1285 5831 ascriptorum,
1337 5765 1772 5836 chronologicas
1822 5774 1984 5825 notas

2175 4687 2300 4742 Nisi
2350 4689 2467 4744 hac
2503 4693 2684 4748 series
2733 4704 2844 4748 non
2890 4693 3215 4766 interrupta
3260 4695 3669 4766 probationum
3707 4708 3785 4758 et

2102 4775 2574 4836 documentorum
2611 4782 2867 4839 habenda
2911 4785 2992 4840 sit
3021 4787 3439 4842 demonstratio
3466 4786 3785 4847 historica:

2103 4869 2157 4918 et
2196 4866 2614 4939 chronologica
2654 4872 2936 4939 veritatis,
2973 4875 3139 4943 juxta
3179 4874 3433 4946 regulam
3484 4878 3782 4946 superius

2101 4955 2474 5011 constitutam
2514 4959 2703 5028 capite
2741 4963 3011 5033 secundo,
3055 4976 3292 5018 numero
3322 4969 3542 5033 octavo,
3575 4964 3782 5024 fateor

2103 5054 2190 5098 me
2215 5057 2450 5112 prorsus
2475 5047 2739 5119 ignorare
2760 5051 2899 5120 quid
2927 5051 3240 5122 aliquando
3262 5059 3479 5107 certum
3505 5053 3782 5114 humana

2101 5130 2212 5188 ﬁde
2239 5135 2299 5188 in
2332 5133 2613 5194 historico
2641 5141 2698 5193 et
2728 5139 3137 5211 chronologico
3169 5153 3374 5212 genere
3401 5139 3520 5196 dici
3550 5144 3775 5212 possit.

2704 5261 2978 5334 CAPUT
3039 5266 3098 5339 ν
3114 5313 3132 5332 .

2096 5365 2471 5454 Profertur
2521 5369 2734 5431 series
2778 5375 2844 5433 et
2875 5371 3307 5454 σΙιγοηοΖοθία
3343 5372 3784 5454 malli/imm;

2174 5447 2649 5532 Romagtoa'zpm,
2694 5468 2835 5530 qua
2874 5447 3209 5532 superest;
3245 5447 3482 5532 ,ηὸτιΖο
3513 5447 3780 5532 Quinto

2175 5542 2317 5612 (gave
2345 5528 2788 5612 __0/wjz'stz'aim
2827 5528 3016 5612 piem
3061 5533 3142 5594 in
3185 5528 3475 5594 ‘bdsilica
3513 5528 3785 5600 ἷςαηεεί

2175 5606 2720 5693 Paula-(2.729591%
2733 5606 3086 5674 cmicowlz'a
3108 5614 3617 5674 demonstratur
3624 5631 3783 5693 per

2175 5686 2452 5772 epoc/ms
2473 5686 2910 5772 εἰηῂιρίογειφφι
2941 5693 3306 5754 distinctas
3323 5695 3388 5753 et
3407 5686 3785 5772 compa'nz—

2174 5767 2286 5828 tas
2329 5783 2478 5832 cum
2518 5767 3023 5848 pfobatz’oribus
3059 5772 3416 5852 Catalogis
3450 5767 3780 5840 minium
