3924 6412
135 374 304 439 1245
1001 375 1372 440 HISTORIA
1411 375 1513 439 DE
1560 376 1684 439 VIT

2042 375 2276 438 PONT.
2310 409 2390 422 —
2415 376 2567 439 LEO
2610 375 2712 439 IIl.
3409 379 3561 442 1216

354 507 511 568 412
542 508 665 566 Imo
689 512 747 565 et
774 504 835 565 in
866 507 1148 566 eccclesia
1176 508 1364 565 sancti
1397 508 1644 581 Cyriaci,
1676 509 1865 581 posita
1894 509 1985 563 via
2015 509 2288 577 Ostiensi,
2325 510 2459 565 fecit
2484 510 2612 566 vela
2639 527 2670 566 e
2700 509 3069 583 quadrapulo
3110 527 3354 568 numero
3395 514 3566 586 quin-

287 622 404 678 que
434 604 712 663 habentia
739 605 1047 661 historiam
1077 604 1393 661 Salvatoris
1423 606 1683 661 vocantis
1713 605 2032 678 discipulos
2059 606 2128 661 de
2160 607 2311 661 navi.
2347 608 2416 662 Et
2447 623 2624 679 super
2654 613 2925 664 sanctum
2956 606 3140 664 altare
3185 608 3370 681 ipsius
3416 628 3567 667 mar-

286 702 434 776 tyris
463 702 661 778 posuit
687 706 910 759 vestem
942 703 1013 758 de
1045 702 1305 759 fundato.
1341 702 1469 775 Ipse
1500 708 1695 758 autem
1746 721 1780 759 a
1826 704 1942 759 Deo
1993 708 2286 775 protectus
2334 708 2392 759 et
2439 704 2752 777 praeclarus
2781 705 3039 777 pontifex
3070 705 3205 761 fecit
3233 706 3293 762 in
3325 706 3571 763 basilica

286 804 504 856 sancte
533 798 634 855 Dei
666 798 978 855 Gcnitricis
1008 816 1355 872 semperque
1384 799 1640 871 Virginis
1690 800 1883 856 Maria":
1933 800 2180 855 domina:
2233 805 2442 856 nostras
2475 802 2545 856 ad
2580 802 2838 874 Praesepe
2870 818 3114 859 coronas
3154 808 3482 876 argenteas,
3516 809 3572 861 et

207 894 249 950 5
287 894 599 969 delphinos
630 911 772 953 suos
798 894 1130 961 duodecim,
1163 912 1292 968 qua;
1326 913 1569 968 pensan.
1603 895 1785 952 libras
1833 901 2065 951 centum
2117 898 2263 952 duas
2295 902 2350 952 et
2384 898 2586 953 uncias
2634 915 2858 954 novem.
2896 898 3005 954 Sed
3036 903 3093 954 et
3123 898 3308 971 phara
3337 902 3575 959 cantha-

285 1008 354 1047 ra
380 996 658 1066 argentea
687 1007 823 1046 cum
853 990 1146 1063 delphinis
1177 992 1302 1049 suis
1334 992 1411 1049 ibi
1446 994 1581 1049 fecit
1612 1010 1857 1049 numero
1891 999 2136 1064 septem,
2173 1011 2415 1067 pensan.
2460 994 2637 1049 libras
2682 996 3021 1068 octuaginta
3067 996 3326 1069 quinque
3382 1003 3440 1054 et
3487 1016 3574 1056 se-

284 1088 422 1146 mis.
458 1088 651 1146 Isdem
681 1104 816 1144 vero
843 1088 1224 1146 beatissimus
1272 1091 1484 1164 praesul
1532 1091 1666 1146 fecit
1707 1090 1769 1150 in
1818 1090 2062 1147 basilica
2107 1091 2259 1147 beati
2310 1092 2459 1147 Petri
2509 1092 2755 1164 apostoli
2786 1093 3089 1149 nutritoris
3116 1094 3207 1149 sui
3239 1099 3373 1151 ante
3412 1112 3575 1167 prcs-

286 1186 578 1261 hyterium
610 1185 861 1260 pharum
901 1185 1215 1243 volubilem
1268 1205 1335 1245 ex
1387 1193 1626 1261 argento
1672 1189 2012 1262 purissimo,
2064 1205 2199 1244 cum
2249 1189 2479 1245 coronis
2530 1194 2587 1244 et
2633 1189 2930 1258 crucibus,
2980 1208 3145 1264 pens.
3199 1190 3343 1247 inibi
3390 1192 3573 1250 libras

284 1285 534 1359 triginta
563 1283 823 1358 quinque
853 1287 911 1339 et
942 1283 1146 1341 uncias
1177 1302 1296 1342 sex.
1329 1286 1727 1343 Verumetiam
1778 1287 1835 1342 id
1888 1287 2084 1359 ipsum
2117 1288 2411 1342 deorsum.
2453 1287 2553 1343 ubi
2602 1288 3069 1345 sacratissimum
3124 1306 3335 1362 corpus
3383 1289 3573 1362 ipsius

175 1383 251 1440 40
288 1381 575 1457 principis
622 1379 1023 1454 apostolorum
1071 1383 1404 1452 requiescit,
1439 1385 1734 1440 renovavit
1773 1384 2091 1457 imaginem
2142 1401 2401 1451 auream,
2453 1384 2764 1440 habentem
2811 1385 3040 1441 vultum
3095 1385 3409 1444 Salvatoris
3459 1388 3572 1445 Do-

288 1479 436 1537 mini
466 1477 650 1536 nostri
681 1477 822 1534 Jesu
853 1477 1088 1547 Christi,
1121 1497 1188 1536 ac
1220 1486 1432 1537 sanctae
1470 1482 1564 1537 Dei
1598 1480 1910 1537 Gcnitricis
1952 1480 2144 1537 Mariae
2176 1482 2426 1537 dominae
2472 1487 2703 1549 nostrae,
2736 1488 2793 1537 et
2821 1483 3125 1539 beatorum
3173 1486 3571 1557 apostolorum

292 1577 444 1634 Petri
474 1581 533 1633 et
563 1574 747 1645 Pauli,
782 1579 956 1648 atque
986 1577 1248 1645 Andrete,
1283 1595 1508 1635 necnon
1540 1583 1596 1635 et
1626 1580 1805 1635 beata:
1841 1578 2159 1635 Petronillae
2192 1579 2485 1652 martyris,
2519 1579 2618 1634 ubi
2652 1585 2709 1635 et
2739 1579 2965 1635 addidit
2988 1580 3116 1635 auri
3147 1581 3325 1637 obrizi
3356 1581 3565 1640 libr.2l

291 1680 349 1732 et
378 1675 605 1733 uncias.

362 1775 517 1835 428
548 1778 672 1835 imo
696 1796 832 1835 vero
865 1779 965 1835 ubi
998 1794 1179 1851 supra
1206 1780 1340 1832 ante
1372 1779 1642 1831 sanctum
1671 1775 1964 1831 Andream
1997 1774 2290 1830 investivit
2317 1774 2499 1831 altare
2529 1774 2683 1831 beati
2713 1774 2946 1831 Martini
2978 1777 3329 1834 confessoris
3354 1778 3572 1835 Christi

287 1887 359 1927 ex
387 1879 629 1947 argento
653 1876 974 1950 purissimo
1004 1877 1308 1943 deaurato,
1338 1889 1407 1929 ex
1447 1872 1797 1929 transmisso
1828 1876 1908 1942 (a)
1940 1873 2237 1945 quondam
2270 1872 2562 1945 Fridigisii
2590 1873 2842 1939 abbatis,
2878 1874 3031 1946 quod
3055 1891 3299 1947 pensan.
3331 1874 3573 1949 indique

290 1968 472 2029 libras
506 1974 572 2028 17
600 1978 659 2031 et
686 1974 885 2031 semis.
922 1974 1079 2031 Fecit
1106 1976 1302 2029 autem
1333 1976 1389 2027 et
1422 1972 1481 2027 in
1512 1970 1755 2025 basilica
1786 1971 1937 2026 beati
1989 1970 2150 2026 Pauli
2203 1970 2452 2043 apostoli
2500 1970 2755 2027 doctoris
2805 1971 3011 2027 mundi
3054 1972 3316 2046 gentium
3357 1974 3569 2047 phara-

291 2068 578 2126 canthara
606 2087 677 2127 ex
706 2076 947 2145 argento
973 2070 1315 2146 purissimo,
1347 2086 1481 2125 cum
1512 2068 1808 2141 delphinis
1840 2067 1963 2124 suis
1994 2085 2237 2124 numero
2270 2069 2548 2141 quinque,
2572 2086 2735 2141 pens.
2769 2068 2951 2126 libras
2991 2071 3295 2144 sexaginta
3343 2078 3571 2145 septem

290 2168 349 2221 et
377 2167 584 2224 uncias
608 2174 883 2241 quatuor.

364 2264 521 2321 424
550 2264 654 2321 Hic
684 2283 720 2323 a
755 2266 873 2323 Deo
922 2265 1247 2339 inspiratus
1291 2262 1637 2320 venerabilis
1677 2267 1734 2319 et
1782 2262 2094 2336 praeclarus
2145 2264 2428 2336 pontifex,
2478 2264 2845 2336 conspiciens
2902 2264 3209 2322 ecclesiam
3268 2272 3574 2325 beatorum

290 2365 620 2436 martyrum
650 2364 818 2420 Nerei
848 2369 905 2419 et
932 2363 1189 2420 Achillei
1220 2380 1335 2436 prae
1366 2362 1551 2418 nimia
1570 2363 1697 2434 jam
1728 2366 2021 2417 vetustata
2064 2362 2331 2432 deﬁcere,
2383 2367 2559 2435 atque
2602 2379 2891 2435 aquarum
2936 2364 3291 2420 inundantia
3338 2366 3572 2439 repleri,

282 2458 457 2531 juxta
484 2461 751 2518 eamdem
783 2462 1088 2519 ecclesiam
1120 2462 1340 2517 noviter
1370 2478 1404 2516 a
1443 2460 1842 2515 fundamentis
1890 2461 1949 2515 in
1983 2460 2107 2516 loco
2158 2461 2458 2533 superiore
2507 2460 2813 2516 eccleslam
2863 2462 3188 2517 construxit
3236 2462 3395 2518 mirae
3448 2481 3575 2521 ma-

284 2555 619 2630 gnitudinis
647 2563 706 2615 et
734 2558 1194 2632 pulchritudinis
1224 2559 1589 2625 decoratum;
1624 2558 1683 2613 in
1713 2575 1831 2630 qua
1858 2558 2037 2613 etiam
2088 2559 2207 2613 haec
2259 2559 2473 2614 obtulit
2502 2560 2656 2614 dona
2688 2575 2702 2613 :
2728 2559 3014 2614 canistros
3064 2576 3133 2615 ex
3171 2565 3412 2633 argento
3452 2577 3567 2618 nu-

214 2654 254 2710 5
290 2670 453 2711 mero
484 2672 603 2713 sex.
637 2673 881 2729 pensan.
934 2656 1112 2713 simul
1160 2656 1342 2713 libras
1391 2656 1762 2729 quindecim;
1814 2655 2103 2712 ciborium
2147 2673 2215 2712 ex
2260 2661 2499 2730 argento
2549 2656 2889 2730 purissimo,
2936 2673 3179 2729 pensan.
3230 2656 3413 2714 libras
3466 2658 3577 2714 du-

292 2755 499 2808 centas
554 2756 611 2809 et
666 2751 1040 2827 quindecim;
1100 2753 1339 2810 calicem
1400 2757 1460 2809 et
1516 2758 1789 2826 patenam
1864 2769 1933 2809 ex
1999 2758 2239 2826 argento
2297 2753 2617 2827 purissimo
2683 2754 3018 2823 deauratos,
3088 2771 3332 2827 pensan.
3398 2755 3580 2813 libras

287 2848 604 2907 duodecim
633 2854 692 2907 et
722 2851 930 2908 uncias
977 2852 1210 2920 decem;
1256 2868 1504 2924 regnum
1553 2869 1731 2923 super
1776 2850 1958 2907 altare
2007 2868 2077 2906 ex
2128 2868 2271 2907 auro
2319 2851 2659 2924 purissimo,
2692 2851 2938 2907 diversis
2984 2856 3261 2907 ornatum
3305 2850 3577 2923 pretiosis

288 2943 609 3018 lapidibus,
644 2962 809 3019 pens.
842 2946 1023 3003 libras
1053 2948 1204 3004 duas
1235 2952 1293 3003 et
1323 2947 1527 3003 uncias
1558 2964 1687 3015 sex;
1719 2952 1910 3003 vestes
1959 2947 2130 3012 duas,
2156 2964 2226 3002 ex
2276 2947 2494 3019 quibus
2544 2964 2724 3002 unam
2774 2946 2968 3002 albam
3017 2946 3423 3015 holosericam,
3468 2945 3573 3003 ha-

290 3041 528 3099 bentem
558 3042 835 3100 historias
866 3044 1182 3101 Dominicaa
1215 3044 1534 3101 nativitatis
1565 3062 1669 3100 seu
1702 3044 2188 3111 Resurrectionis,
2211 3043 2584 3100 Ascensionis
2617 3048 2793 3115 atquc
2825 3045 3483 3110 Pentecostes,ornatam
3512 3037 3575 3098 in

182 3140 253 3195 10
289 3139 541 3197 circuitu
571 3142 644 3197 de
674 3142 1070 3215 chrysoclavo,
1123 3147 1182 3199 et
1229 3142 1404 3198 aliam
1454 3143 1526 3198 de
1582 3142 1749 3215 tyrio.
1784 3143 1945 3197 Idem
1987 3158 2122 3197 vero
2175 3141 2308 3196 fecit
2358 3141 2416 3196 in
2468 3140 2713 3195 basilica
2761 3141 2941 3196 beatae
2992 3140 3093 3196 Dei
3141 3140 3453 3197 Gcnitricis
3492 3139 3564 3195 ad

297 3239 557 3313 Praesepe
600 3257 846 3314 regnum
896 3258 966 3299 ex
1013 3259 1155 3298 auro
1203 3241 1523 3315 purissimo
1584 3240 1988 3313 Spanoclysto,
2042 3239 2287 3295 diversis
2335 3238 2396 3293 in
2445 3238 2695 3294 circuitu
2753 3239 2825 3294 de
2872 3238 3245 3311 chrysoclavo
3303 3236 3576 3311 pretiosis

294 3340 570 3394 ornatum
618 3337 934 3411 lapidibus,
968 3357 1103 3413 pen.
1150 3339 1332 3396 libras
1381 3345 1634 3412 quatuor
1680 3344 1739 3395 et
1785 3338 1992 3394 uncias
2045 3342 2289 3410 septem.
2341 3336 2493 3392 Fecit
2536 3353 2669 3392 vero
2718 3335 3175 3393 communicales
3222 3353 3290 3391 ex
3337 3341 3578 3409 argento

296 3434 618 3508 purissimo
647 3453 749 3509 per
778 3435 1042 3510 singulas
1071 3437 1357 3509 regiones,
1393 3437 1493 3510 qui
1542 3437 1933 3510 praecederent
1982 3453 2085 3508 per
2133 3435 2417 3491 stationes
2466 3450 2570 3507 per
2615 3451 2829 3489 manus
2883 3433 3283 3507 acolythorum
3330 3447 3577 3491 numero

292 3530 503 3606 viginti
536 3537 807 3606 quatuor,
843 3551 1086 3607 pensan.
1120 3534 1298 3591 simul
1328 3534 1578 3591 libras...
1613 3534 1741 3590 Pari
1771 3534 1943 3590 modo
1970 3538 2027 3589 et
2056 3532 2115 3588 in
2146 3532 2393 3588 basilica
2420 3530 2573 3587 beati
2603 3532 2753 3587 Petri
2785 3531 3032 3604 apostoli
3082 3531 3329 3587 fautoris
3360 3530 3452 3587 sui
3482 3547 3573 3586 re-

182 3629 254 3686 15
290 3645 477 3703 gnum
522 3647 591 3686 ex
636 3648 778 3688 auro
824 3632 1166 3705 purissimo,
1196 3632 1442 3689 diversis
1490 3632 1757 3705 pretiosis
1788 3637 2061 3687 ornatum
2110 3630 2429 3703 lapidibus,
2482 3646 2645 3701 pens.
2697 3629 2879 3686 libras
2927 3633 3173 3702 septem.
3207 3628 3366 3685 Fecit
3392 3627 3568 3686 etiam

289 3727 352 3783 in
380 3725 654 3785 diaconia
679 3734 1022 3785 sanctorum
1050 3729 1218 3785 Nerei
1247 3735 1305 3785 et
1333 3729 1586 3785 Achillzei
1619 3728 1744 3785 vela
1771 3728 2105 3801 promiscua
2134 3727 2458 3783 holoserica
2490 3741 2754 3782 numero.
2792 3768 2805 3781 .
2843 3768 2856 3782 .
2893 3770 2906 3783 .
2945 3767 2959 3782 .

365 3825 521 3883 428
573 3826 742 3883 Sarta
792 3831 947 3883 tecta
993 3828 1147 3884 beati
1202 3828 1433 3901 Agapiti
1493 3828 1787 3901 martyris,
1829 3827 1944 3883 sita
1983 3828 2156 3897 juxta
2199 3825 2505 3882 basilicam
2553 3826 2706 3881 beati
2758 3824 3055 3881 Laurentii
3102 3824 3379 3898 martyris
3430 3839 3580 3881 toris

294 3938 559 3993 murum,
591 3923 731 3997 quia
760 3926 888 3998 jam
936 3942 1052 3999 prae
1102 3924 1288 3981 nimia
1333 3930 1621 3981 vetustate
1669 3930 2099 3993 emarcuerant,
2150 3924 2376 3979 noviter
2426 3924 2793 3979 restauravit.
2843 3928 2968 3978 Imo
3015 3940 3150 3980 vero
3196 3927 3252 3979 et
3298 3924 3361 3978 in
3410 3921 3583 3979 titulo

291 4020 475 4077 beata
504 4021 882 4079 Pudentianm
932 4022 1067 4079 fecit
1115 4026 1336 4080 vestem
1385 4023 1581 4079 albam
1632 4022 2039 4089 holosericam,
2070 4026 2339 4078 ornatam
2375 4021 2432 4077 in
2466 4021 2713 4077 circuitu
2747 4021 2817 4077 de
2848 4019 3016 4094 tyrio.
3045 4021 3155 4087 Qui
3202 4020 3586 4079 beatissimus

291 4118 554 4192 pontifex
599 4124 914 4193 postquam
965 4120 1166 4177 sedem
1216 4121 1540 4178 Romanam
1571 4126 1629 4177 et
1659 4120 2041 4193 apostolicam
2090 4136 2277 4176 annos
2322 4119 2551 4193 viginti,
2604 4136 2836 4174 menses
2884 4117 3167 4191 quinque,
3229 4122 3287 4174 et
3340 4118 3466 4175 dies
3516 4118 3585 4173 16

219 4217 255 4273 5
292 4214 719 4290 gloriosissime
749 4217 915 4286 rexit,
947 4234 1017 4274 ex
1043 4216 1154 4275 hac
1183 4216 1312 4274 luce
1343 4218 1683 4275 subtractus
1714 4219 1786 4274 ad
1817 4222 2092 4274 aeternam
2125 4217 2395 4290 migravit
2425 4216 2706 4289 requiem.
2743 4215 2899 4272 Fecit
2935 4219 3133 4271 autem
3183 4214 3583 4270 ordinationes

293 4317 416 4370 tres
443 4330 548 4387 per
571 4329 834 4371 mensem
868 4314 1167 4385 Martium,
1196 4316 1566 4389 presbyteros
1597 4316 1859 4389 triginta,
1893 4316 2170 4372 diaconos
2218 4316 2512 4383 undecim,
2547 4314 2852 4388 episcopos
2901 4332 3003 4386 per
3048 4312 3279 4369 diversa
3317 4311 3443 4368 loca
3472 4329 3581 4367 nu-

294 4427 461 4468 mero
490 4415 729 4467 centum
760 4428 859 4468 sex
885 4416 943 4468 et
968 4412 1177 4486 viginti
1207 4414 1305 4484 (b).
1340 4414 1619 4486 Sepultus
1648 4432 1781 4470 vero
1811 4417 1902 4470 est
1930 4413 1991 4469 in
2022 4412 2268 4469 basilica
2297 4413 2448 4468 Petri
2482 4412 2729 4486 apostoli
2780 4411 2968 4485 pridie
3016 4412 3151 4467 Idus
3200 4411 3338 4466 Jun.
3373 4410 3579 4466 indict.

294 4525 475 4575 nona,
508 4512 565 4565 et
590 4509 840 4567 cessavit
867 4509 1241 4584 episcopatus
1271 4510 1397 4566 dies
1426 4513 1515 4567 10.

1338 4635 1592 4682 NOTULE
1634 4638 1717 4682 ΗΔ
1728 4636 2019 4683 RGINALES
2060 4635 2377 4681 FABROTTI.

217 4720 299 4794 (a)
326 4722 395 4790 Β,
425 4736 497 4777 ex
524 4723 682 4778 terra
709 4674 1032 4795 quondam.
1108 4722 1186 4797 (ὁ)
1213 4724 1280 4793 Β,

1512 4814 1755 4871 VARI/Ii
1794 4813 2215 4872 LECTIONES.

444 4896 601 4970 Apud
623 4898 941 4956 Fabrouum
967 4916 1038 4956 ea:
1064 4899 1245 4957 codice
1272 4900 1513 4957 Freheri.

214 5039 371 5095 Num
397 5036 525 5113 358,
556 5039 646 5113 ιξη
675 5039 727 5113 1,
759 5039 1193 5113 Atsuppio,_l_in
1224 5041 1310 5107 12,
1343 5040 1465 5098 dies
1486 5044 1577 5098 20.

213 5113 368 5185 Nu_m
394 5109 522 5185 359,
559 5109 649 5185 lin
677 5110 730 5185 1,
752 5109 1052 5185 quidquid
1081 5110 1167 5185 illi
1199 5113 1476 5185 erogavit.
1509 5116 1595 5170 lin
1622 5115 1676 5181 9,
1702 5114 1808 5170 be-

146 5178 586 5259 neyplusjggst.
598 5178 799 5259 (iam,
813 5178 1054 5259 rogatus
1072 5199 1106 5259 a
1120 5182 1274 5259 clero
1291 5178 1399 5240 s'uo
1420 5178 1800 5259 presbyteria.

214 5253 371 5307 Num
398 5251 524 5325 366,
563 5250 654 5325 (in
679 5256 735 5317 2,
768 5250 1329 5325 quadriporticibus.

214 5325 371 5397 lium
398 5322 526 5397 361,
563 5321 651 5397 (in
680 5326 735 5389 8,
767 5321 1063 5397 cameram
1093 5330 1149 5381 et
1180 5325 1637 5397 quadripertica.

216 5392 367 5449 Num
393 5393 522 5460 362,
566 5392 656 5449 lin
697 5398 752 5461 2,
800 5396 1138 5469 Eontuana,‘
1182 5392 1309 5469 qua
1356 5392 1461 5469 per
1507 5398 1814 5456 olimitana

146 5468 529 5536 marcuerant
556 5469 846 5536 tempora.
879 5468 967 5522 lin
995 5470 1049 5535 8,
1084 5466 1377 5523 blaccbini
1402 5467 1484 5523 lib
1514 5470 1813 5536 9,tria.lin

152 5482 529 5520 marcuerant
556 5482 677 5521 tem
722 5483 846 5522 ora.
879 5482 967 5522 un
995 5482 1049 5535 δ,
1084 5482 1377 5523 biaccnin.
1402 5482 1473 5523 ut

152 5540 239 5603 12,
260 5533 637 5611 iValithi‘non.
676 5482 884 5611 lines,
917 5554 1053 5594 cum
1084 5539 1473 5611 gammadias.

217 5610 369 5665 Num
398 5607 528 5675 363,
556 5606 642 5663 lin
669 5608 725 5676 6,
749 5606 1116 5683 ﬁgurantem.
1128 5626 1305 5667 m.m.
1322 5609 1383 5666 in
1416 5611 1595 5667 natali
1620 5617 1806 5686 apost.

217 5677 586 5734 uendentem.

147 5692 564 5736 -enenaentem
573 5719 586 5732 .

268 5750 368 5824 μνη
396 5749 524 5824 364,
578 5747 669 5805 lin
717 5749 774 5824 _9,
822 5749 973 5824 Petri
1023 5750 1272 5824 apostoli
1322 5750 1452 5808 vela
1499 5753 1631 5824 alba
1679 5754 1813 5811 Pas-

152 5816 464 5947 :{Iaagerzzﬁet
492 5820 555 5877 in
585 5820 776 5877 natale
809 5816 1079 5894 ejusdem
1120 5821 1223 5879 Dei
1270 5823 1520 5895 apostoli
1568 5825 1696 5882 vela
1740 5828 1814 5884 de

1839 4905 1894 4971 Α
1992 4903 2138 4957 Num
2165 4902 2289 4968 365,
2325 4900 2407 4973 (in
2434 4903 2489 4967 2,
2524 4915 2629 4973 per
2657 4900 2896 4973 olitana.

1994 4974 2137 5047 Nam
2164 4974 2291 5047 366,
2324 4972 2405 5047 _l_in
2436 4973 2489 5047 4,
2521 4967 2694 5047 cafoti
2718 4974 2769 5027 1.
2791 4972 2875 5047 _l_in
2892 4973 2948 5039 7,
2972 4974 3248 5044 argentea
3266 4967 3494 5025 savisca
3514 4968 3579 5024 B.

1989 5043 2133 5100 Nunt
2159 5046 2287 5112 367,
2315 5044 2397 5097 lin
2430 5044 2482 5108 4,
2517 5060 2652 5098 cum
2683 5043 2944 5098 besibus.

1988 5122 2140 5173 Num
2170 5110 2295 5169 373⁷.
2330 5114 2412 5169 lin
2443 5116 2495 5180 4,
2528 5115 2713 5170 Jesse.
2746 5115 2827 5169 lin
2854 5116 2909 5184 5,
2943 5110 3265 5170 Germario.

1989 5192 2137 5244 Num
2166 5187 2291 5252 374,
2325 5187 2404 5239 (in
2436 5187 2495 5251 7,
2526 5186 2897 5241 delimarent.

1988 5264 2141 5316 Num
2170 5258 2295 5323 376,
2330 5256 2412 5329 lin
2441 5259 2497 5321 7,
2532 5255 2846 5329 imperium
2879 5256 3297 5311 Romanorum.

1993 5335 2146 5388 Num
2176 5330 2301 5395 378,
2335 5328 2419 5382 lin
2449 5331 2503 5393 2,
2527 5328 2857 5395 procedere.

1989 5404 2134 5455 Num
2161 5401 2286 5464 380,
2319 5400 2402 5453 lin
2432 5400 2485 5465 4,
2519 5400 2855 5453 Brutonem.

1991 5477 2139 5528 Num
2166 5473 2294 5535 381,
2328 5470 2409 5525 lin
2438 5472 2492 5535 5,
2519 5470 2798 5542 Gypsino.

1990 5547 2141 5597 Num
2169 5544 2298 5603 382,
2334 5542 2416 5612 lin
2444 5543 2500 5605 7,
2535 5540 2850 5612 exquibus
2880 5540 3162 5612 quinque.

1990 5614 2133 5693 {ilum
2437 5614 2516 5693 10
2546 5617 2605 5668 et
2636 5611 2723 5677 fl,
2759 5611 2949 5693 regias
2980 5611 3255 5693 majores.

1990 5686 2133 5739 Num
2162 5686 2286 5747 385,
2321 5684 2405 5738 lin
2432 5684 2486 5747 6,
2521 5700 2657 5738 cum
2690 5680 3034 5754 porticibus.
3069 5680 3152 5738 (in
3195 5685 3249 5749 8,
3321 5680 3382 5737 in
3412 5680 3577 5754 Cyro.

1991 5756 2133 5812 Num
2161 5756 2286 5816 390,
2319 5755 2403 5827 lin
2431 5756 2487 5821 8,
2509 5771 2588 5827 ex
2606 5759 2860 5827 argento
2890 5754 3233 5827 purissimo.

1990 5832 2140 5884 Num
2186 5827 2314 5893 393,
2363 5826 2445 5881 lin
2494 5825 2548 5895 l,
2599 5826 2660 5881 in
2688 5821 3199 5897 'parte'virorum.
3228 5825 3308 5881 (in
3353 5824 3409 5893 5,
3457 5821 3580 5879 vol-

1921 5898 2088 5954 teles.
