3924 6430
279 362 442 424 1267
1441 365 1828 429 ANASTASI

2176 364 2566 428 THECARII.
3568 362 3725 426 1268

420 497 520 555 Dei
557 497 811 571 quaiiter
840 496 986 554 bene
1019 496 1405 572 religioseque
1437 517 1565 555 esse
1596 499 1826 572 possint
1851 499 2110 572 perfecit.
2141 500 2212 554 Et
2242 497 2302 554 in
2333 517 2400 557 eo
2431 497 2854 555 monachorum
2888 496 3219 572 aggregans
3248 496 3456 554 statuit
3477 513 3726 554 conven-

420 596 662 664 tionem,
697 595 901 652 multis
933 596 1087 651 idem
1120 597 1543 652 monasterium
1577 597 1773 653 ditans
1807 596 2203 668 facultatibus,
2235 601 2290 652 et
2321 597 2379 652 in
2408 597 2668 663 familiis,
2703 595 3724 664 massis,vineis,domibus,urbanis

422 694 509 750 vel
544 694 782 749 rusticis
817 693 959 749 locis
990 693 1342 766 amplianter
1371 694 1848 767 sufficienterque
1880 694 2314 768 multiplicavit,
2348 701 2643 768 quatenus
2671 695 2799 768 ipsa
2831 693 3206 766 congregatio
3238 694 3525 761 residens,
3560 694 3723 750 omni

425 792 772 848 necessitate
806 791 1278 864 postposita,soli
1311 793 1426 848 Deo
1458 793 1798 866 sanctisque
1829 793 1989 848 illius
2013 793 2215 848 laudes
2237 797 2294 848 et
2314 792 2564 866 hymnos
2586 797 2754 848 nocte
2785 791 2994 865 dieque
3022 791 3394 848 modulanter
3413 792 3474 847 in
3491 809 3724 848 venera-

321 892 388 946 10
426 889 526 945 bili
559 888 804 945 ecclesia
835 889 1152 946 Salvatoris
1183 889 1415 946 Domini
1448 891 1629 946 nostri
1660 892 1800 947 Jesu
1833 889 2049 946 Christi
2081 891 2194 946 sita
2215 892 2386 962 juxta
2420 892 2740 947 Lateranas
2771 891 3129 946 decantaret.

497 989 650 1044 443
687 989 965 1043 Praeterea
994 988 1052 1042 in
1084 989 1336 1044 oratorio
1367 988 1845 1044 beatissimorum
1888 993 2214 1061 martyrum
2265 988 2524 1044 Processi
2555 994 2611 1044 et
2643 988 3002 1056 Martiniani,
3053 988 3166 1044 sito
3217 988 3368 1044 infra
3412 987 3722 1044 ecclesiam

424 1086 575 1142 beati
609 1086 758 1141 Petri
791 1085 1074 1159 principis
1104 1087 1688 1160 apostolorum,quod
1719 1092 1776 1144 et
1805 1088 1962 1143 idem
1995 1086 2122 1160 ipse
2153 1087 2720 1155 construxit,obtulit
2749 1086 3070 1160 imaginem
3103 1103 3171 1142 ex
3201 1104 3344 1143 auro
3378 1088 3726 1192 purissimo;

422 1183 738 1239 habentem
767 1183 992 1239 vultum
1027 1189 1239 1240 sanctae
1270 1185 1369 1240 Dei
1404 1185 1736 1250 Genitricis,
1803 1203 2046 1257 pensan.
2101 1186 2282 1242 libras
2334 1187 2536 1242 decem
2568 1190 2624 1242 et
2655 1186 2861 1241 uncias
2915 1189 3187 1258 quatuor.
3224 1186 3310 1241 lbi
3341 1190 3398 1242 et
3427 1185 3554 1258 ipse
3587 1186 3698 1242 faci

421 1285 640 1337 vestem
671 1282 742 1337 de
773 1281 1022 1337 blatthiu
1048 1283 1672 1354 Byzantea,habentem
1689 1283 1922 1339 tabulas
1938 1284 2010 1340 de
2026 1283 2401 1357 chrysoclavo
2433 1285 2746 1352 duas,cum
2769 1283 2933 1339 vultu
2958 1283 3109 1340 beati
3134 1283 3283 1340 Petri
3305 1288 3362 1338 et
3381 1287 3721 1340 sanctorum

348 1381 385 1434 5
422 1383 747 1452 martyrum
771 1379 1026 1436 Processi
1053 1385 1108 1436 et
1131 1380 1553 1449 Martiniani,et
1583 1381 1894 1454 periclysin
1917 1382 1987 1437 de
2009 1381 2559 1454 chrysoclavo,mira
2576 1379 3010 1454 pulchritudine
3031 1380 3521 1437 decoratum.lllic
3541 1381 3720 1437 etiam

423 1476 636 1533 obtulit
685 1484 906 1533 vestem
955 1477 1364 1546 holoserieam,
1395 1479 1709 1535 habentem
1759 1479 1820 1534 in
1867 1479 2059 1534 medio
2117 1479 2383 1534 tabulam
2433 1480 2504 1535 de
2550 1478 2944 1552 chrysoclavo,
2980 1496 3116 1535 cum
3175 1478 3342 1534 vultu
3402 1479 3720 1535 Dominicai

423 1574 872 1632 resurrectionis
904 1575 1136 1631 Domini
1185 1577 1367 1632 nostri
1417 1577 1559 1632 Jesu
1606 1576 1844 1642 Christi,
1879 1581 1936 1632 et
1984 1575 2297 1649 periclysin
2350 1578 2422 1633 de
2468 1577 2721 1633 blatthiu
2772 1578 3077 1650 Byzantea,
3113 1575 3505 1649 pulcherrime
3556 1593 3719 1632 com-

423 1678 606 1745 ptam.
640 1673 853 1728 Verum
887 1673 1182 1730 enimvero
1209 1674 1430 1730 sanctis
1478 1675 1698 1730 eisdem
1748 1674 1876 1730 vela
1928 1674 2274 1743 holoserica,
2311 1692 2449 1731 cum
2480 1674 2750 1748 periclysi
2803 1675 2876 1731 de
2924 1674 3314 1747 quadrapulo,
3358 1679 3416 1730 et
3465 1673 3719 1731 blatthiu

425 1773 714 1844 Byzantea
760 1771 975 1828 obtulit
1024 1789 1269 1828 numero
1317 1789 1544 1828 novem.
1579 1772 1685 1828 Ubi
1713 1777 1770 1828 et
1801 1790 1984 1846 supra
2011 1773 2147 1829 fecit
2175 1772 2301 1828 vela
2333 1790 2510 1845 parva
2542 1774 2614 1830 de
2642 1773 2835 1847 Tyrio,
2867 1789 3003 1828 cum
3037 1771 3307 1846 periclyi
3339 1773 3409 1828 de
3451 1773 3717 1845 fundato,

317 1873 385 1927 10
424 1887 670 1926 numero
703 1887 822 1926 sex.
857 1869 1253 1926 Thuribulum
1283 1871 1354 1926 de
1386 1876 1627 1944 argento
1659 1877 1933 1928 exaurato
1964 1870 2822 1944 mirifice,pens.libr.unam.In
2853 1871 3106 1928 oratorio
3128 1875 3326 1928 autem
3347 1871 3722 1928 beatissimo“

425 1985 555 2024 rum
590 1973 916 2040 martyrum
947 1967 1090 2024 Sixti
1119 1973 1177 2024 et
1209 1968 1447 2024 Fabiani
1472 1970 1599 2039 jam
1633 1969 1976 2025 nominatus
2007 1968 2264 2041 pontifex
2296 1969 2432 2024 fecit
2459 1969 2746 2042 gabathas
2777 1985 2846 2025 ex
2875 1973 3115 2042 argento
3164 1973 3284 2025 tres
3331 1985 3498 2042 pens.
3538 1968 3720 2026 libras

424 2066 687 2140 quinque
717 2071 773 2122 et
805 2066 1008 2122 uncias
1039 2083 1159 2122 sex.
1192 2067 1339 2122 Ante
1368 2066 1685 2140 imaginem
1720 2083 1955 2139 quoque
1986 2066 2174 2140 ipsius
2221 2065 2460 2123 oratorii
2510 2067 2648 2122 fecit
2694 2066 2888 2123 velum
2925 2067 2996 2123 de
3045 2065 3441 2139 chrysoclavo,
3475 2066 3721 2123 miriﬁce

423 2166 780 2222 decoratum.
811 2165 1002 2236 Supra
1031 2181 1236 2221 eorum
1265 2164 1596 2221 venerabile
1627 2165 1809 2221 altare
1841 2165 1976 2221 fecit
2003 2169 2223 2220 vestem
2258 2165 2327 2220 de
2360 2163 2644 2237 alithyno,
2676 2164 2990 2221 habentem
3040 2164 3101 2220 in
3147 2164 3338 2220 medio
3383 2181 3617 2220 crucem
3647 2165 3722 2222 de

422 2261 673 2319 blatthiu
706 2263 1010 2336 Byzantea,
1041 2267 1100 2317 et
1130 2262 1443 2334 periclysin
1489 2261 1760 2318 similiter
1807 2263 1878 2318 de
1928 2261 2203 2318 blatthiu.
2256 2261 2446 2318 Simili
2495 2263 2669 2318 modo
2717 2261 2777 2317 in
2821 2263 2948 2334 jam
2999 2261 3152 2319 dicto
3202 2260 3454 2319 oratorio
3503 2261 3724 2318 obtulit

319 2363 386 2418 15
423 2359 770 2432 saapedictus
801 2360 1062 2432 pontifex
1091 2364 1310 2416 vestem
1342 2359 2070 2426 holoserieam,hahentem
2101 2360 2159 2415 in
2194 2360 2384 2416 medio
2418 2377 2619 2416 cruces
2651 2361 2722 2416 de
2751 2359 3122 2434 chrysoclavo
3145 2360 3377 2429 duas,et
3405 2359 3720 2433 periclysin

423 2457 496 2513 de
525 2456 782 2514 stauraci
817 2456 1060 2513 diversis
1093 2457 1428 2530 margaritis
1452 2457 1971 2513 ornatam.Ibidem
1994 2457 2120 2530 ipse
2142 2459 2280 2514 fecit
2304 2457 2481 2513 aliam
2504 2462 2725 2514 vestem
2747 2457 2819 2515 de
2839 2457 3422 2524 fundato,habentem
3445 2456 3504 2512 in
3527 2457 3722 2514 medio

421 2571 654 2612 crucem
688 2555 758 2609 de
783 2553 1224 2610 blatthin.Fecit
1253 2555 1429 2610 etiam
1462 2556 1533 2610 ad
1567 2560 1840 2611 ornatum
1874 2556 2134 2628 praedicti
2166 2555 2406 2613 oratorii
2436 2555 2564 2611 vela
2592 2557 2663 2611 de
2693 2555 2978 2628 alithyno,
3011 2571 3145 2611 cum
3176 2554 3446 2628 periclysi
3470 2559 3542 2610 de
3563 2554 3722 2611 blat-

425 2652 553 2708 thin
585 2653 872 2724 Byzantea
902 2669 1146 2708 numero
1179 2657 1455 2724 quatuor.
1490 2652 1794 2725 Simulque
1823 2653 1948 2709 velo
1981 2653 2326 2725 holoserica,
2349 2671 2482 2710 eum
2516 2652 2783 2726 periclysi
2813 2653 2884 2708 de
2910 2651 3276 2725 quadrapulo
3307 2657 3365 2709 et
3392 2653 3465 2708 de
3486 2651 3724 2710 olovero

424 2767 672 2807 numero
705 2755 978 2823 quatuor.

495 2853 650 2906 444
682 2849 785 2904 Hic
818 2848 1282 2921 benignissimus
1315 2848 1526 2922 praesul
1562 2849 1695 2906 fecit
1725 2849 1784 2905 in
1817 2849 2063 2906 ecclesia
2094 2851 2397 2907 beatorum
2450 2854 2776 2923 martyrum
2824 2849 3047 2906 Cosme
3096 2854 3154 2905 et
3203 2848 3490 2917 Damiani,
3525 2847 3585 2904 in
3625 2849 3726 2906 via

425 2947 622 3013 Sacra,
655 2951 877 3002 vestem
909 2947 980 3002 de
1010 2946 1160 3019 tyrio
1192 2946 1505 3002 habentem
1537 2947 1594 3002 in
1631 2948 1821 3004 medio
1852 2947 2114 3004 tabulam
2164 2949 2236 3004 de
2287 2947 2683 3019 chrysoclavo,
2716 2964 2852 3003 cum
2893 2945 3058 3003 vultu
3092 2945 3319 3002 Domini
3360 2947 3544 3002 nostri
3575 2946 3720 3004 Jesu

425 3044 663 3113 Christi,
717 3049 892 3116 atque
940 3045 1244 3100 beatorum
1295 3050 1621 3118 martyrum
1669 3050 1888 3102 Cosmaa
1935 3051 1994 3102 et
2041 3047 2333 3115 Damiani,
2387 3063 2523 3102 eum
2571 3045 2704 3102 aliis
2753 3045 3054 3112 fratribus,
3089 3061 3222 3100 cum
3254 3061 3428 3100 cruce
3459 3045 3532 3100 de
3571 3061 3719 3102 auro

426 3147 602 3212 texto,
637 3148 695 3199 et
726 3142 1039 3216 periclysin
1067 3144 1138 3199 de
1167 3143 1395 3199 olovero
1430 3143 1825 3216 pulcherrime
1854 3149 2149 3216 comptam
2182 3149 2357 3217 atque
2387 3145 2740 3200 decoratam.
2775 3144 2967 3216 Supra
2993 3159 3196 3199 eorum
3229 3142 3481 3214 denique
3513 3146 3717 3198 sancto

351 3243 389 3297 5
425 3240 595 3297 altari
629 3240 842 3297 obtulit
871 3241 1303 3313 coopertorium
1336 3241 1407 3298 de
1438 3241 1862 3314 tyrio,miriﬁee
1893 3242 2386 3298 decoratum.lmo
2415 3258 2549 3298 vero
2579 3247 2715 3297 ante
2742 3240 3099 3298 vestibulum
3137 3239 3325 3314 ipsius
3357 3239 3556 3297 altaris
3581 3241 3721 3297 fecit

423 3339 551 3396 vela
581 3341 893 3413 tyria,cum
925 3339 1195 3413 periclysi
1228 3341 1298 3395 de
1329 3328 1582 3396 blatthin
1615 3341 1915 3413 byzantea,
1950 3357 2194 3396 numero
2225 3339 2724 3396 tria.Venerabilis
2757 3339 2932 3394 etiam
2966 3339 3224 3410 pontifex
3263 3338 3400 3394 fecit
3422 3337 3478 3392 in
3504 3355 3717 3394 mona—

423 3438 600 3494 sterio
629 3439 943 3494 Salvatoris
977 3438 1201 3494 Domini
1238 3439 1419 3495 nostri
1451 3439 1589 3494 Jesu
1623 3438 1860 3510 Christi,
1894 3439 2006 3494 sito
2040 3439 2096 3493 in
2131 3438 2420 3494 territorio
2454 3437 2719 3503 Reatino,
2751 3442 2976 3493 vestem
3029 3438 3100 3492 de
3149 3436 3543 3510 chrysoclavo,
3576 3453 3716 3493 cum

423 3537 668 3592 historia
698 3537 952 3608 qualiter
983 3537 1136 3592 idem
1169 3537 1454 3592 Dominus
1480 3541 1677 3592 noster
1701 3537 1875 3592 Jesus
1907 3537 2180 3592 Christus
2210 3553 2344 3592 cum
2377 3535 2746 3608 archangelis
2767 3539 2823 3592 et
2843 3534 3126 3606 apostolis
3151 3533 3210 3590 in
3235 3533 3373 3590 caelo
3421 3539 3716 3602 coruscat,

424 3634 573 3689 mira
599 3633 1038 3706 pulchritudine
1069 3634 1315 3689 diversis
1347 3639 1614 3690 ornatam
1641 3634 2147 3706 margaritis.ltem
2173 3633 2228 3688 in
2246 3635 2372 3705 jam
2396 3633 2551 3688 dicto
2576 3632 2930 3689 monasterio
2953 3633 3025 3688 ad
3047 3637 3318 3688 ornatum
3344 3631 3494 3687 sacri
3513 3631 3718 3688 altaris

318 3733 384 3787 10
421 3731 598 3788 aliam
633 3733 846 3788 obtulit
872 3739 1090 3788 vestem
1124 3734 1194 3788 de
1228 3732 1810 3799 fundato,habentem
1845 3750 2047 3788 cruces
2074 3733 2145 3786 de
2178 3731 2430 3787 blatthiu
2467 3733 2832 3804 byzantea,et
2856 3729 3183 3803 periclysim
3216 3730 3286 3786 de
3317 3729 3714 3802 chrysoclavo,

421 3829 668 3884 mirifice
699 3835 1057 3885 exornatam.
1093 3830 1220 3885 Pari
1255 3831 1426 3885 modo
1458 3830 1514 3884 in
1550 3829 1796 3885 ecclesia
1827 3830 1980 3885 beati
2006 3834 2224 3885 Menna:
2257 3829 2533 3901 martyris
2582 3829 2718 3884 fecit
2767 3832 2987 3884 vestem
3032 3828 3103 3884 de
3147 3827 3533 3900 quadrapulo,
3578 3844 3714 3884 cum

421 3927 689 3999 periclysi
721 3927 792 3982 de
824 3925 1076 3983 blatthiu
1110 3928 1408 3998 byzantea.
1446 3928 1549 3983 Hic
1582 3927 1995 3984 sanctissimus
2027 3933 2085 3983 et
2116 3927 2490 4000 coangelicus
2520 3925 2732 3999 praesul
2763 3925 2979 3983 obtulit
3007 3925 3066 3981 in
3105 3925 3349 3982 ecclesia
3379 3925 3532 3982 beati
3567 3925 3716 3982 Petri

421 4023 667 4095 apostoli
686 4024 744 4078 in
763 4024 1176 4080 Centumcellis
1193 4025 1433 4080 calicem
1453 4029 1509 4080 et
1525 4029 1795 4096 patenam
1820 4042 1888 4081 ex
1907 4031 2150 4104 argento
2170 4023 2981 4096 deauratas,pensans.libras
3005 4028 3258 4097 quatuor
3271 4028 3328 4079 et
3345 4023 3551 4080 uncias
3572 4028 3712 4080 tres.

491 4121 643 4178 445
677 4123 984 4179 Enimvero
1015 4127 1071 4178 et
1099 4123 1156 4177 in
1190 4123 1434 4178 ecclesia
1465 4123 1620 4179 beati
1655 4123 1804 4178 Petri
1835 4122 2082 4195 apostoli
2127 4122 2374 4179 tautoris
2425 4122 2517 4178 sui
2565 4123 2702 4202 fecit
2750 4121 3117 4195 evangelium
3160 4139 3294 4178 cum
3345 4121 3598 4178 blatthiu
3646 4139 3716 4179 ex

417 4225 679 4293 argento,
716 4237 958 4292 pensan.
993 4220 1174 4276 libras
1206 4225 1333 4276 octo
1365 4225 1422 4276 et
1452 4221 1658 4276 uncias
1689 4226 1836 4276 octo.
1874 4221 2340 4293 Benignissimus
2373 4238 2609 4292 quoque
2641 4222 2854 4293 presul
2885 4221 3023 4276 fecit
3061 4219 3120 4275 in
3158 4219 3512 4276 monasterio
3558 4218 3714 4276 beati

415 4317 695 4390 Stephani
729 4318 1175 4392 protomartyris
1194 4320 1262 4373 ad
1285 4324 1554 4374 sanctum
1588 4319 1823 4375 Petrum
1841 4325 2031 4376 vestes
2048 4321 2212 4376 albas
2230 4320 2585 4377 holosericas
2604 4317 3168 4392 quatuor,habentes
3185 4317 3244 4372 in
3268 4317 3457 4374 medio
3477 4333 3712 4373 crucem

413 4416 484 4470 de
514 4433 657 4472 auro
691 4420 865 4482 texto,
899 4433 1033 4471 cum
1068 4416 1314 4472 diversis
1365 4417 1719 4490 margaritis,
1768 4423 1826 4472 et
1876 4417 2144 4491 periclysi
2178 4419 2248 4474 de
2281 4418 2556 4484 blatthiu,
2590 4417 2835 4472 mirifice
2865 4417 3190 4472 decoratas.
3226 4417 3369 4471 Item
3402 4414 3503 4470 ubi
3534 4433 3714 4488 supra

339 4514 376 4566 5
413 4513 628 4568 obtulit
658 4513 1118 4585 przenominatus
1149 4515 1408 4586 pontifex
1439 4519 1656 4571 vestem
1690 4516 1759 4570 de
1789 4516 2054 4582 fundato,
2084 4516 2397 4572 habentem
2448 4516 2506 4570 in
2556 4514 2747 4571 medio
2798 4531 3031 4570 crucem
3086 4530 3155 4569 ex
3202 4529 3344 4569 auro
3386 4517 3626 4578 textam,
3658 4528 3717 4580 et,

417 4611 726 4683 periclysin
759 4613 829 4666 de
860 4611 1620 4684 chrysoclavo.Sa2pedictus
1645 4612 1897 4684 denique
1921 4613 2132 4684 praesul
2159 4613 2291 4669 fecit
2313 4613 2369 4668 in
2395 4615 2522 4685 jam
2546 4613 2701 4668 dicto
2721 4611 3076 4668 monasterio
3098 4616 3315 4667 vestem
3341 4611 3411 4666 de
3444 4610 3710 4670 fundato.

416 4707 731 4764 habentem
763 4709 821 4764 in
856 4709 1045 4765 medio
1078 4709 1339 4766 tabulam
1372 4711 1442 4764 de
1474 4710 1867 4783 chrysoclavo,
1902 4728 2036 4766 cum
2089 4711 2253 4766 vultu
2304 4716 2518 4767 sanctae
2555 4711 2650 4766 Dei
2683 4709 2940 4766 Genitris
2983 4714 3040 4765 et
3089 4713 3427 4766 sanctorum
3479 4713 3711 4782 aposto-

415 4805 604 4862 lorum
636 4807 785 4862 Petri
821 4811 876 4862 et
908 4807 1090 4874 Pauli,
1123 4812 1181 4862 et
1213 4807 1524 4879 periclysin
1547 4809 1618 4863 de
1648 4807 1921 4863 blatthiu.
1957 4807 2184 4864 Obtulit
2211 4809 2431 4864 ibidem
2466 4808 2590 4881 ipse
2619 4814 2809 4864 vestes
2839 4807 2910 4863 de
2941 4806 3196 4863 stauraci
3227 4807 3397 4874 duas,
3431 4806 3712 4862 habentes

414 4902 473 4959 in
507 4904 698 4960 medio
729 4921 932 4960 cruces
964 4906 1034 4960 de
1065 4905 1526 4977 chrysoclavo,et
1559 4905 1869 4977 periclysin
1893 4906 1964 4961 de
1987 4905 2428 4962 blatthin.Fecit
2449 4906 2627 4962 etiam
2650 4907 2721 4962 ad
2752 4910 3024 4961 ornatum
3048 4904 3237 4977 ipsius
3260 4903 3494 4960 oratorii
3518 4903 3710 4960 velum

307 4999 378 5055 40
416 5002 609 5072 majus
642 5002 711 5056 de
744 5002 1364 5074 quadrapulo,habens
1392 5002 1448 5056 in
1481 5003 1672 5058 medio
1703 5020 1906 5059 cruces
1929 5004 2000 5059 de
2021 5021 2162 5060 auro
2186 5009 2372 5060 textas
2395 5009 2514 5060 tres
2536 5009 2592 5060 et
2623 5001 2933 5075 periclysin
2966 5003 3036 5058 de
3068 5001 3417 5058 blatthin.ln
3441 5002 3712 5058 diaconia

416 5099 569 5155 beati
603 5100 938 5171 archangeli
970 5101 1184 5156 obtulit
1207 5102 1334 5172 jam
1365 5101 1558 5156 dictus
1590 5103 1849 5172 pontifex
1879 5107 2096 5158 vestem
2128 5103 2198 5156 de
2230 5101 2484 5157 blatthiu
2518 5100 3147 5174 Byzantea,habentem
3179 5099 3238 5155 in
3262 5099 3454 5155 medio
3477 5116 3708 5156 crucem

413 5197 484 5250 de
512 5197 908 5269 chrysoclavo,
941 5203 998 5252 et
1029 5197 1340 5270 periclysin
1375 5199 1444 5254 de
1477 5198 1876 5271 chrysoclavo,
1909 5199 2304 5271 pulcherrime
2334 5205 2652 5272 comptam.

485 5297 642 5350 446
673 5294 978 5350 Enimvero
1009 5299 1061 5350 et
1092 5295 1150 5351 in
1183 5295 1429 5352 ecclesia
1460 5297 1640 5352 beatae
1671 5297 1909 5352 Caeciliae
1942 5297 2218 5369 martyris
2251 5297 2385 5353 fecit
2413 5297 2699 5354 concham
2731 5315 2800 5354 ex
2830 5301 3094 5370 argento,
3130 5297 3231 5352 ubi
3282 5300 3340 5351 et
3388 5295 3708 5368 pretiosum

410 5391 676 5461 ejusdem
724 5392 970 5464 virginis
1001 5399 1176 5465 caput
1205 5394 1488 5459 condidit,
1542 5412 1784 5466 pensan.
1840 5395 2022 5450 libras
2069 5401 2199 5451 octo
2250 5400 2306 5450 et
2354 5395 2556 5451 semis.
2592 5394 2783 5451 Simili
2836 5395 3010 5450 modo
3067 5398 3124 5450 et
3169 5393 3227 5448 in
3282 5391 3527 5448 ecelcsia
3557 5391 3708 5448 beati

411 5488 662 5554 Quiriaei
699 5489 969 5561 martyris
1000 5490 1056 5545 in
1089 5491 1595 5556 Thermis,obtulit
1627 5492 1939 5564 prmdictus
1973 5491 2184 5565 praesul
2218 5491 2342 5548 vela
2373 5494 2444 5548 de
2476 5493 2719 5548 fundato
2752 5509 2998 5549 numero
3029 5491 3289 5548 octo.Hic
3323 5508 3357 5547 a
3387 5490 3503 5546 Deo
3527 5489 3708 5545 fultus

405 5585 530 5654 jam
565 5587 906 5641 nominatus
938 5588 1192 5658 pontifex
1224 5589 1357 5643 fecit
1389 5589 1445 5644 in
1481 5589 1731 5644 oratorio
1762 5591 1949 5645 sancti
1981 5589 2328 5662 Archangeli
2353 5591 2506 5662 quod
2533 5592 2832 5663 quondam
2867 5590 3260 5662 praedecessor
3289 5589 3420 5660 ejus
3454 5588 3707 5643 domnus

339 5677 372 5728 5
414 5680 524 5736 Leo
556 5699 706 5753 papa
737 5683 1043 5740 constituit
1075 5691 1248 5757 atque
1279 5687 1626 5753 construxit,
1662 5693 1881 5742 vestem
1914 5687 2107 5742 albam
2159 5688 2569 5754 holoserieam,
2602 5689 2916 5744 habentem
2969 5689 3027 5744 in
3080 5687 3272 5743 medio
3327 5685 3592 5742 tabulam
3640 5685 3706 5740 de

413 5776 808 5848 chrysoclavo,
863 5796 996 5834 cum
1044 5782 1286 5837 historia
1335 5783 1647 5838 Dominicze
1700 5785 2144 5840 resurrectionis
2193 5785 2422 5840 Domini
2478 5787 2661 5841 nostri
2709 5787 2848 5842 Jesu
2901 5785 3138 5852 Christi,
3192 5789 3247 5841 et
3297 5783 3609 5857 periclysin
3639 5783 3704 5838 de

414 5871 806 5944 chrysoclavo,
843 5875 1085 5933 mirifice
1118 5881 1470 5933 decoratum.
1506 5880 1644 5934 [tein
1681 5881 1756 5935 ibi
1793 5883 2005 5938 obtulit
2037 5882 2211 5937 aliam
2245 5889 2464 5938 vestem
2498 5885 2568 5940 de
2596 5885 3000 5952 fundato,cum
3033 5882 3306 5956 periclysi
3340 5883 3411 5938 de
3455 5880 3702 5937 blatthiu

415 5969 719 6039 Byzantea.
734 5969 891 6022 Fecit
921 5970 1094 6027 etiam
1120 5976 1246 6044 jam
1277 5975 1468 6029 dictus
1502 5978 1756 6046 pontifex
1786 5979 1844 6034 in
1877 5980 2214 6052 supradicto
2237 5982 2488 6036 oratorio
2515 5987 2735 6038 vestem
2760 5981 2936 6040 aliam
2965 5983 3036 6039 de
3067 5978 3704 6054 quadrapulo,circum-

417 6068 636 6125 satam,
669 6079 804 6118 cum
837 6062 1081 6122 historia
1111 6069 1212 6124 Dei
1244 6069 1574 6137 Genitricis,
1613 6073 2003 6142 pulcherrime
2037 6080 2332 6148 comptam
2365 6081 2539 6148 atque
2572 6079 2926 6139 decoratam.
