3924 6408
176 368 350 432 1269
956 369 1325 432 HISTORIA
1369 369 1473 431 DE
1514 368 1716 431 VITIS
1762 368 1951 432 ROM.
1998 369 2227 432 PONT.
2270 402 2348 416 --
2384 366 2842 432 PASCHALIS.
3452 361 3610 430 1270

398 504 546 562 447
593 501 876 561 Praeterea
899 501 1055 559 idem
1088 519 1361 559 summus
1384 501 1640 575 pontifex
1662 506 1719 558 et
1740 500 2115 569 orthodoxus,
2131 501 2328 558 divina
2351 500 2730 575 inspiratione
2752 500 3042 575 pulsatus,
3066 499 3375 561 ecclesiam
3395 505 3607 559 sanctis

329 607 387 661 et
412 603 773 659 intemeratae
802 602 1060 675 Virginis
1093 601 1285 656 Mariae
1318 600 1567 657 domina:
1602 605 1811 655 nostra:
1829 601 1897 655 ad
1919 600 2174 671 Prmsepe
2197 617 2440 655 cernens
2463 601 2760 673 quondam
2789 599 2893 655 tali
2922 617 3081 657 more
3111 602 3615 669 constructam,ut

329 708 465 776 post
495 703 695 758 sedem
726 699 1021 773 pontificis
1052 699 1328 754 mulieres
1360 700 1431 754 ad
1467 716 1635 755 saera
1661 699 1980 754 missarum
2014 698 2299 753 solemnia
2328 702 2551 753 stantes
2583 714 2760 771 prope
2791 698 3068 755 assistere
3081 700 3253 771 juxta
3275 698 3611 771 pontificem

325 800 682 864 viderentur,
696 799 780 855 ita
800 802 866 854 ut
892 798 941 853 si
962 798 1185 869 aliquid
1212 796 1463 869 colloqui
1490 797 1745 869 pontifex
1767 814 1900 852 cum
1921 796 2332 851 assistentibus
2347 796 2729 864 voluisset,ex
2750 797 3080 870 propinqua
3101 796 3269 854 valde
3291 796 3612 854 mulierum

256 899 297 955 5
336 897 805 971 frequentatione
834 913 1206 969 nequaquam
1228 896 1276 951 ei
1304 896 1429 951 sine
1452 895 1684 950 illarum
1709 896 2130 950 interventione
2159 894 2355 950 liceret
2381 912 2394 950 :
2421 894 2650 967 largum
2671 895 2885 951 ibidem
2914 895 3105 952 locum
3130 895 3615 969 inesse,qualiter

327 997 468 1053 inde
500 996 702 1052 sedem
732 1000 961 1051 mutare
989 993 1222 1061 valeret,
1239 998 1658 1057 cumcerneret,
1684 994 1818 1048 dato
1850 993 2045 1065 operis
2076 994 2269 1048 studio
2297 993 2472 1065 coepit
2502 992 2899 1049 indesinenter
2926 1009 3095 1066 agerc
3127 994 3326 1050 sedem
3357 992 3609 1050 inferius

329 1094 583 1168 positam
617 1110 856 1150 sursum
888 1110 1124 1165 ponere,
1159 1097 1224 1147 ut
1251 1109 1317 1148 eo
1350 1090 1696 1146 familiarius
1728 1091 1974 1153 Domino
2008 1108 2207 1163 preces
2240 1092 2481 1146 fundere
2512 1096 2729 1163 posset,
2764 1109 2879 1164 quo
2910 1091 3205 1148 consortia
3248 1091 3604 1165 populorum

330 1193 597 1249 modeste
625 1190 919 1247 declinare
950 1190 1257 1263 potuisset.
1291 1189 1552 1262 Denique
1584 1190 1782 1245 sedem
1817 1189 2036 1260 optime
2068 1205 2246 1261 quam
2279 1189 2503 1244 dudum
2537 1190 2725 1245 fuerat
2754 1189 3168 1262 pulcherrimis
3208 1189 3608 1247 marmoribus

328 1292 665 1347 decoratam
696 1288 977 1355 condidit,
1002 1292 1057 1343 et
1089 1287 1348 1359 undique
1374 1304 1654 1343 ascensus
1686 1286 1901 1359 quibus
1923 1287 1996 1341 ad
2011 1303 2141 1341 eam
2172 1286 2479 1358 gradiatur
2507 1287 2849 1355 construxit,
2867 1285 3603 1360 pavimentumquealtaris

213 1388 293 1446 40
327 1387 560 1461 erigens
590 1387 1036 1461 pretiosissimis
1066 1386 1461 1442 marmoribus
1492 1386 1715 1441 stravit.
1753 1384 1943 1440 Erexit
1990 1401 2131 1439 sane
2181 1401 2283 1439 sex
2329 1384 2475 1439 inibi
2526 1388 2660 1440 ante
2719 1385 3147 1441 confessionem
3197 1385 3344 1441 sacri
3398 1383 3603 1441 altaris

330 1503 626 1559 purpureo
652 1484 844 1541 colore
874 1485 1363 1556 columnas,quas
1395 1500 1573 1556 super
1602 1488 1658 1538 et
1675 1482 1909 1537 candidi
1939 1482 2250 1538 marmoris
2280 1483 2507 1538 trabem
2539 1482 2756 1554 posuit,
2772 1482 3083 1556 purpureis
3115 1484 3316 1540 dextra
3342 1481 3603 1555 laevaque

330 1582 727 1640 marmoribus
761 1586 998 1639 nectens
1030 1582 1160 1638 illas
1191 1582 1431 1647 scilicet,
1466 1580 1872 1652 caelaturisque
1923 1597 2211 1635 exornans
2261 1580 2406 1635 satis
2464 1580 2771 1636 commode
2826 1582 3139 1637 decoravit.
3173 1578 3603 1653 Presbyterium

328 1697 563 1754 quoque
592 1680 781 1754 ipsius
802 1681 1058 1737 ecclesiae
1081 1680 1326 1735 diversis
1352 1679 1766 1743 marmoribus,
1790 1694 1969 1751 quam
1993 1677 2215 1750 pridem
2240 1678 2448 1744 fuerat,
2475 1677 2533 1733 in
2559 1678 2769 1734 melius
2800 1680 3108 1752 reparavit.
3126 1677 3601 1752 Propitiatorium

323 1796 460 1836 vero
492 1780 642 1836 sacri
672 1779 894 1847 altaris,
919 1796 1023 1834 seu
1056 1777 1766 1845 confessionem,interius
1796 1776 2163 1847 exteriusque
2193 1793 2327 1832 cum
2360 1775 2588 1849 rugulis
2617 1776 2742 1833 suis
2773 1794 2993 1833 exauro
3024 1776 3342 1850 purissimo
3355 1774 3602 1832 mirifice

210 1878 289 1935 45
325 1877 644 1944 decoravit,
666 1894 912 1950 pensan.
937 1877 1119 1933 libras
1141 1881 1377 1932 centum
1402 1875 1774 1948 septuaginta
1796 1878 2048 1946 quatuor
2068 1879 2125 1929 et
2147 1874 2353 1930 uncias
2374 1891 2494 1930 sex.
2521 1874 2805 1930 Similiter
2825 1880 2879 1931 et
2912 1874 3092 1931 altare
3132 1874 3319 1947 ipsius
3345 1872 3601 1930 basilicas

326 1993 398 2032 ex
424 1976 718 2049 argenteis
746 1974 1006 2042 laminis,
1055 1991 1189 2030 cum
1240 1974 1503 2029 historiis
1555 1972 1801 2028 diversis
1854 1972 2246 2044 pulcherrime
2292 1972 2544 2045 compsit
2582 1976 2759 2045 atque
2789 1974 3110 2040 deauravit,
3142 1989 3385 2046 pensan.
3418 1971 3602 2028 libras

319 2078 611 2130 trecentas
642 2074 982 2146 octuaginta
1012 2077 1069 2128 et
1098 2072 1378 2145 quinque.
1414 2071 1882 2143 Benignissimus
1911 2069 2087 2125 etiam
2118 2069 2550 2142 praeclarusque
2600 2070 2811 2143 praesul
2857 2071 3071 2127 obtulit
3100 2070 3182 2127 ibi
3213 2069 3500 2143 gabathas
3530 2086 3599 2125 ex

325 2189 469 2229 auro
499 2171 838 2244 purissimo,
870 2188 1005 2227 cum
1056 2170 1301 2226 diversis
1348 2169 1598 2241 gemmis
1644 2184 1886 2223 numero
1937 2185 2054 2236 sex,
2088 2185 2332 2240 pensan.
2366 2167 2549 2225 libras
2604 2169 2812 2242 viginti
2871 2174 2928 2225 et
2975 2169 3181 2226 uncias
3233 2184 3352 2225 sex.
3386 2169 3457 2223 Et
3487 2166 3598 2222 hoc

326 2270 653 2338 constituit,
674 2274 741 2325 ut
762 2286 994 2341 semper
1022 2268 1229 2323 diebus
1254 2285 1321 2324 ac
1343 2268 1614 2322 noctibus
1637 2271 1770 2322 ante
1793 2270 2234 2322 sacrosanctum
2257 2266 2439 2322 altare
2468 2266 2717 2322 lucerna:
2749 2268 2952 2323 ardere
2983 2268 3250 2323 debeant.
3276 2265 3379 2322 Hic
3400 2264 3597 2321 divina

207 2370 285 2425 20
322 2368 707 2441 inspiratione
727 2365 1151 2433 fultus,obtulit
1172 2367 1229 2420 in
1245 2367 1371 2437 jam
1393 2366 1551 2420 dicta
1570 2364 1811 2419 basilica
1830 2381 2002 2419 arcus
2023 2382 2090 2420 ex
2111 2369 2354 2437 argento
2376 2381 2620 2420 numero
2643 2369 2933 2432 octo,cum
2957 2364 3249 2421 columnis
3274 2361 3593 2430 sexdecim,

324 2483 569 2540 pensan.
597 2464 840 2520 insimul
870 2464 1051 2519 libras
1081 2464 1363 2519 ducentas
1393 2464 1592 2518 decem
1624 2466 1680 2517 et
1709 2466 1838 2517 octo
1871 2466 1927 2517 et
1956 2462 2161 2517 uncias
2192 2466 2341 2517 octo.
2373 2462 2528 2518 Fecit
2556 2462 2732 2517 etiam
2763 2467 2821 2518 et
2852 2467 2984 2519 ante
3013 2461 3370 2518 vestibulum
3392 2458 3597 2517 altaris

323 2581 505 2637 rugas
534 2564 787 2635 majores
815 2580 885 2619 ex
914 2567 1178 2634 argento,
1212 2578 1455 2633 pensan.
1491 2560 1670 2615 libras
1702 2559 2075 2632 septuaginta
2101 2564 2159 2615 et
2188 2565 2340 2616 octo.
2358 2560 2582 2616 Obtulit
2608 2560 2783 2616 etiam
2815 2565 2872 2616 et
2901 2561 3183 2616 canthara
3204 2559 3303 2615 ubi
3334 2576 3516 2631 supra
3530 2574 3601 2614 ex

326 2665 566 2734 argento
597 2677 841 2718 numero
873 2677 995 2730 sex,
1028 2677 1268 2732 pensan.
1308 2658 1549 2714 insimul
1578 2658 1759 2713 libras
1788 2659 2091 2729 sexaginta
2120 2663 2178 2713 et
2210 2659 2409 2714 semis.
2444 2658 2571 2714 Pari
2630 2660 2804 2713 modo
2862 2663 2921 2714 et
2976 2676 3080 2731 per
3129 2675 3301 2714 arcus
3349 2658 3603 2729 majores

325 2759 646 2831 smpedictae
668 2757 923 2814 ecclesiae
944 2757 1079 2814 fecit
1099 2757 1307 2812 calices
1329 2758 1580 2828 majores
1602 2772 1670 2811 ex
1691 2760 1932 2827 argento
1964 2757 2288 2827 pendentes
2318 2773 2561 2812 numero
2592 2756 2982 2830 quadraginta
3002 2762 3058 2813 et
3081 2757 3251 2825 duos,
3274 2754 3375 2828 qui
3397 2771 3602 2811 omnes

210 2859 288 2914 25
325 2854 569 2913 insimul
599 2873 767 2929 pens.
798 2855 980 2911 libras
1010 2856 1293 2911 ducentas
1323 2854 1664 2926 octuaginta
1693 2858 1750 2909 et
1780 2870 1983 2909 unam.
2017 2853 2384 2910 Venerabilis
2422 2855 2639 2910 etenim
2690 2854 2900 2927 praesul
2934 2855 3007 2910 ob
3038 2871 3299 2911 amorem
3332 2854 3599 2926 ejusdem

322 2953 582 3028 Virginis
609 2954 859 3010 domina:
890 2956 1100 3009 nostrae
1131 2952 1345 3008 obtulit
1373 2951 1591 3007 ibidem
1622 2968 1868 3007 coronas
1900 2967 1969 3006 ex
1997 2956 2238 3022 argento
2268 2968 2514 3007 numero
2533 2958 2803 3024 quatuor,
2826 2969 3071 3025 pensan.
3091 2952 3274 3007 libras
3295 2950 3597 3023 sexaginta

322 3058 383 3109 et
409 3052 559 3108 duas
587 3056 644 3107 et
672 3051 873 3119 semis,
906 3054 963 3106 et
992 3051 1198 3106 uncias
1229 3054 1347 3105 tres
1379 3066 1393 3105 :
1420 3048 1560 3105 item
1592 3048 1693 3104 ubi
1736 3065 1914 3121 supra
1962 3047 2221 3104 canistra
2268 3066 2337 3104 ex
2379 3054 2620 3121 argento
2671 3066 2915 3105 numero
2964 3050 3100 3118 duo,
3135 3066 3379 3122 pensan.
3412 3048 3596 3105 libras

318 3150 625 3206 tredecim.
642 3150 799 3205 Fecit
816 3148 994 3203 etiam
1017 3148 1234 3204 ibidem
1256 3147 1574 3218 imaginem
1599 3163 1666 3202 ex
1688 3150 1926 3219 argento
1948 3146 2312 3214 deauratam,
2336 3162 2471 3202 cum
2494 3146 2659 3202 vultu
2692 3146 2873 3202 beatae
2905 3146 3005 3202 Dei
3028 3145 3341 3202 Genitricis
3375 3146 3593 3218 Mariae,

324 3264 569 3320 pensan.
595 3245 777 3303 libras
806 3246 1007 3302 decem
1031 3249 1087 3301 et
1109 3250 1335 3317 septem
1361 3249 1417 3299 et
1440 3243 1643 3300 uncias
1663 3248 1802 3299 tres.
1827 3243 2042 3299 Christi
2065 3259 2299 3315 quoque
2319 3243 2742 3315 omnipotentis
2764 3242 2995 3300 Domini
3020 3242 3279 3300 famulus
3300 3244 3516 3301 obtulit
3532 3244 3596 3302 in

203 3346 281 3402 30
318 3349 692 3403 sacrosancto
741 3342 913 3399 altari
971 3343 1294 3416 smpedictae
1334 3342 1587 3398 basilica:
1636 3345 1827 3397 vestes
1877 3342 1947 3396 de
1996 3340 2372 3413 chrysoclavo
2420 3342 2589 3409 duas,
2622 3342 2905 3398 habentes
2936 3341 3244 3399 historiam
3275 3342 3591 3400 Dominica:

320 3441 646 3499 nativitatis
666 3440 900 3498 Domini
922 3441 1106 3497 nostri
1127 3441 1267 3498 Jesu
1289 3439 1667 3508 Christi,cum
1694 3438 2237 3513 periclysi,diversis
2259 3442 2495 3496 ornatas
2516 3439 2769 3513 gemmis
2792 3444 2967 3512 atque
2989 3439 3597 3514 margaritis,mirifice

322 3542 649 3597 decoratas.

589 3636 814 3694 Obtulit
833 3637 1011 3693 etiam
1031 3636 1112 3692 ibi
1136 3637 1259 3709 ipse
1271 3636 1446 3691 aliam
1459 3639 1677 3691 vestem
1690 3635 1762 3690 de
1775 3634 2207 3708 ehrysoclavo,h
2218 3636 2485 3691 abentem
2501 3634 2810 3691 historiam
2832 3636 3086 3708 qualiter
3099 3636 3381 3694 Dominus
3393 3642 3594 3696 noster

320 3738 497 3793 Jesus
528 3734 793 3792 Christus
816 3735 1093 3791 aJoannc
1115 3734 1175 3789 in
1196 3734 1449 3790 Jordane
1473 3733 1803 3805 baptizatus
1833 3736 2083 3799 est,cum
2116 3732 2383 3805 periclysi
2415 3733 2486 3788 de
2518 3732 2911 3806 chrysoclavo,
2951 3733 3196 3790 mirifice
3226 3739 3588 3791 exornatam.

326 3836 473 3890 Item
502 3832 604 3890 ubi
634 3850 815 3905 supra
842 3832 1094 3903 compsit
1122 3834 1341 3886 vestem
1374 3831 1445 3886 de
1475 3829 1866 3903 chrysoclave,
1887 3830 2197 3885 habentem
2230 3829 2535 3886 historiam
2556 3830 2871 3886 Dominicae
2897 3831 3342 3890 resurrectionis
3359 3831 3592 3890 Domini

315 3930 503 3988 nostri
527 3931 559 3987 J
565 3947 669 3986 esu
700 3928 1089 3998 Christi,cum
1113 3927 1383 4001 periclysi
1404 3928 1474 3983 de
1497 3927 1889 4000 chrysoclavo,
1906 3926 2151 3983 diversis
2168 3933 2433 3983 ornatam
2465 3927 2819 4001 margaritis.
2846 3929 3252 3997 Beatissimus,
3275 3934 3333 3987 et
3353 3947 3592 3988 venera-

237 4031 279 4087 5
316 4029 459 4087 bilis
479 4028 939 4101 praenominatus
959 4028 1217 4099 pontifex
1236 4026 1432 4082 divino
1456 4043 1652 4081 amore
1674 4026 1888 4082 ductus
1910 4025 2043 4081 fecit
2071 4025 2289 4081 ibidem
2313 4026 2371 4080 in
2387 4027 2513 4098 jam
2536 4027 2774 4099 praefato
2797 4026 2964 4082 altari
2986 4032 3208 4085 vestem
3229 4028 3501 4087 similiter
3522 4031 3593 4087 de

315 4125 708 4199 chrysoclavo,
732 4125 1045 4181 habentem
1067 4123 1375 4179 historiam
1397 4122 1649 4196 qualiter
1666 4123 1836 4180 beata
1857 4122 1954 4179 Dei
1975 4123 2235 4179 Genitrix
2249 4108 2432 4179 Maria
2452 4140 2692 4197 corpore
2714 4127 2803 4180 est
2823 4132 3293 4197 assumpta,cum
3317 4127 3590 4206 periclysi

313 4225 388 4280 de
408 4222 912 4297 chrysoclavo,seu
935 4221 1180 4278 diversis
1202 4220 1537 4294 margaritis
1559 4226 1855 4293 comptam
1875 4225 2051 4293 atque
2070 4221 2588 4277 decoratam.Fecit
2607 4221 2764 4277 enim
2790 4221 3250 4295 benignissimus
3272 4224 3486 4296 prmsul
3505 4225 3589 4281 ibi

312 4322 441 4394 ipse
471 4320 649 4377 aliam
675 4325 898 4376 vestem
929 4320 1001 4375 de
1031 4319 1425 4392 chrysoclavo,
1459 4318 1773 4374 habentem
1806 4318 2112 4374 historiam
2144 4319 2460 4375 Dominicm
2492 4319 2853 4375 ascensionis
2874 4319 3089 4375 Christi
3116 4320 3350 4377 Domini
3378 4320 3586 4392 nostri,

226 4484 234 4490 ,
313 4418 425 4474 rite
455 4419 807 4475 decoratam.
834 4417 976 4473 Item
1001 4417 1099 4472 ubi
1122 4433 1322 4489 supra,
1346 4417 1418 4472 ob
1442 4433 1701 4472 amorem
1721 4417 1989 4488 ejusdem
2010 4415 2289 4489 Virginis,
2304 4416 2633 4472 construxit
2655 4415 2832 4473 aliam
2853 4421 3072 4473 vestem
3095 4418 3168 4474 de
3188 4418 3584 4492 chrysoclavo,

200 4518 275 4572 10
312 4516 628 4571 habentem
658 4515 966 4571 historiam
996 4514 1251 4586 qualiter
1281 4513 1533 4585 Spiritus
1565 4518 1805 4569 sanctus
1834 4514 1993 4570 venit
2022 4531 2198 4587 super
2227 4514 2544 4587 apostolos,
2579 4514 2824 4570 diversis
2867 4519 3133 4572 ornatam
3163 4517 3500 4591 margaritis
3529 4525 3589 4577 et

311 4615 669 4670 decoratam.
705 4613 828 4669 Imo
858 4613 1078 4669 ibidem
1112 4612 1287 4669 aliam
1338 4611 1590 4667 munivit
1633 4616 1853 4669 vestem
1884 4612 1956 4669 de
1987 4612 2381 4684 chrysoclavo,
2414 4629 2548 4668 cum
2608 4611 2856 4669 historia
2909 4611 3264 4687 palmarum,
3324 4617 3587 4674 modeste

309 4715 609 4784 comptam
639 4714 817 4782 atque
848 4712 1209 4767 decoratam.
2970 4780 2981 4791 _

386 4810 540 4865 449
579 4809 816 4865 Necnon
839 4812 896 4865 et
915 4808 1016 4864 ubi
1038 4825 1218 4880 supra
1246 4807 1422 4864 aliam
1455 4808 1708 4881 compsit
1730 4809 1857 4880 jam
1891 4808 2230 4864 nominatus
2251 4808 2508 4880 pontifex
2530 4813 2751 4864 vestem
2771 4810 2842 4865 de
2864 4808 3116 4880 olovero,
3142 4826 3278 4866 cum
3309 4810 3584 4885 periclysi

310 4907 384 4962 de
406 4906 670 4961 fundato.
698 4905 920 4961 Pariter
939 4921 1173 4978 quoque
1194 4910 1251 4961 et
1270 4923 1372 4978 pro
1396 4906 1757 4978 quotidianis
1787 4905 1995 4961 diebus
2035 4904 2249 4961 obtulit
2284 4910 2474 4962 vestes
2496 4906 2565 4961 de
2587 4906 2828 4961 fundato
2852 4907 3019 4974 duas,
3045 4924 3181 4964 cum
3206 4908 3477 4982 periclysi
3511 4909 3585 4966 de

310 5002 701 5077 quadrapulo,
734 5002 1128 5075 pulcherrime
1152 5008 1479 5059 exornatas.
1508 5004 1611 5059 Hic
1643 5004 1838 5059 divina
1867 5002 2250 5075 inspiratione
2281 5003 2570 5075 pulsatus,
2598 5003 2732 5060 fecit
2769 5004 2894 5076 ipse
2916 5005 3329 5062 sanctissimus
3370 5006 3582 5079 praesul

307 5118 413 5174 per
435 5118 607 5158 arcus
627 5102 882 5172 majores
896 5103 1023 5173 jam
1048 5100 1297 5174 praefatae
1320 5101 1573 5157 basilica:
1595 5101 1721 5157 vela
1740 5102 1809 5156 de
1832 5102 2072 5156 fundato
2086 5099 2614 5172 quatuordecim,et
2631 5101 2703 5157 de
2724 5102 3089 5176 quadrapulo
3112 5102 3580 5176 quatuordecim,

230 5200 268 5256 5
306 5197 582 5255 similiter
610 5202 668 5255 et
698 5199 769 5255 de
802 5198 1018 5256 imizilo
1050 5199 1515 5271 quatuordecim.
1541 5197 1770 5254 Domini
1794 5198 1978 5254 nostri
2005 5199 2143 5254 Jesu
2175 5198 2391 5254 Christi
2423 5197 2681 5254 famulus
2713 5200 2785 5255 ob
2816 5217 3076 5256 amorem
3107 5201 3297 5258 eidem
3329 5200 3582 5259 domine

306 5300 521 5352 nostrae
544 5312 647 5368 per
669 5313 843 5352 arcus
871 5295 1215 5368 presbyterii
1228 5297 1355 5368 jam
1376 5297 1544 5352 dicta:
1565 5296 1822 5352 ecclesiae
1845 5297 1980 5352 fecit
2001 5296 2126 5351 vela
2145 5297 2216 5351 de
2239 5296 2632 5369 chrysoclavo,
2656 5296 2971 5354 habentem
3011 5299 3317 5355 historiam
3346 5298 3583 5357 Domini

304 5393 491 5450 nostri
518 5393 659 5449 Jesu
692 5393 928 5461 Christi,
945 5398 1121 5466 atque
1142 5393 1517 5450 Nativitatem
1541 5411 1643 5450 seu
1665 5395 2144 5467 Assumptionem
2176 5394 2441 5466 ejusdem
2473 5394 2832 5452 intemeratae
2846 5396 3106 5470 Virginis
3123 5414 3365 5454 numero
3377 5397 3582 5473 viginti

308 5496 365 5548 et
395 5508 516 5547 sex.
542 5489 766 5546 Pariter
795 5495 853 5547 et
878 5508 979 5563 per
1008 5491 1168 5564 ipsos
1200 5508 1372 5547 arcus
1403 5491 1618 5547 obtulit
1645 5492 1772 5547 vela
1802 5492 1873 5548 de
1902 5491 2288 5564 quadrapulo,
2319 5491 2564 5548 diversis
2608 5492 2873 5550 historiis
2918 5496 3299 5566 circumsuta,
3335 5513 3581 5553 numero

303 5588 512 5662 viginti
565 5592 837 5661 quatuor.
870 5588 1085 5643 Christi
1113 5606 1369 5661 namque
1400 5590 1819 5662 omnipotentis
1844 5589 2101 5645 famulus
2133 5588 2345 5645 obtulit
2375 5607 2615 5646 sursum
2647 5590 2707 5645 in
2753 5598 2993 5665 aspectu
3042 5595 3263 5651 absidas
3317 5612 3580 5667 pannum

197 5689 267 5744 10
304 5685 768 5742 Alexandrinum
801 5684 1049 5741 mirifice
1078 5686 1680 5742 decoratum.0btulit
1711 5687 1885 5742 etiam
1919 5687 1977 5741 in
2011 5688 2235 5742 trabem
2270 5689 2550 5759 majorem
2586 5689 2771 5761 ipsius
2804 5691 3058 5748 basilicae
3076 5694 3268 5749 velum
3300 5694 3495 5766 majus
3512 5693 3584 5750 de

302 5783 569 5850 fundato,
601 5783 827 5839 habens
860 5785 1055 5839 trahes
1080 5784 1151 5839 de
1182 5784 1557 5856 chrysoelavo
1586 5790 1833 5857 septem,
1869 5790 1926 5840 et
1956 5785 2267 5858 periclysin
2321 5786 2390 5841 de
2448 5786 2701 5842 blatthin
2762 5789 3070 5861 Byzantea.
3105 5792 3263 5848 Fecit
3301 5792 3480 5849 etiam
3511 5792 3583 5848 ad

305 5884 581 5938 ornatum
604 5880 791 5952 ipsius
815 5881 1069 5936 basilica:
1094 5881 1152 5935 in
1183 5882 1371 5953 ipsam
1404 5883 1631 5938 trabem
1664 5883 1787 5939 vela
1814 5883 1883 5938 de
1914 5882 2276 5956 quadrapulo
2312 5901 2556 5941 numero
2588 5902 2708 5957 sex,
2743 5890 2801 5941 et
2832 5888 2902 5943 de
2933 5888 3153 5946 imizilo
3185 5889 3310 5946 vela
3340 5905 3583 5945 numero

303 5981 581 6052 quatuor.
600 5979 730 6051 Ipse
761 5995 994 6052 quoque
1024 5977 1282 6051 pontifex
1316 5980 1451 6035 fecit
1472 5980 1645 6051 juxta
1673 5981 2029 6037 vestibulum
2063 5980 2265 6036 altaris
2298 5981 2356 6037 in
2388 5982 2655 6040 absidam
2682 5985 2810 6042 vela
2840 5987 2910 6043 de
2940 5987 3305 6062 quadrapulo
3336 6001 3578 6041 numero
3613 6031 3616 6034 .

302 6074 619 6135 duodecim
643 6093 656 6133 :
681 6075 901 6135 ibidem
923 6078 995 6136 de
1017 6076 1271 6135 blatthin
1290 6077 1416 6135 vela
1445 6095 1688 6135 numero
1711 6095 1832 6135 sex.
1854 6078 2217 6136 Venerabilis
2248 6096 2482 6154 quoque
2506 6084 2718 6155 praesul
2742 6085 2876 6141 fecit
2895 6085 2954 6141 in
2980 6084 3387 6158 ingressujam
3409 6081 3573 6138 dicta:
