3924 6458
310 369 464 433 127‘!
1466 371 1512 429 Α
1524 369 1573 428 Ν
1583 369 1884 431 ASTASII
1928 367 2582 430 BlBLIOTBECARII.
3586 368 3741 430 12⁸12

343 502 414 559 45
450 500 704 559 basilicae
736 500 1022 559 cortinam
1055 500 1338 572 majorem
1354 498 1830 566 Alexandrinam,
1856 516 1990 555 cum
2023 498 2269 556 diversis
2296 498 2579 569 historiis,
2603 503 2836 573 compte
2864 499 3228 556 decoratam.
3250 499 3447 557 Simili
3476 500 3655 556 modo
3683 504 3743 558 et

452 617 557 674 pro
579 598 938 672 quotidianis
958 597 1167 654 diebus
1191 597 1365 654 aliam
1390 597 1608 653 ibidem
1622 597 2876 664 obtulitcortinamAlexandrinam,miriﬁce
2899 598 3742 672 exornatam.Benignissimus

450 703 508 755 et
534 696 848 771 praeclarus
878 696 1135 769 pontifex
1165 695 1378 752 obtulit
1407 695 1467 750 in
1496 680 1920 769 praenominata
1959 695 2205 752 basilica
2232 697 2360 753 vela
2387 698 2522 753 alba
2550 697 2876 754 holoserica
2906 698 2967 753 in
2997 698 3225 754 trabem
3255 699 3569 771 majorem,
3605 715 3740 754 cum

451 795 720 870 perielysi
751 795 821 851 de
845 795 1372 862 fundato,numero
1402 810 1524 851 sex.
1558 794 1699 851 Vela
1729 794 1845 850 alia
1874 799 2127 867 quatuor
2146 796 2219 851 de
2242 795 2495 852 blatthin
2518 796 2806 869 Byzantea
2838 795 2975 852 alba
3003 796 3223 853 ibidem
3253 795 3564 853 constituit
3586 796 3743 853 miri-

450 895 577 950 fice.
608 894 750 949 Item
783 892 845 949 in
878 893 1085 949 absida
1113 893 1302 966 ipsius
1333 892 1587 950 basilicae
1620 893 1814 966 posuit
1840 892 1971 949 vela
1997 892 2150 963 alba,
2183 910 2319 950 cum
2351 894 2622 968 periclysi
2650 895 2721 950 de
2751 895 3017 963 fundato,
3051 912 3297 951 numero
3328 912 3449 951 sex.

521 991 676 1048 450
715 992 783 1046 Et
804 991 945 1064 quia
966 991 1119 1047 idem
1144 995 1234 1048 ter
1253 991 1635 1048 beatissimus
1658 997 1859 1064 pastor
1878 996 2105 1048 tantam
2123 1008 2350 1058 curam,
2370 996 2716 1066 tantamque
2740 991 3102 1066 vigilantiam
3125 1009 3266 1065 erga
3284 996 3478 1049 status
3499 997 3741 1049 sancta-

451 1106 581 1145 rum
605 1089 705 1145 Dei
727 1088 1108 1146 ecclesiarum
1132 1089 1468 1162 frequenter
1487 1090 1884 1163 impendebat,
1908 1091 2084 1147 etiam
2106 1091 2287 1146 altare
2310 1090 2574 1164 praesepii
2591 1092 2717 1163 jam
2742 1091 2910 1148 dictae
2933 1090 3321 1160 basilicm,seu
3340 1090 3737 1149 venerabilem

450 1186 1061 1255 confessionem,ultro
1088 1187 1352 1260 citroque
1374 1205 1442 1243 ex
1464 1205 1606 1244 auro
1628 1187 1947 1260 purissimo
1969 1205 2102 1245 cum
2126 1189 2373 1245 diversis
2394 1188 2927 1245 historiismiriﬁce
2948 1189 3201 1261 compsit
3223 1192 3399 1262 atque
3417 1189 3735 1258 decoravit,

450 1301 696 1358 pensan.
720 1285 900 1342 libras
927 1290 1163 1343 csntum
1188 1285 1430 1359 triginta
1460 1291 1714 1359 quatuor
1742 1291 1801 1343 et
1829 1287 2036 1344 uncias
2067 1291 2340 1360 quatuor.
2374 1286 2658 1344 Similiter
2686 1304 2757 1344 ex
2786 1292 3029 1360 argento
3061 1288 3365 1359 deaurato,
3388 1278 3737 1345 cum'variis

375 1385 413 1440 5
448 1383 714 1440 historiis
746 1383 963 1440 ibidem
996 1384 1202 1441 uncias
1230 1385 1454 1454 decem,
1477 1401 1721 1458 pensan.
1746 1385 1926 1442 libras
1948 1387 2234 1443 ducentas
2263 1385 2695 1460 quinquaginta
2723 1390 2977 1459 quatuor
2992 1390 3050 1443 et
3065 1385 3275 1442 uncias
3302 1388 3736 1460 quatuor.ltem

448 1481 669 1539 ibidem
700 1481 913 1538 obtulit
943 1482 1221 1554 przefatus
1255 1482 1511 1554 pontifex
1539 1483 1826 1557 gabathas
1873 1501 1943 1540 ex
1989 1500 2132 1540 auro
2182 1483 2520 1557 purissimo,
2554 1500 2690 1540 cum
2723 1482 2976 1558 gemmis
3007 1483 3274 1552 diversis,
3308 1501 3557 1541 numero
3587 1488 3731 1553 tres,

447 1596 615 1652 pens.
638 1579 818 1639 libras
840 1584 969 1637 octo
991 1585 1049 1635 et
1072 1579 1276 1638 uncias
1297 1581 1519 1638 decem.
1544 1585 1721 1637 Porro
1739 1585 1796 1637 et
1815 1580 1942 1637 vela
1963 1582 2034 1637 de
2057 1580 2319 1655 alithyno
2342 1598 2477 1637 cum
2508 1580 2780 1655 periclysi
2811 1582 2883 1639 de
2913 1580 3167 1638 blatthin
3199 1582 3483 1655 byzantea
3511 1581 3734 1638 ibidem

449 1678 667 1751 posuit.
693 1677 795 1734 Hic
817 1694 982 1735 sacer
1010 1677 1254 1735 antistes
1285 1679 1360 1735 ob
1391 1677 1644 1735 nimium
1676 1678 1870 1735 cordis
1893 1696 2157 1736 amorem
2187 1679 2325 1736 fecit
2357 1679 2417 1735 in
2445 1678 2693 1736 ecclesia
2720 1680 2904 1736 beatae
2937 1678 3178 1735 Caecilia;
3207 1682 3428 1737 vestem
3458 1679 3533 1735 de
3560 1678 3732 1753 chry-

449 1776 701 1844 soclavo,
732 1776 1046 1833 habentem
1078 1775 1387 1833 historiam
1416 1776 1734 1834 Dominicsa
1764 1778 2211 1834 resurrectionis
2240 1777 2474 1835 Domini
2500 1777 2689 1834 nostri
2714 1777 2857 1834 Jesu
2888 1777 3125 1845 Christi,
3158 1777 3405 1834 miriﬁce
3433 1777 3733 1851 depictam

341 1874 411 1931 40
448 1878 625 1947 atque
654 1877 1015 1931 exornatam.
1050 1873 1180 1947 Ipse
1206 1891 1340 1931 vero
1370 1892 1405 1931 a
1438 1875 1555 1931 Deo
1586 1880 1889 1949 protectus
1926 1875 2279 1932 venerabilis
2322 1880 2380 1931 et
2421 1875 2739 1949 praeclarus
2768 1876 3047 1949 pontifex,
3072 1875 3545 1949 propitiatorium
3577 1876 3732 1932 sacri

448 1971 650 2029 altaris
680 1971 835 2030 beati
865 1970 1017 2028 Petri
1052 1972 1454 2045 apostolorum
1487 1972 1792 2046 principis,
1827 1973 1928 2029 ubi
1959 1973 2429 2030 sacratissimum
2479 1991 2693 2047 corpus
2735 1974 2867 2046 ejus
2898 1973 3170 2046 quiescit,
3203 1973 3633 2047 spanoclistum
3661 1991 3735 2031 ex

447 2087 590 2127 auro
621 2069 798 2139 fulvo,
822 2086 958 2126 cum
981 2068 1227 2127 diversis
1247 2070 1513 2129 historiis
1543 2071 1842 2144 depictum
1874 2076 2050 2145 atque
2081 2071 2328 2128 miriﬁce
2357 2072 2719 2141 decoratum,
2743 2088 2909 2145 pens.
2943 2070 3127 2129 libras
3155 2071 3460 2129 ducentas.
3496 2072 3641 2129 Item
3669 2072 3731 2129 in

437 2168 567 2241 jam
597 2169 756 2225 dicta
780 2168 1028 2226 ecclesia
1056 2169 1130 2225 ob
1161 2185 1421 2227 amorem
1468 2170 1734 2242 ejusdem
1786 2170 1883 2226 Dei
1929 2168 2178 2243 apostoli
2223 2169 2471 2226 fautoris
2500 2170 2592 2227 sui
2623 2169 2840 2226 obtulit
2864 2168 2994 2226 vela
3016 2169 3395 2243 chrysoclava
3421 2187 3528 2244 per
3555 2186 3731 2227 arcus

448 2267 815 2340 presbyterii,
842 2266 1121 2324 habentia
1177 2266 1489 2325 historiam
1547 2267 1866 2325 Dominicze
1921 2267 2215 2341 passionis
2244 2284 2311 2324 ac
2344 2268 2792 2325 resurrectionis
2834 2268 3069 2325 Domini
3098 2268 3284 2325 nostri
3312 2268 3455 2326 Jesu
3486 2268 3728 2339 Christi,

337 2363 408 2421 15
445 2381 693 2422 numero
724 2364 1117 2438 quadraginta
1139 2382 1259 2423 sex.
1288 2366 1507 2423 Pariter
1527 2370 1585 2422 et
1608 2366 1667 2422 in
1691 2365 1940 2423 ecclesia
1959 2366 2265 2423 beatorum
2296 2371 2622 2440 martyrum
2653 2367 2875 2424 Cosme;
2904 2371 2963 2424 et
2990 2367 3279 2437 Damiani,
3311 2366 3371 2424 in
3400 2367 3496 2424 via
3525 2367 3728 2436 Sacra,

449 2462 587 2519 feeit
614 2466 835 2519 vestem
867 2462 1255 2519 holosericam
1286 2462 1680 2537 pulcherrime
1705 2469 2001 2537 comptam
2032 2469 2209 2537 atque
2240 2466 2597 2521 decoratam.

517 2561 667 2618 451
713 2561 1180 2635 Benignissimus
1209 2561 1426 2619 etenim
1457 2561 1673 2635 praesul
1705 2562 1841 2619 fecit
1872 2562 2203 2619 inbasiliea
2248 2564 2431 2619 beatae
2480 2562 2582 2619 Dei
2630 2562 2939 2620 Genitricis
2975 2562 3235 2637 Virginis
3264 2579 3499 2636 semper
3529 2562 3730 2619 Maris

445 2658 695 2714 dominas
718 2663 929 2715 nostrae
951 2660 1025 2715 ad
1049 2659 1309 2732 Praesepe
1331 2660 1619 2733 gabathas
1648 2677 1717 2717 ex
1746 2677 1911 2728 auro,
1936 2660 2184 2718 diversis
2216 2662 2468 2734 gemmis
2496 2667 2757 2730 ornatas,
2791 2677 3035 2729 numero
3058 2661 3228 2729 duas,
3260 2677 3508 2733 pensan.
3541 2661 3728 2717 libras

445 2772 565 2811 sex.
594 2756 737 2812 Item
762 2756 841 2811 ibi
866 2756 993 2829 ipse
1014 2756 1229 2813 obtulit
1260 2756 1577 2829 gabatham
1610 2757 1993 2831 apostolicam
2020 2776 2090 2815 ex
2110 2776 2253 2815 auro
2286 2759 2626 2832 purissimo,
2653 2776 2895 2832 pcnsan.
2918 2758 3098 2815 libras
3121 2758 3406 2831 quinque.
3440 2759 3588 2815 Item
3623 2760 3726 2816 ubi

441 2870 622 2926 supra
643 2854 778 2909 fecit
800 2853 1267 2926 pharacantbara
1297 2872 1365 2911 ex
1392 2860 1634 2929 argento
1667 2872 1913 2913 numero
1944 2861 2096 2926 octo,
2130 2874 2377 2930 pensan.
2402 2857 2648 2914 insimul
2679 2857 2861 2915 libras
2884 2856 3224 2930 octuaginta
3243 2857 3414 2913 duas.
3439 2856 3526 2913 Ob
3557 2873 3727 2914 amo-

368 2951 415 3006 5.
442 2968 565 3007 rem
588 2968 821 3024 quoque
842 2953 1107 3024 ejusdem
1131 2951 1382 3009 domina:
1406 2957 1619 3010 nostra:
1636 2954 1848 3011 obtulit
1869 2954 1927 3010 in
1937 2956 2067 3027 jam
2088 2956 2248 3012 dicta
2273 2955 2519 3012 basilica
2546 2955 2855 3013 columnas
2885 2959 3163 3030 quatuor,
3183 2958 3243 3010 et
3270 2970 3475 3011 arcum
3509 2972 3721 3024 unum,

440 3065 686 3121 pensan.
719 3049 963 3106 insimul
994 3049 1175 3107 libras
1204 3050 1530 3125 sexaginta.
1564 3051 2069 3125 Smpenominatus
2096 3054 2323 3109 etenim,
2364 3054 2625 3127 pontifex
2669 3054 2808 3110 fecit
2851 3053 2913 3108 in
2956 3051 3270 3109 venerabili
3317 3050 3486 3107 altari
3535 3052 3724 3125 ipsius

441 3147 699 3203 ecclesia:
729 3152 947 3205 vestem
980 3147 1527 3215 albam,habentem
1550 3148 1608 3204 in
1629 3149 1821 3207 medio
1847 3167 2080 3207 crucem
2111 3151 2184 3208 de
2213 3151 2608 3225 cbrysoclavo,
2633 3151 2882 3208 diversis
2909 3149 3165 3225 gemmis
3192 3148 3638 3221 circumsutam,
3667 3155 3725 3207 et

441 3244 883 3318 pulchritudine
914 3246 1472 3314 exornatam,aliam
1502 3263 1739 3321 quoque
1770 3247 1989 3305 ibidem
2016 3253 2336 3306 annectens
2363 3254 2582 3306 vestem
2614 3250 2687 3306 de
2717 3248 2970 3307 blatthin
3000 3248 3304 3322 byzantea,
3336 3246 3515 3303 simili
3547 3249 3720 3309 modo

443 3360 577 3399 cum
608 3360 779 3400 cruce
801 3345 871 3400 de
892 3343 1288 3418 chrysoclavo,
1314 3344 1561 3403 diversis
1578 3345 2314 3418 lapidibusbonestissime
2334 3348 2691 3404 decoratam.
2707 3346 2866 3404 Fecit
2884 3345 3062 3403 etiam
3076 3345 3449 3402 adornatum
3468 3345 3720 3417 praefata

338 3443 405 3498 10
442 3441 700 3498 ecclesiae
726 3441 855 3499 vela
884 3442 955 3499 de
985 3442 1360 3517 chrysoclavo
1410 3460 1514 3516 per
1560 3461 1733 3501 arcus
1781 3445 2150 3518 presbyterii,
2182 3444 2462 3502 habentia
2510 3445 2831 3502 historiam.
2870 3442 3178 3501 Dominica
3221 3441 3518 3516 passionis
3544 3447 3721 3515 atque

440 3539 885 3597 resurrectionis
916 3540 1150 3596 Domini
1182 3541 1364 3597 nostri
1395 3541 1535 3597 Jesu
1558 3541 2045 3598 Christi.Necnon
2068 3547 2126 3598 et
2149 3544 2207 3599 in
2233 3544 2457 3599 trabem
2492 3544 2776 3616 majorem
2800 3542 3016 3616 saepius
3037 3541 3205 3599 dicta
3227 3539 3483 3598 ecclesia
3506 3539 3722 3597 obtulit

435 3637 576 3695 vela'
591 3636 728 3706 alia,
752 3656 887 3694 cum
921 3638 1189 3712 periclysi
1222 3640 1293 3695 de
1325 3639 1710 3712 quadrapulo,
1744 3657 1990 3697 numero
2021 3657 2143 3697 sex.
2179 3641 2322 3697 Item
2350 3641 2410 3697 in
2442 3642 2639 3697 trabes
2672 3640 2861 3713 ipsius
2889 3639 3145 3697 basilica:
3174 3637 3469 3695 fecitvela
3497 3638 3570 3694 de
3594 3638 3720 3694 fun-

435 3736 590 3805 dato,
626 3753 870 3793 numero
902 3740 1149 3809 septem.
1175 3736 1402 3794 Obtulit
1429 3736 1608 3794 etiam
1640 3737 1768 3795 vela
1796 3737 2125 3795 holoserica
2153 3738 2211 3794 in
2244 3739 2492 3795 circuitu
2542 3731 2745 3796 altaris
2766 3739 2895 3811 jam
2925 3738 3094 3794 dieue
3124 3736 3407 3805 ecclesia,
3440 3735 3723 3793 habentia

433 3833 748 3907 periclysin
780 3835 853 3893 de
884 3834 1276 3908 quadrapulo,
1308 3852 1553 3893 numero
1585 3840 1860 3909 quatuor.
1888 3836 2273 3894 Venerabilis.
2304 3853 2553 3910 quoque.
2586 3836 2800 3910 praesul
2851 3836 2989 3893 fecit
3033 3835 3094 3893 in
3129 3834 3380 3893 ecclesia
3408 3834 3595 3891 beata
3618 3833 3723 3891 Dei

324 3933 395 3988 i5
433 3930 764 4000 Genitricis,
798 3949 977 4004 quam
1020 3937 1231 3989 vocant
1277 3932 1666 4003 Dominicam,
1701 3950 1881 4007 rugas
1926 3951 1999 3991 ex
2044 3939 2505 4007 argento,.pens.
2539 3934 2721 4005 libras
2771 3933 3087 4009 sexaginta.
3103 3949 3225 3991 sex.
3258 3932 3418 3991 Fecit
3445 3930 3712 3988 etiamin

428 4027 676 4085 ecclesia
697 4029 878 4085 beatae
899 4029 1000 4086 Dei
1022 4028 1335 4086 Genitricis
1357 4029 1552 4087 Mariae
1574 4030 1827 4088 dominae
1847 4035 2085 4100 nostras,
2106 4032 2221 4089 sita
2241 4032 2474 4089 Savinis
2493 4031 2550 4088 in
2579 4030 2898 4106 episcopio,
2918 4036 3144 4089 vestem
3178 4032 3251 4087 de
3280 4030 3548 4096 fundato,
3580 4045 3717 4086 cum

430 4125 702 4200 periclysi
731 4127 804 4183 de
833 4126 1083 4184 blatthin
1117 4129 1419 4202 Byzantea.
1454 4128 1558 4185 Hic
1583 4130 1837 4203 denique
1867 4130 2067 4187 divina
2091 4130 2394 4187 vocatione
2424 4131 2739 4188 defunctus
2766 4134 2877 4187 est.
2910 4128 3193 4203 Sepultus
3218 4145 3352 4185 vero
3380 4125 3720 4184 in-ecelesia

431 4226 587 4281 beati
617 4225 767 4282 Petri
799 4225 1246 4299 apostoli.Fecit
1269 4230 1468 4282 autem
1500 4226 1897 4285 ordinationes
1927 4229 2297 4296 duas,unam
2329 4228 2568 4301 quidem
2602 4246 2706 4301 per
2736 4244 3000 4285 mensem
3033 4226 3429 4293 Decembrem,
3449 4229 3508 4281 et
3538 4223 3715 4281 aliam

430 4340 535 4396 per
566 4340 830 4381 mensem
865 4324 1165 4392 Martium,
1202 4325 1645 4398 presbyteros...
1669 4325 1948 4383 diaconos
1987 4343 2107 4394 sex,
2132 4326 2445 4399 episcopos
2470 4343 2581 4400 per
2603 4327 2841 4383 diversa
2864 4325 2994 4383 loca
3021 4341 3336 4381 numero...
3368 4324 3441 4380 Et
3469 4321 3718 4381 cessavit

318 4422 391 4477 20
428 4421 800 4495 episcopatus
830 4422 962 4494 ejus
991 4422 1116 4478 dies
1148 4426 1401 4495 quatuor
1429 4422 1490 4477 in
1520 4438 1723 4482 mense
1750 4423 2053 4492 Januario,
2079 4423 2397 4481 indictione
2427 4424 2639 4498 prima.

1643 4564 1889 4622 VARLE
1930 4565 2345 4639 LECTIONES.

558 4667 713 4740 Apud
742 4671 1079 4737 Fabrottum,
1112 4687 1183 4726 ex
1210 4670 1390 4729 codice
1416 4671 1668 4729 Freheri.
1965 4674 2022 4740 Α
2122 4675 2270 4729 Num
2297 4673 2421 4740 450,
2455 4671 2541 4727 lin
2568 4672 2623 4739 5,
2658 4671 2878 4743 ibidem
2903 4669 3130 4743 junxit,
3158 4685 3322 4743 pene.
3356 4665 3491 4743 libr.
3523 4669 3652 4743 25}.

2121 4747 2266 4816 Num
2295 4738 2420 4816 {1571,
2451 4744 2535 4816 [in
2562 4738 2617 4812 3,
2650 4738 3060 4816 apostolatam.
3111 4738 3196 4797 1ίῆ
3245 4740 3332 4810 12,
3383 4738 3511 4797 vela
3552 4739 3704 4796 alba.

326 4812 502 4896 .Ntfm
532 4811 656 4896 430,
923 4810 1069 4896 tanti
1102 4811 1286 4896 studii
1314 4811 1672 4896 pervigilLet
1708 4812 1940 4896 religio-
2051 4812 2134 4870 lin
2168 4815 2254 4882 I6,
2288 4813 2545 4871 Sabinis.

282 4882 763 5001 Eiisigre‘votusdm
798 4884 1056 4951 13,unde
1087 4899 1188 4955 qui
1219 4882 1935 4952 sxbimet.lzn28,omn1um
2290 4930 2385 4984 Ex
2413 4928 2594 4986 codice
2619 4930 2806 5001 Regio,
2835 4927 3116 4985 "dum
3142 4935 3195 4984 et
3227 4926 3467 4983 “meum.

281 4968 647 5106 ωἲνξξᾎβί,
689 5027 772 5106 (in
824 5026 914 5106 t3,
962 5041 1275 5106 cameram.
1336 5027 1422 5106 litt
1611 5025 1714 5106 lib:
1769 5026 1838 5106 l2
1883 5032 1942 5083 et
2100 5024 2262 5106 ‘Nam
2292 5027 2416 5106 430,
2451 5028 2535 5082 lin
2569 5028 2618 5092 1,
2653 4968 2946 5106 mvens._3,
2997 5025 3054 5081 d.
3107 5023 3329 5106 Qui
3361 5039 3395 5079 a
3426 5003 3703 5095 primaevo

282 5095 483 5179 semis.
518 5098 600 5151 ιίη
626 5097 746 5166 ead,
782 5097 988 5154 uncias
1039 5101 1178 5153 tres.
1228 5100 1310 5154 ιίη
1354 5099 1445 5166 23,
1477 5096 1610 5153 libr.
1644 5098 1712 5154 43
1735 5103 1792 5154 et
1824 5115 1938 5155 un-
2045 5101 2201 5171 aetat.
2233 5115 2343 5179 suo
2392 5104 2674 5179 tempore.
2710 5098 2815 5179 lin.
2856 5097 2927 5179 5,,
2958 5095 3230 5179 presbyt.
3275 5094 3497 5179 honor.
3557 5110 3703 5179 cqu-

281 5165 402 5221 cias
430 5170 485 5220 2.
1090 5237 1094 5238 ί
2045 5166 2189 5225 secr.
2225 5174 2408 5233 Quem
2454 5165 2621 5236 dum,
2671 5175 2806 5237 etc.,
2853 5176 2916 5224 ut
2951 5165 3035 5223 ιῖη
3062 5167 3118 5222 9.
3153 5165 3236 5223 lin
3269 5167 3355 5223 10.
3389 5181 3564 5238 quem
3596 5165 3702 5221 do-

349 5238 493 5292 Num
525 5238 650 5312 433,
684 5241 765 5298 ιίη
793 5239 847 5312 6,
884 5237 1148 5312 extinxit.
1181 5241 1261 5295 ιὶη
1297 5242 1344 5307 7,
1380 5239 1654 5311 perstitit.
2045 5257 2222 5296 mnus
2243 5246 2332 5296 ter
2353 5239 2729 5312 beatissimus
2752 5256 2903 5312 papa
2923 5237 3122 5312 Steph.
3140 5238 3385 5312 prmdec.
3408 5237 3539 5312 ejus
3561 5252 3698 5312 cum

350 5255 493 5292 num
525 5255 650 5305 43.5,
684 5255 765 5298 ιιη
793 5255 847 5304 o,
884 5255 1148 5294 cxtmxu.
1181 5255 1261 5295 un
1304 5255 1344 5307 ι,
1380 5255 1654 5311 perstitit.
2045 5257 2222 5296 mnus
2243 5255 2332 5296 ter
2354 5255 2729 5297 neaussxmus
2752 5256 2903 5312 papa
2923 5255 3020 5294 me
3066 5255 3385 5311 n.prmaec.
3410 5255 3539 5309 ejus
3561 5255 3698 5291 cum

350 5313 499 5390 Itium
683 5312 764 5390 lin
792 5311 846 5390 3,
876 5308 1157 5390 vallaris._
1236 5381 1288 5390 ,Δ
1484 5382 1499 5390 _
1659 5381 1671 5390 _
1749 5384 1809 5390 η
1858 5383 1896 5390 __
2044 5312 2193 5390 tanti
2242 5312 2451 5390 studii_
2482 5311 2843 5384 pervigilem.
2877 5255 3080 5390 litati),
3110 5308 3569 5390 tam—ei..m.nlin

350 5382 500 5433 Num
530 5381 653 5462 {136,
688 5383 769 5435 lin
801 5386 853 5447 8,
890 5397 1080 5437 cruce.
1113 5384 1196 5437 lin
1233 5381 1247 5436 Ι
1260 5383 1313 5449 0,
1346 5381 1714 5455 quadrapulo
1745 5383 1935 5439 201m
2043 5377 2510 5508 protomartyris,
2534 5377 2840 5508 quamque
2860 5380 3329 5453 majoremjuxta
3348 5377 3518 5460 basil.
3545 5378 3698 5434 beati

351 5492 361 5508 .
398 5455 707 5506 cortinam.
2086 5460 2191 5508 etri
2219 5472 2402 5508 nrmc.
2428 5461 2613 5508 anost.
2637 5472 2734 5508 ecc-
2762 5470 2943 5508 calam
2968 5452 3040 5507 ad
3065 5468 3183 5508 r82.
3208 5455 3525 5508 commtett.
3543 5449 3697 5505 Dum

280 5448 725 5527 ίὲιηοονίξηεμηις-
796 5525 804 5527 _
898 5523 937 5527 ,,
1302 5448 1323 5527 ν,
1364 5448 1382 5453 -
1485 5524 1514 5527 η
1548 5448 1593 5527 μ’
1728 5523 1738 5527 _
2043 5448 2402 5527 Petriprinc.
2428 5448 2613 5526 ap'ost.
2637 5448 3047 5527 ecclesiamfad‘
3065 5448 3183 5527 reg:
3208 5449 3525 5527 commisit.
3543 5449 3697 5505 Dum

346 5524 645 5599 Ajamgt27,
678 5524 760 5599 μή
792 5525 845 5590 5,
881 5523 1170 5579 dicentem
1205 5523 1422 5579 multas
1453 5524 1557 5580 tibi
1591 5523 1932 5597 gratiath'n
2039 5542 2178 5599 ergo
2210 5519 2382 5599 tanta?
2415 5519 2578 5581 bonae
2608 5543 2766 5599 oper.
2801 5526 2882 5597 (ut
2911 5524 2995 5578 lin
3026 5522 3115 5591 49)
3130 5519 3459 5599 praecipue,
3500 5519 3693 5599 longe,

271 5588 325 5653 6,
352 5594 767 5675 ‘frustra‘torlis.
787 5588 841 5675 _V
1003 5668 1011 5675 ι
1101 5670 1109 5675 Δ
1163 5665 1198 5675 __
1592 5588 1623 5597 ν
2038 5588 2269 5675 lateque
2298 5588 2663 5675 discurreret.
2682 5588 2859 5675 fama,
2883 5600 2943 5675 et
2962 5588 3123 5650 omn.
3146 5588 3261 5649 Dei
3293 5588 3413 5675 reg.
3444 5609 3565 5675 sua
3588 5588 3696 5664 piae

342 5662 485 5741 {ltum
516 5665 640 5741 {1536,
675 5667 754 5741 ζιξη
784 5668 840 5741 3,
877 5665 1222 5741 praetextati.
2038 5662 2305 5724 Ecclesia;
2337 5669 2446 5724 sub
2499 5665 2945 5741 gubernationis
2973 5681 3138 5734 cura,
3170 5681 3309 5741 ann.
3342 5662 3544 5741 (Inﬁt,
3572 5662 3699 5741 una

340 5732 482 5811 {iam
517 5736 638 5811 {439,
674 5737 758 5811 (in
789 5732 842 5803 8,
871 5732 1125 5811 inensis.
1191 5809 1227 5811 ἡ
1294 5806 1341 5811 η
1523 5808 1539 5811 Α
1604 5808 1612 5811 _
1678 5810 1683 5811 ί
1867 5808 1878 5811 Α
2036 5756 2199 5811 conc.
2224 5732 2545 5811 eademque
2575 5738 2688 5794 vol.
2722 5739 2806 5795 lin
2830 5739 2923 5811 23,
2949 5732 3231 5811 pont.'est
3256 5733 3694 5791 elev.0mnium

291 5806 483 5876 “Num
515 5805 637 5871 440,
672 5808 753 5861 lin
783 5812 836 5876 2,
871 5807 1006 5862 libr.
1037 5810 1155 5864 154.
1182 5809 1267 5863 lin
1292 5806 1371 5873 l2,
1406 5808 1636 5863 exafoti.
1669 5810 1748 5865 lin
1776 5808 1922 5876 δαείη
2035 5810 2250 5865 etenim
2282 5805 2698 5873 Ecclesiarum.
2732 5818 2794 5865 ut
2823 5808 2905 5864 lin
2936 5805 3027 5863 28.

263 5862 835 5962 ιευλλελριμμιρδίρεεξ
948 5961 953 5962 ί
1360 5862 1370 5873 ’
2040 5862 2249 5962 “tam
2281 5862 3012 5962 ῐέςετιὶξιῖίζάιέέδίης.
3074 5877 3166 5951 (π,
3215 5893 3345 5959 (με
3393 5881 3453 5931 et
3498 5875 3695 5962 dilig.)

335 5946 483 6029 quia
671 5945 753 6029 {in
780 5950 836 6029 ἶ,
872 5947 1127 6029 mons-is.
2034 5952 2202 6029 lin_3,
2235 5951 2556 6029 ampliavit.
2579 5945 3693 6029 Captivosubicunquejnvenqpotefat

874 6023 1233 6109 οξῇνέῖῗξξδξχμ
1957 6045 1998 6109 Β
2029 6011 2714 6109 g‘vinculis'absolveb'a't.
2740 6021 3060 6109 Ec‘clesiam
3085 6011 3691 6109 etenimibeatissjmaa

342 6080 483 6133 Num
513 6081 637 6147 449,
666 6082 749 6136 lin
778 6084 869 6152 41,
900 6082 1132 6141 tabulas
1162 6086 1254 6139 de.
1957 6080 1998 6109 υ
2027 6092 2244 6149 Christi
2290 6093 2564 6165 martyris
2613 6093 2921 6164 Praxedis,
2942 6110 3079 6165 quae
3130 6086 3440 6164 quondm
3478 6083 3690 6164 priscis
