3924 6398
138 375 307 440 1277
838 378 1213 442 HISTORIA
1258 380 1362 442 DE
1402 380 1605 444 VlTIS
1652 379 1843 442 ROM.
1892 381 2220 441 PON'l‘.—
2251 375 2751 439 VALENTINUS
2796 374 2875 437 II.
3409 369 3565 433 1278

290 509 645 568 inmanibus
661 512 930 585 gestabat
947 513 1241 581 ardentes,
1265 514 1438 570 verbo
1462 513 1682 571 scilicet
1700 513 2028 569 luculenter
2053 512 2368 585 refulgens,
2396 517 2453 567 et
2471 517 2604 566 actu
2631 508 2906 566 doctrinae
2930 506 3148 580 pariter
3168 522 3409 562 munere
3431 521 3565 561 cum

174 608 252 665 45
290 608 608 683 magnifico
638 608 904 682 exemplo
934 609 1248 667 laudabilis
1280 612 1495 668 indicio
1525 614 1891 683 coruscabat,

363 708 521 764 454
551 708 818 780 Superna
841 724 1075 780 quoque
1107 709 1207 765 Dei
1239 710 1555 765 auxiliante
1575 710 1807 777 virtute,
1832 728 1967 766 cum
1992 712 2117 781 jam
2145 710 2404 782 perfectae
2432 708 2666 764 initium
2692 705 3047 777 sumpsisset
3065 702 3272 766 (etatis,
3298 706 3356 757 et
3378 700 3565 773 ipsius

289 805 573 861 bonitatis
602 808 776 877 atque
807 806 1146 878 sagacitatis
1176 808 1335 862 favor
1366 806 1535 880 longe
1564 807 1795 880 lateque
1828 809 2020 863 thuris
2049 807 2318 863 odoriferi
2368 808 2555 861 instar
2586 806 2889 877 fragraret,
2941 806 2999 857 et
3030 817 3202 857 aures
3233 797 3565 855 beatissimi

287 901 559 975 prasulis
578 903 686 974 pia
709 904 1001 959 memoria:
1032 904 1233 959 domni
1265 904 1561 960 Paschalis
1591 922 1657 960 ex
1689 905 1949 961 fidelium
1973 905 2155 961 relatu
2178 903 2427 959 veridico
2452 902 2824 958 enucleanter
2858 898 3170 973 pulsasset,
3195 913 3467 969 eumque,
3499 898 3566 952 ut

287 998 544 1072 populus
574 999 966 1071 collaudabat,
1001 1002 1121 1057 fore
1151 1002 1210 1057 in
1240 1001 1517 1057 omnibus
1548 1001 1835 1057 illustrem
1867 1007 1925 1057 et
1956 1002 2240 1075 inclytum
2262 1000 2540 1057 veraciter
2558 998 2887 1055 didicisset:
2915 1013 3049 1052 mox
3072 994 3238 1049 illum
3259 1010 3361 1066 per
3380 992 3566 1049 eccle-

209 1097 250 1153 5
288 1096 560 1154 siasticos
590 1098 810 1170 gradus
841 1098 915 1154 ad
944 1099 1406 1155 subdiaconatus
1435 1100 1713 1157 honorem
1744 1100 2009 1172 provexit
2028 1118 2095 1155 ex
2114 1098 2489 1155 Lateranensi
2511 1097 2724 1171 palatio
2748 1100 2804 1152 et
2825 1094 2937 1151 sibi
2959 1091 3248 1149 deservire
3266 1090 3560 1165 prazcepit.

287 1194 473 1267 Cujus
496 1196 952 1252 conversationis
977 1201 1033 1253 et
1064 1198 1357 1269 patientiae
1389 1197 1567 1253 vitam
1600 1215 1665 1253 ac
1699 1215 1890 1254 mores
1923 1200 2045 1270 ipse
2076 1215 2425 1270 agnoscens,
2454 1197 2620 1253 valde
2650 1194 2819 1250 illum
2854 1210 2968 1266 prae
3002 1190 3224 1248 caeteris
3256 1189 3559 1262 diligebat.

291 1293 614 1350 Przedictus
644 1297 842 1349 autem
872 1293 978 1362 vir,
1012 1295 1201 1367 gratia
1231 1295 1483 1368 desuper
1510 1296 1709 1351 divina
1738 1297 1964 1351 favente
1996 1296 2090 1351 cui
2121 1313 2183 1352 se
2213 1300 2333 1351 tota
2381 1295 2598 1350 mentis
2628 1292 2931 1349 devotione
2979 1290 3320 1362 integraque
3348 1286 3563 1342 virtute

288 1390 614 1461 devoverat,
646 1391 906 1448 veritatis
936 1396 994 1448 et
1024 1392 1322 1465 sapientia:
1352 1392 1562 1465 plenus
1592 1393 1813 1449 lumine
1845 1394 2209 1449 coruscabat.
2243 1394 2378 1448 Erat
2404 1391 2561 1448 enim
2583 1407 2851 1447 sermone
2875 1387 3145 1454 aﬂ‘abilis,
3170 1385 3436 1442 doctrina
3450 1382 3564 1439 cla-

289 1504 413 1555 rus,
444 1487 610 1544 vultu
642 1489 1018 1561 conspicuus,
1050 1495 1106 1545 et
1136 1490 1288 1545 inter
1315 1490 1524 1547 fratres
1556 1491 1652 1563 pia
1682 1491 1987 1547 devotione
2016 1492 2317 1547 modestus
2340 1489 2738 1562 proximisque
2758 1486 2968 1542 ﬁdelis.
2992 1484 3181 1541 Nullis
3200 1500 3332 1539 vero
3355 1499 3417 1538 se
3438 1480 3563 1554 qui-

170 1584 249 1641 40
288 1585 399 1641 bus
431 1585 648 1658 aliquis
678 1586 765 1642 vel
798 1586 1000 1643 leviter
1031 1588 1499 1656 contristaretur,
1529 1588 1723 1660 sagaci
1757 1594 1985 1661 pectore
2013 1588 2217 1654 fultus,
2254 1587 2503 1660 negotiis
2534 1585 2895 1659 implicabat.
2937 1583 3082 1639 Cum
3116 1582 3394 1654 praeterea
3423 1594 3558 1635 eum

284 1687 376 1739 tot
394 1682 566 1740 bonis
582 1683 881 1756 tantisque
897 1701 1140 1757 operum
1164 1685 1387 1741 meritis
1407 1686 1739 1759 przestantis
1753 1687 2013 1758 corporis
2029 1686 2274 1742 formam
2294 1684 2619 1757 elegantem
2631 1686 2757 1756 jam
2776 1683 2965 1739 dictus
2989 1679 3244 1754 pontifex
3264 1680 3561 1735 ornatum-

283 1796 400 1853 que
431 1780 764 1853 inspiceret,
799 1780 1033 1837 levitam
1064 1782 1222 1838 sedis
1254 1800 1371 1838 sua:
1404 1783 1733 1856 apostolica:
1766 1784 2142 1839 consecravit.
2174 1782 2275 1838 Cui
2307 1784 2380 1838 ob
2413 1800 2530 1838 suae
2578 1782 2708 1837 vitae
2740 1780 3038 1847 meritum,
3088 1794 3203 1850 quo
3253 1774 3559 1848 splendide

281 1877 585 1946 rutilabat,
619 1883 677 1934 et
704 1878 777 1935 ab
800 1879 959 1935 omni
981 1878 1247 1936 Ecclesiae
1272 1880 1459 1953 plebe,
1482 1886 1655 1954 atque
1674 1881 1885 1954 inclyto
1904 1882 2299 1937 Romanorum
2316 1880 2531 1953 populo
2550 1884 2700 1935 coetu
2718 1878 2941 1951 ingenti
2967 1876 3321 1949 diligebatur
3339 1887 3556 1940 amore,

280 1975 439 2031 bona
466 1980 523 2032 et
552 1976 835 2032 beneficia
863 1977 1051 2033 multa
1078 1976 1345 2050 largiflue
1377 1978 1646 2045 contulit,
1678 1996 1931 2051 eumque
1957 1978 2334 2051 postmodum
2365 1978 2780 2034 archiaconum
2812 1974 2964 2031 fecit.
2991 1976 3114 2040 Quo
3144 1988 3285 2029 sane
3312 1967 3559 2043 praesule

168 2074 244 2129 15
281 2072 517 2129 Christo
537 2072 786 2144 jubente
817 2073 1079 2131 culmina
1108 2076 1423 2131 scandente
1456 2075 1741 2132 coelestia.
1766 2076 2063 2149 Eugenius
2087 2082 2228 2131 tunc
2251 2075 2568 2148 pontificali
2600 2080 2688 2130 est
2709 2076 2780 2129 ab
2802 2073 3079 2129 omnibus
3099 2070 3358 2125 elevatus
3380 2068 3438 2122 in
3463 2067 3562 2123 ho-

281 2186 448 2242 nore,
480 2175 538 2226 et
564 2171 794 2243 positus
822 2171 884 2227 in
915 2172 1052 2228 sede
1082 2173 1421 2245 apostolica.
1456 2174 1561 2241 Qui
1589 2190 1724 2229 eum
1755 2174 2004 2241 cunctis,
2039 2191 2165 2245 qua
2189 2173 2465 2241 diximus,
2490 2173 2659 2229 bonis
2682 2173 3020 2227 decoratum
3044 2168 3367 2224 luculenter
3386 2180 3559 2238 agno-

279 2284 476 2336 scens,
510 2269 670 2325 omni
700 2268 830 2324 vita
861 2287 980 2325 sua;
1010 2274 1272 2343 tempore
1302 2271 1785 2328 charissimorum
1814 2272 1937 2327 vice
1969 2272 2230 2337 retinuit,
2253 2277 2310 2327 et
2326 2271 2483 2326 velut
2512 2275 2678 2344 pater
2698 2269 2932 2342 proprio
2959 2267 3078 2322 filio
3099 2265 3270 2321 corde
3297 2278 3557 2335 congau-

277 2365 460 2421 debat
490 2363 692 2433 alacri,
727 2366 972 2441 suisque
1004 2368 1340 2440 aspectibus
1377 2369 1542 2424 illum
1576 2370 1811 2425 assidue
1842 2370 2160 2425 consistere
2211 2369 2504 2441 cupiebat.
2558 2369 2793 2424 Peracto
2824 2383 2956 2422 vero
2986 2381 3052 2420 ac
3083 2362 3365 2419 divinitus
3391 2359 3557 2415 finito

276 2461 464 2536 hujus
493 2464 763 2536 praesulis
796 2463 945 2521 lucis
978 2466 1342 2522 transeuntis
1376 2468 1646 2535 termino,
1682 2468 1753 2523 ad
1787 2485 1962 2523 sacrm
1998 2467 2153 2522 sedis
2185 2466 2446 2522 culmina
2476 2466 2668 2521 omnis
2700 2466 3099 2519 Romanorum
3123 2466 3306 2517 ccetus
3336 2457 3557 2515 crebris

160 2560 239 2615 2O
276 2558 598 2617 Dominum
619 2561 867 2634 jejuniis
896 2566 954 2618 et
980 2563 1342 2619 orationibus
1372 2564 1713 2636 deprecans,
1738 2570 1805 2621 ut
1835 2565 1969 2637 quis
1998 2569 2171 2620 tantae
2201 2564 2359 2620 sedis
2391 2564 2609 2619 honore
2640 2562 2857 2634 dignus
2890 2561 3036 2616 foret
3057 2575 3261 2614 eorum
3283 2555 3557 2612 sensibus

277 2656 534 2714 revelare
563 2658 925 2732 dignaretur.
960 2661 1071 2716 Sed
1104 2660 1301 2717 divina
1338 2661 1563 2733 placata
1596 2664 1895 2734 majestas,
1928 2679 2105 2735 quem
2136 2680 2204 2718 ex
2233 2660 2579 2717 sacerdotali
2602 2660 2686 2715 eis
2707 2659 2970 2731 catalogo
2992 2656 3327 2730 eligendum
3346 2669 3557 2709 arcano

271 2771 395 2811 sum
425 2756 694 2829 potentia
725 2761 872 2814 nutu
904 2758 1254 2826 ostenderet,
1287 2759 1399 2816 nisi
1420 2777 1577 2828 eum,
1602 2777 1780 2832 quem
1796 2762 1868 2816 ab
1890 2761 2034 2833 ipsis
2054 2761 2259 2816 matris
2278 2759 2558 2816 uberibus
2578 2762 2664 2814 tot
2683 2755 3041 2829 supradictis
3063 2755 3350 2810 virtutum
3374 2750 3558 2824 copiis

276 2857 336 2908 et
364 2852 764 2926 pulcherrimo
796 2855 1196 2912 doctrinarum
1228 2857 1367 2913 ﬂore
1399 2862 1723 2929 ornaverat,
1756 2863 1929 2930 atque
1960 2862 2329 2914 constantem
2361 2862 2417 2913 et
2445 2856 2676 2912 ﬁdelem
2705 2856 2764 2911 in
2796 2854 3075 2910 omnibus
3104 2851 3217 2909 sibi
3250 2849 3556 2906 alumnum

276 2949 590 3018 nutrierat,
621 2952 1032 3010 sacratissima:
1065 2954 1219 3010 sedis
1250 2960 1531 3012 rectorem
1564 2955 1882 3011 tribueret?

347 3049 503 3106 455
533 3048 804 3108 Collectis
837 3051 1017 3125 igitur
1032 3052 1092 3107 in
1112 3069 1297 3108 unum
1322 3053 1749 3109 venerabilibus
1768 3053 2079 3125 episcopis,
2113 3057 2171 3108 et
2187 3051 2459 3125 gloriosis
2476 3052 2872 3107 Romanorum
2891 3046 3250 3120 proceribus,
3273 3043 3555 3115 omnique

274 3145 485 3220 amplis
517 3146 689 3204 Urbis
719 3148 935 3222 populo
966 3149 1025 3205 in
1058 3149 1273 3222 palatio
1296 3150 1693 3221 Lateranensi,
1718 3155 1782 3206 ut
1807 3151 1962 3223 quod
1977 3151 2102 3221 jam
2126 3150 2285 3206 cordi
2308 3149 2538 3205 coalitus
2566 3147 2885 3204 revelatum
2905 3144 3150 3217 aaquiter
3169 3157 3373 3198 omnes
3393 3144 3552 3196 tene-

277 3243 424 3300 bant
453 3244 510 3300 in
530 3261 648 3302 uno
663 3245 981 3302 multorum
1000 3247 1198 3303 sonitu
1216 3252 1532 3314 resonaret,
1548 3248 1725 3303 unius
1742 3247 2058 3304 voluntatis
2078 3264 2369 3303 consensu
2384 3246 2611 3303 fortiter
2625 3244 3014 3301 acclamatum
3038 3245 3149 3309 est,
3168 3237 3550 3296 Valentinum

277 3340 721 3399 sanctissimum
738 3343 1218 3401 archidiaconum
1231 3344 1386 3401 sedis
1398 3344 1724 3418 apostolicae
1739 3346 1983 3419 dignum
2003 3345 2015 3400 Ξ
2042 3345 2418 3401 Valentinum
2436 3343 2653 3400 summi
2670 3341 3039 3415 pontiﬁcatos
3061 3337 3251 3394 inful’a
3269 3337 3551 3392 decoran-

199 3440 237 3494 5
277 3439 421 3494 dum
438 3443 453 3496 ι
488 3440 591 3497 His
622 3444 820 3514 itaque
849 3440 1127 3498 melliflue
1146 3442 1341 3509 dictis,
1375 3460 1492 3498 una
1504 3460 1638 3498 mox
1649 3460 1851 3499 omnes
1864 3444 2026 3515 pacis
2042 3442 2453 3514 conjunctione
2470 3444 2776 3497 manentes
2791 3439 2864 3495 ad
2881 3436 3187 3494 ecclesiam
3211 3437 3427 3490 sancta:
3445 3431 3549 3488 Dei

274 3536 589 3594 Genitricis
617 3554 965 3612 semperque
993 3539 1252 3612 Virginis
1275 3540 1468 3596 Maria:
1491 3541 1739 3596 domina:
1754 3545 1963 3596 nostra:
1978 3558 2140 3597 sacer
2156 3540 2521 3611 clericorum,
2539 3543 2597 3596 et
2619 3539 3016 3594 Romanorum
3042 3549 3309 3607 proceres
3332 3529 3552 3604 pariter

271 3651 411 3690 cum
442 3635 658 3708 populo
684 3641 1082 3709 properantes,
1117 3637 1469 3710 multiplices
1493 3656 1627 3695 eum
1650 3639 1896 3694 Domino
1916 3645 2109 3711 grates
2132 3656 2197 3694 ac
2223 3638 2427 3695 laudes
2448 3638 2786 3694 reddentem
2806 3650 2965 3690 more
2977 3632 3150 3689 solito
3176 3630 3546 3686 invenerunt.

271 3733 459 3798 Quem
488 3732 641 3788 illico
672 3733 924 3791 multum
957 3752 1023 3790 ac
1045 3735 1272 3791 diutius
1294 3737 1664 3805 renitentem,
1691 3753 1869 3808 seque
1890 3738 2034 3791 tanti
2060 3736 2361 3808 regiminis
2384 3736 2504 3791 fore
2528 3735 2917 3806 incongruum
2940 3748 3075 3787 voce
3098 3733 3338 3786 strenua
3359 3725 3547 3799 profe-

269 3833 520 3898 rentem,
550 3828 718 3886 almae
749 3830 957 3904 plebis,
993 3836 1050 3887 et
1078 3831 1225 3887 laatis
1256 3832 1563 3905 utriusque
1594 3832 1815 3888 militia:
1849 3835 2246 3890 Romanorum
2279 3833 2505 3889 electua
2535 3836 2623 3888 est
2650 3830 2891 3886 vocibus
2917 3828 2977 3884 in
3011 3828 3147 3884 sede
3178 3824 3545 3900 pontificum.

161 3927 231 3982 10
264 3927 351 3983 Ac
378 3926 590 3983 deinde
620 3928 928 4002 condignis
952 3928 1145 4003 glorias
1179 3929 1455 3987 laudibus
1485 3935 1543 3987 et
1583 3931 1823 3987 honoris
1875 3930 2266 4004 amplitudine
2298 3932 2370 3988 ad
2401 3932 2792 3987 Lateranense
2840 3925 3262 4000 patriarchium
3295 3924 3367 3980 ab
3403 3921 3549 3996 ipsis

269 4024 584 4093 deductus,
614 4029 673 4082 et
698 4025 759 4081 in
790 4025 1109 4099 pontificali
1139 4032 1229 4083 est
1259 4029 1487 4101 positus
1537 4028 1766 4084 throno.
1800 4029 1982 4101 Cujus
2011 4034 2251 4085 ovanter
2280 4030 2352 4086 ab
2397 4028 2557 4085 omni
2611 4028 3011 4084 Romanorum
3041 4026 3251 4080 senatu
3300 4021 3549 4095 pedibus

268 4120 577 4190 osculatis,
608 4126 668 4179 et
697 4124 974 4181 omnibus
1005 4141 1133 4196 quae
1153 4125 1439 4197 explenda
1468 4130 1633 4182 erant
1661 4126 1768 4182 rite
1800 4143 1865 4182 ac
1894 4132 2236 4182 veneranter
2264 4126 2536 4200 peractis,
2571 4140 2787 4198 magna
2807 4121 3110 4189 sobrietas,
3135 4135 3349 4192 magna
3373 4118 3433 4173 in
3457 4122 3547 4174 to-

266 4217 391 4275 tius
420 4235 596 4277 sexus
617 4224 676 4277 et
703 4220 894 4279 aetatis
923 4222 1140 4295 populo
1170 4222 1372 4280 laetitia
1401 4224 1641 4281 mansit.
1674 4225 1933 4297 Ejusquc
1977 4224 2433 4281 consecrationis
2465 4223 2556 4280 die
2587 4239 2790 4280 sereno
2828 4222 2955 4293 jam
2982 4218 3377 4284 illucescente,
3410 4231 3545 4271 cum

267 4314 498 4374 lumine
517 4319 648 4391 jam
676 4318 899 4375 dictum
930 4319 1253 4377 antistitem
1287 4321 1360 4377 ab
1386 4322 1537 4377 beati
1558 4322 1706 4379 Petri
1729 4322 2126 4394 apostolorum
2145 4323 2426 4395 principis
2449 4321 2756 4378 ecclesiam
2778 4334 2980 4376 omnes
3001 4315 3220 4390 pariter
3240 4311 3488 4370 Romani
3512 4328 3547 4369 a

156 4414 228 4470 15
264 4413 488 4487 palatio
508 4415 864 4473 deducentes
884 4434 1042 4485 eum,
1067 4419 1373 4490 majestate
1399 4418 1595 4475 divina
1614 4420 1952 4485 auxiliante,
1974 4420 2032 4475 in
2057 4419 2172 4476 alto
2195 4420 2404 4476 throno
2428 4436 2729 4476 summum
2754 4430 3162 4473 consecravere
3183 4411 3541 4486 pontiﬁcem.

340 4511 498 4569 45.
528 4512 638 4580 Qui
667 4530 802 4571 mox
830 4514 1096 4572 almificaa
1128 4516 1286 4572 sedis
1315 4516 1577 4572 culmina
1604 4518 1894 4573 scandens
1918 4517 2072 4573 beati
2094 4518 2243 4573 Petri
2274 4517 2523 4591 apostoli
2546 4521 2605 4574 et
2628 4516 2880 4572 caelestis
2905 4513 3067 4586 regni
3089 4507 3380 4583 clavigeri,
3405 4506 3543 4563 divi-

264 4608 362 4665 nis
392 4609 512 4666 Deo
543 4609 820 4669 laudibus
850 4616 908 4668 et
935 4613 1238 4670 sacriﬁciis
1270 4613 1361 4686 pie
1393 4614 1625 4683 oblatis,
1659 4615 1854 4687 amplo
1885 4618 1941 4671 et
1957 4615 2269 4689 magniﬁco
2293 4617 2689 4672 Romanorum
2711 4619 2861 4670 coetu
2890 4612 2961 4668 ad
2988 4610 3273 4684 palatium
3296 4624 3431 4664 cum
3454 4606 3544 4662 in-

264 4706 427 4780 genti
438 4708 653 4780 gaudio
664 4710 969 4779 remeavit;
995 4714 1169 4783 atque
1189 4710 1539 4769 lautissimis
1560 4713 1811 4785 dapidus
1825 4713 2100 4786 sumptis,
2117 4714 2661 4770 amantissimorum
2676 4711 2879 4768 multis
2890 4709 3204 4766 etdiversis
3226 4721 3541 4762 munerum

264 4804 440 4861 donis
471 4821 702 4862 sacram
732 4806 966 4880 plebem
993 4813 1050 4865 et
1080 4813 1351 4866 senatum
1382 4808 1783 4883 populumque
1816 4811 2147 4866 Romanum
2180 4811 2397 4883 optime
2427 4814 2505 4880 (a)
2537 4810 2761 4867 ditavit.
2794 4810 2933 4865 Erat
2960 4807 3177 4881 quippe
3206 4801 3541 4878 dapsilitate

186 4903 227 4958 5
265 4900 544 4975 inclytus,
579 4903 805 4961 actione
836 4906 1189 4979 praecipuus,
1222 4923 1489 4963 sermone
1520 4906 1874 4975 luculentus,
1908 4907 2185 4964 omnibus
2213 4909 2619 4982 compassione
2648 4906 2967 4980 proximus,
3003 4910 3059 4961 et
3078 4903 3336 4976 inopiam
3359 4898 3542 4957 susti-

261 4998 543 5056 nentibus
574 5005 974 5074 opportunum
1027 5002 1316 5059 instanter
1344 5003 1620 5060 solatium
1653 5006 1936 5077 praebens.
1971 5006 2194 5071 Quibus
2227 5005 2657 5079 multiplicibus
2685 5005 2856 5062 bonis
2882 5007 3145 5070 ornatus,
3179 5001 3251 5057 ad
3283 4998 3541 5056 ccslestia

263 5094 496 5152 Christo
527 5102 768 5155 vocante
796 5100 1057 5172 corporis
1098 5117 1417 5174 oppressus
1464 5102 1732 5158 molestia
1768 5102 1923 5158 exitu
1954 5104 2207 5174 pretioso
2260 5104 2551 5171 transivit,
2600 5108 2776 5176 atque
2821 5117 2958 5158 cum
2998 5098 3369 5157 desiderabili
3399 5098 3537 5154 bea-

262 5192 603 5267 tissimique
632 5195 828 5268 operis
856 5197 1053 5254 fructu
1083 5199 1157 5254 ad
1187 5202 1566 5273 conspectum
1598 5216 1844 5255 summa;
1873 5201 2204 5271 majestatis
2237 5200 2405 5259 laetus
2440 5201 2723 5269 ascendit,
2757 5201 2961 5257 laetans
2993 5202 3050 5255 et
3078 5196 3377 5254 exsultans
3400 5211 3537 5251 eum

260 5289 515 5348 Domino
545 5308 798 5366 semper.

1313 5429 1565 5476 NOTULE
1605 5431 1993 5478 MARGINALES
2034 5432 2354 5478 FABROTTI.

206 5514 293 5570 a)’
323 5511 540 5570 onime.

187 5513 293 5586 (a)'
323 5513 540 5587 opime.

1472 5616 1714 5674 VARI/ﬁ
1754 5619 2173 5676 LECTIONES.

402 5734 560 5807 Apud
588 5737 902 5793 Fabrouum
933 5754 1004 5794 ex
1032 5739 1210 5795 codice
1239 5741 1486 5798 Freherz‘.
1802 5745 1854 5811 Α
1886 5761 2046 5800 more
2092 5743 2296 5818 nobili.
2332 5742 2421 5802 lin
2468 5748 2522 5816 8,
2555 5744 2959 5818 inspirationis
3006 5748 3260 5801 nectare.
3305 5744 3390 5800 lin
3445 5743 3529 5813 15,

181 5827 331 5879 Nam
374 5824 641 5898 ῤ53νιίη
678 5826 740 5898 71,
793 5830 956 5898 patre
1006 5827 1268 5894 Leontio,
1302 5831 1454 5885 sedit
1509 5848 1772 5889 mensem
1884 5815 2151 5888 exempli-

112 5908 323 5962 unum,
355 5895 483 5953 dies
518 5896 605 5965 10,
638 5897 725 5953 lz'n
753 5895 812 5966 5;
842 5897 1189 5968 rimabatur,
1221 5905 1279 5956 et
1313 5900 1556 5975 ingenti.
1598 5903 1684 5959 lin.
1712 5906 1767 5973 6,
1950 5909 2097 5962 Num
2127 5906 2250 5976 454,
2283 5905 2366 5962 lin
2380 5906 2437 5974 9,
2470 5905 2794 5963 intentione
2828 5907 3154 5965 modestus.
