3924 6398
343 338 503 406 υπθ
1492 361 1603 423 AN
1604 362 1892 428 ASTASI

2232 366 2617 430 I‘HECARII.
3628 370 3781 436 1⁸280

415 486 565 541 Num
586 486 710 554 455,
743 487 830 545 lin
860 488 945 557 15,
978 488 1037 546 in
1070 492 1291 550 sedem.
2026 502 2081 571 Α
2187 499 2332 556 Num
2362 505 2489 571 456,
2519 504 2603 560 lin
2632 506 2687 573 6,
2719 509 2963 565 ornatus
2994 502 3226 563 Christo
3253 520 3358 564 voc
3389 507 3465 565 ad
3500 497 3781 566 coelestia'

2109 578 2193 638 lin
2220 576 2256 627 7
2370 627 2384 653 ,
2410 576 2734 635 beatissimi
2763 598 2857 654 op.

2557 698 2642 753 Ex
2670 697 2849 755 codice
2886 698 3107 756 Timauo
3138 699 3327 758 altero.

419 778 565 864 Itium
596 774 898 864 ιὲζιΛ
933 778 1000 864 1,.
1031 782 1193 850 patre
1242 782 1505 864 Iseontio,
1540 787 1708 864 sedit
1736 806 2000 864 mensem
2180 804 2331 853 Num
2383 796 2507 861 453,
2566 795 2655 852 lin
2705 797 2755 863 1,
2809 795 3178 853 Valentinus.
3233 798 3600 857 Desideratur
3656 804 3785 858 Vita

348 846 1440 941 22p[Ehet‘diesloﬂetcessavitdies
1472 846 1523 941 4,
1564 857 1651 913 lia
1686 862 1741 927 2,
1775 862 1863 941 vir
1892 846 2001 919 iste

348 916 459 972 fuit
491 914 743 1005 Spiritus
775 920 964 1005 sancti
996 922 1337 1005 rgplet_us,_et
1366 914 1859 1005 perfususgratia
1882 914 2003 1005 per:
2115 914 2126 920 '
3197 990 3277 1005 nm
3318 1002 3327 1005 Α
3384 990 3426 1005 ν,

349 982 585 1070 mansit.
642 988 870 1070 Inanes,
902 999 975 1070 ut_
1156 996 1213 1049 5.
1255 982 1341 1070 lia
1366 982 1444 1070 ⁸6,
1496 982 1898 1070 εὑὶἶᾷῠῖῐῖμόἆ

1890 982 2002 1060 Et},
2441 982 2597 1054 Apud
2630 985 2861 1040 Peniam
2888 1000 2958 1040 ex
2986 985 3168 1043 codice
3191 990 3439 1046 Caucasi.

348 1060 611 1153 9.09:9}?
633 1060 1510 1153 P5193Efltlghttlis‘conspiciens
1543 1072 1710 1153 bonis
1728 1060 2003 1153 ornatum
2186 1086 2333 1153 Nunt
2363 1081 2488 1146 453.
2517 1082 2598 1137 lia
2626 1085 2681 1147 2,
2700 1080 3173 1149 Valentinianus,
3191 1086 3275 1141 lin
3297 1088 3353 1153 6,
3376 1103 3541 1144 more
3573 1088 3779 1143 nobili.

349 1130 1307 1226 hujus
1335 1146 1548 1226 sancta:
1586 1144 1857 1226 Romana:
2115 1130 3552 1226 lia;avin—spi'ra‘tionis

349 1200 896 1295 elesie‘eenstitulit;
934 1200 1443 1295 Defunctomitaque
1482 1214 1709 1295 domne
1747 1200 2004 1295 Eugenio
2116 1200 2512 1295 'ciélég’a'xiie’rh'.

348 1271 1374 1372 ar’e‘hilevi‘talsum‘m‘um
1400 1271 2002 1372 conscenditaprcem:
2127 1271 2611 1372 “fl-tlifrnuliti-tlrliu
2662 1298 2748 1372 10,
2783 1299 2917 1372 Quae
2973 1302 3237 1372 praetera.
3270 1300 3350 1357 lin
3403 1301 3492 1371 11,
3527 1302 3780 1371 meritis,

350 1343 488 1398 Erat
518 1344 737 1418 ql‘ippc
770 1346 1124 1422 dapsilitate,
1157 1359 1214 1407 ut
1244 1370 1381 1409 num
1412 1357 1534 1425 456,
1574 1357 1636 1413 in
1665 1360 1716 1415 4.
1762 1343 1818 1362 τ

587 650 673 705 Ea:
700 650 881 708 codice
908 654 1090 725 Regio,
1125 654 1405 715 Μακρανίηο
1432 667 1486 715 et
1518 662 1756 720 Timauo.

352 1503 3765 1544 ________________________________________________________

1631 1649 1794 1722 CIII.
1852 1652 2326 1725 GREGORIUS
2383 1656 2492 1724 IV.

843 1806 1005 1853 anno
1048 1809 1285 1857 canum
1327 1799 1467 1872 827,
1514 1816 1802 1862 LUDOVICI
1844 1819 1972 1863 iur.
2022 1806 2120 1877 u,
2168 1822 2392 1867 meum

1729 1817 1802 1862 ται
1844 1819 1972 1863 iur.
2022 1806 2120 1877 u,
2168 1821 2572 1867 IMPERATORIS
2618 1822 2955 1869 menaeus
3000 1825 3174 1872 smn
3217 1814 3278 1871 '7.

1858 1940 2273 1957 ἣ

569 2056 717 2113 451
755 2058 1067 2133 Gregorius
1095 2068 1364 2135 quartus,
1394 2066 1628 2125 natione
1659 2068 1981 2139 Romanus,
2016 2088 2086 2128 ex
2115 2076 2279 2145 patre
2301 2072 2546 2141 Joanne,
2570 2074 2723 2131 sedit
2744 2093 2931 2133 annos
2952 2076 3264 2133 sexdecim.
3288 2077 3393 2134 Vir
3411 2082 3700 2137 strenuus
3719 2099 3783 2137 ac

499 2155 983 2229 benignissimus,
1019 2162 1325 2220 sanctitate
1354 2170 1533 2238 atque
1562 2168 1774 2240 pietate
1806 2169 2083 2243 repletus,
2107 2177 2352 2228 ornatus
2374 2173 2640 2245 scientia,
2662 2174 2836 2230 verbo
2849 2176 3169 2249 jocundus,
3193 2177 3497 2234 modestus
3519 2195 3641 2251 prae
3663 2196 3784 2236 om-

500 2254 675 2313 nibus
706 2273 997 2326 sermone,
1032 2260 1411 2321 ﬁrmissimus
1442 2265 1556 2321 fide
1581 2267 1888 2334 catholica,
1919 2269 2119 2340 justus
2149 2270 2446 2342 operibus,
2470 2276 2528 2327 et
2548 2271 2875 2330 litterarum
2899 2273 3229 2332 divinarum
3252 2275 3687 2333 solertissimus
3708 2278 3787 2332 in-

502 2353 788 2425 quisitor;
821 2354 1202 2415 ecclesiarum
1234 2378 1468 2435 quoque
1500 2370 1838 2422 sanctarum
1865 2366 2250 2441 infatigabilis
2291 2368 2580 2441 visitator,
2631 2376 2799 2443 pater
2826 2389 3173 2446 pauperum,
3207 2378 3263 2431 et
3294 2373 3470 2430 aliter
3517 2375 3784 2431 omnium

428 2450 466 2505 5
502 2451 843 2509 viduarum:
877 2459 1177 2513 terrenum
1210 2458 1290 2513 nil
1322 2466 1625 2533 appetens,
1659 2465 1962 2521 mundana
1991 2466 2173 2539 hujus
2215 2467 2347 2523 vitae
2379 2469 2683 2540 presentis
2707 2469 2872 2527 lucra
2899 2472 3194 2541 deserens,
3227 2476 3439 2529 aeterna
3463 2471 3785 2547 praemiain

505 2548 668 2605 oculis
693 2550 889 2625 dignis
920 2554 1031 2610 sibi
1068 2557 1291 2614 meritis
1320 2559 1651 2631 acquisivit.
1685 2563 1787 2620 Hic
1818 2581 1853 2619 a
1881 2569 1996 2621 Deo
2028 2566 2409 2622 beatissimus
2441 2567 2702 2640 pontifex
2746 2585 2957 2642 genere
2988 2569 3205 2636 clarus,
3229 2572 3330 2627 sed
3362 2570 3557 2645 magis
3578 2570 3791 2627 clarior

504 2648 834 2717 sanctitate,
872 2651 1058 2708 forma
1077 2654 1338 2725 pulcher,
1363 2657 1476 2713 ﬁde
1496 2658 1814 2730 pulchrior.
1830 2665 1965 2729 Qua:
1987 2664 2744 2722 scilicetuniversalaudum
2759 2668 3047 2740 praeconia
3060 2686 3174 2725 non
3192 2668 3381 2724 solum
3405 2668 3789 2743 pontificatus

507 2746 598 2801 sui
626 2750 887 2820 tempore
917 2749 1276 2825 claruerunt,
1311 2756 1411 2816 sed
1442 2759 1619 2815 etiam
1647 2776 1782 2816 cum
1814 2763 2007 2818 adhuc
2045 2762 2411 2835 juvenilibus
2441 2763 2611 2819 annis
2660 2763 2922 2837 polleret,
2953 2764 3095 2822 talia
3138 2782 3413 2841 peragere
3442 2766 3789 2823 indeﬁeiens

509 2847 832 2917 satagebat.
866 2851 1002 2916 Quae
1032 2870 1125 2909 res
1158 2855 1748 2915 Romanisomnibus
1779 2878 1894 2916 non
1927 2861 2027 2916 diu
2060 2861 2351 2917 occultata
2392 2862 2736 2935 permansit,
2788 2863 2943 2919 sicut
2987 2865 3273 2937 scriptum
3306 2870 3424 2921 est:
3462 2865 3607 2934 Quia
3636 2882 3790 2921 nemo

408 2949 478 3003 ΙΟ
514 2945 760 3003 accendit
790 2948 1091 3019 lucernam,
1124 2961 1176 3008 et
1202 2957 1359 3026 ponit
1384 2973 1506 3011 eam
1533 2959 1634 3012 sub
1667 2959 1869 3023 modio,
1902 2958 1995 3015 sed
2023 2967 2084 3016 ut
2112 2961 2289 3016 luceat
2308 2962 2563 3017 omnibus
2583 2963 2682 3034 qui
2712 2963 2769 3017 in
2791 2961 2947 3018 domo
2964 2970 3094 3018 sunt
3115 2966 3211 3032 (α).
3232 2963 3413 3035 Coepit
3432 2967 3643 3019 sancta
3665 2964 3794 3035 ejus

509 3046 769 3118 operatio
798 3047 867 3103 de
897 3048 990 3104 die
1018 3049 1078 3105 in
1109 3050 1265 3107 diem
1298 3070 1402 3125 per
1432 3057 1616 3110 totam
1650 3057 1972 3113 Romanam
2009 3058 2261 3130 pleniter
2280 3059 2484 3115 urbem
2516 3075 2789 3116 resonare
2818 3059 3151 3133 evangelico
3183 3077 3473 3127 sermone,
3515 3061 3790 3117 docente:

508 3145 675 3201 Nihil
702 3156 969 3219 opertum,
1003 3150 1145 3221 quod
1170 3167 1284 3206 non
1308 3151 1665 3222 revelabitur,
1699 3164 1751 3211 et
1780 3156 2052 3212 occultum
2069 3156 2211 3228 quod
2230 3172 2341 3213 non
2360 3158 2571 3213 sciatur
2591 3158 2686 3229 (b).
2711 3157 2818 3213 Pro
2840 3158 3060 3231 quibus
3082 3156 3332 3231 denique
3353 3157 3798 3214 innumerabili-

512 3243 625 3301 bus
655 3244 826 3302 bonis
855 3264 889 3302 a
918 3247 1293 3305 sanctissimo
1320 3249 1500 3322 hujus
1531 3268 1706 3307 sacrm
1740 3253 1897 3309 sedis
1927 3254 2143 3311 domno
2175 3254 2438 3310 Paschali
2469 3272 2639 3327 papa,
2667 3273 2781 3311 non
2815 3256 3005 3312 solum
3038 3256 3455 3324 subdiaconus,
3479 3256 3582 3312 sed
3614 3257 3795 3313 etiam

512 3343 860 3412 sacerdos(c)
888 3344 1129 3402 elfcctus
1160 3350 1268 3402 est.
1306 3350 1635 3404 Permansit
1660 3366 1795 3406 vero
1828 3351 1887 3405 in
1918 3352 2225 3408 sacerdotii
2256 3354 2345 3409 sui
2380 3353 2586 3409 habitu
2619 3353 2974 3410 constitutus
3002 3359 3160 3410 caste
3188 3369 3255 3409 ac
3272 3354 3506 3428 pudice,
3530 3354 3796 3411 recolens

403 3438 475 3496 45
513 3439 658 3496 illud
693 3443 850 3513 quod
882 3443 1184 3516 Scriptura
1212 3462 1381 3502 sacra
1410 3453 1852 3517 commemorat,
1886 3449 2116 3507 dicens:
2149 3450 2459 3508 Sacerdotes
2491 3453 2597 3508 Dei
2627 3451 2936 3508 induantur
2953 3453 3176 3524 justitia
3203 3452 3305 3521 (d),
3349 3450 3407 3507 id
3439 3455 3549 3520 est,
3585 3470 3705 3508 non
3736 3452 3795 3508 in

514 3537 648 3595 aliis
678 3544 885 3596 vacent
916 3541 1029 3597 nisi
1059 3543 1342 3611 oratione,
1372 3544 1619 3602 lectione
1648 3550 1706 3602 et
1728 3548 1978 3618 jejunio.
2011 3549 2277 3622 Cumque
2307 3549 2366 3605 in
2400 3550 2492 3605 his
2524 3550 2786 3605 intentus
2834 3548 3133 3605 insisteret
3178 3549 3439 3606 humano
3479 3567 3644 3605 more
3667 3551 3796 3623 jam

515 3638 709 3695 dictus
743 3638 1038 3696 Paschalis
1064 3646 1224 3713 pont.
1256 3660 1325 3698 ex
1356 3643 1464 3698 hac
1497 3643 1627 3700 luce
1658 3646 2005 3715 subductus,
2039 3651 2096 3702 et
2124 3648 2421 3719 Eugenius
2452 3665 2487 3703 a
2510 3649 2626 3703 Deo
2658 3648 2877 3703 electus
2899 3648 3145 3704 antistes
3166 3646 3313 3703 sacri
3340 3646 3524 3720 apicis
3546 3647 3798 3719 adeptus

515 3732 606 3782 est
635 3728 1002 3800 dignitatem.
1041 3731 1394 3789 Permanens
1425 3738 1621 3788 autem
1657 3734 1715 3789 in
1746 3734 1855 3790 hac
1898 3753 2001 3808 per
2031 3736 2329 3792 modicum
2379 3742 2637 3809 tempus,
2667 3736 2787 3792 vita
2816 3742 2873 3793 et
2904 3736 3027 3809 ipse
3059 3737 3277 3809 pariter
3324 3735 3639 3792 defunctus
3688 3741 3797 3791 est.

521 3816 655 3871 Post
682 3816 841 3874 hunc
871 3818 1220 3878 Valentinus
1249 3821 1593 3879 alendorum
1623 3839 1869 3896 gregum
1901 3825 2253 3897 praesulatus
2276 3824 2511 3882 culmen
2543 3825 2787 3881 sortitus
2818 3825 2929 3881 sub
2959 3825 3215 3881 maxima
3262 3824 3662 3881 celeritatcex
3691 3824 3801 3880 hac

407 3914 481 3968 20
519 3914 791 3985 praesenti
820 3914 939 3972 vita
967 3918 1304 3976 subtractus
1334 3924 1444 3977 est.

593 4011 747 4068 458
778 4012 1092 4087 Coeperunt
1120 4017 1374 4091 denique
1404 4018 1651 4075 Romani
1684 4018 1902 4091 pariter
1930 4036 2136 4077 omnes
2166 4038 2282 4076 non
2315 4019 2505 4077 solum
2540 4020 2613 4077 de
2642 4020 3023 4093 pontificibus
3050 4023 3174 4075 tam
3206 4018 3403 4076 subito
3424 4017 3695 4091 perditis,
3717 4035 3806 4074 ve-

522 4125 655 4164 rum
685 4109 861 4167 etiam
893 4113 966 4169 de
998 4114 1192 4172 futuro
1219 4118 1441 4174 arctius
1470 4118 1746 4192 cogitare,
1779 4122 1845 4174 ut
1873 4135 2047 4191 quem
2075 4118 2262 4175 sancti
2295 4119 2550 4192 Spiritus
2579 4118 2770 4192 gratia
2798 4118 3221 4192 perlustratum
3247 4132 3564 4192 agnoscere
3586 4115 3805 4190 potuis-

519 4212 670 4275 sent,
702 4210 813 4267 sub
845 4214 1016 4285 cujus
1047 4214 1315 4274 doctrina
1343 4221 1521 4291 atque
1549 4216 1796 4289 imperio
1829 4221 2041 4272 cuncta
2071 4222 2411 4273 senatorum
2443 4218 2722 4274 nobilitas
2760 4217 2869 4274 rite
2910 4218 3119 4289 degere
3166 4216 3477 4288 potuisset.
3539 4217 3804 4282 Quorum

523 4309 791 4367 videlicet
820 4311 1227 4370 universorum
1260 4332 1569 4388 procerum
1598 4314 1776 4371 corda
1805 4314 2041 4387 adjutor
2068 4314 2130 4371 in
2161 4315 2722 4388 opportunitatibus,
2752 4315 2813 4371 in
2844 4314 3241 4381 tribuiatioue,
3274 4314 3513 4371 Greater
3539 4313 3805 4370 omnium

450 4408 487 4463 5
524 4408 678 4469 Deus
705 4408 1169 4484 inexstinguibili
1202 4430 1310 4470 suo
1342 4418 1545 4470 sancto
1574 4412 1798 4468 lumine
1827 4412 2151 4483 succendit,
2184 4418 2241 4468 et
2270 4416 2499 4469 mentes
2529 4429 2732 4469 eorum
2764 4413 2838 4469 ad
2867 4411 3192 4469 beatissimi
3212 4410 3471 4484 Gregorii
3496 4410 3694 4484 quarti
3718 4408 3806 4483 pia

527 4507 680 4564 facta
712 4509 1012 4566 convertit.
1046 4510 1600 4585 Consenseruntque
1630 4526 1834 4567 omnes
1866 4510 1924 4566 in
1955 4512 2161 4567 eodem
2213 4511 2446 4584 spiritu,
2481 4516 2541 4568 et
2568 4511 2770 4567 anima
2808 4527 2947 4567 una.
2983 4511 3215 4567 Electus
3245 4515 3441 4566 autem
3473 4509 3547 4565 ab
3583 4508 3671 4565 eis
3701 4525 3805 4581 pa-

527 4605 804 4663 triarchio
854 4608 1227 4666 Lateranensi
1277 4610 1559 4666 inductus
1605 4615 1714 4677 est,
1766 4609 2175 4666 abstrahentes
2228 4609 2469 4682 quidem
2520 4609 2688 4666 illum
2737 4625 2807 4666 ex
2835 4608 3078 4665 basilica
3124 4608 3427 4664 beatorum
3479 4612 3807 4680 martyrum

531 4709 751 4761 Cosme:
782 4708 839 4759 et
868 4705 1137 4764 Damiani
1167 4724 1270 4781 per
1297 4707 1447 4777 vim;
1482 4707 1714 4763 dicebat
1739 4708 1897 4763 enim
1944 4725 2007 4764 se
2034 4708 2103 4763 ad
2138 4707 2253 4764 tale
2283 4707 2680 4764 ministerium
2734 4706 3007 4763 inutilem
3040 4707 3180 4763 fore.
3214 4706 3327 4763 Sed
3376 4704 3662 4778 quoniam
3692 4708 3807 4759 tam

533 4804 837 4863 immensae
860 4805 1227 4862 multitudini
1259 4806 1529 4864 resistere
1560 4822 1676 4861 non
1708 4805 1912 4875 valuit,
1939 4807 2012 4862 ad
2033 4805 2228 4863 locum
2242 4808 2370 4880 jam
2393 4810 2528 4862 ante
2547 4805 2891 4879 praedictum
2913 4818 3049 4861 eum
3070 4820 3204 4861 eum
3227 4803 3464 4877 hymnis
3486 4807 3544 4859 et
3566 4800 3811 4858 canticis

427 4904 495 4959 10
532 4903 943 4978 spiritualibus
964 4904 1351 4961 deduxerunt.

605 5002 781 5059 459..
816 5002 1031 5059 Verum
1065 5002 1205 5076 quia
1235 5002 1583 5076 investigare
1613 5007 1826 5059 cuncta
1855 5020 1984 5076 quas
2014 5001 2199 5077 gessit
2229 5002 2402 5059 celeri
2435 5017 2706 5059 sermone
2734 5018 2853 5058 non
2883 5012 3224 5075 pessumas,
3256 5015 3345 5066 ea,
3367 4997 3504 5055 licet
3546 4997 3812 5067 breviter,

535 5100 607 5156 ad
638 5100 910 5157 notitiam
939 5101 1207 5158 omnium
1241 5103 1653 5176 perducamus,
1686 5119 1815 5175 quae
1846 5101 2031 5158 sacris
2061 5118 2127 5157 ac
2157 5100 2591 5157 venerabilibus
2617 5104 2811 5157 mente
2830 5099 3058 5173 integra
3077 5103 3136 5155 et
3157 5097 3254 5171 pia
3275 5096 3580 5153 devotione
3605 5094 3815 5151 obtulit

536 5195 700 5253 locis.
734 5198 1014 5256 Pristerea
1044 5205 1175 5273 post
1202 5200 1546 5257 electionem
1577 5200 1757 5257 simul
1787 5204 1847 5257 et
1874 5199 2373 5257 consecrationem
2406 5197 2756 5271 praesulatus
2787 5197 2877 5254 sui
2901 5196 3077 5270 empit
3096 5194 3528 5270 permaximum
3552 5192 3814 5250 studium

537 5293 753 5351 habere
782 5297 852 5353 de
881 5298 1101 5355 sanctis
1132 5304 1188 5355 ct
1214 5300 1283 5356 de
1312 5316 1515 5356 eorum
1546 5299 1830 5367 ecclesiis,
1864 5303 2156 5372 quatenus
2186 5297 2258 5353 ad
2290 5300 2512 5353 statum
2544 5294 2861 5368 pristinum
2903 5312 3049 5351 novo
3098 5294 3262 5350 cultu
3317 5308 3436 5361 eas,
3480 5294 3814 5365 protegente

466 5391 503 5443 5
541 5391 786 5450 Domino
808 5394 981 5451 citius
1006 5403 1324 5465 revocaret;
1358 5399 1512 5472 quod
1538 5399 1778 5465 factum,
1801 5401 1922 5454 est:
1956 5413 2094 5452 nam
2121 5412 2187 5452 eo
2220 5400 2483 5469 tempore
2513 5393 2823 5450 ecclesiam
2855 5392 3011 5449 beati
3041 5389 3344 5449 Saturnini
3368 5386 3814 5463 martyris,foris

542 5492 768 5559 portam
800 5493 1085 5551 Salariam
1115 5496 1517 5563 constitutam,
1552 5512 1679 5567 quae
1710 5499 1996 5551 vetustate
2026 5492 2213 5548 nimia
2240 5497 2297 5549 et
2318 5491 2632 5565 longojam
2655 5490 2817 5548 senio
2839 5509 2873 5547 a
2894 5488 3297 5547 fundamentis
3318 5487 3631 5554 ceciderat,
3660 5482 3813 5541 novis

557 5590 793 5650 fabricis
823 5594 1095 5650 aedificari
1121 5594 1274 5664 fecit,
1309 5599 1366 5650 et
1398 5593 1642 5666 picturis
1671 5592 1846 5650 variis
1875 5589 2197 5658 decoravit;
2232 5589 2334 5646 ubi
2359 5589 2538 5646 etiam
2568 5587 2780 5646 obtulit
2807 5593 3027 5645 vestem
3057 5588 3128 5644 de
3152 5586 3394 5642 fundato
3417 5601 3621 5641 unam.
3646 5581 3814 5639 Perﬁ-

547 5687 735 5743 ciente
762 5709 896 5748 vero
927 5693 1026 5749 illo
1056 5693 1178 5749 haec
1210 5710 1336 5766 qua:
1361 5689 1631 5765 superius
1652 5690 1808 5746 dicta
1835 5695 1993 5757 sunt,
2022 5688 2094 5744 ad
2120 5687 2237 5745 alia
2259 5692 2398 5743 tunc
2415 5687 2769 5761 pontificalis
2791 5685 3171 5761 ejusanimus
3184 5677 3816 5755 sanctorumopuscula

1625 5823 1865 5862 NOTULIE
1903 5819 2175 5861 FABROTTI
2216 5821 2598 5861 MARGINALES.

474 5912 555 5976 (ιι)
587 5906 773 5971 Παευι.
807 5937 859 5975 ν.
892 5924 966 5994 (b)
998 5925 1194 5981 Matth.
1224 5944 1279 5981 κ.
1314 5927 1385 5997 (e)
1411 5924 1695 5996 presbyter
1722 5924 1932 5979 scilicet
1951 5937 2023 5977 ca:

1238 5944 1279 5981 ι.
1314 5927 1385 5997 (e)
1411 5924 1695 5996 presbyter
1722 5924 1932 5979 scilicet
1951 5917 2275 5977 cardinalis.
2304 5919 2382 5989 (ἀ)
2414 5922 2567 5976 Psal.
2600 5935 2787 5977 cxxxt.
