3924 6398
365 309 520 374 1283
1513 305 1914 367 ANASTASI]

2231 307 2600 370 THECARII
2611 355 2624 368 .
3629 317 3780 378 1284

579 440 733 498 468
774 439 988 494 Verum
1017 437 1192 493 etiam
1227 437 1359 493 fecit
1389 440 1445 492 et
1475 437 1533 491 in
1566 436 1813 492 ecclesia
1844 437 1994 493 beati
2019 438 2240 495 Cesmae
2259 444 2315 495 et
2338 440 2604 496 Damiani
2629 445 2955 514 martyrum
2976 448 3196 500 vestem
3219 443 3290 500 de
3315 446 3558 504 fundato
3581 465 3780 521 unam,

510 541 820 596 habentem
851 539 911 592 in
945 537 1137 592 medio
1167 536 1473 592 historiam
1508 537 1822 607 depictam.
1857 553 1992 592 cum
2035 537 2431 610 chrysoclavo.
2462 539 2524 594 In
2549 539 2796 596 ecclesia
2820 541 2972 597 beati
3003 541 3503 617 Abbacyri,atque
3532 547 3785 606 Archan-

507 657 558 711 ς(
582 639 619 692 li
653 638 723 693 ad
757 634 1221 691 alefantum.Hic
1253 651 1288 689 a
1317 634 1432 689 Dee
1463 632 1684 689 electus
1715 638 1771 689 et
1801 633 2117 706 praeclarus
2138 635 2632 703 antistes,obtulit
2657 636 2717 692 in
2746 637 2990 694 basilica
3015 639 3167 695 beati
3185 641 3482 698 Eustachii
3507 646 3783 718 martyris

504 741 724 795 vestem
758 735 828 789 de
858 734 1100 789 fundato
1132 749 1332 801 unam,
1352 731 1665 788 habentem
1699 731 1758 787 in
1788 731 1980 788 medio
2011 731 2315 789 historiam
2346 735 2417 789 de
2447 733 2840 808 chrysoclavo.
2867 736 3022 793 Fecit
3043 738 3173 808 jam
3206 739 3420 812 saepius
3444 741 3782 802 nominatus

430 837 468 892 5
505 832 717 907 prmsul
749 830 924 887 aliam
956 834 1178 886 vestem
1210 829 1267 885 in
1301 829 1548 886 ecclesia
1577 830 1881 886 beatorum
1915 835 2242 899 martyrum
2271 831 2454 904 Sergii
2485 837 2540 887 et
2572 832 2783 889 Bacchi
2820 834 2889 890 de
2915 835 3158 892 fundato
3193 854 3393 894 unam.
3446 839 3572 895 Pari
3607 842 3778 898 modo

504 948 636 987 vero
689 929 823 986 fecit
871 932 928 984 et
971 927 1147 983 aliam
1198 930 1417 982 vestem
1451 927 1522 983 de
1561 928 1806 983 fundato
1838 927 1898 982 in
1942 927 2186 983 ecclesia
2217 929 2402 984 sancti
2444 928 2730 995 Silvestri,
2763 931 2953 1003 posita
2997 931 3058 989 in
3111 939 3310 990 monte
3359 935 3604 992 Soracti.
3642 936 3778 996 Post

503 1026 794 1099 completa
822 1042 955 1081 vero
984 1025 1106 1080 haec
1141 1023 1338 1080 omnia
1367 1029 1425 1080 et
1453 1024 1767 1096 diligenter
1788 1026 2186 1096 peracta,fecit
2212 1026 2271 1081 in
2305 1025 2550 1082 ecclesia
2578 1027 2731 1083 beati
2762 1029 2918 1084 Petri
2948 1030 3195 1102 apostoli
3224 1031 3351 1088 vela
3374 1049 3510 1088 cum
3541 1033 3776 1108 chryso-

503 1127 662 1182 clavo
693 1141 937 1180 numero
970 1123 1436 1196 quatuordecim,
1472 1123 1750 1179 habentia
1777 1123 2036 1180 diversas
2068 1124 2346 1180 historias
2370 1126 2838 1198 Evangeliorum,
2873 1132 2929 1183 et
2977 1128 3278 1201 passiones
3309 1131 3460 1188 beati
3514 1133 3661 1189 Petri
3709 1150 3775 1192 ac

499 1224 914 1288 Pauli,nccnon
935 1223 1177 1277 Andreae
1211 1221 1614 1293 aposteli,quaa
1648 1222 1982 1293 dependent
2004 1221 2158 1277 inter
2185 1222 2472 1295 imagines
2505 1241 2646 1280 auro
2672 1229 3026 1298 argentoque
3049 1227 3213 1285 fusas
3245 1228 3303 1284 in
3335 1229 3497 1287 trabe
3526 1231 3778 1304 desuper

395 1327 462 1383 10
502 1327 827 1396 argentata,
874 1326 1189 1393 antequam
1221 1321 1397 1376 adeas
1429 1337 1656 1376 sacram
1690 1321 2140 1388 confessionem,
2174 1321 2438 1394 speciosa
2467 1322 2633 1379 valde
2663 1324 2887 1379 visibus
2918 1325 3197 1382 humanis
3245 1331 3421 1400 atque
3458 1330 3771 1402 precipua.

572 1425 727 1480 464
769 1420 926 1477 Fecit
955 1425 1150 1475 autem
1173 1423 1228 1475 et
1249 1419 1308 1474 in
1331 1418 1576 1475 ecclesia
1596 1419 1750 1475 beati
1775 1419 1990 1474 Christi
2013 1419 2286 1492 martyris
2309 1421 2542 1493 Georgii
2567 1422 2918 1495 magniﬁcus
2938 1424 3151 1496 praesul
3174 1424 3310 1481 hinc
3331 1424 3467 1482 inde
3487 1427 3776 1498 porticus,

500 1539 648 1595 quas
679 1519 854 1576 etiam
887 1519 958 1574 ad
992 1519 1357 1573 decessorem
1397 1516 1585 1590 ipsius
1616 1516 1872 1572 basilicae
1903 1516 2080 1572 variis
2101 1519 2328 1573 ornavit
2357 1519 2623 1591 picturis.
2658 1520 2936 1576 Absidam
2969 1539 3101 1578 vero
3142 1523 3410 1594 ejusdem
3435 1523 3712 1580 diaconia:
3742 1543 3778 1582 a

500 1617 923 1684 fundamentis,
939 1605 1255 1672 auxiliante
1274 1616 1536 1683 Domine,
1554 1632 1688 1670 cum
1703 1631 1936 1671 summo
1950 1614 2145 1671 studio
2164 1618 2433 1689 compsit.
2452 1617 2555 1673 Hic
2573 1618 2714 1674 adeo
2733 1619 3004 1676 amabilis
3021 1620 3279 1692 pontifex
3300 1623 3442 1678 dum
3461 1621 3778 1697 diligenter

499 1719 760 1774 cerneret
789 1716 946 1787 quod
979 1715 1244 1785 ejusdem
1275 1713 1620 1769 venerabilis
1644 1713 1921 1768 diaconia:
1947 1713 2324 1768 secretarium
2360 1732 2474 1787 prae
2506 1716 2691 1771 nimia
2712 1720 3040 1789 temporum
3064 1722 3348 1776 vetustate
3372 1725 3775 1788 marcesceret,

421 1821 459 1876 5
498 1815 720 1872 noviter
752 1830 854 1886 pro
883 1813 1072 1885 ipsius
1102 1829 1298 1867 amore
1327 1810 1412 1866 vel
1446 1810 1635 1883 gratia
1665 1811 1914 1866 aliorum
1947 1811 2018 1865 ad
2044 1810 2344 1867 meliorem
2366 1813 2547 1868 erexit
2568 1813 2872 1870 honorem.
2891 1814 3117 1870 Obtulit
3139 1815 3336 1888 itaque
3356 1815 3775 1874 sanctissimus

497 1931 649 1988 papa
679 1911 779 1966 ubi
807 1928 986 1982 supra
1006 1909 1128 1965 haec
1149 1909 1577 1964 dena:Vestem
1599 1909 1669 1964 de
1695 1909 1934 1963 fundato
1966 1926 2318 1974 unam,cum
2345 1909 2722 1982 choysoclavo
2749 1911 3065 1967 habentem
3089 1912 3404 1985 imaginem
3430 1913 3770 1984 Salvatoris,

498 2017 555 2066 et
589 2009 862 2082 martyris
884 2006 1211 2064 Sebastiani
1243 2012 1420 2078 atque
1450 2007 1677 2079 Georgii
1705 2026 1717 2075 ;
1750 2006 1874 2063 vela
1907 2007 1978 2061 de
2010 2007 2253 2062 fundato
2280 2009 2506 2080 majora
2529 2008 2901 2078 duo,minora
2923 2010 3123 2066 decem
3153 2017 3211 2066 et
3240 2010 3553 2067 octo.Fecit
3573 2015 3774 2068 autem

497 2109 555 2162 in
587 2106 952 2162 confessione
982 2105 1170 2177 ipsius
1202 2103 1454 2160 basilicae
1487 2121 1664 2176 rugas
1695 2104 1765 2158 de
1798 2108 2038 2175 argento
2070 2120 2136 2158 ex
2167 2122 2312 2160 auro
2343 2106 2774 2177 perfusas.Pari
2795 2109 2968 2163 modo
2991 2125 3126 2165 vero
3148 2113 3306 2164 sarta
3327 2113 3480 2164 tecta
3496 2108 3764 2166 basilica

495 2205 649 2261 beati
682 2203 918 2258 Adi-iani
952 2203 1454 2275 martyris,posita
1479 2202 1536 2256 in
1567 2202 1660 2256 via
1693 2203 1888 2264 Sacra,
1914 2218 2039 2272 qurc
2073 2219 2188 2273 prae
2219 2203 2404 2258 nimia
2432 2208 2724 2260 vetustate
2751 2206 3382 2273 marcuerant,noviter
3405 2207 3774 2262 restauravit.

567 2302 720 2357 465
765 2303 971 2356 Verum
1032 2300 1206 2354 etiam
1269 2300 1400 2353 fecit
1447 2299 1501 2352 in
1557 2299 1909 2370 patriarchio
1974 2299 2352 2355 Lateranensi
2409 2301 2732 2356 triclinium
2791 2302 2951 2357 mirae
3005 2303 3390 2376 magnitudis,
3431 2304 3776 2358 decoratum

492 2419 624 2456 cum
676 2399 882 2452 ahsida
933 2399 1002 2451 de
1047 2397 1275 2450 musivo
1309 2412 1322 2450 :
1359 2398 1544 2451 sedet
1592 2396 1737 2451 alias
1791 2397 2026 2451 absidas
2075 2398 2224 2452 duas
2274 2399 2477 2453 dextra
2524 2398 2780 2470 laevaque
2832 2400 3053 2471 positas
3100 2401 3252 2456 infra
3299 2399 3776 2472 paracellarium,

491 2498 669 2554 variis
699 2496 960 2550 historiis
1000 2495 1312 2564 deepietas.
1350 2494 1502 2548 Fecit
1530 2494 1704 2548 etiam
1739 2495 2151 2548 sanctissimus
2185 2512 2334 2566 papa
2362 2500 2419 2550 et
2463 2495 2518 2548 in
2553 2495 2800 2550 ecclesia
2848 2497 2999 2551 beati
3050 2497 3366 2552 Clementis
3419 2499 3782 2554 confessoris

492 2601 715 2653 vestem
749 2595 819 2648 de
859 2593 1101 2648 fundato
1151 2608 1285 2645 cum
1337 2590 1626 2658 leonibus,
1681 2597 1737 2646 et
1786 2589 2097 2663 perielysin
2148 2591 2219 2645 de
2269 2591 2559 2663 octapulo.
2596 2591 2827 2646 Simimi
2875 2592 3048 2646 modo
3094 2598 3151 2647 et
3190 2593 3248 2647 in
3301 2593 3573 2648 diaconia
3618 2595 3780 2648 beati

420 2697 457 2750 5
493 2690 779 2748 Theodori
812 2688 1085 2762 martyris
1137 2692 1358 2743 vestem
1409 2689 1478 2743 de
1529 2689 1790 2755 fundato,
1826 2688 2022 2743 leones
2072 2689 2408 2754 habentem,
2443 2705 2577 2743 cum
2631 2689 2898 2762 periclysi
2945 2691 3017 2745 de
3052 2690 3344 2762 octapulo.
3380 2691 3537 2746 Fecit
3569 2696 3779 2746 autem

493 2792 554 2846 in
605 2788 849 2846 ecclesia
895 2786 1051 2842 beati
1101 2785 1313 2842 Christi
1366 2786 1641 2858 martyris
1693 2785 2006 2852 Laurentii,
2040 2803 2168 2856 quae
2200 2785 2456 2858 ponitur.
2487 2787 2628 2842 foris
2661 2803 2882 2855 mures,
2913 2793 3134 2842 vestem
3166 2786 3628 2860 chryseclavam,
3663 2788 3776 2844 ha-

493 2890 728 2946 bentem
780 2884 1089 2939 historiam
1137 2882 1380 2938 Zachaei.
1430 2882 1587 2938 Fecit
1638 2887 1696 2938 et
1743 2882 1918 2938 aliam
1966 2888 2190 2938 vestem
2239 2884 2566 2952 fundatam,
2619 2901 2754 2939 cum
2803 2884 3065 2957 gryphis,
3113 2885 3174 2940 in
3213 2885 3496 2940 honorem
3549 2891 3776 2942 sanctae

491 2985 594 3042 Dei
644 2981 944 3057 genitrieis
990 2982 1061 3037 ad
1114 2987 1421 3053 martyres.
1457 2981 1693 3036 Necnon
1723 2986 1781 3037 et
1829 2981 1887 3035 in
1938 2981 2182 3037 basilica
2227 2981 2381 3037 beati
2434 2982 2715 3055 Stephani
2758 2983 3205 3056 protomartyris
3255 2981 3316 3038 in
3357 2982 3534 3040 Coelio
3566 2987 3773 3040 monte

487 3088 709 3139 vestem
741 3081 809 3135 de
843 3079 1105 3146 fundato,
1142 3095 1277 3134 cum
1329 3079 1703 3152 gammadiis.
1736 3079 1950 3134 Verum
1983 3079 2157 3134 etiam
2188 3084 2246 3134 et
2277 3079 2338 3134 in
2371 3079 2638 3135 diaconia
2668 3081 2848 3136 beatae
2881 3081 2980 3136 Dei
3029 3081 3342 3136 Genitrieis
3375 3081 3432 3135 in
3479 3080 3574 3136 via
3623 3082 3774 3138 Lata

389 3187 453 3242 ιο
492 3181 628 3238 fecit
663 3184 885 3235 vestem
931 3178 1000 3234 de
1051 3178 1329 3244 stauraci,
1362 3195 1496 3233 eum
1548 3177 1817 3250 periclysi
1870 3178 1940 3233 de
1989 3177 2222 3234 blattin.
2259 3178 2450 3234 Simili
2502 3181 2676 3235 modo
2728 3184 2786 3234 et
2831 3180 2890 3234 in
2939 3179 3186 3235 ecclesia
3225 3179 3404 3236 beatae
3455 3179 3555 3235 Dei
3595 3181 3771 3252 geni-

489 3279 654 3337 tricis
684 3294 1031 3348 semperque
1060 3275 1319 3348 Virginis
1351 3275 1544 3331 Marim
1574 3277 1823 3331 dominae
1876 3282 2086 3332 nostra:
2135 3277 2208 3332 ad
2258 3281 2521 3349 Prmsepe
2569 3277 2706 3333 fecit
2753 3281 2973 3333 vestem
3024 3294 3166 3333 auro
3223 3276 3502 3344 textilem,
3537 3277 3772 3334 haben-

489 3385 605 3435 tem
652 3375 1040 3442 nativitatem,
1074 3374 1456 3447 baptismum,
1491 3374 1998 3446 prazsentationem
2027 3380 2084 3429 ct
2132 3376 2619 3431 resurrectionem
2654 3393 2667 3431 :
2703 3375 3014 3430 habentem
3047 3375 3106 3430 in
3139 3375 3326 3448 capite
3357 3375 3543 3448 ipsius
3574 3375 3769 3432 histo-

488 3479 586 3534 ria:
634 3491 899 3548 gemmas
949 3473 1112 3528 albas
1162 3477 1452 3528 trecentas
1499 3478 1555 3527 et
1587 3472 1955 3550 .oetuaginta,
1989 3472 2402 3545 hyacinthinas
2447 3472 2900 3546 quinquaginta,
2932 3473 3201 3546 prasinas
3251 3472 3457 3546 viginti
3504 3473 3676 3545 duas,
3711 3478 3772 3528 et

485 3582 544 3637 in
595 3578 845 3636 circuitu
904 3572 1188 3629 alvaviras
1237 3571 1463 3644 legente
1493 3571 1562 3626 de
1591 3571 1826 3626 nomine
1875 3570 2077 3626 domni
2127 3571 2385 3644 Gregorii
2437 3571 2631 3643 quarti
2685 3589 2868 3644 papae.
2905 3571 3048 3627 Item
3099 3572 3233 3627 fecit
3277 3575 3335 3626 et
3382 3570 3440 3626 in
3491 3569 3770 3626 diaconia

381 3683 450 3738 15
487 3679 641 3735 beati
671 3673 908 3732 Adriani
942 3670 1216 3743 martyris
1246 3669 1305 3724 in
1338 3669 1528 3725 tribus
1578 3668 1714 3724 fatis
1761 3674 1983 3724 vestem
2015 3669 2087 3723 de
2115 3669 2378 3724 fundato.
2415 3669 2572 3724 Fecit
2614 3674 2812 3725 autem
2859 3669 3137 3741 praefatus
3181 3667 3393 3742 przesul
3424 3667 3482 3723 in
3516 3667 3769 3725 ecclesia

485 3779 790 3833 beatorum
841 3768 1239 3843 apostolorum
1296 3767 1367 3821 ad
1420 3766 1670 3821 Vincula
1716 3770 1934 3821 vestem
1986 3767 2057 3821 dc
2107 3767 2371 3834 fundato,
2407 3767 2717 3822 habentem
2773 3766 2968 3823 leones
3019 3783 3153 3822 cum
3200 3765 3464 3839 gryphis.
3499 3765 3660 3822 Fecit
3707 3771 3768 3823 et

486 3875 662 3932 aliam
693 3875 911 3927 vestem
944 3869 1014 3923 de
1045 3867 1286 3922 fundato
1319 3864 1377 3920 in
1409 3864 1654 3921 ecclesia
1683 3865 1834 3920 beati
1865 3864 2099 3920 Martini
2131 3865 2482 3921 confessoris
2514 3870 2688 3937 atque
2719 3863 3033 3938 pontificis,
3059 3864 3373 3921 habentem
3403 3863 3602 3920 leones
3622 3879 3763 3919 cum

483 3971 812 4029 arboribus.

553 4069 706 4126 466
748 4068 982 4122 Necnon
1015 4063 1144 4119 etin
1164 4061 1407 4117 basilica
1423 4060 1575 4116 beati
1596 4061 1829 4117 Eusebii
1854 4062 2130 4134 martyris
2149 4065 2367 4118 vestem
2387 4061 2457 4117 de
2474 4059 2722 4127 olovero,
2737 4059 3049 4116 habentem
3066 4059 3314 4132 aquilas,
3331 4076 3465 4115 cum
3486 4057 3761 4134 periclysi

481 4172 551 4226 de
582 4160 1206 4242 quadrapulo.0btulit
1239 4161 1414 4214 etiam
1447 4159 1758 4232 praedictus
1787 4158 1998 4232 praesul
2021 4159 2080 4212 in
2105 4158 2348 4214 basilica
2377 4159 2556 4214 beatas
2584 4159 2681 4214 Dei
2723 4159 3034 4215 Genitrieis
3066 4159 3258 4214 Maria:
3301 4162 3466 4213 trans
3497 4156 3759 4214 Tiberim

480 4270 700 4323 vestem
735 4265 805 4319 de
843 4260 1037 4334 Tyrio,
1070 4259 1380 4314 habentem
1414 4256 1719 4312 historiam
1753 4256 2068 4312 Deminicze
2101 4255 2420 4312 nativitatis
2453 4261 2628 4329 atque
2658 4256 3101 4312 resurrectionis
3133 4255 3363 4311 Domini
3403 4255 3588 4310 nostri
3617 4255 3759 4312 Jesu

481 4362 713 4422 Christi.
749 4362 872 4417 lme
903 4359 1048 4414 etin
1081 4356 1350 4412 diaconia
1399 4373 1527 4427 quae
1577 4359 1819 4410 vocatnr
1866 4359 2030 4427 Cyre,
2066 4353 2243 4409 simili
2298 4356 2469 4410 modo
2520 4354 2734 4410 obtulit
2784 4359 3003 4412 vestem
3035 4355 3106 4409 de
3138 4354 3402 4410 fundato.
3439 4352 3559 4408 Imo
3610 4357 3670 4409 et
3699 4354 3759 4408 in

405 4468 441 4521 5
478 4460 745 4519 diaconia
797 4458 977 4514 beatae
1029 4454 1222 4510 Mariae
1275 4452 1333 4508 in
1379 4453 1475 4508 via
1523 4453 1664 4508 Lata
1715 4453 1920 4508 eodem
1979 4453 2154 4508 modo
2201 4456 2421 4507 vestem
2472 4453 2544 4508 de
2593 4453 2838 4508 fundato
2895 4451 3130 4508 obtulit.
3189 4451 3290 4507 Hic
3338 4449 3657 4523 praeclarus
3703 4457 3762 4508 et

471 4556 842 4617 venerabiliis
876 4553 1132 4627 pontifex
1183 4551 1377 4607 divina
1426 4550 1816 4624 inspiratione
1867 4550 2054 4605 fretus
2111 4549 2247 4605 fecit
2296 4550 2356 4605 in
2407 4549 2655 4606 ecclesia
2705 4550 2860 4606 beati
2919 4549 3099 4606 Marci
3143 4547 3496 4606 confessoris
3540 4547 3757 4603 Christi

483 4663 656 4730 atque
705 4651 1003 4728 pontificis
1053 4654 1326 4723 patenam
1375 4648 1642 4721 octogeni
1691 4651 2050 4715 exauratam,
2101 4647 2414 4704 habentem
2464 4647 2524 4702 in
2575 4648 2768 4704 medio
2814 4647 3041 4703 vultum
3091 4647 3322 4703 Domini
3371 4644 3577 4714 nostri,
3620 4649 3680 4700 et
3725 4662 3761 4700 a

476 4757 708 4813 duobus
762 4751 1043 4807 lateribus
1092 4747 1319 4804 vultum
1369 4746 1558 4819 ipsius
1609 4745 1762 4802 beati
1812 4745 1993 4801 Marci
2055 4749 2230 4817 atque
2283 4746 2548 4817 ejusdem
2600 4745 2890 4818 praesulis,
2941 4763 3109 4818 pene,
3158 4745 3340 4800 libras
3390 4761 3509 4799 sex.
3562 4742 3755 4800 Simili

477 4854 649 4911 modo
701 4855 760 4908 et
808 4847 1049 4905 calicem
1100 4844 1369 4918 octogeni
1418 4844 1727 4899 fundatum
1777 4860 1911 4898 cum
1964 4842 2119 4898 t'eliis
2176 4847 2520 4899 exauratum
2552 4843 2770 4899 ibidem
2802 4841 3413 4915 ebtulit,pens.libras
3441 4857 3542 4896 sex
3577 4858 3592 4908 ;
3627 4857 3753 4914 scy-

373 4956 440 5011 10
478 4953 663 5025 phum
712 4962 945 5020 quoque
993 4948 1335 5016 argenteum
1392 4941 1510 4996 illic
1556 4940 1748 4997 efferri
1797 4940 2042 5006 curavit,
2077 4956 2324 5011 pensan.
2375 4940 2559 4997 libras
2596 4957 2716 4997 sex.
2750 4941 2976 4996 Obtulit
3003 4940 3178 4996 etiam
3210 4938 3336 5012 ipse
3364 4938 3753 5011 praenomina-

477 5056 574 5106 tus
631 5045 891 5120 pontifex
929 5042 1189 5098 canistra
1235 5039 1548 5096 ennai‘odia
1596 5039 1736 5106 duo,
1770 5056 2014 5111 qensan.
2051 5038 2294 5095 insimul
2343 5038 2523 5094 libras
2576 5039 3042 5112 quatuordecim.
3075 5037 3292 5092 Vernm
3341 5036 3638 5092 enimvero
3694 5035 3755 5091 in

476 5145 723 5204 ecclesia
780 5141 1033 5198 doctoris
1078 5139 1341 5212 gentium
1376 5137 1531 5193 beati
1583 5136 1742 5193 Pauli
1776 5135 2024 5208 apostoli
2055 5135 2269 5192 obtulit
2299 5154 2451 5209 saepe
2483 5137 2675 5192 dictus
2706 5137 2966 5209 pontifex
2993 5140 3213 5192 vestem
3245 5136 3314 5191 de
3344 5133 3751 5207 Chrysoclavo,

474 5245 788 5302 habentem
839 5238 1147 5294 historiam
1202 5236 1433 5292 Domini
1487 5234 1587 5290 Dei
1644 5234 1850 5302 nostri,
1886 5239 1942 5289 et
1984 5234 2043 5289 in
2097 5235 2227 5305 ejus
2275 5235 2556 5306 obsequio
2589 5252 2622 5290 a
2653 5234 2874 5290 dextris
2920 5233 3008 5290 vel
3067 5232 3324 5289 sinistris
3370 5230 3752 5304 archangele-

476 5360 629 5409 rum,
653 5357 755 5397 seu
789 5336 1210 5410 apostolorum,
1232 5333 1513 5390 laudabili
1547 5332 1990 5402 numero,mirae
2023 5332 2450 5405 magnitudinis
2481 5336 2653 5405 atque
2685 5329 3426 5404 pulchritudinis,diversis
3454 5327 3751 5401 lapidibus

368 5443 434 5495 15
471 5440 555 5497 vel
589 5435 894 5511 magaritis
924 5437 1189 5490 ornatam
1218 5431 1694 5504 pulcherrimque
1727 5433 2079 5486 contextam.

548 5538 694 5592 487
743 5535 844 5589 llic
894 5530 1360 5605 benignissimus
1418 5533 1475 5585 et
1524 5527 1841 5601 praeclarus
1891 5527 2172 5601 pontifex,
2206 5528 2349 5583 dum
2383 5528 2574 5584 bonus
2605 5531 2662 5585 et
2691 5545 2866 5585 verus
2898 5532 3100 5600 pastor
3130 5543 3234 5598 pro
3266 5528 3480 5582 sanctae
3511 5523 3614 5581 Dei
3645 5525 3748 5581 Ec-

473 5633 660 5687 clesia:
711 5636 865 5687 statu
901 5630 1220 5685 maximam
1270 5627 1532 5699 undique
1565 5643 1765 5682 curam
1800 5642 1864 5681 ac
1895 5625 2259 5698 vigilantiam
2294 5631 2541 5699 gereret,
2574 5627 2952 5683 considerans
2986 5626 3384 5681 Romanorum
3417 5622 3742 5696 penuriam.

472 5729 625 5799 quod
680 5728 779 5783 ubi
830 5727 1089 5782 triticum
1141 5726 1212 5782 ad
1255 5724 1546 5781 edendum
1593 5723 1876 5779 molerent
1907 5722 2068 5778 nullo
2102 5724 2274 5779 modo
2316 5723 2619 5793 baberent,
2652 5724 2846 5780 divino
2877 5724 3060 5779 fretus
3092 5721 3306 5779 auxilio
3336 5721 3589 5777 formam
3621 5737 3744 5793 qua

473 5823 792 5880 Sabbatina
841 5827 1234 5894 nuncupatur,
1293 5839 1418 5893 qua:
1467 5821 1593 5892 jam
1646 5838 1748 5893 per
1796 5819 2083 5891 plurimos
2133 5839 2321 5876 annos
2363 5822 2660 5878 confracta
2704 5826 2880 5894 atque
2925 5820 3195 5892 disrupta
3241 5835 3369 5876 esse
3417 5818 3740 5884 videbatur,

397 5919 435 5974 5
472 5923 608 5976 dato
663 5920 857 5989 operis
904 5920 1121 5987 studio,
1152 5920 1308 5975 sicut
1332 5937 1368 5975 a
1395 5918 1606 5991 priscis
1656 5920 1846 5974 fuerat
1891 5918 2179 5974 aedificata
2209 5921 2597 5992 temporibus,
2633 5921 2712 5976 ita
2743 5937 2976 5993 quoque
3006 5936 3135 5976 eam
3167 5933 3468 5993 praesagus
3495 5917 3739 5974 antistes

470 6013 699 6072 neviter
741 6012 1026 6068 aedificare
1073 6017 1251 6085 atque
1299 6018 1637 6071 ceustruere
1679 6014 1848 6072 nisus
1904 6014 2057 6070 fuit:
2111 6015 2195 6072 ita
2241 6020 2308 6072 ut
2350 6017 2424 6073 ad
2472 6015 2777 6074 ecclesiam
2829 6017 2986 6076 beati
3036 6017 3190 6075 Petri
3235 6013 3509 6091 apostoli.
3569 6017 3707 6088 atqu

471 6108 546 6168 ad
590 6105 928 6166 Janiculum
973 6107 1128 6167 sicut
1169 6108 1354 6186 prius,
1401 6109 1484 6168 ita
1531 6114 1588 6172 et
1637 6126 1794 6171 nunc
1858 6110 2261 6172 indifﬂuenter
2314 6113 2606 6174 decurrat.
2665 6114 2823 6175 Fecit
2888 6115 3068 6180 etiam
3114 6114 3175 6175 in
3225 6111 3494 6182 diaconia
3559 6112 3736 6178 beata
