3950 6392
351 353 461 413 275

1140 355 1234 412 ΑΙ)
1281 355 1607 413 ΑΝΛΒΤΑΞΙ
1615 355 1713 412 UM
1768 353 2014 414 PROLEC

2202 357 2283 413 ΝΑ
2324 359 2500 414 EDIT.
2555 355 2986 414 ΗΘΜ-ητις.

3660 359 3772 418 276

355 483 605 536 veritatis
647 481 964 548 facultatem
1009 480 1219 535 dederit
1265 482 1580 552 ampliorem
1631 481 1884 551 teinporis
1931 494 1996 532 ac
2025 483 2080 542 A
2109 494 2237 536 cum
2269 481 2698 538 characteribus
2723 483 2897 552 certis
2940 494 3220 538 annorum
3269 497 3444 553 supra
3484 485 3768 549 indicato.

356 585 540 624 rerum
547 569 1068 639 perquirendarum.

427 693 875 750 Attendentibus
908 695 1102 765 itaque
1129 694 1298 750 nobis
1334 695 1393 750 in
1425 695 1650 751 delectu
1696 692 2004 764 Cata10go-

357 796 485 839 rum
517 788 636 838 tum
689 783 1111 854 proximitatem
1141 783 1251 841 loci
1294 798 1359 840 ac
1389 784 1684 854 temporis,
1719 781 1892 838 rebus
1937 793 2005 834 ac

354 870 523 941 viris,
551 885 698 941 quos
727 879 1154 943 reprasentant,
1187 878 1307 928 tum
1345 873 1606 943 peritiam
1649 870 2001 940 disciplina,

356 965 416 1016 et
437 973 670 1018 causam
701 961 962 1018 scientia
998 963 1057 1017 in
1081 962 1422 1019 auctoribus
1443 963 1542 1034 qui
1577 961 1804 1017 eosdem
1833 961 2008 1014 Cata-

357 1048 486 1121 logo
503 1055 940 1119 contexuerunt,
973 1051 1036 1106 ﬁt
1064 1049 1429 1107 manifestum
1456 1051 1563 1105 hoc
1577 1050 1750 1105 etiam
1775 1047 2007 1103 nomine

359 1151 486 1194 esse
509 1139 732 1194 cateris
765 1137 1171 1209 praferendam
1205 1139 1638 1210 chronologiam
1665 1137 1741 1191 iis
1768 1137 1826 1190 in
1852 1135 2010 1190 Cata-

362 1226 513 1300 logis
531 1235 894 1298 apparentem
919 1229 1021 1300 qui
1044 1227 1500 1285 «'ontexebantur
1523 1233 1580 1282 et
1608 1223 2010 1296 praponeban-

359 1321 459 1374 tur
484 1317 715 1388 publice
737 1319 792 1374 in
824 1318 1089 1374 basilicis
1116 1317 1390 1375 Romanis
1414 1331 1512 1388 per
1527 1321 1747 1371 atatem
1769 1312 2006 1382 Liberii,

357 1407 571 1464 saeculo
625 1408 844 1464 Christi
900 1414 1126 1480 quarto,
1188 1413 1245 1464 et
1293 1407 1498 1463 Leonis
1550 1404 1739 1476 Magni
1799 1401 2010 1458 saculo

357 1497 584 1568 quinto,
615 1505 672 1554 et
701 1497 1044 1568 Symmachi,
1099 1497 1310 1554 Felicis
1341 1496 1556 1568 quarti,
1598 1508 1665 1550 ac
1705 1492 1922 1549 Justini
1953 1496 2011 1545 et

356 1587 676 1644 Justiniani
697 1588 1050 1658 principum,
1086 1587 1298 1644 saculo
1317 1580 1477 1642 sexto
1493 1599 1618 1640 ara
1637 1581 2002 1638 Christiana.

356 1677 497 1732 Nam
526 1681 724 1732 aetates
754 1675 870 1732 illa
899 1690 964 1732 ac
993 1677 1201 1732 sacula
1244 1689 1355 1746 pra
1383 1673 1606 1730 cateris
1635 1671 2008 1726 abundarunt

357 1765 562 1836 peritis
589 1765 650 1820 in
674 1779 734 1821 re
752 1765 1156 1837 cbronologica
1179 1763 1584 1836 scriptoribus,
1622 1761 1814 1831 iisque
1843 1756 2006 1814 adhi-
2035 1787 2084 1847 Β

357 1853 500 1910 bitis
527 1868 626 1924 per
673 1855 956 1910 Romanos
1001 1855 1299 1925 pontiﬁces
1337 1854 1408 1910 ad
1434 1850 1806 1922 supputanda
1831 1853 2005 1919 atque

356 1943 675 2000 ordinanda
699 1949 972 2013 tempora,
1007 1945 1306 2000 occasione
1345 1943 1836 2012 disceptationum
1863 1943 2003 1991 tunc

353 2033 672 2104 vigentium
692 2035 764 2090 de
779 2033 1163 2090 celebratione
1179 2032 1315 2089 festi
1341 2031 1658 2088 Paschalis.
1691 2029 2002 2083 Constante

355 2121 470 2178 vita
497 2122 732 2192 Liberii,
758 2123 1026 2181 manibus
1059 2124 1421 2180 eruditorum
1447 2120 1740 2176 terebatur
1766 2113 2000 2172 Eusebii

353 2211 698 2280 Chronicon,
725 2219 782 2269 et
805 2227 837 2269 a
869 2215 1230 2284 Hieronymo.
1254 2213 1358 2282 qui
1382 2212 1544 2266 beato
1567 2213 1806 2265 Damaso
1831 2204 2001 2260 Libe—

355 2301 430 2357 rii
454 2303 775 2358 successori
805 2301 921 2358 fuit
940 2303 1011 2358 ab
1025 2302 1314 2372 epistolis,
1337 2313 1450 2356 non
1469 2301 1636 2355 modo
1661 2296 1858 2352 Latine
1882 2292 2006 2348 red-

353 2390 616 2459 debatur,
649 2399 711 2448 ut
732 2392 988 2460 ejusdem
1023 2405 1164 2446 usus
1191 2390 1516 2446 communis
1547 2389 1708 2444 ﬂeret
1732 2383 2003 2439 universo

354 2480 676 2550 Occidenti,
702 2493 896 2536 verum
919 2480 1094 2535 etiam
1127 2477 1550 2548 producebatur
1581 2485 1768 2543 usque
1795 2471 1864 2525 ad
1899 2481 2005 2523 sua

357 2573 632 2638 tempora.
672 2568 721 2622 Α
750 2568 972 2623 Latinis
1019 2568 1194 2622 etiam
1226 2564 1598 2634 chronologis
1628 2562 1738 2617 hoc
1790 2555 2003 2612 saculo

357 2655 802 2728 perticiebantur
857 2659 914 2711 et
981 2653 1426 2712 illustrabantur
1467 2651 1613 2723 cycli
1662 2646 2001 2719 paschales:

359 2745 607 2803 indiculi
631 2745 934 2802 consulum
959 2743 1380 2802 emendatiores
1403 2741 1607 2798 iisdem
1631 2735 2008 2809 apponeban—

357 2841 474 2901 tur,
501 2837 588 2891 uti
618 2835 1014 2892 demonstrant
1037 2834 1277 2904 hujusce
1303 2831 1529 2905 generis
1553 2827 1833 2900 opuscula
1865 2822 2008 2878 cele-

361 2925 614 2982 berrima
645 2937 678 2980 a
711 2924 991 2981 Bucherio
1021 2924 1250 2996 vulgata
1283 2928 1411 2994 post
1444 2920 1667 2992 cyclum
1713 2911 1956 2970 Victorii
1989 2927 2006 2982 ς

365 3014 426 3070 in
453 3013 669 3082 quibus
692 3013 958 3070 laterculi
987 3013 1325 3070 consulares
1352 3020 1408 3068 et
1440 3007 1836 3080 prafectorum
1867 2997 2008 3055 Urbi

2109 584 2176 626 ac
2213 571 2436 626 cateris
2482 569 2830 640 praferendo
2865 585 2932 627 ex
2957 572 3372 628 demonstratis
3410 587 3442 628 a
3489 588 3575 630 me
3616 575 3771 630 inter

2114 661 2230 716 hac
2277 659 2671 730 prolegomena
2723 674 2848 731 pag.
2894 674 2974 716 xu
3029 662 3220 729 (supra
3279 662 3378 716 col.
3434 659 3572 731 429).
3650 664 3770 720 Suo

2115 749 2310 818 itaque
2363 750 2492 818 jure
2563 751 2669 803 Leo
2717 749 2955 820 Magnus
3013 751 3246 820 pingere
3304 756 3525 820 poterat
3593 759 3771 822 atque

2115 851 2446 906 proponere,
2495 842 2764 906 tanquam
2808 838 3067 893 numeris
3103 837 3374 894 omnibus
3417 837 3766 908 absolutam,

2115 927 2320 980 seriem
2359 932 2416 981 et
2454 925 2881 997 chronologiam
2916 927 2976 981 in
3030 926 3274 981 basilica
3328 928 3384 982 S.
3431 927 3618 997 Pauli,
3669 928 3767 984 cui

2119 1028 2222 1070 nos
2263 1023 2555 1084 acceptum
2606 1014 2909 1071 referimus
2957 1017 3245 1086 quidquid
3295 1017 3352 1071 in
3401 1016 3767 1088 chronogra-

2118 1103 2253 1173 phia
2287 1104 2578 1172 pontiﬁcia
2622 1118 2721 1173 per
2747 1104 3044 1174 Catalogos
3076 1105 3209 1159 inde
3240 1105 3622 1173 transcriptos
3649 1104 3773 1159 Ro-

2120 1204 2284 1245 mana
2330 1192 2671 1247 documenta
2727 1198 3057 1248 constanter
3097 1206 3162 1248 ac
3222 1192 3469 1248 ﬁdeliter
3518 1193 3770 1263 posteris

2121 1279 2500 1335 tradiderunt.

2189 1387 2408 1443 Sacqu
2486 1389 2711 1445 tandem
2790 1389 3070 1458 proximo,
3146 1401 3348 1460 nempe
3412 1387 3519 1445 sub
3581 1390 3772 1446 Felice

2121 1483 2348 1548 quarto,
2403 1486 2460 1534 et
2507 1477 2838 1533 Justiniano
2891 1479 3172 1549 principe,
3206 1478 3274 1532 ad
3325 1492 3496 1548 quam
3545 1484 3770 1534 atatem

2121 1569 2370 1638 pertinet
2396 1568 2699 1638 Catalogus
2729 1568 3054 1638 appellatus
3083 1582 3114 1623 a
3136 1568 3544 1623 Scbelestratio
3565 1584 3773 1622 secun-

2119 1657 2243 1719 dus,
2296 1656 2780 1728 chronologorum
2849 1656 3044 1712 studia
3105 1657 3358 1713 nondum
3419 1656 3768 1727 defecerant,

2118 1745 2459 1802 ﬂorentibus
2505 1746 2807 1802 Ammiano
2867 1746 3198 1802 Marcellino
3255 1747 3406 1802 inter
3451 1745 3772 1802 Orientalis

2118 1835 2348 1906 imperii
2399 1835 2730 1906 scriptores,
2787 1842 2842 1892 et
2899 1835 2958 1890 in
3003 1835 3311 1891 Occidente
3381 1835 3775 1892 recolentibus

2112 1925 2305 1981 eadem
2359 1925 2554 1980 studia
2617 1925 2892 1994 Prospero
2955 1930 3011 1980 et
3049 1925 3390 1981 Cassiodoro
3426 1938 3501 1980 :a
3553 1923 3776 1994 quibus

2111 2013 2338 2070 abunde
2355 2015 2679 2070 consultum
2701 2013 3292 2072 fuitordinandistem
3304 2013 3541 2084 poribus
3562 2013 3772 2083 ponti-

2113 2102 2280 2160 ﬁcum
2339 2109 2396 2158 et
2439 2105 2852 2176 consignandis
2899 2118 2996 2173 per
3055 2103 3361 2159 laterculos
3405 2102 3764 2158 consulares.

2111 2194 2325 2249 Incidit
2353 2194 2410 2248 in
2443 2195 2734 2262 proximos
2758 2208 2939 2249 annos
2961 2193 3270 2264 Dionysius
3287 2193 3544 2264 Exiguus
3557 2192 3781 2247 Roma-

2114 2295 2224 2338 nus
2245 2281 2438 2352 abbas,
2469 2289 2590 2338 tum
2618 2283 2698 2337 rei
2732 2283 3042 2347 Paschalis,
3067 2289 3186 2338 tum
3204 2281 3780 2338 araChristlcultor

2113 2371 2410 2432 emeritus,
2439 2371 2610 2438 cujus
2631 2371 2827 2440 cyclus
2853 2373 2931 2426 ita
2966 2371 3183 2440 placuit
3205 2371 3450 2426 summis
3470 2369 3778 2440 pontiﬁci—

2114 2457 2244 2525 bus,
2279 2463 2343 2511 nt
2369 2471 2498 2512 eum
2541 2458 2890 2530 vulgandum
2931 2473 3056 2514 esse
3095 2461 3449 2514 crediderint
3491 2460 3559 2514 ad
3605 2471 3780 2514 usum

2115 2547 2381 2602 Ecclesia
2409 2547 2708 2616 universa,
2739 2547 3183 2619 etchronologia
3215 2549 3296 2603 ita
3325 2550 3621 2604 commoda
3651 2550 3782 2604 visa

2117 2643 2203 2694 est
2255 2637 2520 2708 posteris,
2569 2641 2633 2692 ut
2679 2651 2776 2706 per
2808 2651 2930 2693 eam
2978 2638 3274 2694 enuntiari
3322 2651 3504 2693 annos
3553 2637 3781 2693 Christi

2117 2728 2407 2784 voluerint
2435 2725 2506 2780 ab
2532 2732 2696 2781 atate
2725 2727 2910 2782 Caroli
2949 2727 3160 2798 Magni,
3195 2733 3249 2783 et
3279 2727 3606 2782 consecutis
3634 2728 3789 2797 qui—

2119 2816 2342 2886 busque
2367 2816 2601 2872 saculis
2645 2821 2766 2872 tum
2801 2816 2859 2872 in
2903 2817 3124 2886 privata
3175 2831 3235 2872 re
3287 2815 3778 2886 administranda,

2120 2911 2241 2961 tum
2261 2906 2319 2960 in
2342 2905 2830 2975 publicisactibus
2844 2906 3276 2978 consignandis,
3293 2906 3780 2977 quemadmodum

2121 2995 2291 3051 hodie
2319 2994 2648 3051 adhibetur.

359 3101 624 3159 collectio
670 3100 739 3157 ad
783 3108 1051 3172 quartum
1093 3100 1312 3156 Christi
1371 3097 1642 3156 saeculum
1692 3091 2005 3165 pertinens,

2202 3101 2248 3159 4.
2282 3105 2493 3160 Harum
2540 3103 2723 3175 igitur
2751 3107 2980 3160 atatum
3028 3104 3329 3174 Catalogos
3363 3107 3420 3158 et
3464 3102 3784 3158 chronolo-

359 3190 672 3262 eodemque
690 3190 1007 3261 perscripta
1026 3196 1084 3246 et
1104 3189 1337 3247 nomina
1361 3202 1427 3244 ac
1454 3185 1849 3258 depositiones
1872 3187 2010 3249 pon-

361 3279 584 3338 tiﬁcum
616 3280 1021 3351 Romanorum,
1053 3281 1310 3352 ejusdem
1335 3281 1524 3336 atatis
1546 3278 1606 3335 in
1634 3273 2016 3338 membranis.

365 3382 613 3441 quarum
640 3369 852 3440 aliqua
879 3370 972 3426 his
997 3370 1171 3427 etiam
1207 3368 1633 3440 Prolegomenis
1673 3367 2013 3422 inseruntur

365 3457 654 3528 superius.
681 3457 839 3514 Etas
857 3459 1053 3529 itaque
1082 3457 1294 3514 Liberii
1327 3471 1484 3528 papa
1515 3456 1674 3512 ferax
1701 3454 2009 3510 admodum

365 3545 481 3604 fuit
507 3545 881 3619 diligentium
912 3560 979 3603 ac
1027 3548 1343 3618 peritorum
1389 3547 1460 3603 de
1505 3560 1566 3602 re
1605 3543 2012 3615 chronologica

363 3635 729 3705 scriptorum.
757 3636 1010 3692 lndicavi
1033 3638 1206 3692 etiam
1226 3634 1693 3706 pauloante(cap.
1724 3631 1780 3701 3,
1795 3649 1945 3687 num.
1977 3629 2016 3686 8

363 3723 570 3782 seriem
600 3724 972 3780 vetustiorem
995 3725 1332 3794 pontiﬁcum
1353 3727 1758 3788 Romanorum,
1786 3723 1844 3778 in
1868 3721 2017 3778 basi-

367 3811 480 3868 lica
499 3813 768 3868 Vaticana
790 3813 1076 3884 depictam
1100 3813 1423 3870 ostendisse
1447 3812 1699 3868 viventis
1729 3811 2016 3868 indicium

371 3899 494 3958 sola
520 3899 580 3956 in
608 3901 858 3973 imagine
890 3902 1104 3959 Liberii
1139 3916 1236 3972 per
1258 3903 1485 3974 insigne
1525 3901 1868 3972 quadratum
1891 3901 2016 3969 ejus

373 3990 818 4058 capitiaptatum
841 3991 1025 4060 gunde
1039 3990 1340 4064 colligitur
1371 3991 1458 4047 vel
1486 3991 1644 4046 illam
1675 3989 1848 4048 seriei
1871 3987 2022 4043 Vati-

375 4089 531 4133 cana
553 4082 766 4146 partem
793 4078 1102 4136 coloratam
1121 4078 1303 4137 fuisse
1319 4085 1617 4137 constante
1635 4080 1753 4135 vita
1781 4075 2017 4143 Liberii,

376 4172 434 4223 et
457 4167 646 4224 serius
697 4169 1030 4238 productam
1076 4174 1271 4239 postea
1297 4167 1480 4226 fuisse
1504 4169 1574 4224 ad
1611 4166 1972 4222 Hormisdam
2003 4179 2020 4228 ξ

375 4254 463 4312 vel
514 4254 586 4311 ab
632 4256 954 4328 antiquiori
1004 4259 1154 4314 serie
1193 4257 1511 4313 Liberiana
1549 4254 1737 4311 atatis
1780 4253 2022 4322 petitum

373 4344 682 4414 exemplar,
706 4345 856 4416 quod
890 4346 950 4401 in
981 4345 1254 4401 Vaticana
1280 4345 1383 4399 tali
1413 4343 1750 4398 emblemata
1790 4341 2028 4398 adorna-

2126 3193 2280 3266 giam
2309 3193 2686 3263 pontiﬁciam,
2705 3205 2876 3264 quam
2894 3194 3209 3262 continent,
3245 3206 3278 3247 a
3296 3192 3568 3248 Romanis
3587 3191 3789 3248 docu—

2127 3283 2336 3338 mentis
2380 3287 2689 3352 acceptam,
2741 3295 2864 3337 esse
2895 3281 3140 3353 reliquis
3195 3279 3599 3352 praferendam
3649 3293 3784 3336 cum

2125 3371 2648 3440 demenstraverim,
2687 3385 3041 3443 consequens
3101 3377 3190 3427 est
3245 3377 3309 3426 ut
3373 3370 3621 3425 eamdem
3687 3369 3792 3424 hic

2124 3473 2465 3530 apponerem
2549 3459 2618 3515 ad
2660 3457 3067 3515 conferendum
3138 3465 3198 3514 et
3260 3459 3329 3513 ad
3403 3456 3790 3513 indicandum

2125 3549 2250 3618 ejus
2292 3561 2633 3604 consensum
2657 3561 2788 3603 cum
2828 3549 3134 3619 archetypo
3163 3548 3216 3603 S.
3252 3546 3438 3603 Pauli.
3463 3545 3792 3616 Diligenter

2127 3638 2310 3709 igitur
2342 3637 2666 3709 indagando
2697 3637 2950 3708 genuina
2970 3637 3134 3692 illius
3159 3635 3510 3706 exemplaria
3535 3637 3592 3688 in
3619 3633 3794 3689 anti—

2129 3725 2435 3798 quioribus
2464 3726 2765 3782 codicibus
2804 3727 3134 3782 etarchivis
3189 3725 3444 3796 regionis
3498 3722 3797 3779 suburbi—

2125 3813 2321 3882 caria,
2378 3819 2480 3870 aut
2534 3814 2950 3884 proximiorum
3001 3813 3136 3867 Urbi
3194 3812 3590 3879 ecclesiarum,
3657 3825 3796 3880 qua

2129 3901 2328 3958 saltem
2359 3909 2551 3958 essent
2577 3903 2728 3957 intra
2756 3901 2977 3956 Italiam
3009 3900 3348 3965 constituta,
3381 3904 3438 3953 et
3485 3905 3797 3967 propterea

2131 3990 2426 4060 potuerint
2452 3990 2666 4058 sapius
2712 3987 2960 4044 conferri
2991 4001 3023 4042 a
3052 3984 3368 4056 majoribus
3411 3985 3628 4040 nostris
3653 4001 3793 4043 cum

2135 4079 2394 4148 protypis
2440 4078 2732 4145 Romanis,
2792 4075 3098 4146 Farfensis,
3149 4075 3418 4131 Cavensis
3469 4079 3526 4129 et
3572 4076 3797 4148 Berga-

2137 4166 2352 4222 mensis
2379 4166 2626 4236 exempli
2666 4179 2934 4222 numeros
2972 4165 3376 4234 exprimendos
3412 4166 3609 4221 curavi
3645 4181 3798 4236 pro-

2136 4257 2289 4313 xime
2317 4261 2442 4326 post
2459 4254 2760 4325 Catalogos
2783 4254 3016 4324 Liberii,
3049 4255 3249 4310 Leonis
3273 4261 3327 4309 et
3356 4254 3567 4309 Felicis
3589 4256 3792 4324 quarti

2140 4344 2350 4401 saculo
2379 4349 2640 4400 exaratos
2668 4345 2725 4398 in
2765 4344 3026 4414 antiquis
3054 4343 3420 4411 membranis,
3460 4350 3564 4398 aut
3599 4343 3793 4412 pictos

376 4433 566 4490 batur.
633 4433 986 4489 Utrumlibet
1031 4445 1163 4488 vero
1213 4432 1608 4501 admittamus,
1658 4436 1876 4488 certum
1941 4438 2028 4488 est
2057 4465 2110 4526 ι)
2141 4435 2200 4490 in
2251 4432 2571 4504 parietibus
2642 4433 3111 4504 patriarchalium
3164 4431 3334 4515 Urbis
3389 4431 3788 4488 ecclesiarum.

375 4522 571 4578 eadem
623 4526 788 4576 atate
842 4519 1078 4588 Liberii,
1129 4533 1244 4589 qua
1290 4520 1572 4577 vetustior
1616 4535 1684 4577 ex
1739 4519 2028 4591 Catalogis
2061 4519 2102 4526 "
2137 4522 2413 4592 Quartum
2473 4522 2638 4591 addo,
2679 4535 2846 4592 quem
2919 4519 3144 4591 appello
3200 4522 3531 4582 Lucensem,
3589 4525 3792 4588 utpote

376 4609 638 4680 scriptis,
664 4613 722 4664 et
737 4607 1018 4664 vetustior
1045 4623 1114 4665 ex
1128 4609 1378 4678 depictis
1405 4609 1464 4665 in
1489 4609 1807 4679 parietibus
1833 4609 2029 4664 basili-

379 4712 578 4755 carum
610 4696 783 4754 Urbis
813 4697 992 4754 simul
1023 4697 1508 4768 producebantur,
1541 4699 2024 4770 chronologorum

379 4787 846 4858 prastantiorum
874 4789 1099 4859 copiam
1130 4787 1316 4845 fuisse
1345 4795 1736 4859 conspectant.

449 4913 658 4970 Leonis
682 4913 870 4986 Magni
899 4918 1155 4984 tempora
1174 4927 1284 4970 non
1314 4914 1508 4971 minus
1527 4928 1697 4985 quam
1722 4915 2025 4972 Liberiana

377 5000 748 5059 abundabant
797 5003 985 5060 doctis
1009 5003 1402 5076 chronologis,
1437 5018 1582 5074 quos
1627 5005 1695 5060 ad
1729 5018 1793 5060 ea
1824 5005 2025 5061 studia

379 5089 720 5148 incitaverat
770 5092 852 5148 rei
908 5092 1198 5164 paschalis
1245 5093 1576 5164 inquisitio,
1622 5098 1678 5148 et
1721 5107 1790 5149 ex
1831 5093 2028 5150 admi-

377 5177 584 5234 nistris
613 5180 769 5236 sedis
789 5181 1118 5252 apostolica
1139 5182 1492 5238 contituerat
1513 5181 1767 5250 ejusdem
1801 5181 2030 5252 pontiﬁ-

377 5279 490 5335 ces,
525 5269 611 5324 uti
655 5269 1052 5326 demonstrant
1081 5270 1289 5327 littera
1342 5271 1586 5328 Victorii
1639 5271 1938 5342 Aquitani,
1968 5277 2027 5328 et

375 5353 572 5422 cyclus
617 5355 912 5413 Paschalis
965 5358 1038 5414 ab
1082 5373 1148 5415 eo
1193 5361 1576 5416 transmissus
1617 5360 1685 5415 ad
1738 5361 2022 5429 Hilarum,

377 5440 583 5498 Leonis
614 5458 770 5515 papa
818 5451 957 5504 tunc
985 5449 1480 5518 archidiaconnm,
1505 5449 1714 5506 deinde
1739 5463 2030 5506 successo-

381 5541 520 5584 rem.
552 5529 736 5600 Hujus
764 5535 972 5602 peritia
1001 5541 1320 5606 temporum
1349 5545 1563 5610 quanta
1594 5537 1771 5594 fuerit
1797 5537 2026 5594 abunde

380 5615 580 5689 colligi
648 5632 812 5688 posse
861 5623 1085 5678 credam
1149 5627 1517 5682 exactissimo
1570 5639 1639 5681 ex
1693 5639 2025 5682 commensu

377 5705 636 5777 ejusdem
693 5705 1079 5780 chronologia
1105 5711 1176 5768 de
1203 5712 1421 5770 Christi
1470 5715 1700 5770 Domini
1761 5719 2027 5785 passione

2137 4625 2420 4668 annexum
2447 4610 2775 4668 collectioni
2797 4611 3110 4680 Canonum,
3133 4610 3257 4666 sive
3271 4611 3506 4665 Decreto
3528 4607 3787 4664 Anselmi

2137 4699 2394 4770 episcopi
2431 4701 2718 4756 Lucensis.

2207 4807 2262 4865 5.
2314 4809 2394 4864 Ne
2437 4815 2623 4864 tamen
2667 4809 3064 4866 omitteremus
3119 4821 3459 4864 consensum
3512 4808 3790 4879 indagare

2136 4902 2460 4953 exterorum
2491 4911 2721 4968 quoque
2747 4897 3168 4967 Catalogorum,
3214 4896 3263 4951 si
3307 4897 3409 4966 qui
3439 4895 3791 4952 haberentur

2135 4987 2571 5052 emendatiores,
2613 4989 2803 5042 visum
2864 4994 2951 5043 est
2995 4991 3121 5056 post
3171 4986 3403 5042 Italicos
3447 4991 3792 5042 memoratos

2137 5074 2304 5131 illius
2350 5077 2520 5131 etiam
2564 5081 2762 5147 typum
2807 5075 3159 5142 subnectere,
3225 5088 3393 5146 quem
3441 5074 3629 5130 edidit
3667 5089 3784 5130 rev.

2137 5163 2198 5217 P.
2228 5165 2428 5220 Daniel
2459 5164 2884 5234 Papebrochius
2919 5165 2977 5219 in
3025 5179 3129 5220 suo
3159 5164 3380 5220 Conatu
3405 5163 3788 5218 chronhisto-

2138 5252 2260 5308 rico
2297 5254 2364 5308 ad
2405 5255 2702 5325 Catalogos
2734 5254 3070 5324 pontiﬁcum
3114 5253 3516 5320 Romanorum,
3552 5265 3681 5323 pag.
3717 5249 3794 5309 75

2138 5341 2470 5410 hujusmodi
2503 5344 2712 5398 notitia
2745 5343 2974 5413 praﬂxa

2211 5468 2238 5499 α
2264 5449 2344 5503 Ne
2364 5449 2503 5518 quid
2546 5463 2716 5519 porro
2746 5449 3078 5506 subtraham
3124 5447 3547 5518 suppellectilis
3577 5453 3793 5505 nostra

2137 5537 2524 5607 antiquiaria,
2546 5538 2696 5594 unde
2720 5538 3003 5594 illustrari
3030 5538 3363 5608 pontificum
3385 5537 3630 5592 historia
3652 5553 3795 5607 pos—

2137 5626 2238 5694 sit,
2288 5626 2436 5682 addo
2489 5628 2891 5700 membranam,
2945 5635 3076 5684 ante
3136 5640 3336 5698 annos,
3389 5633 3453 5682 ut
3527 5635 3788 5699 apparet,

2137 5724 2432 5772 sexcentos
2459 5717 2809 5786 descriptam
2846 5730 2917 5774 ex
2945 5716 3062 5772 alia
3099 5716 3428 5785 vetustiori,
3459 5715 3626 5774 tinem
3658 5732 3793 5778 cum
