3924 6394
95 324 265 385 1285
834 320 1204 384 HISTORIA
1249 322 1351 383 DE
1394 319 1597 384 VITIS
1644 321 1832 383 ROM.
1879 321 2656 386 PONT.—GREGORIUS
2693 323 2795 384 IV.
3362 327 3516 387 1286

249 472 484 530 semper
514 453 773 529 Virginis
806 454 999 512 Mariae
1030 454 1090 510 in
1121 454 1433 511 Cosmedin
1484 458 1704 510 vestem
1754 454 1825 510 de
1873 456 2067 527 Tyrio,
2099 454 2411 511 habentem
2470 455 2777 512 historiam
2825 455 3143 513 Dominicm
3201 457 3522 516 nativitatis

248 559 428 628 atque
502 553 949 611 resurrectionis
1020 552 1232 608 Christi
1302 553 1419 608 veri
1500 552 1602 609 Dei
1667 552 1870 607 nostri.
1940 554 2025 607 Ad
2091 553 2367 608 honorem
2436 557 2494 608 et
2558 554 2806 625 gloriam
2872 554 3053 610 beatas
3121 555 3221 611 Dei
3284 556 3526 630 virginis

140 654 211 710 10
252 653 537 710 Susanna
588 651 803 708 obtulit
852 651 1266 708 sanctissimus
1315 650 1549 724 praesul,
1582 649 1641 705 in
1690 651 1956 721 ejusdem
2005 650 2251 706 ecclesia
2294 655 2514 707 vestem
2564 651 2891 720 fundatam,
2926 668 3061 709 cum
3111 653 3426 727 periclysin
3459 656 3529 712 de

250 751 450 825 Tyrio.

325 848 480 907 ηε
512 847 669 905 Fecit
715 851 914 905 autem
974 847 1034 903 in
1091 846 1338 903 ecclesia
1390 846 1546 903 beati
1601 845 1824 919 Cyriaci
1883 845 2157 918 martyris
2214 851 2390 919 atque
2446 846 2675 903 diaconi
2733 852 2953 904 vestem
3006 849 3077 904 de
3126 849 3390 923 fundato,
3423 851 3533 908 ha-

255 948 493 1004 bentem
542 945 854 1020 periclysin
906 946 977 1002 de
1025 944 1307 1001 stauraci.
1354 944 1484 1000 Pari
1542 945 1715 999 modo
1763 948 1821 999 et
1866 944 1926 999 in
1976 943 2221 999 ecclesia
2268 944 2448 999 beatze
2501 945 2873 1001 Pudentianae
2921 944 3164 1019 virginis
3213 953 3431 1005 vestem
3467 942 3537 1006 de

259 1046 524 1113 fundato,
550 1061 686 1100 cum
746 1042 1015 1117 periclysi
1076 1043 1147 1098 de
1202 1041 1555 1115 quadruplo.
1589 1040 1816 1097 Obtulit
1872 1042 2040 1097 beato
2102 1041 2277 1096 Vitali
2339 1042 2580 1115 martyri
2633 1049 2853 1099 vestem
2904 1044 2975 1100 de
3027 1045 3291 1114 fundato,
3324 1046 3543 1103 haben-

259 1148 379 1200 tem
410 1142 665 1217 aquilas,
696 1146 753 1199 et
810 1140 1122 1215 periclysin
1180 1141 1251 1196 de
1295 1139 1683 1214 quadrapulo.
1718 1140 1998 1196 Praefatus
2054 1157 2187 1195 vero
2248 1140 2507 1212 pontifex
2563 1141 2696 1196 fecit
2743 1141 2803 1197 in
2853 1142 3107 1198 ecclesiae
3158 1144 3340 1200 beatas
3384 1149 3540 1203 Ana-

185 1244 226 1300 5
265 1241 457 1299 stasim
515 1241 790 1314 martyris
847 1244 1066 1295 vestem
1123 1239 1194 1295 de
1250 1238 1516 1308 fundato,
1550 1238 1860 1295 habentem
1916 1238 2165 1311 aquilas,
2198 1243 2255 1293 et
2304 1238 2612 1312 periclysin
2666 1239 2736 1294 de
2795 1239 3040 1296 olovero.
3076 1241 3197 1297 Imo
3243 1258 3376 1297 vero
3433 1243 3541 1298 ob-

265 1338 401 1395 tulit
444 1339 572 1410 jam
632 1337 826 1393 dictus
882 1334 1095 1409 praesul
1156 1335 1216 1391 in
1273 1334 1516 1391 basilica
1573 1335 1752 1390 beatae
1816 1334 2003 1391 Lucize
2063 1336 2357 1407 martyris,
2393 1351 2573 1407 quam
2630 1340 2840 1392 vocant
2896 1337 3148 1410 Orphea,
3200 1344 3419 1394 vestem
3473 1340 3544 1396 de

269 1438 536 1506 fundato,
571 1453 707 1493 cum
757 1434 1028 1509 periclysi
1076 1435 1148 1492 de
1197 1432 1487 1506 octapulo.
1541 1434 1965 1490 Sanctissimus
2015 1433 2268 1505 denique
2316 1435 2574 1505 pontifex
2612 1435 2746 1489 fecit
2788 1436 2847 1490 in
2896 1436 3065 1492 titulo
3097 1437 3249 1493 beati
3294 1438 3546 1511 Chryso-

268 1535 405 1609 goni
458 1532 732 1607 martyris
778 1538 998 1589 vestem
1062 1532 1133 1587 de
1200 1532 1393 1604 Tyrio,
1450 1531 1763 1587 habentem
1814 1531 2122 1587 historiam
2170 1530 2450 1600 Danielis,
2485 1548 2620 1588 cum
2669 1532 2939 1607 periclysi
2989 1535 3059 1590 de
3105 1534 3379 1591 stauraci.
3428 1536 3547 1592 Ob-

270 1633 408 1690 tulit
434 1649 569 1688 vero
600 1630 979 1688 beatissimus
1030 1647 1181 1703 papa
1226 1629 1286 1685 in
1336 1628 1508 1685 titulo
1560 1628 1920 1685 Pammachii
1967 1633 2188 1685 vestem
2240 1629 2312 1684 dc
2363 1629 2640 1695 stauraci,
2674 1647 2808 1686 cum
2857 1631 3127 1705 periclysi
3175 1633 3246 1689 de
3278 1621 3551 1705 'quadra-

162 1734 236 1790 10
275 1730 433 1806 pulo.
464 1729 684 1785 Verum
731 1727 905 1785 etiam
958 1727 1095 1783 fecit
1141 1732 1198 1783 et
1244 1727 1305 1782 in
1352 1725 1597 1783 ecclesia
1654 1727 1834 1781 beatas
1890 1726 2115 1782 Ceciliae
2175 1727 2448 1799 martyris
2503 1733 2722 1783 vestem
2782 1728 2853 1783 de
2914 1729 3175 1797 fundato,
3236 1730 3553 1787 habentem

276 1827 509 1901 aquilas
539 1830 596 1882 et
624 1826 902 1900 gryphos,
935 1842 1070 1881 cum
1122 1824 1391 1897 periclysi
1454 1825 1525 1881 de
1584 1823 1834 1880 olovero.
1871 1824 1998 1880 Pari
2057 1825 2230 1879 modo
2287 1828 2344 1879 et
2399 1823 2458 1879 in
2490 1825 2684 1885 _titulo
2715 1826 3034 1882 /Emilianas
3085 1827 3297 1884 obtulit
3332 1834 3554 1884 vestem
3644 1822 3653 1825 ’

281 1927 352 1982 de
386 1926 647 1995 fundato,
680 1924 992 1980 habentem
1025 1922 1274 1995 aquilas,
1310 1927 1367 1978 et
1398 1921 1708 1995 periclysin
1742 1922 1811 1977 de
1845 1921 2029 1994 platta
2060 1922 2365 1994 Byzantea.
2400 1922 2705 1996 Simulque
2753 1928 2810 1979 et
2860 1924 2919 1980 in
2951 1923 3197 1981 ecclesia
3226 1926 3379 1982 beati
3412 1926 3557 1982 Sixti

284 2022 560 2096 martyris
591 2027 766 2095 atque
797 2020 1093 2094 pontiﬁcis
1143 2021 1278 2076 fecit
1321 2024 1543 2075 vestem
1593 2020 1664 2075 de
1711 2019 1904 2091 Tyrio,
1939 2019 2251 2075 habentem
2301 2019 2608 2075 historiam
2668 2020 3106 2090 Danielis,cum
3166 2023 3434 2097 periclysi
3489 2026 3560 2081 de

285 2121 535 2178 olovero.

361 2220 515 2275 409
548 2217 704 2275 Fecit
736 2217 794 2273 in
827 2216 1069 2274 basilica
1100 2218 1279 2272 beata:
1314 2215 1588 2288 martyris
1610 2222 1827 2271 vestem
1859 2218 1931 2271 de
1963 2217 2224 2276 fundato.
2252 2234 2384 2271 cum
2418 2217 2687 2288 periclysi
2721 2218 2791 2273 de
2822 2217 3070 2274 olovero.
3098 2220 3251 2275 Fecit
3280 2226 3473 2276 autem
3506 2223 3563 2277 in

288 2315 464 2374 titulo
495 2314 732 2372 Damasi
763 2320 982 2371 vestem
1015 2316 1085 2370 de
1116 2315 1391 2382 stauraci,
1426 2314 1739 2369 habentem
1771 2314 2080 2386 periclysin
2115 2315 2184 2369 de
2217 2314 2441 2369 lilattha
2473 2317 2769 2386 Byzantea.
2806 2317 2963 2372 Fecit
2991 2318 3165 2373 etiam
3216 2320 3274 2373 in
3324 2320 3570 2375 ecclesia

293 2413 695 2489 apostolorum
720 2412 921 2470 Jacobi
954 2417 1011 2468 et
1034 2411 1289 2485 Philippi
1321 2417 1540 2468 vestem
1570 2412 1641 2467 de
1674 2412 1937 2467 fundato.
1974 2413 2113 2467 Item
2142 2412 2201 2465 in
2248 2412 2493 2467 ecclesia
2523 2412 2675 2467 beati
2704 2414 2959 2469 Marcelli
3008 2417 3358 2472 confessoris
3397 2423 3571 2490 atque

295 2510 593 2586 pontiﬁcis
624 2510 760 2567 fecit
782 2515 1001 2567 vestem
1035 2511 1107 2566 de
1137 2511 1401 2566 fundato.
1437 2510 1564 2565 Pari
1599 2510 1772 2565 modo
1804 2510 1863 2564 in
1897 2509 2139 2564 basilica
2165 2509 2318 2564 beati
2348 2510 2646 2565 Laurentii
2677 2510 2734 2564 in
2771 2512 3005 2568 Lucinae
3055 2514 3188 2569 fecit
3234 2520 3453 2570 vestem
3504 2517 3575 2571 de

301 2608 579 2667 stauraci.
614 2609 757 2665 Item
792 2608 851 2663 in
874 2608 1122 2663 ecclesia
1151 2608 1337 2663 sancti
1368 2606 1661 2663 Valentini
1696 2607 1833 2662 fecit
1861 2612 2082 2663 vestem
2114 2608 2186 2663 de
2218 2607 2463 2663 fundato
2493 2611 2550 2663 et
2582 2610 2951 2680 gammadias
2981 2611 3053 2665 de
3079 2612 3369 2684 octapulo.

378 2709 534 2765 410
563 2711 823 2778 Cumque
855 2705 976 2761 haec
1008 2705 1224 2772 omnia,
1260 2724 1387 2778 qua)
1411 2706 1683 2777 superius
1716 2705 1938 2760 inserta
1965 2705 2263 2776 leguntur,
2292 2722 2327 2760 a
2374 2711 2583 2777 quarto
2632 2705 2813 2778 hujus
2862 2707 3220 2765 intemerata:
3252 2709 3407 2766 sedis
3432 2729 3584 2783 papa

310 2805 587 2880 Gregorio
620 2804 735 2860 Deo
767 2804 993 2861 favente
1019 2803 1273 2861 liberius
1301 2807 1714 2859 consummata
1760 2802 2012 2858 fuissent
2058 2806 2232 2874 atque
2279 2805 2553 2874 perfecta,
2589 2802 2754 2875 piger
2798 2822 2927 2861 esse
2975 2807 3313 2865 nullatenus
3360 2809 3583 2879 volens,

316 2905 492 2977 cmpit
520 2902 920 2960 indifferenter
946 2907 1080 2974 post
1111 2918 1312 2958 curam
1342 2918 1587 2974 gregum
1614 2901 1685 2957 de
1715 2900 1946 2956 cultura
1974 2898 2094 2955 sive
2125 2901 2630 2956 meliorationibus
2679 2903 3101 2959 venerabilium
3144 2909 3395 2963 tractare
3425 2908 3588 2964 loco-

312 3018 469 3070 rum,
503 3004 569 3056 ut
595 3000 722 3057 suis
753 2999 1117 3071 temporibus
1138 3016 1283 3055 novo
1314 2998 1554 3054 culturae
1588 2999 1839 3054 formatu
1889 2996 2251 3053 consolidata
2280 3001 2478 3053 essent
2511 3014 2525 3053 :
2560 2998 2715 3069 quod
2742 2998 3139 3057 intercedente
3182 3003 3584 3076 apostolorum

241 3103 280 3158 5
319 3098 584 3174 principe
616 3098 780 3154 Petro
802 3098 976 3170 juxta
1001 3102 1200 3153 votum
1236 3095 1330 3153 sui
1360 3095 1630 3153 desiderii
1663 3095 1880 3151 factum
1911 3098 2019 3151 est.
2053 3095 2184 3150 Ideo
2213 3110 2349 3150 cum
2379 3094 2520 3150 talia
2550 3094 2899 3167 presulatus
2928 3096 3021 3152 sui
3069 3099 3265 3155 animo
3313 3101 3585 3173 volveret,

316 3202 377 3255 et
404 3196 684 3253 haesitans
742 3194 1040 3268 cogitaret,
1073 3199 1309 3267 repente
1356 3194 1430 3250 ad
1490 3194 1835 3249 memoriam
1889 3193 1981 3248 sui
2041 3196 2370 3261 recurrunt,
2402 3194 2560 3265 quod
2612 3193 2848 3264 justum
2898 3212 3014 3250 non
3047 3202 3220 3265 esset,
3251 3198 3300 3254 si
3332 3200 3588 3273 amplius

318 3295 568 3354 ecclesia
598 3297 812 3350 sancta
842 3293 943 3350 Dei
973 3293 1306 3360 Genitricis,
1340 3309 1468 3364 quae
1501 3308 1661 3347 more
1690 3296 1948 3346 veterum
2000 3307 2155 3345 nunc
2206 3306 2394 3361 usque
2444 3289 2649 3345 Calixti
2699 3294 2861 3346 trans
2892 3292 3149 3349 Tiberim
3198 3295 3434 3363 dicitur,
3466 3296 3592 3355 sine

321 3393 746 3451 monachorum
776 3391 969 3447 ofﬁcio
999 3390 1642 3458 constitisset,maxime
1670 3405 1805 3444 cum
1839 3388 1899 3443 in
1924 3404 1994 3443 ea
2024 3389 2327 3460 signorum
2360 3404 2475 3443 non
2509 3387 2753 3443 minima
2780 3389 3115 3461 frequenter
3144 3391 3289 3447 ﬁant
3308 3393 3596 3451 miracula

322 3497 380 3549 et
410 3492 656 3548 virtutes
688 3489 957 3557 diversa;
990 3505 1059 3545 ac
1088 3489 1327 3545 demum
1358 3486 1641 3543 divinitus
1673 3491 2067 3559 cumpunctus
2097 3487 2289 3553 corde,
2313 3490 2369 3541 et
2398 3486 2495 3541 Dei
2527 3486 2946 3559 omnipotentis
2978 3489 3284 3551 roboratus
3315 3508 3381 3547 ac
3414 3493 3597 3549 fretus

213 3589 285 3646 40
315 3587 641 3661 juvamine.
666 3588 838 3659 juxta
868 3586 1023 3642 latus
1057 3584 1489 3659 praenominatze
1522 3585 1776 3641 basilicae
1808 3585 2234 3640 monasterium
2263 3601 2297 3639 a
2337 3584 2737 3641 fundamentis
2786 3584 3011 3654 statuit,
3044 3590 3102 3642 et
3149 3587 3314 3644 novis
3360 3589 3599 3646 fabricis

326 3685 641 3742 decoravit.
675 3685 737 3740 In
768 3700 883 3758 quo
913 3684 1092 3741 etiam
1122 3683 1441 3740 monachos
1472 3682 1783 3739 canonicos
1815 3684 2170 3755 aggregavit,
2203 3683 2304 3755 qui
2337 3682 2480 3738 inibi
2514 3682 2774 3738 ofﬁcium
2808 3682 3086 3753 facerent,
3110 3688 3166 3741 et
3213 3686 3602 3760 omnipotenti

328 3783 579 3841 Domino
608 3787 802 3857 grates
830 3786 888 3839 et
916 3782 1123 3838 laudes
1156 3782 1363 3837 diebus
1397 3780 1646 3854 singulis
1675 3786 1732 3836 et
1762 3780 2032 3836 noctibus
2054 3781 2381 3853 prosecutis
2410 3781 2619 3837 intimo
2643 3781 2836 3836 cordis
2859 3781 3178 3853 spiramine
3197 3784 3602 3855 decantarent;

330 3882 489 3955 quod
521 3881 675 3937 sicut
704 3881 1231 3955 impraesentiarum
1263 3878 1579 3947 cernimus,
1612 3895 1826 3952 magno
1858 3879 2196 3945 certamine,
2228 3895 2560 3952 magnoque
2590 3878 2784 3934 studio
2816 3883 3018 3950 pastor
3046 3880 3294 3938 eximius
3325 3882 3435 3939 hoc
3460 3900 3608 3957 Opus

239 3952 255 3967 .
330 3952 500 4035 valde
530 3952 940 4035 ﬁrmissimum
972 3976 1291 4050 ampliavit.
1325 3976 1471 4033 Nam
1501 3977 1601 4033 ubi
1651 3980 1784 4032 ante
1832 3975 1996 4032 nulla
2050 3981 2175 4032 erat
2222 3976 2453 4031 cultura
2500 3977 2811 4049 praecipua,
2846 3977 3019 4032 modo
3071 3980 3182 4034 Deo
3233 3952 3611 4052 dispensante

227 4078 300 4135 45
337 4075 588 4151 pulchra
617 4079 757 4133 sunt
785 4075 1120 4132 habitacula
1150 4074 1608 4142 monachorum;
1644 4077 1701 4130 et
1730 4073 1857 4130 loca
1887 4090 2015 4146 qua:
2047 4091 2236 4146 nuper
2266 4074 2337 4129 ab
2370 4074 2709 4129 hominibus
2737 4074 3085 4130 videbantur
3102 4077 3377 4148 vepribus
3400 4076 3483 4133 vel
3508 4077 3618 4134 im-

341 4174 650 4230 munditiis
677 4173 871 4247 plena,
906 4190 1062 4230 nunc
1092 4174 1152 4230 in
1184 4173 1268 4230 eis
1300 4172 1522 4229 cellulae
1554 4177 1901 4229 constructae
1934 4176 2093 4240 sunt,
2123 4172 2340 4244 quibus
2371 4189 2503 4228 oves
2534 4171 2748 4228 Christi
2783 4189 2916 4227 cum
2966 4172 3091 4229 suis
3142 4173 3320 4230 simul
3353 4174 3619 4232 utilitati-

338 4274 452 4329 bus
480 4277 614 4345 post
645 4271 887 4328 laudum
919 4272 1113 4328 ofﬁcia
1140 4269 1473 4344 largissime
1503 4270 1845 4327 cohabitant
1890 4274 1950 4326 et
1996 4270 2318 4326 dormiunt.
2352 4271 2431 4325 Eo
2482 4270 2662 4342 igitur
2707 4274 2967 4342 tempore
3011 4271 3325 4343 saepedicta
3371 4272 3617 4329 ecclesia

341 4371 701 4444 quibusdam
733 4387 836 4444 per
863 4369 1174 4425 circuitum
1197 4368 1340 4424 locis
1370 4368 1542 4441 longo
1573 4368 1735 4425 senio
1765 4372 1889 4424 erat
1908 4372 2222 4439 praerupta,
2237 4368 2339 4423 sed
2369 4384 2499 4423 eam
2522 4367 2882 4424 ﬁrmissimis
2904 4368 3163 4440 undique
3188 4369 3619 4426 munitionibus

343 4467 718 4525 restauravit.
742 4468 811 4523 Et
838 4466 897 4522 in
930 4482 999 4522 ea
1029 4451 1312 4523 sanctum.
1334 4466 1469 4521 fecit
1506 4466 1859 4538 praesepium
1892 4465 1965 4520 ad
1997 4464 2445 4521 similitudinem
2475 4465 2741 4538 praesepii
2773 4470 2988 4521 sanctas
3020 4465 3121 4522 Dei
3152 4465 3622 4540 Genitricis,qua3

229 4568 306 4623 2O
344 4564 674 4640 appellatur
704 4564 965 4636 Majoris,
986 4564 1141 4637 quod
1172 4562 1443 4620 videlicet
1467 4562 1705 4620 laminis
1737 4563 1931 4619 aureis
1960 4567 2018 4619 et
2049 4562 2342 4635 argenteis
2372 4562 2691 4618 adornavit.
2713 4567 2779 4617 In
2812 4579 2925 4635 quo
2952 4579 3055 4636 pro
3088 4563 3343 4620 remedio
3373 4582 3439 4620 ac
3459 4564 3627 4621 venia

349 4662 699 4720 delictorum
730 4661 853 4717 haec
884 4660 1097 4718 obtulit
1125 4660 1279 4717 dona
1309 4675 1324 4717 :
1350 4661 1669 4733 imaginem
1700 4676 1961 4728 auream,
1996 4660 2309 4716 habentem
2340 4659 2646 4716 historiam
2681 4660 2932 4716 dominae
2964 4665 3174 4717 nostra:
3206 4677 3341 4717 cum
3382 4661 3627 4718 diversis

349 4765 409 4818 et
436 4759 710 4833 pretiosis
739 4759 1012 4833 gemmis,
1044 4757 1392 4832 hyacinthos
1413 4760 1667 4831 majores
1698 4774 1942 4814 numero
1974 4757 2273 4825 tredecim,
2307 4757 2576 4830 prasinas
2623 4758 2844 4824 decem,
2872 4756 3038 4815 albas
3087 4759 3339 4830 majores
3383 4777 3628 4817 numero

352 4857 561 4932 viginti
591 4861 649 4914 et
678 4874 908 4926 novem,
941 4856 1348 4914 alamandinas
1378 4858 1631 4929 majores
1660 4872 1908 4912 numero
1943 4855 2171 4928 viginti,
2206 4855 2372 4912 albas
2402 4856 2665 4913 modicas
2710 4855 2995 4913 habentes
3042 4856 3102 4912 in
3152 4856 3373 4912 circum
3424 4857 3632 4931 capitis

357 4974 636 5013 coronam
668 4956 895 5013 diverse
925 4954 1281 5029 philopares.

433 5056 580 5111 471
620 5058 694 5124 (a)
726 5053 964 5111 Cercelli
991 5053 1159 5125 paria
1187 5052 1303 5109 duo
1334 5052 1510 5109 habet
1537 5069 1803 5126 gemmas
1832 5051 2291 5126 pretiosissimas
2324 5050 2487 5108 albas
2537 5069 2782 5109 numero
2831 5052 3032 5109 decem
3080 5056 3138 5108 et
3183 5056 3333 5120 octo,
3365 5054 3636 5125 prasinas

359 5156 510 5222 octo,
545 5151 959 5226 byacinthinas
989 5155 1261 5224 quatitor.
1296 5151 1441 5207 Item
1472 5152 1531 5207 in
1563 5153 1765 5208 eadem
1798 5150 2053 5223 imagine
2083 5149 2259 5205 habet
2285 5167 2562 5206 murenas
2594 5149 2918 5223 prasinales
2967 5148 3424 5223 pretiosissimas
3464 5152 3634 5222 duas,

362 5268 434 5307 ex
463 5250 681 5323 quibus
710 5249 888 5306 habet
915 5248 1202 5322 pendulas
1254 5265 1500 5306 numero
1552 5250 1843 5306 undecim.
1900 5250 2038 5305 Item
2091 5265 2397 5305 murenam
2447 5248 2685 5305 triﬁlem
2718 5265 2981 5315 auream,
3014 5266 3141 5322 qua:
3171 5248 3346 5305 habet
3373 5266 3640 5322 gemmas

364 5348 626 5405 diversas
686 5346 872 5415 albas,
900 5364 1145 5403 numero
1195 5347 1570 5420 septuaginta
1619 5351 1758 5416 tres,
1793 5352 1850 5404 et
1896 5345 2191 5404 buticnlas
2240 5347 2485 5419 triginta
2530 5351 2669 5403 tres.
2724 5347 3051 5417 Murenam,
3103 5347 3163 5403 in
3221 5364 3339 5419 qua
3387 5348 3647 5420 pendent

290 5448 329 5503 5
360 5460 608 5520 gemmae
638 5445 1030 5519 hyacinthina;
1060 5445 1362 5514 tredecim,
1391 5446 1607 5518 digitis
1639 5463 1824 5501 aureas
1856 5463 2060 5502 novem
2092 5446 2350 5518 pendent
2380 5446 2437 5501 in
2485 5445 2584 5502 ﬁlo
2614 5462 2809 5502 aureo.
2864 5446 3008 5503 Item
3058 5462 3365 5502 murenam
3398 5445 3647 5516 ﬁlatam,

367 5560 437 5600 ex
468 5560 586 5616 qua
615 5560 863 5617 gemmas
890 5543 1146 5616 pendent
1174 5542 1565 5615 hyacinthina;
1597 5544 2061 5617 quatuordecim.
2096 5544 2342 5616 Signnm
2381 5542 2596 5599 Christi
2643 5543 2820 5599 habet
2863 5542 3176 5601 navicellas
3207 5544 3377 5611 duas,
3410 5549 3466 5600 et
3515 5562 3650 5601 mu-

370 5657 545 5698 renas
574 5646 715 5698 tres.
749 5641 965 5698 Omnes
987 5657 1284 5710 murenas,
1318 5656 1454 5697 cum
1486 5642 1784 5714 petinante
1830 5658 2053 5697 earum.
2085 5642 2380 5698 Gabathas
2425 5657 2633 5698 aureas
2673 5641 3027 5713 purissimas
3067 5642 3426 5699 interrasiles
3460 5642 3653 5715 philo-

372 5757 563 5812 pares.
613 5739 865 5810 Signum
922 5737 1157 5809 Christi,
1200 5739 1551 5813 pendentem
1598 5740 1659 5796 in
1717 5739 2004 5796 catenulis
2047 5740 2238 5795 tribus
2280 5738 2422 5808 lilio,
2473 5743 2531 5795 et
2577 5756 2713 5795 uuc.
2750 5782 2763 5795 .
2797 5780 2810 5794 .
2842 5738 3070 5813 legente
3108 5740 3180 5796 de
3226 5741 3397 5797 donis
3437 5741 3559 5807 Dei,
3600 5745 3656 5796 et

380 5842 597 5893 sanctae
657 5836 875 5907 Mariae,
924 5838 1082 5911 quod
1158 5841 1401 5895 vocatur
1478 5838 1741 5910 Praesepe
1812 5842 1977 5896 trans
2035 5837 2313 5906 Tiberim,
2341 5836 2564 5894 domini
2604 5836 2865 5912 Gregorii
2914 5854 3066 5914 papa
3112 5839 3327 5915 quarti,
3363 5838 3459 5913 qui
3510 5853 3656 5912 puro

1431 6043 1681 6095 NOTULE
1722 6044 2112 6094 HARGINALES
2153 6044 2477 6094 PABBOTTI.

308 6145 386 6225 (οι)
418 6146 592 6207 ιρι-ιω
620 6142 1096 6208 mendacissimus.

848 6144 1096 6205 manus.
2390 6128 2394 6135 ’
