  <div class='ocr_page' id='page_1' title='image "/cluster/home/n/w/nwhite01/storage/ocr_20150623/127-128/uc1.31175010226572/1451.png"; bbox 0 0 3924 6402; ppageno 0'>
   <div class='ocr_carea' id='block_1_1' title="bbox 326 309 1875 377">
    <p class='ocr_par' dir='ltr' id='par_1_1' title="bbox 326 309 1875 375">
     <span class='ocr_line' id='line_1_1' title="bbox 326 309 1875 375; baseline 0.001 -3"><span class='ocrx_word' id='word_1_1' title='bbox 326 309 477 374; x_wconf 79' lang='grc'>1287</span> <span class='ocrx_word' id='word_1_2' title='bbox 1471 312 1875 375; x_wconf 77' lang='lat' dir='ltr'>ANASTASI]</span> 
     </span>
    </p>
   </div>
   <div class='ocr_carea' id='block_1_2' title="bbox 2209 309 3758 377">
    <p class='ocr_par' dir='ltr' id='par_1_2' title="bbox 2209 313 3758 377">
     <span class='ocr_line' id='line_1_2' title="bbox 2209 313 3758 377; baseline 0.001 -3"><span class='ocrx_word' id='word_1_3' title='bbox 2209 313 2582 374; x_wconf 76' lang='lat' dir='ltr'>Iâ€˜HECARII.</span> <span class='ocrx_word' id='word_1_4' title='bbox 3596 315 3758 377; x_wconf 79' lang='grc'>1288</span> 
     </span>
    </p>
   </div>
   <div class='ocr_carea' id='block_1_3' title="bbox 359 444 3758 520">
    <p class='ocr_par' dir='ltr' id='par_1_3' title="bbox 359 444 3758 520">
     <span class='ocr_line' id='line_1_3' title="bbox 359 444 3758 520; baseline 0.001 -19"><span class='ocrx_word' id='word_1_5' title='bbox 359 444 433 501; x_wconf 79' lang='grc'>40</span> <span class='ocrx_word' id='word_1_6' title='bbox 471 445 642 500; x_wconf 90' lang='lat' dir='ltr'>corde</span> <span class='ocrx_word' id='word_1_7' title='bbox 672 444 886 501; x_wconf 79' lang='lat' dir='ltr'>obtulit</span> <span class='ocrx_word' id='word_1_8' title='bbox 916 448 1033 500; x_wconf 88' lang='lat' dir='ltr'>tres</span> <span class='ocrx_word' id='word_1_9' title='bbox 1065 444 1352 517; x_wconf 89' lang='lat' dir='ltr'>gabathas</span> <span class='ocrx_word' id='word_1_10' title='bbox 1385 445 1927 517; x_wconf 84' lang='lat' dir='ltr'>saxiscas.Signum</span> <span class='ocrx_word' id='word_1_11' title='bbox 1950 445 2162 502; x_wconf 90' lang='lat' dir='ltr'>Christi</span> <span class='ocrx_word' id='word_1_12' title='bbox 2194 447 2370 501; x_wconf 80' lang='lat' dir='ltr'>habet</span> <span class='ocrx_word' id='word_1_13' title='bbox 2401 445 2707 501; x_wconf 84' lang='lat' dir='ltr'>historiam</span> <span class='ocrx_word' id='word_1_14' title='bbox 2741 446 2800 500; x_wconf 91' lang='lat' dir='ltr'>in</span> <span class='ocrx_word' id='word_1_15' title='bbox 2835 447 3074 500; x_wconf 92' lang='lat' dir='ltr'>modum</span> <span class='ocrx_word' id='word_1_16' title='bbox 3109 444 3293 501; x_wconf 84' lang='lat' dir='ltr'>leonis</span> <span class='ocrx_word' id='word_1_17' title='bbox 3325 446 3758 520; x_wconf 89' lang='lat' dir='ltr'>incapillatam,</span> 
     </span>
    </p>
   </div>
   <div class='ocr_carea' id='block_1_4' title="bbox 467 542 3759 616">
    <p class='ocr_par' dir='ltr' id='par_1_4' title="bbox 467 542 3759 616">
     <span class='ocr_line' id='line_1_4' title="bbox 467 542 3759 616; baseline 0.001 -18"><span class='ocrx_word' id='word_1_18' title='bbox 467 560 600 598; x_wconf 91' lang='lat' dir='ltr'>cum</span> <span class='ocrx_word' id='word_1_19' title='bbox 635 543 878 598; x_wconf 81' lang='lat' dir='ltr'>diversis</span> <span class='ocrx_word' id='word_1_20' title='bbox 910 542 1184 613; x_wconf 77' lang='lat' dir='ltr'>operibus</span> <span class='ocrx_word' id='word_1_21' title='bbox 1217 543 1552 614; x_wconf 89' lang='lat' dir='ltr'>purissimis</span> <span class='ocrx_word' id='word_1_22' title='bbox 1585 543 1799 608; x_wconf 91' lang='lat' dir='ltr'>aureis,</span> <span class='ocrx_word' id='word_1_23' title='bbox 1826 544 2218 616; x_wconf 84' lang='lat' dir='ltr'>pendentibus</span> <span class='ocrx_word' id='word_1_24' title='bbox 2267 544 2323 598; x_wconf 92' lang='lat' dir='ltr'>in</span> <span class='ocrx_word' id='word_1_25' title='bbox 2381 543 2670 599; x_wconf 87' lang='lat' dir='ltr'>catenulis</span> <span class='ocrx_word' id='word_1_26' title='bbox 2720 548 2994 615; x_wconf 80' lang='lat' dir='ltr'>quatuor,</span> <span class='ocrx_word' id='word_1_27' title='bbox 3042 547 3100 598; x_wconf 91' lang='lat' dir='ltr'>et</span> <span class='ocrx_word' id='word_1_28' title='bbox 3152 543 3366 600; x_wconf 87' lang='lat' dir='ltr'>uncino</span> <span class='ocrx_word' id='word_1_29' title='bbox 3416 561 3554 600; x_wconf 91' lang='lat' dir='ltr'>uno.</span> <span class='ocrx_word' id='word_1_30' title='bbox 3606 544 3759 601; x_wconf 82' lang='lat' dir='ltr'>Item</span> 
     </span>
    </p>
   </div>
   <div class='ocr_carea' id='block_1_5' title="bbox 467 640 3763 713">
    <p class='ocr_par' dir='ltr' id='par_1_5' title="bbox 467 640 3763 713">
     <span class='ocr_line' id='line_1_5' title="bbox 467 640 3763 713; baseline 0 -17"><span class='ocrx_word' id='word_1_31' title='bbox 467 641 783 713; x_wconf 72' lang='lat' dir='ltr'>gabatham</span> <span class='ocrx_word' id='word_1_32' title='bbox 817 640 1104 696; x_wconf 85' lang='lat' dir='ltr'>saxiscam</span> <span class='ocrx_word' id='word_1_33' title='bbox 1140 641 1314 696; x_wconf 81' lang='lat' dir='ltr'>habet</span> <span class='ocrx_word' id='word_1_34' title='bbox 1346 641 1404 696; x_wconf 91' lang='lat' dir='ltr'>in</span> <span class='ocrx_word' id='word_1_35' title='bbox 1436 643 1680 697; x_wconf 88' lang='lat' dir='ltr'>modum</span> <span class='ocrx_word' id='word_1_36' title='bbox 1715 643 1924 697; x_wconf 86' lang='lat' dir='ltr'>Leonis</span> <span class='ocrx_word' id='word_1_37' title='bbox 1959 643 2200 709; x_wconf 87' lang='lat' dir='ltr'>lV,cum</span> <span class='ocrx_word' id='word_1_38' title='bbox 2233 643 2480 697; x_wconf 79' lang='lat' dir='ltr'>diversis</span> <span class='ocrx_word' id='word_1_39' title='bbox 2511 641 2774 697; x_wconf 84' lang='lat' dir='ltr'>historiis</span> <span class='ocrx_word' id='word_1_40' title='bbox 2807 641 3262 713; x_wconf 90' lang='lat' dir='ltr'>serpentium,et</span> <span class='ocrx_word' id='word_1_41' title='bbox 3293 642 3351 697; x_wconf 92' lang='lat' dir='ltr'>in</span> <span class='ocrx_word' id='word_1_42' title='bbox 3383 641 3574 698; x_wconf 87' lang='lat' dir='ltr'>medio</span> <span class='ocrx_word' id='word_1_43' title='bbox 3599 647 3763 698; x_wconf 87' lang='lat' dir='ltr'>stan-</span> 
     </span>
    </p>
   </div>
   <div class='ocr_carea' id='block_1_6' title="bbox 466 738 3761 813">
    <p class='ocr_par' dir='ltr' id='par_1_6' title="bbox 466 738 3761 813">
     <span class='ocr_line' id='line_1_6' title="bbox 466 738 3761 813; baseline 0.001 -19"><span class='ocrx_word' id='word_1_44' title='bbox 466 746 581 794; x_wconf 85' lang='lat' dir='ltr'>tem</span> <span class='ocrx_word' id='word_1_45' title='bbox 616 739 932 810; x_wconf 88' lang='lat' dir='ltr'>pineam,et</span> <span class='ocrx_word' id='word_1_46' title='bbox 953 743 1208 810; x_wconf 81' lang='lat' dir='ltr'>quatuor</span> <span class='ocrx_word' id='word_1_47' title='bbox 1237 738 1529 795; x_wconf 89' lang='lat' dir='ltr'>lcunculis</span> <span class='ocrx_word' id='word_1_48' title='bbox 1550 739 2025 811; x_wconf 76' lang='lat' dir='ltr'>exauratam,qui</span> <span class='ocrx_word' id='word_1_49' title='bbox 2060 740 2317 812; x_wconf 86' lang='lat' dir='ltr'>pendent</span> <span class='ocrx_word' id='word_1_50' title='bbox 2346 739 2403 794; x_wconf 93' lang='lat' dir='ltr'>in</span> <span class='ocrx_word' id='word_1_51' title='bbox 2436 739 2721 795; x_wconf 91' lang='lat' dir='ltr'>catenulis</span> <span class='ocrx_word' id='word_1_52' title='bbox 2745 739 2779 794; x_wconf 93' lang='lat'>3</span> <span class='ocrx_word' id='word_1_53' title='bbox 2809 743 2866 795; x_wconf 88' lang='lat' dir='ltr'>et</span> <span class='ocrx_word' id='word_1_54' title='bbox 2895 739 3110 795; x_wconf 87' lang='lat' dir='ltr'>uncino</span> <span class='ocrx_word' id='word_1_55' title='bbox 3133 757 3269 795; x_wconf 91' lang='lat' dir='ltr'>uno.</span> <span class='ocrx_word' id='word_1_56' title='bbox 3296 739 3438 795; x_wconf 86' lang='lat' dir='ltr'>Item</span> <span class='ocrx_word' id='word_1_57' title='bbox 3461 739 3761 813; x_wconf 86' lang='lat' dir='ltr'>gabatbas</span> 
     </span>
    </p>
   </div>
   <div class='ocr_carea' id='block_1_7' title="bbox 462 835 3758 910">
    <p class='ocr_par' dir='ltr' id='par_1_7' title="bbox 462 835 3758 910">
     <span class='ocr_line' id='line_1_7' title="bbox 462 835 3758 910; baseline 0 -18"><span class='ocrx_word' id='word_1_58' title='bbox 462 836 740 892; x_wconf 78' lang='lat' dir='ltr'>saxiscas.</span> <span class='ocrx_word' id='word_1_59' title='bbox 765 837 844 891; x_wconf 75' lang='lat' dir='ltr'>Ex</span> <span class='ocrx_word' id='word_1_60' title='bbox 866 835 1083 907; x_wconf 86' lang='lat' dir='ltr'>quibus</span> <span class='ocrx_word' id='word_1_61' title='bbox 1115 836 1291 892; x_wconf 86' lang='lat' dir='ltr'>habet</span> <span class='ocrx_word' id='word_1_62' title='bbox 1323 836 1572 910; x_wconf 82' lang='lat' dir='ltr'>singulis</span> <span class='ocrx_word' id='word_1_63' title='bbox 1604 837 1879 909; x_wconf 90' lang='lat' dir='ltr'>operibus</span> <span class='ocrx_word' id='word_1_64' title='bbox 1910 836 2204 892; x_wconf 81' lang='lat' dir='ltr'>exauratis</span> <span class='ocrx_word' id='word_1_65' title='bbox 2236 838 2556 909; x_wconf 85' lang='lat' dir='ltr'>pendentes</span> <span class='ocrx_word' id='word_1_66' title='bbox 2587 837 2646 891; x_wconf 91' lang='lat' dir='ltr'>in</span> <span class='ocrx_word' id='word_1_67' title='bbox 2679 836 2963 892; x_wconf 92' lang='lat' dir='ltr'>catenulis</span> <span class='ocrx_word' id='word_1_68' title='bbox 2996 835 3186 892; x_wconf 91' lang='lat' dir='ltr'>tribus</span> <span class='ocrx_word' id='word_1_69' title='bbox 3235 841 3293 892; x_wconf 90' lang='lat' dir='ltr'>et</span> <span class='ocrx_word' id='word_1_70' title='bbox 3325 835 3571 893; x_wconf 87' lang='lat' dir='ltr'>uncinos</span> <span class='ocrx_word' id='word_1_71' title='bbox 3603 853 3758 910; x_wconf 83' lang='lat' dir='ltr'>qua-</span> 
     </span>
    </p>
   </div>
   <div class='ocr_carea' id='block_1_8' title="bbox 387 933 3758 1007">
    <p class='ocr_par' dir='ltr' id='par_1_8' title="bbox 387 933 3758 1007">
     <span class='ocr_line' id='line_1_8' title="bbox 387 933 3758 1007; baseline -0 -18"><span class='ocrx_word' id='word_1_72' title='bbox 387 935 423 990; x_wconf 88' lang='lat'>5</span> <span class='ocrx_word' id='word_1_73' title='bbox 462 939 620 1001; x_wconf 91' lang='lat' dir='ltr'>tuor;</span> <span class='ocrx_word' id='word_1_74' title='bbox 650 949 717 988; x_wconf 81' lang='lat' dir='ltr'>ex</span> <span class='ocrx_word' id='word_1_75' title='bbox 742 933 958 1005; x_wconf 88' lang='lat' dir='ltr'>quibus</span> <span class='ocrx_word' id='word_1_76' title='bbox 989 933 1166 989; x_wconf 85' lang='lat' dir='ltr'>habet</span> <span class='ocrx_word' id='word_1_77' title='bbox 1196 951 1375 988; x_wconf 90' lang='lat' dir='ltr'>unam</span> <span class='ocrx_word' id='word_1_78' title='bbox 1409 935 1660 1006; x_wconf 85' lang='lat' dir='ltr'>gemmis</span> <span class='ocrx_word' id='word_1_79' title='bbox 1691 934 1908 990; x_wconf 84' lang='lat' dir='ltr'>vitreis.</span> <span class='ocrx_word' id='word_1_80' title='bbox 1944 937 2078 1001; x_wconf 64' lang='lat' dir='ltr'>Quae</span> <span class='ocrx_word' id='word_1_81' title='bbox 2111 936 2364 991; x_wconf 89' lang='lat' dir='ltr'>domnus</span> <span class='ocrx_word' id='word_1_82' title='bbox 2396 935 2534 990; x_wconf 88' lang='lat' dir='ltr'>item</span> <span class='ocrx_word' id='word_1_83' title='bbox 2580 935 2892 1007; x_wconf 84' lang='lat' dir='ltr'>Gregorius</span> <span class='ocrx_word' id='word_1_84' title='bbox 2943 939 3190 1007; x_wconf 89' lang='lat' dir='ltr'>quartus</span> <span class='ocrx_word' id='word_1_85' title='bbox 3237 933 3494 1006; x_wconf 84' lang='lat' dir='ltr'>pontifex</span> <span class='ocrx_word' id='word_1_86' title='bbox 3541 933 3758 991; x_wconf 91' lang='lat' dir='ltr'>libenti</span> 
     </span>
    </p>
   </div>
   <div class='ocr_carea' id='block_1_9' title="bbox 460 1030 918 1086">
    <p class='ocr_par' dir='ltr' id='par_1_9' title="bbox 460 1030 918 1086">
     <span class='ocr_line' id='line_1_9' title="bbox 460 1030 918 1086; baseline -0.002 -1"><span class='ocrx_word' id='word_1_87' title='bbox 460 1030 672 1086; x_wconf 86' lang='lat' dir='ltr'>obtulit</span> <span class='ocrx_word' id='word_1_88' title='bbox 701 1030 918 1085; x_wconf 89' lang='lat' dir='ltr'>animo.</span> 
     </span>
    </p>
   </div>
   <div class='ocr_carea' id='block_1_10' title="bbox 531 1128 3758 1203">
    <p class='ocr_par' dir='ltr' id='par_1_10' title="bbox 531 1128 3758 1203">
     <span class='ocr_line' id='line_1_10' title="bbox 531 1128 3758 1203; baseline 0 -20"><span class='ocrx_word' id='word_1_89' title='bbox 531 1129 684 1185; x_wconf 76' lang='lat'><strong>472</strong></span> <span class='ocrx_word' id='word_1_90' title='bbox 714 1129 832 1184; x_wconf 87' lang='lat' dir='ltr'>lmo</span> <span class='ocrx_word' id='word_1_91' title='bbox 863 1146 994 1184; x_wconf 88' lang='lat' dir='ltr'>vero</span> <span class='ocrx_word' id='word_1_92' title='bbox 1027 1129 1239 1185; x_wconf 87' lang='lat' dir='ltr'>obtulit</span> <span class='ocrx_word' id='word_1_93' title='bbox 1255 1131 1381 1201; x_wconf 88' lang='lat' dir='ltr'>jam</span> <span class='ocrx_word' id='word_1_94' title='bbox 1413 1129 1608 1185; x_wconf 90' lang='lat' dir='ltr'>dictus</span> <span class='ocrx_word' id='word_1_95' title='bbox 1642 1130 1852 1202; x_wconf 65' lang='lat' dir='ltr'>praesul</span> <span class='ocrx_word' id='word_1_96' title='bbox 1883 1130 1940 1185; x_wconf 90' lang='lat' dir='ltr'>in</span> <span class='ocrx_word' id='word_1_97' title='bbox 1965 1129 2211 1185; x_wconf 87' lang='lat' dir='ltr'>ecclesia</span> <span class='ocrx_word' id='word_1_98' title='bbox 2257 1130 2512 1187; x_wconf 89' lang='lat' dir='ltr'>doctoris</span> <span class='ocrx_word' id='word_1_99' title='bbox 2570 1129 2834 1203; x_wconf 88' lang='lat' dir='ltr'>gentium</span> <span class='ocrx_word' id='word_1_100' title='bbox 2879 1129 3031 1185; x_wconf 83' lang='lat' dir='ltr'>beati</span> <span class='ocrx_word' id='word_1_101' title='bbox 3079 1129 3242 1185; x_wconf 88' lang='lat' dir='ltr'>Pauli</span> <span class='ocrx_word' id='word_1_102' title='bbox 3293 1128 3540 1203; x_wconf 85' lang='lat' dir='ltr'>apostoli</span> <span class='ocrx_word' id='word_1_103' title='bbox 3571 1128 3758 1185; x_wconf 87' lang='lat' dir='ltr'>corti-</span> 
     </span>
    </p>
   </div>
   <div class='ocr_carea' id='block_1_11' title="bbox 460 1227 3755 1300">
    <p class='ocr_par' dir='ltr' id='par_1_11' title="bbox 460 1227 3755 1300">
     <span class='ocr_line' id='line_1_11' title="bbox 460 1227 3755 1300; baseline 0 -19"><span class='ocrx_word' id='word_1_104' title='bbox 460 1243 595 1281; x_wconf 90' lang='lat' dir='ltr'>nam</span> <span class='ocrx_word' id='word_1_105' title='bbox 631 1227 936 1282; x_wconf 83' lang='lat' dir='ltr'>fundatam</span> <span class='ocrx_word' id='word_1_106' title='bbox 970 1229 1322 1300; x_wconf 88' lang='lat' dir='ltr'>pendentem</span> <span class='ocrx_word' id='word_1_107' title='bbox 1355 1227 1412 1282; x_wconf 91' lang='lat' dir='ltr'>in</span> <span class='ocrx_word' id='word_1_108' title='bbox 1445 1245 1577 1283; x_wconf 89' lang='lat' dir='ltr'>arco</span> <span class='ocrx_word' id='word_1_109' title='bbox 1609 1228 2051 1300; x_wconf 87' lang='lat' dir='ltr'>triumphalem,</span> <span class='ocrx_word' id='word_1_110' title='bbox 2076 1228 2390 1284; x_wconf 85' lang='lat' dir='ltr'>habentem</span> <span class='ocrx_word' id='word_1_111' title='bbox 2420 1228 2480 1283; x_wconf 91' lang='lat' dir='ltr'>in</span> <span class='ocrx_word' id='word_1_112' title='bbox 2512 1229 2704 1284; x_wconf 89' lang='lat' dir='ltr'>medio</span> <span class='ocrx_word' id='word_1_113' title='bbox 2737 1228 3248 1284; x_wconf 89' lang='lat' dir='ltr'>annuntiationem</span> <span class='ocrx_word' id='word_1_114' title='bbox 3291 1233 3347 1284; x_wconf 91' lang='lat' dir='ltr'>et</span> <span class='ocrx_word' id='word_1_115' title='bbox 3378 1227 3755 1283; x_wconf 84' lang='lat' dir='ltr'>nativitatem</span> 
     </span>
    </p>
   </div>
   <div class='ocr_carea' id='block_1_12' title="bbox 458 1324 3752 1399">
    <p class='ocr_par' dir='ltr' id='par_1_12' title="bbox 458 1324 3752 1399">
     <span class='ocr_line' id='line_1_12' title="bbox 458 1324 3752 1399; baseline 0 -20"><span class='ocrx_word' id='word_1_116' title='bbox 458 1324 690 1380; x_wconf 90' lang='lat' dir='ltr'>Domini</span> <span class='ocrx_word' id='word_1_117' title='bbox 725 1324 909 1382; x_wconf 89' lang='lat' dir='ltr'>nostri</span> <span class='ocrx_word' id='word_1_118' title='bbox 939 1326 1078 1381; x_wconf 85' lang='lat' dir='ltr'>Jesu</span> <span class='ocrx_word' id='word_1_119' title='bbox 1111 1326 1344 1382; x_wconf 89' lang='lat' dir='ltr'>Christi.</span> <span class='ocrx_word' id='word_1_120' title='bbox 1384 1327 1526 1381; x_wconf 90' lang='lat' dir='ltr'>Item</span> <span class='ocrx_word' id='word_1_121' title='bbox 1559 1326 1749 1382; x_wconf 85' lang='lat' dir='ltr'>velum</span> <span class='ocrx_word' id='word_1_122' title='bbox 1783 1326 2081 1382; x_wconf 88' lang='lat' dir='ltr'>oloverum</span> <span class='ocrx_word' id='word_1_123' title='bbox 2120 1343 2306 1382; x_wconf 93' lang='lat' dir='ltr'>unum</span> <span class='ocrx_word' id='word_1_124' title='bbox 2349 1327 2609 1398; x_wconf 90' lang='lat' dir='ltr'>pendens</span> <span class='ocrx_word' id='word_1_125' title='bbox 2649 1326 2708 1382; x_wconf 92' lang='lat' dir='ltr'>in</span> <span class='ocrx_word' id='word_1_126' title='bbox 2749 1325 3080 1399; x_wconf 87' lang='lat' dir='ltr'>regularem</span> <span class='ocrx_word' id='word_1_127' title='bbox 3130 1326 3240 1382; x_wconf 90' lang='lat' dir='ltr'>sub</span> <span class='ocrx_word' id='word_1_128' title='bbox 3282 1325 3602 1399; x_wconf 82' lang='lat' dir='ltr'>imaginem</span> <span class='ocrx_word' id='word_1_129' title='bbox 3651 1343 3752 1381; x_wconf 88' lang='lat' dir='ltr'>ar-</span> 
     </span>
    </p>
   </div>
   <div class='ocr_carea' id='block_1_13' title="bbox 457 1421 3750 1496">
    <p class='ocr_par' dir='ltr' id='par_1_13' title="bbox 457 1421 3750 1496">
     <span class='ocr_line' id='line_1_13' title="bbox 457 1421 3750 1496; baseline 0 -19"><span class='ocrx_word' id='word_1_130' title='bbox 457 1427 747 1495; x_wconf 86' lang='lat' dir='ltr'>genteam,</span> <span class='ocrx_word' id='word_1_131' title='bbox 781 1423 1006 1479; x_wconf 91' lang='lat' dir='ltr'>habens</span> <span class='ocrx_word' id='word_1_132' title='bbox 1035 1423 1342 1480; x_wconf 87' lang='lat' dir='ltr'>historiam</span> <span class='ocrx_word' id='word_1_133' title='bbox 1372 1424 1760 1496; x_wconf 87' lang='lat' dir='ltr'>imperatoris.</span> <span class='ocrx_word' id='word_1_134' title='bbox 1798 1425 1880 1480; x_wconf 89' lang='lat' dir='ltr'>lbi</span> <span class='ocrx_word' id='word_1_135' title='bbox 1915 1425 2040 1496; x_wconf 90' lang='lat' dir='ltr'>ipse</span> <span class='ocrx_word' id='word_1_136' title='bbox 2071 1421 2200 1479; x_wconf 84' lang='lat' dir='ltr'>fecit</span> <span class='ocrx_word' id='word_1_137' title='bbox 2230 1429 2284 1480; x_wconf 89' lang='lat' dir='ltr'>et</span> <span class='ocrx_word' id='word_1_138' title='bbox 2315 1425 2431 1480; x_wconf 85' lang='lat' dir='ltr'>alia</span> <span class='ocrx_word' id='word_1_139' title='bbox 2462 1425 2577 1480; x_wconf 91' lang='lat' dir='ltr'>duo</span> <span class='ocrx_word' id='word_1_140' title='bbox 2610 1425 2842 1480; x_wconf 92' lang='lat' dir='ltr'>modica</span> <span class='ocrx_word' id='word_1_141' title='bbox 2869 1423 2956 1480; x_wconf 86' lang='lat' dir='ltr'>vel</span> <span class='ocrx_word' id='word_1_142' title='bbox 3007 1424 3273 1491; x_wconf 89' lang='lat' dir='ltr'>fundata,</span> <span class='ocrx_word' id='word_1_143' title='bbox 3306 1440 3433 1496; x_wconf 66' lang='lat' dir='ltr'>qua&quot;:</span> <span class='ocrx_word' id='word_1_144' title='bbox 3485 1424 3750 1496; x_wconf 89' lang='lat' dir='ltr'>pendent</span> 
     </span>
    </p>
   </div>
   <div class='ocr_carea' id='block_1_14' title="bbox 383 1520 3744 1594">
    <p class='ocr_par' dir='ltr' id='par_1_14' title="bbox 383 1520 3744 1594">
     <span class='ocr_line' id='line_1_14' title="bbox 383 1520 3744 1594; baseline 0 -19"><span class='ocrx_word' id='word_1_145' title='bbox 383 1523 419 1574; x_wconf 83' lang='lat'><em>5</em></span> <span class='ocrx_word' id='word_1_146' title='bbox 459 1520 516 1575; x_wconf 91' lang='lat' dir='ltr'>in</span> <span class='ocrx_word' id='word_1_147' title='bbox 551 1521 795 1576; x_wconf 91' lang='lat' dir='ltr'>circuitu</span> <span class='ocrx_word' id='word_1_148' title='bbox 831 1521 1053 1588; x_wconf 90' lang='lat' dir='ltr'>altaris,</span> <span class='ocrx_word' id='word_1_149' title='bbox 1088 1522 1422 1594; x_wconf 89' lang='lat' dir='ltr'>habentque</span> <span class='ocrx_word' id='word_1_150' title='bbox 1454 1522 1575 1578; x_wconf 90' lang='lat' dir='ltr'>lora</span> <span class='ocrx_word' id='word_1_151' title='bbox 1606 1522 1812 1594; x_wconf 89' lang='lat' dir='ltr'>viginti</span> <span class='ocrx_word' id='word_1_152' title='bbox 1847 1521 2128 1593; x_wconf 90' lang='lat' dir='ltr'>quinque.</span> <span class='ocrx_word' id='word_1_153' title='bbox 2153 1522 2294 1577; x_wconf 86' lang='lat' dir='ltr'>Vela</span> <span class='ocrx_word' id='word_1_154' title='bbox 2342 1539 2469 1594; x_wconf 75' lang='lat' dir='ltr'>quae</span> <span class='ocrx_word' id='word_1_155' title='bbox 2519 1523 2777 1594; x_wconf 89' lang='lat' dir='ltr'>pendent</span> <span class='ocrx_word' id='word_1_156' title='bbox 2823 1522 2882 1577; x_wconf 94' lang='lat' dir='ltr'>in</span> <span class='ocrx_word' id='word_1_157' title='bbox 2933 1522 3294 1594; x_wconf 81' lang='lat' dir='ltr'>presbyterio</span> <span class='ocrx_word' id='word_1_158' title='bbox 3347 1539 3590 1577; x_wconf 88' lang='lat' dir='ltr'>numero</span> <span class='ocrx_word' id='word_1_159' title='bbox 3619 1522 3694 1576; x_wconf 76' lang='grc'>24</span> <span class='ocrx_word' id='word_1_160' title='bbox 3730 1538 3744 1576; x_wconf 93' lang='lat'><strong>:</strong></span> 
     </span>
    </p>
   </div>
   <div class='ocr_carea' id='block_1_15' title="bbox 454 1619 3748 1693">
    <p class='ocr_par' dir='ltr' id='par_1_15' title="bbox 454 1619 3748 1693">
     <span class='ocr_line' id='line_1_15' title="bbox 454 1619 3748 1693; baseline 0 -19"><span class='ocrx_word' id='word_1_161' title='bbox 454 1619 582 1675; x_wconf 89' lang='lat' dir='ltr'>vela</span> <span class='ocrx_word' id='word_1_162' title='bbox 613 1621 858 1675; x_wconf 87' lang='lat' dir='ltr'>fundata</span> <span class='ocrx_word' id='word_1_163' title='bbox 889 1638 1015 1692; x_wconf 78' lang='lat' dir='ltr'>qua:</span> <span class='ocrx_word' id='word_1_164' title='bbox 1047 1621 1304 1692; x_wconf 87' lang='lat' dir='ltr'>pendent</span> <span class='ocrx_word' id='word_1_165' title='bbox 1333 1621 1405 1676; x_wconf 89' lang='lat' dir='ltr'>ad</span> <span class='ocrx_word' id='word_1_166' title='bbox 1438 1637 1609 1676; x_wconf 88' lang='lat' dir='ltr'>arcus</span> <span class='ocrx_word' id='word_1_167' title='bbox 1641 1622 1893 1692; x_wconf 82' lang='lat' dir='ltr'>majores</span> <span class='ocrx_word' id='word_1_168' title='bbox 1924 1636 2170 1675; x_wconf 89' lang='lat' dir='ltr'>numero</span> <span class='ocrx_word' id='word_1_169' title='bbox 2201 1621 2612 1693; x_wconf 88' lang='lat' dir='ltr'>quadraginta.</span> <span class='ocrx_word' id='word_1_170' title='bbox 2651 1621 2712 1676; x_wconf 89' lang='lat' dir='ltr'>In</span> <span class='ocrx_word' id='word_1_171' title='bbox 2745 1619 3031 1676; x_wconf 89' lang='lat' dir='ltr'>ciborium</span> <span class='ocrx_word' id='word_1_172' title='bbox 3082 1619 3272 1693; x_wconf 89' lang='lat' dir='ltr'>ipsius</span> <span class='ocrx_word' id='word_1_173' title='bbox 3315 1619 3572 1675; x_wconf 77' lang='lat' dir='ltr'>ecclesize</span> <span class='ocrx_word' id='word_1_174' title='bbox 3605 1619 3748 1675; x_wconf 89' lang='lat' dir='ltr'>fecit</span> 
     </span>
    </p>
   </div>
   <div class='ocr_carea' id='block_1_16' title="bbox 456 1717 3742 1791">
    <p class='ocr_par' dir='ltr' id='par_1_16' title="bbox 456 1717 3742 1791">
     <span class='ocr_line' id='line_1_16' title="bbox 456 1717 3742 1791; baseline -0.001 -17"><span class='ocrx_word' id='word_1_175' title='bbox 456 1718 580 1774; x_wconf 90' lang='lat' dir='ltr'>vela</span> <span class='ocrx_word' id='word_1_176' title='bbox 610 1723 879 1791; x_wconf 87' lang='lat' dir='ltr'>quatuor.</span> <span class='ocrx_word' id='word_1_177' title='bbox 915 1718 1046 1774; x_wconf 74' lang='lat' dir='ltr'>Pari</span> <span class='ocrx_word' id='word_1_178' title='bbox 1080 1719 1252 1774; x_wconf 92' lang='lat' dir='ltr'>modo</span> <span class='ocrx_word' id='word_1_179' title='bbox 1286 1724 1342 1774; x_wconf 90' lang='lat' dir='ltr'>et</span> <span class='ocrx_word' id='word_1_180' title='bbox 1371 1719 1430 1773; x_wconf 93' lang='lat' dir='ltr'>in</span> <span class='ocrx_word' id='word_1_181' title='bbox 1471 1718 1718 1774; x_wconf 89' lang='lat' dir='ltr'>ecclesia</span> <span class='ocrx_word' id='word_1_182' title='bbox 1771 1718 1924 1774; x_wconf 88' lang='lat' dir='ltr'>beati</span> <span class='ocrx_word' id='word_1_183' title='bbox 1976 1717 2191 1773; x_wconf 89' lang='lat' dir='ltr'>Christi</span> <span class='ocrx_word' id='word_1_184' title='bbox 2245 1718 2520 1791; x_wconf 88' lang='lat' dir='ltr'>martyris</span> <span class='ocrx_word' id='word_1_185' title='bbox 2572 1718 2801 1791; x_wconf 90' lang='lat' dir='ltr'>Georgii</span> <span class='ocrx_word' id='word_1_186' title='bbox 2851 1719 2987 1774; x_wconf 90' lang='lat' dir='ltr'>fecit</span> <span class='ocrx_word' id='word_1_187' title='bbox 3036 1717 3162 1774; x_wconf 85' lang='lat' dir='ltr'>vela</span> <span class='ocrx_word' id='word_1_188' title='bbox 3205 1719 3277 1774; x_wconf 93' lang='lat' dir='ltr'>de</span> <span class='ocrx_word' id='word_1_189' title='bbox 3324 1718 3566 1774; x_wconf 89' lang='lat' dir='ltr'>fundato</span> <span class='ocrx_word' id='word_1_190' title='bbox 3617 1733 3742 1783; x_wconf 86' lang='lat' dir='ltr'>sex,</span> 
     </span>
    </p>
   </div>
   <div class='ocr_carea' id='block_1_17' title="bbox 456 1814 3745 1889">
    <p class='ocr_par' dir='ltr' id='par_1_17' title="bbox 456 1814 3745 1889">
     <span class='ocr_line' id='line_1_17' title="bbox 456 1814 3745 1889; baseline -0.001 -17"><span class='ocrx_word' id='word_1_191' title='bbox 456 1816 734 1872; x_wconf 91' lang='lat' dir='ltr'>habentia</span> <span class='ocrx_word' id='word_1_192' title='bbox 764 1817 821 1870; x_wconf 91' lang='lat' dir='ltr'>in</span> <span class='ocrx_word' id='word_1_193' title='bbox 853 1817 1103 1872; x_wconf 89' lang='lat' dir='ltr'>circuitu</span> <span class='ocrx_word' id='word_1_194' title='bbox 1136 1816 1502 1889; x_wconf 79' lang='lat' dir='ltr'>gammadias</span> <span class='ocrx_word' id='word_1_195' title='bbox 1529 1817 1600 1871; x_wconf 95' lang='lat' dir='ltr'>de</span> <span class='ocrx_word' id='word_1_196' title='bbox 1629 1815 1921 1887; x_wconf 89' lang='lat' dir='ltr'>octapulo.</span> <span class='ocrx_word' id='word_1_197' title='bbox 1957 1818 2087 1888; x_wconf 86' lang='lat' dir='ltr'>Ipse</span> <span class='ocrx_word' id='word_1_198' title='bbox 2115 1833 2250 1872; x_wconf 88' lang='lat' dir='ltr'>vero</span> <span class='ocrx_word' id='word_1_199' title='bbox 2281 1833 2314 1872; x_wconf 89' lang='lat' dir='ltr'>a</span> <span class='ocrx_word' id='word_1_200' title='bbox 2345 1816 2460 1871; x_wconf 91' lang='lat' dir='ltr'>Deo</span> <span class='ocrx_word' id='word_1_201' title='bbox 2495 1820 2790 1889; x_wconf 90' lang='lat' dir='ltr'>protectus</span> <span class='ocrx_word' id='word_1_202' title='bbox 2841 1821 2898 1871; x_wconf 91' lang='lat' dir='ltr'>et</span> <span class='ocrx_word' id='word_1_203' title='bbox 2946 1816 3260 1888; x_wconf 63' lang='lat' dir='ltr'>praeclarus</span> <span class='ocrx_word' id='word_1_204' title='bbox 3308 1815 3568 1888; x_wconf 81' lang='lat' dir='ltr'>pontifex</span> <span class='ocrx_word' id='word_1_205' title='bbox 3607 1814 3745 1871; x_wconf 87' lang='lat' dir='ltr'>fecit</span> 
     </span>
    </p>
   </div>
   <div class='ocr_carea' id='block_1_18' title="bbox 455 1912 3741 1986">
    <p class='ocr_par' dir='ltr' id='par_1_18' title="bbox 455 1912 3741 1986">
     <span class='ocr_line' id='line_1_18' title="bbox 455 1912 3741 1986; baseline -0 -18"><span class='ocrx_word' id='word_1_206' title='bbox 455 1914 513 1969; x_wconf 92' lang='lat' dir='ltr'>in</span> <span class='ocrx_word' id='word_1_207' title='bbox 548 1914 904 1971; x_wconf 58' lang='lat' dir='ltr'>monasterio</span> <span class='ocrx_word' id='word_1_208' title='bbox 933 1913 1121 1970; x_wconf 88' lang='lat' dir='ltr'>sancti</span> <span class='ocrx_word' id='word_1_209' title='bbox 1153 1914 1315 1969; x_wconf 76' lang='lat' dir='ltr'>Sabze</span> <span class='ocrx_word' id='word_1_210' title='bbox 1345 1919 1563 1970; x_wconf 90' lang='lat' dir='ltr'>vestem</span> <span class='ocrx_word' id='word_1_211' title='bbox 1597 1915 1666 1969; x_wconf 88' lang='lat' dir='ltr'>de</span> <span class='ocrx_word' id='word_1_212' title='bbox 1694 1913 1922 1969; x_wconf 90' lang='lat' dir='ltr'>olovero</span> <span class='ocrx_word' id='word_1_213' title='bbox 1953 1929 2088 1968; x_wconf 89' lang='lat' dir='ltr'>cum</span> <span class='ocrx_word' id='word_1_214' title='bbox 2119 1913 2734 1981; x_wconf 88' lang='lat' dir='ltr'>leonibus,habentem</span> <span class='ocrx_word' id='word_1_215' title='bbox 2767 1912 3079 1986; x_wconf 87' lang='lat' dir='ltr'>periclysin</span> <span class='ocrx_word' id='word_1_216' title='bbox 3112 1914 3182 1969; x_wconf 92' lang='lat' dir='ltr'>de</span> <span class='ocrx_word' id='word_1_217' title='bbox 3213 1912 3741 1986; x_wconf 89' lang='lat' dir='ltr'>octapulo.Verum</span> 
     </span>
    </p>
   </div>
   <div class='ocr_carea' id='block_1_19' title="bbox 349 2009 3743 2084">
    <p class='ocr_par' dir='ltr' id='par_1_19' title="bbox 349 2009 3743 2084">
     <span class='ocr_line' id='line_1_19' title="bbox 349 2009 3743 2084; baseline -0.001 -17"><span class='ocrx_word' id='word_1_218' title='bbox 349 2013 416 2067; x_wconf 88' lang='grc'>10</span> <span class='ocrx_word' id='word_1_219' title='bbox 454 2012 630 2068; x_wconf 89' lang='lat' dir='ltr'>etiam</span> <span class='ocrx_word' id='word_1_220' title='bbox 664 2019 717 2068; x_wconf 89' lang='lat' dir='ltr'>et</span> <span class='ocrx_word' id='word_1_221' title='bbox 749 2013 806 2068; x_wconf 92' lang='lat' dir='ltr'>in</span> <span class='ocrx_word' id='word_1_222' title='bbox 837 2013 1192 2068; x_wconf 89' lang='lat' dir='ltr'>monasterio</span> <span class='ocrx_word' id='word_1_223' title='bbox 1224 2012 1410 2068; x_wconf 90' lang='lat' dir='ltr'>sancti</span> <span class='ocrx_word' id='word_1_224' title='bbox 1441 2012 1733 2067; x_wconf 89' lang='lat' dir='ltr'>Anastasii</span> <span class='ocrx_word' id='word_1_225' title='bbox 1768 2011 2041 2083; x_wconf 86' lang='lat' dir='ltr'>martyris</span> <span class='ocrx_word' id='word_1_226' title='bbox 2071 2013 2274 2067; x_wconf 86' lang='lat' dir='ltr'>eodem</span> <span class='ocrx_word' id='word_1_227' title='bbox 2302 2013 2474 2068; x_wconf 92' lang='lat' dir='ltr'>modo</span> <span class='ocrx_word' id='word_1_228' title='bbox 2507 2012 2642 2068; x_wconf 91' lang='lat' dir='ltr'>fecit</span> <span class='ocrx_word' id='word_1_229' title='bbox 2670 2017 2888 2067; x_wconf 89' lang='lat' dir='ltr'>vestem</span> <span class='ocrx_word' id='word_1_230' title='bbox 2911 2012 2981 2067; x_wconf 90' lang='lat' dir='ltr'>de</span> <span class='ocrx_word' id='word_1_231' title='bbox 3013 2011 3434 2079; x_wconf 89' lang='lat' dir='ltr'>stauraci,cum</span> <span class='ocrx_word' id='word_1_232' title='bbox 3468 2009 3743 2084; x_wconf 80' lang='lat' dir='ltr'>periclysi</span> 
     </span>
    </p>
   </div>
   <div class='ocr_carea' id='block_1_20' title="bbox 454 2109 3743 2184">
    <p class='ocr_par' dir='ltr' id='par_1_20' title="bbox 454 2109 3743 2184">
     <span class='ocr_line' id='line_1_20' title="bbox 454 2109 3743 2184; baseline -0.001 -18"><span class='ocrx_word' id='word_1_233' title='bbox 454 2112 524 2166; x_wconf 90' lang='lat' dir='ltr'>de</span> <span class='ocrx_word' id='word_1_234' title='bbox 557 2111 941 2184; x_wconf 90' lang='lat' dir='ltr'>quadrapulo.</span> <span class='ocrx_word' id='word_1_235' title='bbox 978 2110 1283 2182; x_wconf 88' lang='lat' dir='ltr'>Simulque</span> <span class='ocrx_word' id='word_1_236' title='bbox 1314 2109 1452 2166; x_wconf 89' lang='lat' dir='ltr'>etin</span> <span class='ocrx_word' id='word_1_237' title='bbox 1486 2110 1841 2165; x_wconf 90' lang='lat' dir='ltr'>monasterio</span> <span class='ocrx_word' id='word_1_238' title='bbox 1873 2109 2054 2165; x_wconf 92' lang='lat' dir='ltr'>ssncti</span> <span class='ocrx_word' id='word_1_239' title='bbox 2085 2111 2348 2176; x_wconf 80' lang='lat' dir='ltr'>Andreae,</span> <span class='ocrx_word' id='word_1_240' title='bbox 2383 2111 2536 2182; x_wconf 90' lang='lat' dir='ltr'>quod</span> <span class='ocrx_word' id='word_1_241' title='bbox 2572 2109 2901 2182; x_wconf 88' lang='lat' dir='ltr'>appellatur</span> <span class='ocrx_word' id='word_1_242' title='bbox 2929 2110 2986 2165; x_wconf 90' lang='lat' dir='ltr'>in</span> <span class='ocrx_word' id='word_1_243' title='bbox 3005 2109 3150 2166; x_wconf 93' lang='lat' dir='ltr'>clivo</span> <span class='ocrx_word' id='word_1_244' title='bbox 3183 2110 3410 2176; x_wconf 88' lang='lat' dir='ltr'>Scauri,</span> <span class='ocrx_word' id='word_1_245' title='bbox 3444 2109 3583 2164; x_wconf 89' lang='lat' dir='ltr'>fecit</span> <span class='ocrx_word' id='word_1_246' title='bbox 3612 2125 3743 2164; x_wconf 85' lang='lat' dir='ltr'>ves-</span> 
     </span>
    </p>
   </div>
   <div class='ocr_carea' id='block_1_21' title="bbox 453 2197 3739 2281">
    <p class='ocr_par' dir='ltr' id='par_1_21' title="bbox 453 2197 3739 2281">
     <span class='ocr_line' id='line_1_21' title="bbox 453 2197 3739 2281; baseline -0.001 -18"><span class='ocrx_word' id='word_1_247' title='bbox 453 2214 567 2264; x_wconf 87' lang='lat' dir='ltr'>tem</span> <span class='ocrx_word' id='word_1_248' title='bbox 600 2210 668 2263; x_wconf 86' lang='lat' dir='ltr'>de</span> <span class='ocrx_word' id='word_1_249' title='bbox 702 2197 978 2275; x_wconf 83' lang='lat' dir='ltr'>stauraci,</span> <span class='ocrx_word' id='word_1_250' title='bbox 1011 2227 1144 2264; x_wconf 92' lang='lat' dir='ltr'>cum</span> <span class='ocrx_word' id='word_1_251' title='bbox 1180 2207 1449 2281; x_wconf 80' lang='lat' dir='ltr'>periclysi</span> <span class='ocrx_word' id='word_1_252' title='bbox 1484 2209 1553 2262; x_wconf 89' lang='lat' dir='ltr'>de</span> <span class='ocrx_word' id='word_1_253' title='bbox 1586 2207 1855 2279; x_wconf 86' lang='lat' dir='ltr'>octapulo</span> <span class='ocrx_word' id='word_1_254' title='bbox 1888 2225 2088 2262; x_wconf 90' lang='lat' dir='ltr'>unam.</span> <span class='ocrx_word' id='word_1_255' title='bbox 2125 2209 2235 2263; x_wconf 87' lang='lat' dir='ltr'>Sed</span> <span class='ocrx_word' id='word_1_256' title='bbox 2269 2213 2325 2262; x_wconf 92' lang='lat' dir='ltr'>et</span> <span class='ocrx_word' id='word_1_257' title='bbox 2373 2208 2432 2262; x_wconf 91' lang='lat' dir='ltr'>in</span> <span class='ocrx_word' id='word_1_258' title='bbox 2483 2208 2839 2263; x_wconf 89' lang='lat' dir='ltr'>monasterio</span> <span class='ocrx_word' id='word_1_259' title='bbox 2891 2211 3105 2263; x_wconf 72' lang='lat' dir='ltr'>sancta:</span> <span class='ocrx_word' id='word_1_260' title='bbox 3155 2207 3390 2280; x_wconf 66' lang='lat' dir='ltr'>Agathe:</span> <span class='ocrx_word' id='word_1_261' title='bbox 3435 2206 3739 2279; x_wconf 80' lang='lat' dir='ltr'>martyris,</span> 
     </span>
    </p>
   </div>
   <div class='ocr_carea' id='block_1_22' title="bbox 454 2305 3739 2379">
    <p class='ocr_par' dir='ltr' id='par_1_22' title="bbox 454 2305 3739 2379">
     <span class='ocr_line' id='line_1_22' title="bbox 454 2305 3739 2379; baseline -0.001 -17"><span class='ocrx_word' id='word_1_262' title='bbox 454 2325 579 2379; x_wconf 73' lang='lat' dir='ltr'>qua:</span> <span class='ocrx_word' id='word_1_263' title='bbox 615 2307 852 2379; x_wconf 90' lang='lat' dir='ltr'>ponitur</span> <span class='ocrx_word' id='word_1_264' title='bbox 881 2325 1058 2379; x_wconf 89' lang='lat' dir='ltr'>super</span> <span class='ocrx_word' id='word_1_265' title='bbox 1086 2307 1432 2373; x_wconf 82' lang='lat' dir='ltr'>Suburram,</span> <span class='ocrx_word' id='word_1_266' title='bbox 1469 2307 1602 2361; x_wconf 69' lang='lat' dir='ltr'>fecit</span> <span class='ocrx_word' id='word_1_267' title='bbox 1639 2311 1856 2361; x_wconf 85' lang='lat' dir='ltr'>vestem</span> <span class='ocrx_word' id='word_1_268' title='bbox 1889 2307 1959 2361; x_wconf 88' lang='lat' dir='ltr'>de</span> <span class='ocrx_word' id='word_1_269' title='bbox 1990 2305 2239 2370; x_wconf 85' lang='lat' dir='ltr'>olovero,</span> <span class='ocrx_word' id='word_1_270' title='bbox 2274 2323 2408 2361; x_wconf 92' lang='lat' dir='ltr'>cum</span> <span class='ocrx_word' id='word_1_271' title='bbox 2443 2305 2713 2378; x_wconf 90' lang='lat' dir='ltr'>periclysi</span> <span class='ocrx_word' id='word_1_272' title='bbox 2744 2307 2815 2361; x_wconf 91' lang='lat' dir='ltr'>de</span> <span class='ocrx_word' id='word_1_273' title='bbox 2847 2305 3116 2378; x_wconf 89' lang='lat' dir='ltr'>octapulo</span> <span class='ocrx_word' id='word_1_274' title='bbox 3167 2323 3368 2362; x_wconf 87' lang='lat' dir='ltr'>unam.</span> <span class='ocrx_word' id='word_1_275' title='bbox 3399 2305 3635 2361; x_wconf 84' lang='lat' dir='ltr'>Necnon</span> <span class='ocrx_word' id='word_1_276' title='bbox 3682 2308 3739 2359; x_wconf 92' lang='lat' dir='ltr'>et</span> 
     </span>
    </p>
   </div>
   <div class='ocr_carea' id='block_1_23' title="bbox 453 2402 3734 2477">
    <p class='ocr_par' dir='ltr' id='par_1_23' title="bbox 453 2402 3734 2477">
     <span class='ocr_line' id='line_1_23' title="bbox 453 2402 3734 2477; baseline -0 -18"><span class='ocrx_word' id='word_1_277' title='bbox 453 2410 509 2460; x_wconf 93' lang='lat' dir='ltr'>et</span> <span class='ocrx_word' id='word_1_278' title='bbox 539 2405 596 2460; x_wconf 93' lang='lat' dir='ltr'>in</span> <span class='ocrx_word' id='word_1_279' title='bbox 632 2405 986 2462; x_wconf 89' lang='lat' dir='ltr'>monasterio</span> <span class='ocrx_word' id='word_1_280' title='bbox 1019 2405 1203 2460; x_wconf 90' lang='lat' dir='ltr'>sancti</span> <span class='ocrx_word' id='word_1_281' title='bbox 1237 2404 1461 2459; x_wconf 87' lang='lat' dir='ltr'>Erasmi</span> <span class='ocrx_word' id='word_1_282' title='bbox 1495 2403 1629 2458; x_wconf 83' lang='lat' dir='ltr'>fecit</span> <span class='ocrx_word' id='word_1_283' title='bbox 1656 2409 1872 2459; x_wconf 87' lang='lat' dir='ltr'>vestem</span> <span class='ocrx_word' id='word_1_284' title='bbox 1906 2404 1975 2458; x_wconf 90' lang='lat' dir='ltr'>de</span> <span class='ocrx_word' id='word_1_285' title='bbox 2006 2402 2284 2469; x_wconf 89' lang='lat' dir='ltr'>stauraci,</span> <span class='ocrx_word' id='word_1_286' title='bbox 2318 2421 2452 2458; x_wconf 91' lang='lat' dir='ltr'>cum</span> <span class='ocrx_word' id='word_1_287' title='bbox 2487 2403 2756 2476; x_wconf 85' lang='lat' dir='ltr'>perielysi</span> <span class='ocrx_word' id='word_1_288' title='bbox 2791 2405 2861 2458; x_wconf 93' lang='lat' dir='ltr'>de</span> <span class='ocrx_word' id='word_1_289' title='bbox 2890 2403 3160 2477; x_wconf 89' lang='lat' dir='ltr'>octapulo</span> <span class='ocrx_word' id='word_1_290' title='bbox 3191 2420 3393 2460; x_wconf 91' lang='lat' dir='ltr'>unam.</span> <span class='ocrx_word' id='word_1_291' title='bbox 3425 2402 3734 2458; x_wconf 88' lang='lat' dir='ltr'>Enimvero</span> 
     </span>
    </p>
   </div>
   <div class='ocr_carea' id='block_1_24' title="bbox 346 2499 3734 2574">
    <p class='ocr_par' dir='ltr' id='par_1_24' title="bbox 346 2499 3734 2574">
     <span class='ocr_line' id='line_1_24' title="bbox 346 2499 3734 2574; baseline -0.002 -13"><span class='ocrx_word' id='word_1_292' title='bbox 346 2503 420 2562; x_wconf 82' lang='grc'>15</span> <span class='ocrx_word' id='word_1_293' title='bbox 458 2511 513 2561; x_wconf 92' lang='lat' dir='ltr'>et</span> <span class='ocrx_word' id='word_1_294' title='bbox 545 2507 602 2560; x_wconf 91' lang='lat' dir='ltr'>in</span> <span class='ocrx_word' id='word_1_295' title='bbox 636 2504 905 2559; x_wconf 90' lang='lat' dir='ltr'>diaconia</span> <span class='ocrx_word' id='word_1_296' title='bbox 935 2506 1151 2558; x_wconf 66' lang='lat' dir='ltr'>sancta)</span> <span class='ocrx_word' id='word_1_297' title='bbox 1187 2502 1396 2567; x_wconf 67' lang='lat' dir='ltr'>Lucize,</span> <span class='ocrx_word' id='word_1_298' title='bbox 1430 2519 1557 2574; x_wconf 69' lang='lat' dir='ltr'>qua:</span> <span class='ocrx_word' id='word_1_299' title='bbox 1592 2501 1829 2573; x_wconf 90' lang='lat' dir='ltr'>ponitur</span> <span class='ocrx_word' id='word_1_300' title='bbox 1855 2501 1915 2555; x_wconf 89' lang='lat' dir='ltr'>in</span> <span class='ocrx_word' id='word_1_301' title='bbox 1948 2506 2172 2572; x_wconf 88' lang='lat' dir='ltr'>septem</span> <span class='ocrx_word' id='word_1_302' title='bbox 2204 2501 2361 2568; x_wconf 90' lang='lat' dir='ltr'>Vias,</span> <span class='ocrx_word' id='word_1_303' title='bbox 2396 2501 2531 2556; x_wconf 86' lang='lat' dir='ltr'>fecit</span> <span class='ocrx_word' id='word_1_304' title='bbox 2560 2506 2779 2557; x_wconf 89' lang='lat' dir='ltr'>vestem</span> <span class='ocrx_word' id='word_1_305' title='bbox 2811 2503 2882 2558; x_wconf 90' lang='lat' dir='ltr'>de</span> <span class='ocrx_word' id='word_1_306' title='bbox 2914 2502 3162 2570; x_wconf 87' lang='lat' dir='ltr'>olovero,</span> <span class='ocrx_word' id='word_1_307' title='bbox 3197 2518 3331 2557; x_wconf 90' lang='lat' dir='ltr'>cum</span> <span class='ocrx_word' id='word_1_308' title='bbox 3366 2499 3635 2574; x_wconf 81' lang='lat' dir='ltr'>periclysi</span> <span class='ocrx_word' id='word_1_309' title='bbox 3665 2500 3734 2554; x_wconf 90' lang='lat' dir='ltr'>de</span> 
     </span>
    </p>
   </div>
   <div class='ocr_carea' id='block_1_25' title="bbox 452 2597 3735 2676">
    <p class='ocr_par' dir='ltr' id='par_1_25' title="bbox 452 2597 3735 2676">
     <span class='ocr_line' id='line_1_25' title="bbox 452 2597 3735 2676; baseline -0.002 -15"><span class='ocrx_word' id='word_1_310' title='bbox 452 2603 723 2676; x_wconf 89' lang='lat' dir='ltr'>octapulo</span> <span class='ocrx_word' id='word_1_311' title='bbox 757 2617 955 2655; x_wconf 91' lang='lat' dir='ltr'>unam.</span> <span class='ocrx_word' id='word_1_312' title='bbox 995 2600 1149 2654; x_wconf 85' lang='lat' dir='ltr'>Fecit</span> <span class='ocrx_word' id='word_1_313' title='bbox 1195 2604 1388 2654; x_wconf 88' lang='lat' dir='ltr'>autem</span> <span class='ocrx_word' id='word_1_314' title='bbox 1423 2599 1478 2652; x_wconf 94' lang='lat' dir='ltr'>in</span> <span class='ocrx_word' id='word_1_315' title='bbox 1513 2599 1764 2654; x_wconf 88' lang='lat' dir='ltr'>oratorio</span> <span class='ocrx_word' id='word_1_316' title='bbox 1799 2603 2011 2654; x_wconf 71' lang='lat' dir='ltr'>sanctae</span> <span class='ocrx_word' id='word_1_317' title='bbox 2047 2599 2255 2666; x_wconf 73' lang='lat' dir='ltr'>Lucize,</span> <span class='ocrx_word' id='word_1_318' title='bbox 2291 2616 2419 2671; x_wconf 67' lang='lat' dir='ltr'>quae</span> <span class='ocrx_word' id='word_1_319' title='bbox 2453 2599 2690 2671; x_wconf 90' lang='lat' dir='ltr'>ponitur</span> <span class='ocrx_word' id='word_1_320' title='bbox 2719 2600 2776 2654; x_wconf 93' lang='lat' dir='ltr'>in</span> <span class='ocrx_word' id='word_1_321' title='bbox 2810 2599 3164 2656; x_wconf 90' lang='lat' dir='ltr'>monasterio</span> <span class='ocrx_word' id='word_1_322' title='bbox 3191 2600 3262 2655; x_wconf 91' lang='lat' dir='ltr'>de</span> <span class='ocrx_word' id='word_1_323' title='bbox 3293 2597 3579 2669; x_wconf 89' lang='lat' dir='ltr'>Serenati,</span> <span class='ocrx_word' id='word_1_324' title='bbox 3611 2614 3735 2653; x_wconf 86' lang='lat' dir='ltr'>ves-</span> 
     </span>
    </p>
   </div>
   <div class='ocr_carea' id='block_1_26' title="bbox 451 2695 3726 2769">
    <p class='ocr_par' dir='ltr' id='par_1_26' title="bbox 451 2695 3726 2769">
     <span class='ocr_line' id='line_1_26' title="bbox 451 2695 3726 2769; baseline -0.003 -11"><span class='ocrx_word' id='word_1_325' title='bbox 451 2709 568 2758; x_wconf 93' lang='lat' dir='ltr'>tem</span> <span class='ocrx_word' id='word_1_326' title='bbox 600 2702 671 2755; x_wconf 92' lang='lat' dir='ltr'>de</span> <span class='ocrx_word' id='word_1_327' title='bbox 701 2699 929 2754; x_wconf 87' lang='lat' dir='ltr'>olovcro</span> <span class='ocrx_word' id='word_1_328' title='bbox 959 2715 1092 2752; x_wconf 89' lang='lat' dir='ltr'>cum</span> <span class='ocrx_word' id='word_1_329' title='bbox 1116 2696 1402 2763; x_wconf 88' lang='lat' dir='ltr'>leonibus,</span> <span class='ocrx_word' id='word_1_330' title='bbox 1439 2696 1751 2751; x_wconf 87' lang='lat' dir='ltr'>habentem</span> <span class='ocrx_word' id='word_1_331' title='bbox 1786 2696 2097 2769; x_wconf 88' lang='lat' dir='ltr'>periclysin</span> <span class='ocrx_word' id='word_1_332' title='bbox 2130 2698 2200 2751; x_wconf 90' lang='lat' dir='ltr'>de</span> <span class='ocrx_word' id='word_1_333' title='bbox 2233 2697 2523 2768; x_wconf 87' lang='lat' dir='ltr'>octapulo.</span> <span class='ocrx_word' id='word_1_334' title='bbox 2549 2696 2738 2752; x_wconf 90' lang='lat' dir='ltr'>Simili</span> <span class='ocrx_word' id='word_1_335' title='bbox 2772 2699 2946 2753; x_wconf 91' lang='lat' dir='ltr'>modo</span> <span class='ocrx_word' id='word_1_336' title='bbox 2977 2702 3033 2752; x_wconf 91' lang='lat' dir='ltr'>et</span> <span class='ocrx_word' id='word_1_337' title='bbox 3062 2697 3122 2752; x_wconf 91' lang='lat' dir='ltr'>in</span> <span class='ocrx_word' id='word_1_338' title='bbox 3156 2696 3508 2752; x_wconf 91' lang='lat' dir='ltr'>monasierio</span> <span class='ocrx_word' id='word_1_339' title='bbox 3539 2695 3726 2750; x_wconf 90' lang='lat' dir='ltr'>sancti</span> 
     </span>
    </p>
   </div>
   <div class='ocr_carea' id='block_1_27' title="bbox 451 2790 3730 2867">
    <p class='ocr_par' dir='ltr' id='par_1_27' title="bbox 451 2790 3730 2867">
     <span class='ocr_line' id='line_1_27' title="bbox 451 2790 3730 2867; baseline -0.002 -12"><span class='ocrx_word' id='word_1_340' title='bbox 451 2796 712 2856; x_wconf 90' lang='lat' dir='ltr'>Silvestri</span> <span class='ocrx_word' id='word_1_341' title='bbox 758 2795 892 2851; x_wconf 89' lang='lat' dir='ltr'>fecit</span> <span class='ocrx_word' id='word_1_342' title='bbox 949 2800 1168 2849; x_wconf 89' lang='lat' dir='ltr'>vestem</span> <span class='ocrx_word' id='word_1_343' title='bbox 1220 2796 1291 2848; x_wconf 90' lang='lat' dir='ltr'>de</span> <span class='ocrx_word' id='word_1_344' title='bbox 1340 2793 1589 2861; x_wconf 89' lang='lat' dir='ltr'>olovero,</span> <span class='ocrx_word' id='word_1_345' title='bbox 1623 2811 1759 2849; x_wconf 93' lang='lat' dir='ltr'>cum</span> <span class='ocrx_word' id='word_1_346' title='bbox 1804 2793 2073 2867; x_wconf 87' lang='lat' dir='ltr'>periclysi</span> <span class='ocrx_word' id='word_1_347' title='bbox 2125 2795 2197 2850; x_wconf 92' lang='lat' dir='ltr'>de</span> <span class='ocrx_word' id='word_1_348' title='bbox 2228 2793 2518 2866; x_wconf 90' lang='lat' dir='ltr'>octapulo.</span> <span class='ocrx_word' id='word_1_349' title='bbox 2551 2794 2741 2850; x_wconf 84' lang='lat' dir='ltr'>Simili</span> <span class='ocrx_word' id='word_1_350' title='bbox 2772 2795 2946 2851; x_wconf 91' lang='lat' dir='ltr'>modo</span> <span class='ocrx_word' id='word_1_351' title='bbox 2971 2800 3034 2851; x_wconf 84' lang='lat' dir='ltr'>et</span> <span class='ocrx_word' id='word_1_352' title='bbox 3064 2795 3122 2850; x_wconf 92' lang='lat' dir='ltr'>in</span> <span class='ocrx_word' id='word_1_353' title='bbox 3156 2794 3510 2850; x_wconf 91' lang='lat' dir='ltr'>monasterio</span> <span class='ocrx_word' id='word_1_354' title='bbox 3543 2790 3730 2848; x_wconf 89' lang='lat' dir='ltr'>sancti</span> 
     </span>
    </p>
   </div>
   <div class='ocr_carea' id='block_1_28' title="bbox 451 2890 3733 2966">
    <p class='ocr_par' dir='ltr' id='par_1_28' title="bbox 451 2890 3733 2966">
     <span class='ocr_line' id='line_1_28' title="bbox 451 2890 3733 2966; baseline -0.002 -13"><span class='ocrx_word' id='word_1_355' title='bbox 451 2894 713 2953; x_wconf 90' lang='lat' dir='ltr'>Silvestri</span> <span class='ocrx_word' id='word_1_356' title='bbox 747 2893 881 2948; x_wconf 85' lang='lat' dir='ltr'>fecit</span> <span class='ocrx_word' id='word_1_357' title='bbox 909 2896 1128 2948; x_wconf 89' lang='lat' dir='ltr'>vestem</span> <span class='ocrx_word' id='word_1_358' title='bbox 1163 2893 1232 2948; x_wconf 91' lang='lat' dir='ltr'>de</span> <span class='ocrx_word' id='word_1_359' title='bbox 1254 2890 1502 2959; x_wconf 91' lang='lat' dir='ltr'>olovero,</span> <span class='ocrx_word' id='word_1_360' title='bbox 1537 2908 1671 2946; x_wconf 89' lang='lat' dir='ltr'>cum</span> <span class='ocrx_word' id='word_1_361' title='bbox 1695 2891 2000 2964; x_wconf 87' lang='lat' dir='ltr'>periclysis</span> <span class='ocrx_word' id='word_1_362' title='bbox 2030 2892 2101 2947; x_wconf 93' lang='lat' dir='ltr'>de</span> <span class='ocrx_word' id='word_1_363' title='bbox 2132 2890 2402 2964; x_wconf 91' lang='lat' dir='ltr'>octapulo</span> <span class='ocrx_word' id='word_1_364' title='bbox 2434 2909 2636 2948; x_wconf 89' lang='lat' dir='ltr'>unam.</span> <span class='ocrx_word' id='word_1_365' title='bbox 2661 2891 2746 2948; x_wconf 93' lang='lat' dir='ltr'>Ibi</span> <span class='ocrx_word' id='word_1_366' title='bbox 2777 2892 2902 2966; x_wconf 87' lang='lat' dir='ltr'>ipse</span> <span class='ocrx_word' id='word_1_367' title='bbox 2932 2892 3069 2949; x_wconf 91' lang='lat' dir='ltr'>fecit</span> <span class='ocrx_word' id='word_1_368' title='bbox 3093 2897 3316 2950; x_wconf 89' lang='lat' dir='ltr'>vestem</span> <span class='ocrx_word' id='word_1_369' title='bbox 3365 2892 3439 2949; x_wconf 91' lang='lat' dir='ltr'>de</span> <span class='ocrx_word' id='word_1_370' title='bbox 3489 2890 3733 2947; x_wconf 86' lang='lat' dir='ltr'>fundato</span> 
     </span>
    </p>
   </div>
   <div class='ocr_carea' id='block_1_29' title="bbox 339 2981 1980 3066">
    <p class='ocr_par' dir='ltr' id='par_1_29' title="bbox 339 2981 1980 3066">
     <span class='ocr_line' id='line_1_29' title="bbox 339 2981 1980 3066; baseline -0.005 -13"><span class='ocrx_word' id='word_1_371' title='bbox 339 2981 411 3053; x_wconf 63' lang='grc' dir='ltr'>ÎžÎŸ</span> <span class='ocrx_word' id='word_1_372' title='bbox 450 3007 585 3052; x_wconf 81' lang='lat' dir='ltr'>câ€˜um</span> <span class='ocrx_word' id='word_1_373' title='bbox 619 2991 881 3066; x_wconf 85' lang='lat' dir='ltr'>gryphis,</span> <span class='ocrx_word' id='word_1_374' title='bbox 915 2991 1227 3046; x_wconf 89' lang='lat' dir='ltr'>habentem</span> <span class='ocrx_word' id='word_1_375' title='bbox 1261 2988 1574 3062; x_wconf 90' lang='lat' dir='ltr'>periclysin</span> <span class='ocrx_word' id='word_1_376' title='bbox 1604 2991 1674 3044; x_wconf 91' lang='lat' dir='ltr'>de</span> <span class='ocrx_word' id='word_1_377' title='bbox 1707 2989 1980 3045; x_wconf 90' lang='lat' dir='ltr'>blatthin.</span> 
     </span>
    </p>
   </div>
   <div class='ocr_carea' id='block_1_30' title="bbox 522 3085 3735 3163">
    <p class='ocr_par' dir='ltr' id='par_1_30' title="bbox 522 3085 3735 3163">
     <span class='ocr_line' id='line_1_30' title="bbox 522 3085 3735 3163; baseline -0.002 -14"><span class='ocrx_word' id='word_1_378' title='bbox 522 3094 674 3149; x_wconf 72' lang='lat'>473</span> <span class='ocrx_word' id='word_1_379' title='bbox 709 3090 836 3146; x_wconf 89' lang='lat' dir='ltr'>Pari</span> <span class='ocrx_word' id='word_1_380' title='bbox 871 3090 1044 3144; x_wconf 91' lang='lat' dir='ltr'>modo</span> <span class='ocrx_word' id='word_1_381' title='bbox 1076 3095 1132 3144; x_wconf 91' lang='lat' dir='ltr'>et</span> <span class='ocrx_word' id='word_1_382' title='bbox 1161 3089 1221 3143; x_wconf 92' lang='lat' dir='ltr'>in</span> <span class='ocrx_word' id='word_1_383' title='bbox 1253 3088 1610 3144; x_wconf 87' lang='lat' dir='ltr'>monasterio</span> <span class='ocrx_word' id='word_1_384' title='bbox 1643 3092 1857 3144; x_wconf 82' lang='lat' dir='ltr'>sanctae</span> <span class='ocrx_word' id='word_1_385' title='bbox 1891 3088 2165 3144; x_wconf 67' lang='lat' dir='ltr'>Praxedis</span> <span class='ocrx_word' id='word_1_386' title='bbox 2188 3088 2323 3144; x_wconf 88' lang='lat' dir='ltr'>fecit</span> <span class='ocrx_word' id='word_1_387' title='bbox 2345 3093 2563 3144; x_wconf 89' lang='lat' dir='ltr'>vestem</span> <span class='ocrx_word' id='word_1_388' title='bbox 2586 3090 2657 3144; x_wconf 91' lang='lat' dir='ltr'>de</span> <span class='ocrx_word' id='word_1_389' title='bbox 2679 3088 2906 3145; x_wconf 91' lang='lat' dir='ltr'>olovero</span> <span class='ocrx_word' id='word_1_390' title='bbox 2932 3106 3068 3145; x_wconf 92' lang='lat' dir='ltr'>cum</span> <span class='ocrx_word' id='word_1_391' title='bbox 3093 3088 3363 3163; x_wconf 88' lang='lat' dir='ltr'>periclysi</span> <span class='ocrx_word' id='word_1_392' title='bbox 3385 3089 3455 3144; x_wconf 93' lang='lat' dir='ltr'>de</span> <span class='ocrx_word' id='word_1_393' title='bbox 3477 3085 3735 3144; x_wconf 89' lang='lat' dir='ltr'>stauraci</span> 
     </span>
    </p>
   </div>
   <div class='ocr_carea' id='block_1_31' title="bbox 451 3183 3737 3262">
    <p class='ocr_par' dir='ltr' id='par_1_31' title="bbox 451 3183 3737 3262">
     <span class='ocr_line' id='line_1_31' title="bbox 451 3183 3737 3262; baseline -0.003 -14"><span class='ocrx_word' id='word_1_394' title='bbox 451 3207 650 3248; x_wconf 91' lang='lat' dir='ltr'>unam.</span> <span class='ocrx_word' id='word_1_395' title='bbox 689 3190 817 3262; x_wconf 88' lang='lat' dir='ltr'>Ipse</span> <span class='ocrx_word' id='word_1_396' title='bbox 846 3205 981 3244; x_wconf 89' lang='lat' dir='ltr'>vero</span> <span class='ocrx_word' id='word_1_397' title='bbox 1013 3204 1047 3242; x_wconf 90' lang='lat' dir='ltr'>a</span> <span class='ocrx_word' id='word_1_398' title='bbox 1076 3187 1191 3242; x_wconf 92' lang='lat' dir='ltr'>Deo</span> <span class='ocrx_word' id='word_1_399' title='bbox 1216 3190 1511 3258; x_wconf 85' lang='lat' dir='ltr'>protectus</span> <span class='ocrx_word' id='word_1_400' title='bbox 1545 3191 1601 3241; x_wconf 92' lang='lat' dir='ltr'>et</span> <span class='ocrx_word' id='word_1_401' title='bbox 1627 3186 1943 3258; x_wconf 69' lang='lat' dir='ltr'>praeclarus</span> <span class='ocrx_word' id='word_1_402' title='bbox 1976 3187 2235 3260; x_wconf 85' lang='lat' dir='ltr'>pontifex</span> <span class='ocrx_word' id='word_1_403' title='bbox 2268 3187 2402 3242; x_wconf 90' lang='lat' dir='ltr'>fecit</span> <span class='ocrx_word' id='word_1_404' title='bbox 2431 3187 2489 3242; x_wconf 91' lang='lat' dir='ltr'>in</span> <span class='ocrx_word' id='word_1_405' title='bbox 2523 3187 2765 3243; x_wconf 86' lang='lat' dir='ltr'>basilica</span> <span class='ocrx_word' id='word_1_406' title='bbox 2810 3188 3065 3244; x_wconf 90' lang='lat' dir='ltr'>doctoris</span> <span class='ocrx_word' id='word_1_407' title='bbox 3116 3187 3323 3243; x_wconf 89' lang='lat' dir='ltr'>mundi</span> <span class='ocrx_word' id='word_1_408' title='bbox 3367 3186 3523 3243; x_wconf 88' lang='lat' dir='ltr'>beati</span> <span class='ocrx_word' id='word_1_409' title='bbox 3577 3183 3737 3241; x_wconf 87' lang='lat' dir='ltr'>Pauli</span> 
     </span>
    </p>
   </div>
   <div class='ocr_carea' id='block_1_32' title="bbox 449 3283 3738 3362">
    <p class='ocr_par' dir='ltr' id='par_1_32' title="bbox 449 3283 3738 3362">
     <span class='ocr_line' id='line_1_32' title="bbox 449 3283 3738 3362; baseline -0.002 -17"><span class='ocrx_word' id='word_1_410' title='bbox 449 3288 699 3362; x_wconf 89' lang='lat' dir='ltr'>apostoli</span> <span class='ocrx_word' id='word_1_411' title='bbox 737 3286 864 3343; x_wconf 85' lang='lat' dir='ltr'>vela</span> <span class='ocrx_word' id='word_1_412' title='bbox 897 3288 967 3342; x_wconf 91' lang='lat' dir='ltr'>de</span> <span class='ocrx_word' id='word_1_413' title='bbox 999 3284 1370 3358; x_wconf 84' lang='lat' dir='ltr'>chrysoclavo</span> <span class='ocrx_word' id='word_1_414' title='bbox 1395 3302 1497 3356; x_wconf 88' lang='lat' dir='ltr'>per</span> <span class='ocrx_word' id='word_1_415' title='bbox 1526 3303 1698 3340; x_wconf 90' lang='lat' dir='ltr'>arcus</span> <span class='ocrx_word' id='word_1_416' title='bbox 1729 3285 2378 3358; x_wconf 81' lang='lat' dir='ltr'>presbyterii,habentia</span> <span class='ocrx_word' id='word_1_417' title='bbox 2405 3285 2715 3342; x_wconf 89' lang='lat' dir='ltr'>historiam</span> <span class='ocrx_word' id='word_1_418' title='bbox 2737 3285 2926 3359; x_wconf 90' lang='lat' dir='ltr'>ipsius</span> <span class='ocrx_word' id='word_1_419' title='bbox 2947 3285 3101 3341; x_wconf 90' lang='lat' dir='ltr'>beati</span> <span class='ocrx_word' id='word_1_420' title='bbox 3133 3285 3294 3342; x_wconf 90' lang='lat' dir='ltr'>Pauli</span> <span class='ocrx_word' id='word_1_421' title='bbox 3325 3283 3658 3358; x_wconf 81' lang='lat' dir='ltr'>apostoli,et</span> <span class='ocrx_word' id='word_1_422' title='bbox 3680 3283 3738 3338; x_wconf 92' lang='lat' dir='ltr'>in</span> 
     </span>
    </p>
   </div>
   <div class='ocr_carea' id='block_1_33' title="bbox 449 3380 3736 3456">
    <p class='ocr_par' dir='ltr' id='par_1_33' title="bbox 449 3380 3736 3456">
     <span class='ocr_line' id='line_1_33' title="bbox 449 3380 3736 3456; baseline -0.003 -12"><span class='ocrx_word' id='word_1_423' title='bbox 449 3388 700 3444; x_wconf 92' lang='lat' dir='ltr'>circuitu</span> <span class='ocrx_word' id='word_1_424' title='bbox 731 3386 931 3441; x_wconf 89' lang='lat' dir='ltr'>listam</span> <span class='ocrx_word' id='word_1_425' title='bbox 965 3400 1099 3440; x_wconf 91' lang='lat' dir='ltr'>cum</span> <span class='ocrx_word' id='word_1_426' title='bbox 1133 3399 1556 3454; x_wconf 90' lang='lat' dir='ltr'>auro,numero</span> <span class='ocrx_word' id='word_1_427' title='bbox 1589 3383 1792 3455; x_wconf 89' lang='lat' dir='ltr'>viginti</span> <span class='ocrx_word' id='word_1_428' title='bbox 1822 3388 1880 3438; x_wconf 91' lang='lat' dir='ltr'>et</span> <span class='ocrx_word' id='word_1_429' title='bbox 1907 3383 2271 3455; x_wconf 78' lang='lat' dir='ltr'>septem.llic</span> <span class='ocrx_word' id='word_1_430' title='bbox 2298 3401 2330 3438; x_wconf 93' lang='lat' dir='ltr'>a</span> <span class='ocrx_word' id='word_1_431' title='bbox 2361 3385 2476 3439; x_wconf 92' lang='lat' dir='ltr'>Deo</span> <span class='ocrx_word' id='word_1_432' title='bbox 2508 3383 2727 3440; x_wconf 91' lang='lat' dir='ltr'>electus</span> <span class='ocrx_word' id='word_1_433' title='bbox 2759 3389 2816 3439; x_wconf 88' lang='lat' dir='ltr'>et</span> <span class='ocrx_word' id='word_1_434' title='bbox 2837 3383 3152 3456; x_wconf 64' lang='lat' dir='ltr'>praeclarus</span> <span class='ocrx_word' id='word_1_435' title='bbox 3173 3384 3417 3440; x_wconf 86' lang='lat' dir='ltr'>antistes</span> <span class='ocrx_word' id='word_1_436' title='bbox 3439 3381 3655 3439; x_wconf 92' lang='lat' dir='ltr'>obtulit</span> <span class='ocrx_word' id='word_1_437' title='bbox 3677 3380 3736 3435; x_wconf 91' lang='lat' dir='ltr'>in</span> 
     </span>
    </p>
   </div>
   <div class='ocr_carea' id='block_1_34' title="bbox 374 3479 3737 3554">
    <p class='ocr_par' dir='ltr' id='par_1_34' title="bbox 374 3479 3737 3554">
     <span class='ocr_line' id='line_1_34' title="bbox 374 3479 3737 3554; baseline -0.002 -12"><span class='ocrx_word' id='word_1_438' title='bbox 374 3491 410 3542; x_wconf 88' lang='grc'><strong>5</strong></span> <span class='ocrx_word' id='word_1_439' title='bbox 448 3486 693 3543; x_wconf 89' lang='lat' dir='ltr'>ecclesia</span> <span class='ocrx_word' id='word_1_440' title='bbox 715 3487 897 3540; x_wconf 66' lang='lat' dir='ltr'>beatae</span> <span class='ocrx_word' id='word_1_441' title='bbox 921 3483 1020 3538; x_wconf 93' lang='lat' dir='ltr'>Dei</span> <span class='ocrx_word' id='word_1_442' title='bbox 1043 3480 1354 3537; x_wconf 89' lang='lat' dir='ltr'>Genitricis</span> <span class='ocrx_word' id='word_1_443' title='bbox 1387 3498 1734 3553; x_wconf 90' lang='lat' dir='ltr'>semperque</span> <span class='ocrx_word' id='word_1_444' title='bbox 1755 3481 2015 3553; x_wconf 84' lang='lat' dir='ltr'>Virginis</span> <span class='ocrx_word' id='word_1_445' title='bbox 2048 3481 2239 3536; x_wconf 87' lang='lat' dir='ltr'>Mariae</span> <span class='ocrx_word' id='word_1_446' title='bbox 2265 3481 2514 3537; x_wconf 64' lang='lat' dir='ltr'>dominae</span> <span class='ocrx_word' id='word_1_447' title='bbox 2533 3486 2955 3554; x_wconf 66' lang='lat' dir='ltr'>nostrae,quam</span> <span class='ocrx_word' id='word_1_448' title='bbox 2979 3497 3261 3538; x_wconf 81' lang='lat' dir='ltr'>vocamus</span> <span class='ocrx_word' id='word_1_449' title='bbox 3277 3479 3480 3536; x_wconf 87' lang='lat' dir='ltr'>Calixti</span> <span class='ocrx_word' id='word_1_450' title='bbox 3511 3484 3568 3536; x_wconf 95' lang='lat' dir='ltr'>et</span> <span class='ocrx_word' id='word_1_451' title='bbox 3598 3479 3737 3534; x_wconf 87' lang='lat' dir='ltr'>Cor-</span> 
     </span>
    </p>
   </div>
   <div class='ocr_carea' id='block_1_35' title="bbox 449 3577 3734 3653">
    <p class='ocr_par' dir='ltr' id='par_1_35' title="bbox 449 3577 3734 3653">
     <span class='ocr_line' id='line_1_35' title="bbox 449 3577 3734 3653; baseline -0.003 -12"><span class='ocrx_word' id='word_1_452' title='bbox 449 3585 861 3652; x_wconf 86' lang='lat' dir='ltr'>nelii,coronas</span> <span class='ocrx_word' id='word_1_453' title='bbox 889 3586 1192 3653; x_wconf 88' lang='lat' dir='ltr'>argenteas</span> <span class='ocrx_word' id='word_1_454' title='bbox 1218 3581 1497 3651; x_wconf 90' lang='lat' dir='ltr'>duas,per</span> <span class='ocrx_word' id='word_1_455' title='bbox 1514 3597 1994 3652; x_wconf 92' lang='lat' dir='ltr'>unamquamque</span> <span class='ocrx_word' id='word_1_456' title='bbox 2010 3579 2320 3651; x_wconf 90' lang='lat' dir='ltr'>delphinos</span> <span class='ocrx_word' id='word_1_457' title='bbox 2337 3579 3170 3653; x_wconf 89' lang='lat' dir='ltr'>duodecim,pensan.insimul</span> <span class='ocrx_word' id='word_1_458' title='bbox 3196 3580 3377 3635; x_wconf 89' lang='lat' dir='ltr'>libras</span> <span class='ocrx_word' id='word_1_459' title='bbox 3399 3577 3734 3635; x_wconf 89' lang='lat' dir='ltr'>duodecim.</span> 
     </span>
    </p>
   </div>
   <div class='ocr_carea' id='block_1_36' title="bbox 448 3675 3733 3754">
    <p class='ocr_par' dir='ltr' id='par_1_36' title="bbox 448 3675 3733 3754">
     <span class='ocr_line' id='line_1_36' title="bbox 448 3675 3733 3754; baseline -0.002 -16"><span class='ocrx_word' id='word_1_460' title='bbox 448 3682 757 3754; x_wconf 89' lang='lat' dir='ltr'>Simulque</span> <span class='ocrx_word' id='word_1_461' title='bbox 787 3685 844 3736; x_wconf 90' lang='lat' dir='ltr'>et</span> <span class='ocrx_word' id='word_1_462' title='bbox 874 3680 932 3734; x_wconf 93' lang='lat' dir='ltr'>in</span> <span class='ocrx_word' id='word_1_463' title='bbox 964 3679 1233 3734; x_wconf 88' lang='lat' dir='ltr'>diaconia</span> <span class='ocrx_word' id='word_1_464' title='bbox 1264 3677 1416 3732; x_wconf 90' lang='lat' dir='ltr'>beati</span> <span class='ocrx_word' id='word_1_465' title='bbox 1448 3677 1663 3733; x_wconf 89' lang='lat' dir='ltr'>Christi</span> <span class='ocrx_word' id='word_1_466' title='bbox 1697 3678 1969 3750; x_wconf 79' lang='lat' dir='ltr'>martyris</span> <span class='ocrx_word' id='word_1_467' title='bbox 2001 3679 2228 3751; x_wconf 89' lang='lat' dir='ltr'>Georgii</span> <span class='ocrx_word' id='word_1_468' title='bbox 2263 3680 2398 3734; x_wconf 88' lang='lat' dir='ltr'>fecit</span> <span class='ocrx_word' id='word_1_469' title='bbox 2419 3697 2694 3735; x_wconf 89' lang='lat' dir='ltr'>coronam</span> <span class='ocrx_word' id='word_1_470' title='bbox 2719 3680 2789 3736; x_wconf 92' lang='lat' dir='ltr'>de</span> <span class='ocrx_word' id='word_1_471' title='bbox 2811 3685 3052 3753; x_wconf 89' lang='lat' dir='ltr'>argento</span> <span class='ocrx_word' id='word_1_472' title='bbox 3071 3695 3414 3746; x_wconf 90' lang='lat' dir='ltr'>unam,cum</span> <span class='ocrx_word' id='word_1_473' title='bbox 3438 3675 3733 3749; x_wconf 90' lang='lat' dir='ltr'>delphinis</span> 
     </span>
    </p>
   </div>
   <div class='ocr_carea' id='block_1_37' title="bbox 448 3774 3731 3850">
    <p class='ocr_par' dir='ltr' id='par_1_37' title="bbox 448 3774 3731 3850">
     <span class='ocr_line' id='line_1_37' title="bbox 448 3774 3731 3850; baseline -0.002 -15"><span class='ocrx_word' id='word_1_474' title='bbox 448 3782 778 3846; x_wconf 87' lang='lat' dir='ltr'>duodecim,</span> <span class='ocrx_word' id='word_1_475' title='bbox 815 3795 1056 3850; x_wconf 90' lang='lat' dir='ltr'>pensan.</span> <span class='ocrx_word' id='word_1_476' title='bbox 1092 3777 1273 3832; x_wconf 90' lang='lat' dir='ltr'>libras</span> <span class='ocrx_word' id='word_1_477' title='bbox 1304 3794 1423 3831; x_wconf 78' lang='lat' dir='ltr'>sex.</span> <span class='ocrx_word' id='word_1_478' title='bbox 1458 3775 1584 3848; x_wconf 80' lang='lat' dir='ltr'>lpse</span> <span class='ocrx_word' id='word_1_479' title='bbox 1615 3793 1746 3831; x_wconf 91' lang='lat' dir='ltr'>vero</span> <span class='ocrx_word' id='word_1_480' title='bbox 1780 3794 1813 3831; x_wconf 89' lang='lat' dir='ltr'>a</span> <span class='ocrx_word' id='word_1_481' title='bbox 1846 3781 1954 3831; x_wconf 87' lang='lat' dir='ltr'>Deo</span> <span class='ocrx_word' id='word_1_482' title='bbox 1982 3782 2280 3848; x_wconf 88' lang='lat' dir='ltr'>protectus</span> <span class='ocrx_word' id='word_1_483' title='bbox 2311 3782 2366 3832; x_wconf 92' lang='lat' dir='ltr'>et</span> <span class='ocrx_word' id='word_1_484' title='bbox 2396 3777 2710 3849; x_wconf 76' lang='lat' dir='ltr'>przeclarus</span> <span class='ocrx_word' id='word_1_485' title='bbox 2741 3779 2999 3850; x_wconf 84' lang='lat' dir='ltr'>pontifex</span> <span class='ocrx_word' id='word_1_486' title='bbox 3031 3777 3164 3833; x_wconf 89' lang='lat' dir='ltr'>fecit</span> <span class='ocrx_word' id='word_1_487' title='bbox 3195 3777 3253 3832; x_wconf 91' lang='lat' dir='ltr'>in</span> <span class='ocrx_word' id='word_1_488' title='bbox 3285 3774 3529 3832; x_wconf 89' lang='lat' dir='ltr'>basilica</span> <span class='ocrx_word' id='word_1_489' title='bbox 3550 3774 3731 3830; x_wconf 74' lang='lat' dir='ltr'>beata:</span> 
     </span>
    </p>
   </div>
   <div class='ocr_carea' id='block_1_38' title="bbox 449 3873 3734 3947">
    <p class='ocr_par' dir='ltr' id='par_1_38' title="bbox 449 3873 3734 3947">
     <span class='ocr_line' id='line_1_38' title="bbox 449 3873 3734 3947; baseline -0.002 -14"><span class='ocrx_word' id='word_1_490' title='bbox 449 3879 548 3933; x_wconf 91' lang='lat' dir='ltr'>Dei</span> <span class='ocrx_word' id='word_1_491' title='bbox 583 3876 893 3933; x_wconf 82' lang='lat' dir='ltr'>Genitricis</span> <span class='ocrx_word' id='word_1_492' title='bbox 923 3892 1270 3946; x_wconf 87' lang='lat' dir='ltr'>semperque</span> <span class='ocrx_word' id='word_1_493' title='bbox 1292 3873 1549 3944; x_wconf 85' lang='lat' dir='ltr'>Virginis</span> <span class='ocrx_word' id='word_1_494' title='bbox 1584 3873 1776 3929; x_wconf 70' lang='lat' dir='ltr'>Maria:</span> <span class='ocrx_word' id='word_1_495' title='bbox 1808 3873 2057 3930; x_wconf 65' lang='lat' dir='ltr'>domina</span> <span class='ocrx_word' id='word_1_496' title='bbox 2085 3881 2317 3942; x_wconf 75' lang='lat' dir='ltr'>nostrae,</span> <span class='ocrx_word' id='word_1_497' title='bbox 2353 3893 2530 3947; x_wconf 88' lang='lat' dir='ltr'>quam</span> <span class='ocrx_word' id='word_1_498' title='bbox 2563 3876 2818 3931; x_wconf 90' lang='lat' dir='ltr'>dicimus</span> <span class='ocrx_word' id='word_1_499' title='bbox 2847 3875 3054 3931; x_wconf 83' lang='lat' dir='ltr'>Calixti</span> <span class='ocrx_word' id='word_1_500' title='bbox 3085 3881 3142 3932; x_wconf 90' lang='lat' dir='ltr'>et</span> <span class='ocrx_word' id='word_1_501' title='bbox 3171 3873 3444 3942; x_wconf 88' lang='lat' dir='ltr'>Cornelii,</span> <span class='ocrx_word' id='word_1_502' title='bbox 3476 3873 3734 3929; x_wconf 80' lang='lat' dir='ltr'>canistra</span> 
     </span>
    </p>
   </div>
   <div class='ocr_carea' id='block_1_39' title="bbox 341 3971 3730 4047">
    <p class='ocr_par' dir='ltr' id='par_1_39' title="bbox 341 3971 3730 4047">
     <span class='ocr_line' id='line_1_39' title="bbox 341 3971 3730 4047; baseline -0.003 -13"><span class='ocrx_word' id='word_1_503' title='bbox 341 3979 410 4034; x_wconf 69' lang='lat'>40</span> <span class='ocrx_word' id='word_1_504' title='bbox 449 3981 724 4047; x_wconf 88' lang='lat' dir='ltr'>argentea</span> <span class='ocrx_word' id='word_1_505' title='bbox 755 3971 1266 4046; x_wconf 86' lang='lat' dir='ltr'>quatuor,legente</span> <span class='ocrx_word' id='word_1_506' title='bbox 1299 3977 1500 4027; x_wconf 90' lang='lat' dir='ltr'>sancta</span> <span class='ocrx_word' id='word_1_507' title='bbox 1533 3971 1630 4027; x_wconf 90' lang='lat' dir='ltr'>Dei</span> <span class='ocrx_word' id='word_1_508' title='bbox 1649 3971 2236 4045; x_wconf 77' lang='lat' dir='ltr'>Genitrice,Gregorii</span> <span class='ocrx_word' id='word_1_509' title='bbox 2270 3973 2459 4044; x_wconf 91' lang='lat' dir='ltr'>qnarti</span> <span class='ocrx_word' id='word_1_510' title='bbox 2493 3972 3131 4046; x_wconf 75' lang='lat' dir='ltr'>papzn,pensan.libras</span> <span class='ocrx_word' id='word_1_511' title='bbox 3152 3971 3356 4043; x_wconf 89' lang='lat' dir='ltr'>viginti</span> <span class='ocrx_word' id='word_1_512' title='bbox 3379 3975 3434 4027; x_wconf 90' lang='lat' dir='ltr'>et</span> <span class='ocrx_word' id='word_1_513' title='bbox 3457 3975 3730 4044; x_wconf 88' lang='lat' dir='ltr'>quatuor.</span> 
     </span>
    </p>
   </div>
   <div class='ocr_carea' id='block_1_40' title="bbox 448 4068 3732 4144">
    <p class='ocr_par' dir='ltr' id='par_1_40' title="bbox 448 4068 3732 4144">
     <span class='ocr_line' id='line_1_40' title="bbox 448 4068 3732 4144; baseline -0.001 -16"><span class='ocrx_word' id='word_1_514' title='bbox 448 4075 518 4129; x_wconf 84' lang='lat' dir='ltr'>Et</span> <span class='ocrx_word' id='word_1_515' title='bbox 549 4073 606 4128; x_wconf 93' lang='lat' dir='ltr'>in</span> <span class='ocrx_word' id='word_1_516' title='bbox 640 4071 807 4128; x_wconf 90' lang='lat' dir='ltr'>altari</span> <span class='ocrx_word' id='word_1_517' title='bbox 841 4088 1071 4144; x_wconf 91' lang='lat' dir='ltr'>quoque</span> <span class='ocrx_word' id='word_1_518' title='bbox 1099 4071 1364 4143; x_wconf 83' lang='lat' dir='ltr'>ejusdem</span> <span class='ocrx_word' id='word_1_519' title='bbox 1395 4068 1624 4124; x_wconf 90' lang='lat' dir='ltr'>tabulas</span> <span class='ocrx_word' id='word_1_520' title='bbox 1644 4071 1714 4125; x_wconf 93' lang='lat' dir='ltr'>de</span> <span class='ocrx_word' id='word_1_521' title='bbox 1743 4074 2005 4141; x_wconf 90' lang='lat' dir='ltr'>argento,</span> <span class='ocrx_word' id='word_1_522' title='bbox 2037 4087 2278 4141; x_wconf 85' lang='lat' dir='ltr'>pensan.</span> <span class='ocrx_word' id='word_1_523' title='bbox 2301 4070 2483 4126; x_wconf 88' lang='lat' dir='ltr'>libras</span> <span class='ocrx_word' id='word_1_524' title='bbox 2505 4075 2741 4127; x_wconf 91' lang='lat' dir='ltr'>centum</span> <span class='ocrx_word' id='word_1_525' title='bbox 2773 4077 2830 4127; x_wconf 93' lang='lat' dir='ltr'>et</span> <span class='ocrx_word' id='word_1_526' title='bbox 2861 4071 3161 4127; x_wconf 89' lang='lat' dir='ltr'>tredecim.</span> <span class='ocrx_word' id='word_1_527' title='bbox 3193 4070 3351 4126; x_wconf 87' lang='lat' dir='ltr'>Fecit</span> <span class='ocrx_word' id='word_1_528' title='bbox 3382 4069 3536 4124; x_wconf 89' lang='lat' dir='ltr'>idem</span> <span class='ocrx_word' id='word_1_529' title='bbox 3556 4085 3732 4124; x_wconf 87' lang='lat' dir='ltr'>vene-</span> 
     </span>
    </p>
   </div>
   <div class='ocr_carea' id='block_1_41' title="bbox 448 4167 3732 4244">
    <p class='ocr_par' dir='ltr' id='par_1_41' title="bbox 448 4167 3732 4244">
     <span class='ocr_line' id='line_1_41' title="bbox 448 4167 3732 4244; baseline -0.002 -17"><span class='ocrx_word' id='word_1_530' title='bbox 448 4171 651 4227; x_wconf 89' lang='lat' dir='ltr'>rabilis</span> <span class='ocrx_word' id='word_1_531' title='bbox 682 4187 833 4244; x_wconf 90' lang='lat' dir='ltr'>papa</span> <span class='ocrx_word' id='word_1_532' title='bbox 865 4171 921 4225; x_wconf 90' lang='lat' dir='ltr'>in</span> <span class='ocrx_word' id='word_1_533' title='bbox 954 4170 1158 4225; x_wconf 88' lang='lat' dir='ltr'>eodem</span> <span class='ocrx_word' id='word_1_534' title='bbox 1189 4173 1390 4224; x_wconf 89' lang='lat' dir='ltr'>sancto</span> <span class='ocrx_word' id='word_1_535' title='bbox 1421 4167 1546 4223; x_wconf 93' lang='lat' dir='ltr'>loco</span> <span class='ocrx_word' id='word_1_536' title='bbox 1581 4167 1733 4223; x_wconf 88' lang='lat' dir='ltr'>infra</span> <span class='ocrx_word' id='word_1_537' title='bbox 1765 4168 2054 4223; x_wconf 88' lang='lat' dir='ltr'>ambitum</span> <span class='ocrx_word' id='word_1_538' title='bbox 2078 4168 2264 4241; x_wconf 85' lang='lat' dir='ltr'>ipsius</span> <span class='ocrx_word' id='word_1_539' title='bbox 2305 4169 2561 4225; x_wconf 65' lang='lat' dir='ltr'>ecclesias</span> <span class='ocrx_word' id='word_1_540' title='bbox 2599 4187 2905 4242; x_wconf 88' lang='lat' dir='ltr'>operosam</span> <span class='ocrx_word' id='word_1_541' title='bbox 2936 4171 3325 4240; x_wconf 89' lang='lat' dir='ltr'>decoramque</span> <span class='ocrx_word' id='word_1_542' title='bbox 3354 4169 3732 4223; x_wconf 86' lang='lat' dir='ltr'>resurrectio-</span> 
     </span>
    </p>
   </div>
   <div class='ocr_carea' id='block_1_42' title="bbox 448 4265 3732 4342">
    <p class='ocr_par' dir='ltr' id='par_1_42' title="bbox 448 4265 3732 4342">
     <span class='ocr_line' id='line_1_42' title="bbox 448 4265 3732 4342; baseline -0.002 -16"><span class='ocrx_word' id='word_1_543' title='bbox 448 4287 604 4326; x_wconf 90' lang='lat' dir='ltr'>nem.</span> <span class='ocrx_word' id='word_1_544' title='bbox 631 4269 775 4325; x_wconf 87' lang='lat' dir='ltr'>Nam</span> <span class='ocrx_word' id='word_1_545' title='bbox 809 4268 972 4342; x_wconf 91' lang='lat' dir='ltr'>prins</span> <span class='ocrx_word' id='word_1_546' title='bbox 1005 4267 1184 4323; x_wconf 89' lang='lat' dir='ltr'>altare</span> <span class='ocrx_word' id='word_1_547' title='bbox 1219 4266 1276 4321; x_wconf 93' lang='lat' dir='ltr'>in</span> <span class='ocrx_word' id='word_1_548' title='bbox 1311 4265 1524 4321; x_wconf 86' lang='lat' dir='ltr'>humili</span> <span class='ocrx_word' id='word_1_549' title='bbox 1557 4265 1683 4322; x_wconf 91' lang='lat' dir='ltr'>loco</span> <span class='ocrx_word' id='word_1_550' title='bbox 1717 4266 1896 4322; x_wconf 91' lang='lat' dir='ltr'>situm</span> <span class='ocrx_word' id='word_1_551' title='bbox 1930 4267 2118 4322; x_wconf 90' lang='lat' dir='ltr'>fuerat</span> <span class='ocrx_word' id='word_1_552' title='bbox 2148 4284 2295 4340; x_wconf 89' lang='lat' dir='ltr'>pene</span> <span class='ocrx_word' id='word_1_553' title='bbox 2325 4266 2385 4322; x_wconf 92' lang='lat' dir='ltr'>in</span> <span class='ocrx_word' id='word_1_554' title='bbox 2419 4268 2614 4324; x_wconf 88' lang='lat' dir='ltr'>media</span> <span class='ocrx_word' id='word_1_555' title='bbox 2643 4267 3119 4335; x_wconf 88' lang='lat' dir='ltr'>testudine,circa</span> <span class='ocrx_word' id='word_1_556' title='bbox 3139 4267 3295 4338; x_wconf 90' lang='lat' dir='ltr'>quod</span> <span class='ocrx_word' id='word_1_557' title='bbox 3331 4265 3495 4339; x_wconf 87' lang='lat' dir='ltr'>plebs</span> <span class='ocrx_word' id='word_1_558' title='bbox 3512 4265 3732 4321; x_wconf 88' lang='lat' dir='ltr'>utrius-</span> 
     </span>
    </p>
   </div>
   <div class='ocr_carea' id='block_1_43' title="bbox 454 4363 3444 4441">
    <p class='ocr_par' dir='ltr' id='par_1_43' title="bbox 454 4363 3444 4441">
     <span class='ocr_line' id='line_1_43' title="bbox 454 4363 3444 4441; baseline -0.002 -18"><span class='ocrx_word' id='word_1_559' title='bbox 454 4385 566 4441; x_wconf 91' lang='lat' dir='ltr'>que</span> <span class='ocrx_word' id='word_1_560' title='bbox 601 4384 774 4423; x_wconf 85' lang='lat' dir='ltr'>sexus</span> <span class='ocrx_word' id='word_1_561' title='bbox 805 4366 1176 4436; x_wconf 90' lang='lat' dir='ltr'>conveniens,</span> <span class='ocrx_word' id='word_1_562' title='bbox 1211 4364 1467 4438; x_wconf 86' lang='lat' dir='ltr'>pontifex</span> <span class='ocrx_word' id='word_1_563' title='bbox 1498 4381 1630 4419; x_wconf 89' lang='lat' dir='ltr'>cum</span> <span class='ocrx_word' id='word_1_564' title='bbox 1663 4364 1815 4421; x_wconf 90' lang='lat' dir='ltr'>clero</span> <span class='ocrx_word' id='word_1_565' title='bbox 1847 4365 2000 4437; x_wconf 92' lang='lat' dir='ltr'>plebi</span> <span class='ocrx_word' id='word_1_566' title='bbox 2029 4367 2270 4422; x_wconf 85' lang='lat' dir='ltr'>confuse</span> <span class='ocrx_word' id='word_1_567' title='bbox 2301 4365 2564 4422; x_wconf 92' lang='lat' dir='ltr'>immisto</span> <span class='ocrx_word' id='word_1_568' title='bbox 2595 4383 2762 4422; x_wconf 91' lang='lat' dir='ltr'>sacra</span> <span class='ocrx_word' id='word_1_569' title='bbox 2789 4365 3070 4438; x_wconf 90' lang='lat' dir='ltr'>mysteria</span> <span class='ocrx_word' id='word_1_570' title='bbox 3096 4363 3444 4421; x_wconf 88' lang='lat' dir='ltr'>celebrabat.</span> 
     </span>
    </p>
   </div>
   <div class='ocr_carea' id='block_1_44' title="bbox 519 4461 3731 4536">
    <p class='ocr_par' dir='ltr' id='par_1_44' title="bbox 519 4461 3731 4536">
     <span class='ocr_line' id='line_1_44' title="bbox 519 4461 3731 4536; baseline -0.002 -14"><span class='ocrx_word' id='word_1_571' title='bbox 519 4469 673 4522; x_wconf 71' lang='grc'>474</span> <span class='ocrx_word' id='word_1_572' title='bbox 703 4465 812 4521; x_wconf 86' lang='lat' dir='ltr'>Sed</span> <span class='ocrx_word' id='word_1_573' title='bbox 846 4470 902 4519; x_wconf 92' lang='lat' dir='ltr'>et</span> <span class='ocrx_word' id='word_1_574' title='bbox 931 4469 1136 4520; x_wconf 81' lang='lat' dir='ltr'>sancta</span> <span class='ocrx_word' id='word_1_575' title='bbox 1167 4480 1409 4535; x_wconf 90' lang='lat' dir='ltr'>corpora</span> <span class='ocrx_word' id='word_1_576' title='bbox 1442 4464 1749 4519; x_wconf 90' lang='lat' dir='ltr'>beatorum</span> <span class='ocrx_word' id='word_1_577' title='bbox 1780 4463 1986 4518; x_wconf 82' lang='lat' dir='ltr'>Calixti</span> <span class='ocrx_word' id='word_1_578' title='bbox 2016 4469 2073 4518; x_wconf 91' lang='lat' dir='ltr'>et</span> <span class='ocrx_word' id='word_1_579' title='bbox 2101 4463 2351 4520; x_wconf 91' lang='lat' dir='ltr'>Cornelii</span> <span class='ocrx_word' id='word_1_580' title='bbox 2404 4468 2463 4520; x_wconf 89' lang='lat' dir='ltr'>et</span> <span class='ocrx_word' id='word_1_581' title='bbox 2506 4462 2800 4536; x_wconf 88' lang='lat' dir='ltr'>Calepodii</span> <span class='ocrx_word' id='word_1_582' title='bbox 2846 4463 2907 4519; x_wconf 92' lang='lat' dir='ltr'>in</span> <span class='ocrx_word' id='word_1_583' title='bbox 2954 4463 3226 4519; x_wconf 89' lang='lat' dir='ltr'>mediana</span> <span class='ocrx_word' id='word_1_584' title='bbox 3275 4461 3448 4536; x_wconf 87' lang='lat' dir='ltr'>plaga</span> <span class='ocrx_word' id='word_1_585' title='bbox 3475 4461 3731 4518; x_wconf 67' lang='lat' dir='ltr'>ecclesiae</span> 
     </span>
    </p>
   </div>
   <div class='ocr_carea' id='block_1_45' title="bbox 447 4559 3733 4636">
    <p class='ocr_par' dir='ltr' id='par_1_45' title="bbox 447 4559 3733 4636">
     <span class='ocr_line' id='line_1_45' title="bbox 447 4559 3733 4636; baseline -0.001 -18"><span class='ocrx_word' id='word_1_586' title='bbox 447 4563 732 4619; x_wconf 90' lang='lat' dir='ltr'>tumulata</span> <span class='ocrx_word' id='word_1_587' title='bbox 769 4567 900 4636; x_wconf 92' lang='lat' dir='ltr'>post</span> <span class='ocrx_word' id='word_1_588' title='bbox 929 4569 1158 4635; x_wconf 87' lang='lat' dir='ltr'>tergum</span> <span class='ocrx_word' id='word_1_589' title='bbox 1196 4560 1394 4634; x_wconf 89' lang='lat' dir='ltr'>populi</span> <span class='ocrx_word' id='word_1_590' title='bbox 1405 4562 1664 4632; x_wconf 89' lang='lat' dir='ltr'>jacentia</span> <span class='ocrx_word' id='word_1_591' title='bbox 1686 4579 1802 4620; x_wconf 79' lang='lat' dir='ltr'>non</span> <span class='ocrx_word' id='word_1_592' title='bbox 1827 4561 2114 4636; x_wconf 89' lang='lat' dir='ltr'>condigne</span> <span class='ocrx_word' id='word_1_593' title='bbox 2137 4561 2698 4618; x_wconf 80' lang='lat' dir='ltr'>honorificabantur.</span> <span class='ocrx_word' id='word_1_594' title='bbox 2715 4561 2877 4629; x_wconf 88' lang='lat' dir='ltr'>Quod</span> <span class='ocrx_word' id='word_1_595' title='bbox 2902 4560 3383 4634; x_wconf 80' lang='lat' dir='ltr'>religiosissimus</span> <span class='ocrx_word' id='word_1_596' title='bbox 3404 4559 3560 4615; x_wconf 90' lang='lat' dir='ltr'>idem</span> <span class='ocrx_word' id='word_1_597' title='bbox 3584 4577 3733 4633; x_wconf 89' lang='lat' dir='ltr'>papa</span> 
     </span>
    </p>
   </div>
   <div class='ocr_carea' id='block_1_46' title="bbox 447 4658 3733 4732">
    <p class='ocr_par' dir='ltr' id='par_1_46' title="bbox 447 4658 3733 4732">
     <span class='ocr_line' id='line_1_46' title="bbox 447 4658 3733 4732; baseline -0.001 -16"><span class='ocrx_word' id='word_1_598' title='bbox 447 4679 563 4716; x_wconf 91' lang='lat' dir='ltr'>non</span> <span class='ocrx_word' id='word_1_599' title='bbox 597 4660 717 4716; x_wconf 88' lang='lat' dir='ltr'>leve</span> <span class='ocrx_word' id='word_1_600' title='bbox 748 4659 904 4726; x_wconf 91' lang='lat' dir='ltr'>tulit,</span> <span class='ocrx_word' id='word_1_601' title='bbox 933 4661 1034 4716; x_wconf 87' lang='lat' dir='ltr'>sed</span> <span class='ocrx_word' id='word_1_602' title='bbox 1069 4659 1268 4715; x_wconf 90' lang='lat' dir='ltr'>solerti</span> <span class='ocrx_word' id='word_1_603' title='bbox 1307 4659 1598 4731; x_wconf 90' lang='lat' dir='ltr'>solitoque</span> <span class='ocrx_word' id='word_1_604' title='bbox 1627 4659 1821 4715; x_wconf 89' lang='lat' dir='ltr'>studio</span> <span class='ocrx_word' id='word_1_605' title='bbox 1853 4677 1989 4715; x_wconf 93' lang='lat' dir='ltr'>cum</span> <span class='ocrx_word' id='word_1_606' title='bbox 2023 4659 2230 4716; x_wconf 91' lang='lat' dir='ltr'>intima</span> <span class='ocrx_word' id='word_1_607' title='bbox 2257 4659 2549 4715; x_wconf 88' lang='lat' dir='ltr'>industria</span> <span class='ocrx_word' id='word_1_608' title='bbox 2590 4676 2828 4732; x_wconf 87' lang='lat' dir='ltr'>operam</span> <span class='ocrx_word' id='word_1_609' title='bbox 2881 4659 3188 4727; x_wconf 90' lang='lat' dir='ltr'>adhibens,</span> <span class='ocrx_word' id='word_1_610' title='bbox 3222 4658 3539 4713; x_wconf 80' lang='lat' dir='ltr'>mirificum</span> <span class='ocrx_word' id='word_1_611' title='bbox 3585 4675 3733 4731; x_wconf 91' lang='lat' dir='ltr'>opus</span> 
     </span>
    </p>
   </div>
   <div class='ocr_carea' id='block_1_47' title="bbox 445 4757 3734 4831">
    <p class='ocr_par' dir='ltr' id='par_1_47' title="bbox 445 4757 3734 4831">
     <span class='ocr_line' id='line_1_47' title="bbox 445 4757 3734 4831; baseline -0 -17"><span class='ocrx_word' id='word_1_612' title='bbox 445 4759 730 4815; x_wconf 90' lang='lat' dir='ltr'>inchoans</span> <span class='ocrx_word' id='word_1_613' title='bbox 763 4759 982 4831; x_wconf 85' lang='lat' dir='ltr'>Optime</span> <span class='ocrx_word' id='word_1_614' title='bbox 1015 4757 1628 4814; x_wconf 91' lang='lat' dir='ltr'>consummavit.Nam</span> <span class='ocrx_word' id='word_1_615' title='bbox 1650 4759 1859 4814; x_wconf 75' lang='lat' dir='ltr'>effosso</span> <span class='ocrx_word' id='word_1_616' title='bbox 1891 4758 2257 4814; x_wconf 88' lang='lat' dir='ltr'>clandestino</span> <span class='ocrx_word' id='word_1_617' title='bbox 2289 4763 2457 4814; x_wconf 90' lang='lat' dir='ltr'>antro</span> <span class='ocrx_word' id='word_1_618' title='bbox 2489 4774 2726 4813; x_wconf 87' lang='lat' dir='ltr'>summa</span> <span class='ocrx_word' id='word_1_619' title='bbox 2756 4773 2890 4813; x_wconf 91' lang='lat' dir='ltr'>cum</span> <span class='ocrx_word' id='word_1_620' title='bbox 2924 4757 3508 4829; x_wconf 73' lang='lat' dir='ltr'>reverentia,praefata</span> <span class='ocrx_word' id='word_1_621' title='bbox 3529 4763 3734 4813; x_wconf 89' lang='lat' dir='ltr'>sancta</span> 
     </span>
    </p>
   </div>
   <div class='ocr_carea' id='block_1_48' title="bbox 373 4853 3735 4930">
    <p class='ocr_par' dir='ltr' id='par_1_48' title="bbox 373 4853 3735 4930">
     <span class='ocr_line' id='line_1_48' title="bbox 373 4853 3735 4930; baseline -0.001 -16"><span class='ocrx_word' id='word_1_622' title='bbox 373 4858 409 4914; x_wconf 88' lang='lat'>5</span> <span class='ocrx_word' id='word_1_623' title='bbox 447 4875 690 4930; x_wconf 86' lang='lat' dir='ltr'>corpora</span> <span class='ocrx_word' id='word_1_624' title='bbox 711 4858 942 4914; x_wconf 90' lang='lat' dir='ltr'>elevans</span> <span class='ocrx_word' id='word_1_625' title='bbox 973 4856 1032 4912; x_wconf 91' lang='lat' dir='ltr'>in</span> <span class='ocrx_word' id='word_1_626' title='bbox 1063 4855 1407 4912; x_wconf 89' lang='lat' dir='ltr'>occidentali</span> <span class='ocrx_word' id='word_1_627' title='bbox 1439 4855 1609 4928; x_wconf 89' lang='lat' dir='ltr'>plaga</span> <span class='ocrx_word' id='word_1_628' title='bbox 1638 4857 1903 4928; x_wconf 84' lang='lat' dir='ltr'>ejusdem</span> <span class='ocrx_word' id='word_1_629' title='bbox 1929 4856 2323 4925; x_wconf 72' lang='lat' dir='ltr'>ecclesiae,boc</span> <span class='ocrx_word' id='word_1_630' title='bbox 2356 4857 2528 4912; x_wconf 89' lang='lat' dir='ltr'>estin</span> <span class='ocrx_word' id='word_1_631' title='bbox 2559 4856 2784 4912; x_wconf 90' lang='lat' dir='ltr'>ambitu</span> <span class='ocrx_word' id='word_1_632' title='bbox 2817 4854 3380 4922; x_wconf 70' lang='lat' dir='ltr'>absidaz,honorifice</span> <span class='ocrx_word' id='word_1_633' title='bbox 3396 4853 3735 4911; x_wconf 90' lang='lat' dir='ltr'>collocando</span> 
     </span>
    </p>
   </div>
   <div class='ocr_carea' id='block_1_49' title="bbox 447 4952 3736 5027">
    <p class='ocr_par' dir='ltr' id='par_1_49' title="bbox 447 4952 3736 5027">
     <span class='ocr_line' id='line_1_49' title="bbox 447 4952 3736 5027; baseline -0.002 -15"><span class='ocrx_word' id='word_1_634' title='bbox 447 4955 721 5024; x_wconf 91' lang='lat' dir='ltr'>occuluit,</span> <span class='ocrx_word' id='word_1_635' title='bbox 747 4956 902 5010; x_wconf 89' lang='lat' dir='ltr'>circa</span> <span class='ocrx_word' id='word_1_636' title='bbox 932 4972 1177 5026; x_wconf 77' lang='lat' dir='ltr'>quaeque</span> <span class='ocrx_word' id='word_1_637' title='bbox 1211 4954 1478 5008; x_wconf 67' lang='lat' dir='ltr'>maximae</span> <span class='ocrx_word' id='word_1_638' title='bbox 1511 4954 1682 5010; x_wconf 91' lang='lat' dir='ltr'>molis</span> <span class='ocrx_word' id='word_1_639' title='bbox 1715 4958 2666 5027; x_wconf 87' lang='lat' dir='ltr'>aggravansaggerem,comptum</span> <span class='ocrx_word' id='word_1_640' title='bbox 2701 4952 2990 5008; x_wconf 89' lang='lat' dir='ltr'>ministris</span> <span class='ocrx_word' id='word_1_641' title='bbox 3019 4952 3317 5024; x_wconf 83' lang='lat' dir='ltr'>lapidibus</span> <span class='ocrx_word' id='word_1_642' title='bbox 3347 4952 3604 5008; x_wconf 89' lang='lat' dir='ltr'>tribunal</span> <span class='ocrx_word' id='word_1_643' title='bbox 3630 4953 3736 5008; x_wconf 90' lang='lat' dir='ltr'>eri-</span> 
     </span>
    </p>
   </div>
   <div class='ocr_carea' id='block_1_50' title="bbox 446 5050 3730 5127">
    <p class='ocr_par' dir='ltr' id='par_1_50' title="bbox 446 5050 3730 5127">
     <span class='ocr_line' id='line_1_50' title="bbox 446 5050 3730 5127; baseline -0.002 -17"><span class='ocrx_word' id='word_1_644' title='bbox 446 5072 590 5127; x_wconf 89' lang='lat' dir='ltr'>gens</span> <span class='ocrx_word' id='word_1_645' title='bbox 620 5054 1234 5126; x_wconf 88' lang='lat' dir='ltr'>decoravit,supraque</span> <span class='ocrx_word' id='word_1_646' title='bbox 1266 5053 1690 5109; x_wconf 89' lang='lat' dir='ltr'>confessionem</span> <span class='ocrx_word' id='word_1_647' title='bbox 1724 5053 2132 5125; x_wconf 86' lang='lat' dir='ltr'>respicientem</span> <span class='ocrx_word' id='word_1_648' title='bbox 2165 5054 2238 5109; x_wconf 92' lang='lat' dir='ltr'>ad</span> <span class='ocrx_word' id='word_1_649' title='bbox 2268 5059 2461 5109; x_wconf 89' lang='lat' dir='ltr'>ortum</span> <span class='ocrx_word' id='word_1_650' title='bbox 2487 5053 2628 5108; x_wconf 91' lang='lat' dir='ltr'>solis</span> <span class='ocrx_word' id='word_1_651' title='bbox 2651 5052 2780 5108; x_wconf 90' lang='lat' dir='ltr'>miri</span> <span class='ocrx_word' id='word_1_652' title='bbox 2801 5051 2998 5107; x_wconf 91' lang='lat' dir='ltr'>odoris</span> <span class='ocrx_word' id='word_1_653' title='bbox 3020 5050 3326 5106; x_wconf 72' lang='lat' dir='ltr'>cazlaturas</span> <span class='ocrx_word' id='word_1_654' title='bbox 3349 5053 3555 5106; x_wconf 90' lang='lat' dir='ltr'>ornata</span> <span class='ocrx_word' id='word_1_655' title='bbox 3575 5067 3730 5106; x_wconf 88' lang='lat' dir='ltr'>com-</span> 
     </span>
    </p>
   </div>
   <div class='ocr_carea' id='block_1_51' title="bbox 446 5149 3734 5227">
    <p class='ocr_par' dir='ltr' id='par_1_51' title="bbox 446 5149 3734 5227">
     <span class='ocr_line' id='line_1_51' title="bbox 446 5149 3734 5227; baseline -0.001 -17"><span class='ocrx_word' id='word_1_656' title='bbox 446 5153 657 5227; x_wconf 87' lang='lat' dir='ltr'>pagine</span> <span class='ocrx_word' id='word_1_657' title='bbox 689 5153 1169 5225; x_wconf 90' lang='lat' dir='ltr'>coaptavit.lnfra</span> <span class='ocrx_word' id='word_1_658' title='bbox 1200 5157 1648 5225; x_wconf 87' lang='lat' dir='ltr'>consurgentem</span> <span class='ocrx_word' id='word_1_659' title='bbox 1681 5153 1973 5225; x_wconf 90' lang='lat' dir='ltr'>siquidem</span> <span class='ocrx_word' id='word_1_660' title='bbox 2006 5153 2174 5209; x_wconf 90' lang='lat' dir='ltr'>basin</span> <span class='ocrx_word' id='word_1_661' title='bbox 2207 5151 2571 5220; x_wconf 86' lang='lat' dir='ltr'>altaris,miri</span> <span class='ocrx_word' id='word_1_662' title='bbox 2597 5151 2860 5220; x_wconf 90' lang='lat' dir='ltr'>metri,et</span> <span class='ocrx_word' id='word_1_663' title='bbox 2876 5156 3118 5207; x_wconf 89' lang='lat' dir='ltr'>ornatus</span> <span class='ocrx_word' id='word_1_664' title='bbox 3143 5149 3379 5207; x_wconf 89' lang='lat' dir='ltr'>modulo</span> <span class='ocrx_word' id='word_1_665' title='bbox 3401 5166 3469 5206; x_wconf 84' lang='lat' dir='ltr'>ex</span> <span class='ocrx_word' id='word_1_666' title='bbox 3494 5154 3734 5221; x_wconf 88' lang='lat' dir='ltr'>argento</span> 
     </span>
    </p>
   </div>
   <div class='ocr_carea' id='block_1_52' title="bbox 446 5247 3736 5324">
    <p class='ocr_par' dir='ltr' id='par_1_52' title="bbox 446 5247 3736 5324">
     <span class='ocr_line' id='line_1_52' title="bbox 446 5247 3736 5324; baseline -0.002 -18"><span class='ocrx_word' id='word_1_667' title='bbox 446 5251 757 5324; x_wconf 84' lang='lat' dir='ltr'>perspicue</span> <span class='ocrx_word' id='word_1_668' title='bbox 789 5251 846 5306; x_wconf 90' lang='lat' dir='ltr'>in</span> <span class='ocrx_word' id='word_1_669' title='bbox 878 5250 1160 5307; x_wconf 90' lang='lat' dir='ltr'>honorem</span> <span class='ocrx_word' id='word_1_670' title='bbox 1192 5256 1406 5306; x_wconf 73' lang='lat' dir='ltr'>sanctae</span> <span class='ocrx_word' id='word_1_671' title='bbox 1439 5251 1540 5306; x_wconf 91' lang='lat' dir='ltr'>Dei</span> <span class='ocrx_word' id='word_1_672' title='bbox 1573 5251 1885 5308; x_wconf 91' lang='lat' dir='ltr'>Genitricis</span> <span class='ocrx_word' id='word_1_673' title='bbox 1915 5268 2264 5324; x_wconf 89' lang='lat' dir='ltr'>semperque</span> <span class='ocrx_word' id='word_1_674' title='bbox 2283 5250 2542 5324; x_wconf 86' lang='lat' dir='ltr'>Virginis</span> <span class='ocrx_word' id='word_1_675' title='bbox 2575 5251 2790 5317; x_wconf 57' lang='lat' dir='ltr'>Mariae,</span> <span class='ocrx_word' id='word_1_676' title='bbox 2811 5249 2964 5306; x_wconf 89' lang='lat' dir='ltr'>elata</span> <span class='ocrx_word' id='word_1_677' title='bbox 2985 5249 3210 5306; x_wconf 91' lang='lat' dir='ltr'>scilicet</span> <span class='ocrx_word' id='word_1_678' title='bbox 3229 5247 3431 5322; x_wconf 89' lang='lat' dir='ltr'>priori,</span> <span class='ocrx_word' id='word_1_679' title='bbox 3449 5247 3632 5304; x_wconf 87' lang='lat' dir='ltr'>erexit</span> <span class='ocrx_word' id='word_1_680' title='bbox 3653 5247 3736 5302; x_wconf 87' lang='lat' dir='ltr'>in-</span> 
     </span>
    </p>
   </div>
   <div class='ocr_carea' id='block_1_53' title="bbox 339 5345 3734 5422">
    <p class='ocr_par' dir='ltr' id='par_1_53' title="bbox 339 5345 3734 5422">
     <span class='ocr_line' id='line_1_53' title="bbox 339 5345 3734 5422; baseline -0 -19"><span class='ocrx_word' id='word_1_681' title='bbox 339 5348 409 5403; x_wconf 76' lang='grc'>40</span> <span class='ocrx_word' id='word_1_682' title='bbox 448 5353 535 5405; x_wconf 93' lang='lat' dir='ltr'>ter</span> <span class='ocrx_word' id='word_1_683' title='bbox 563 5353 986 5422; x_wconf 90' lang='lat' dir='ltr'>consurgentes</span> <span class='ocrx_word' id='word_1_684' title='bbox 1015 5347 1246 5422; x_wconf 91' lang='lat' dir='ltr'>pulchri</span> <span class='ocrx_word' id='word_1_685' title='bbox 1277 5349 1470 5421; x_wconf 91' lang='lat' dir='ltr'>operis</span> <span class='ocrx_word' id='word_1_686' title='bbox 1502 5349 1720 5422; x_wconf 90' lang='lat' dir='ltr'>gradus</span> <span class='ocrx_word' id='word_1_687' title='bbox 1749 5355 1883 5405; x_wconf 90' lang='lat' dir='ltr'>ante</span> <span class='ocrx_word' id='word_1_688' title='bbox 1922 5366 2102 5421; x_wconf 89' lang='lat' dir='ltr'>quam</span> <span class='ocrx_word' id='word_1_689' title='bbox 2153 5348 2586 5422; x_wconf 89' lang='lat' dir='ltr'>presbyterium</span> <span class='ocrx_word' id='word_1_690' title='bbox 2642 5347 2906 5421; x_wconf 89' lang='lat' dir='ltr'>amplum</span> <span class='ocrx_word' id='word_1_691' title='bbox 2952 5347 3177 5421; x_wconf 89' lang='lat' dir='ltr'>operosi</span> <span class='ocrx_word' id='word_1_692' title='bbox 3230 5345 3422 5419; x_wconf 90' lang='lat' dir='ltr'>operis</span> <span class='ocrx_word' id='word_1_693' title='bbox 3467 5345 3734 5402; x_wconf 84' lang='lat' dir='ltr'>funditus</span> 
     </span>
    </p>
   </div>
   <div class='ocr_carea' id='block_1_54' title="bbox 449 5444 3733 5522">
    <p class='ocr_par' dir='ltr' id='par_1_54' title="bbox 449 5444 3733 5522">
     <span class='ocr_line' id='line_1_54' title="bbox 449 5444 3733 5522; baseline -0 -21"><span class='ocrx_word' id='word_1_694' title='bbox 449 5446 794 5502; x_wconf 87' lang='lat' dir='ltr'>construxit.</span> <span class='ocrx_word' id='word_1_695' title='bbox 829 5446 931 5502; x_wconf 92' lang='lat' dir='ltr'>Cui</span> <span class='ocrx_word' id='word_1_696' title='bbox 963 5464 1031 5502; x_wconf 84' lang='lat' dir='ltr'>ex</span> <span class='ocrx_word' id='word_1_697' title='bbox 1062 5447 1502 5518; x_wconf 88' lang='lat' dir='ltr'>septentrionali</span> <span class='ocrx_word' id='word_1_698' title='bbox 1535 5447 1709 5521; x_wconf 90' lang='lat' dir='ltr'>plaga</span> <span class='ocrx_word' id='word_1_699' title='bbox 1737 5447 2037 5520; x_wconf 89' lang='lat' dir='ltr'>lapidibus</span> <span class='ocrx_word' id='word_1_700' title='bbox 2061 5448 2215 5522; x_wconf 82' lang='lat' dir='ltr'>circa</span> <span class='ocrx_word' id='word_1_701' title='bbox 2244 5452 2476 5520; x_wconf 86' lang='lat' dir='ltr'>septum</span> <span class='ocrx_word' id='word_1_702' title='bbox 2509 5452 2880 5504; x_wconf 88' lang='lat' dir='ltr'>matroneum</span> <span class='ocrx_word' id='word_1_703' title='bbox 2903 5445 3199 5520; x_wconf 89' lang='lat' dir='ltr'>apposuit.</span> <span class='ocrx_word' id='word_1_704' title='bbox 3233 5445 3346 5501; x_wconf 93' lang='lat' dir='ltr'>Sed</span> <span class='ocrx_word' id='word_1_705' title='bbox 3377 5447 3436 5501; x_wconf 88' lang='lat' dir='ltr'>et</span> <span class='ocrx_word' id='word_1_706' title='bbox 3465 5444 3733 5500; x_wconf 87' lang='lat' dir='ltr'>decorem</span> 
     </span>
    </p>
   </div>
   <div class='ocr_carea' id='block_1_55' title="bbox 447 5541 3732 5617">
    <p class='ocr_par' dir='ltr' id='par_1_55' title="bbox 447 5541 3732 5617">
     <span class='ocr_line' id='line_1_55' title="bbox 447 5541 3732 5617; baseline 0.001 -21"><span class='ocrx_word' id='word_1_707' title='bbox 447 5543 614 5598; x_wconf 87' lang='lat' dir='ltr'>altari</span> <span class='ocrx_word' id='word_1_708' title='bbox 650 5545 964 5610; x_wconf 89' lang='lat' dir='ltr'>addens,et</span> <span class='ocrx_word' id='word_1_709' title='bbox 994 5545 1241 5601; x_wconf 90' lang='lat' dir='ltr'>Matrem</span> <span class='ocrx_word' id='word_1_710' title='bbox 1279 5545 1506 5602; x_wconf 91' lang='lat' dir='ltr'>Domini</span> <span class='ocrx_word' id='word_1_711' title='bbox 1535 5545 1760 5603; x_wconf 88' lang='lat' dir='ltr'>meritis</span> <span class='ocrx_word' id='word_1_712' title='bbox 1791 5546 2086 5603; x_wconf 89' lang='lat' dir='ltr'>honorans</span> <span class='ocrx_word' id='word_1_713' title='bbox 2115 5545 2635 5614; x_wconf 88' lang='lat' dir='ltr'>muneribus,fecit</span> <span class='ocrx_word' id='word_1_714' title='bbox 2654 5545 2873 5602; x_wconf 88' lang='lat' dir='ltr'>ibidem</span> <span class='ocrx_word' id='word_1_715' title='bbox 2895 5549 3115 5602; x_wconf 87' lang='lat' dir='ltr'>vestem</span> <span class='ocrx_word' id='word_1_716' title='bbox 3140 5541 3577 5617; x_wconf 85' lang='lat' dir='ltr'>chrysoclavam</span> <span class='ocrx_word' id='word_1_717' title='bbox 3600 5558 3732 5598; x_wconf 88' lang='lat' dir='ltr'>cum</span> 
     </span>
    </p>
   </div>
   <div class='ocr_carea' id='block_1_56' title="bbox 448 5639 3734 5714">
    <p class='ocr_par' dir='ltr' id='par_1_56' title="bbox 448 5639 3734 5714">
     <span class='ocr_line' id='line_1_56' title="bbox 448 5639 3734 5714; baseline 0.001 -21"><span class='ocrx_word' id='word_1_718' title='bbox 448 5639 632 5695; x_wconf 87' lang='lat' dir='ltr'>blatta</span> <span class='ocrx_word' id='word_1_719' title='bbox 663 5643 962 5714; x_wconf 83' lang='lat' dir='ltr'>byzantea,</span> <span class='ocrx_word' id='word_1_720' title='bbox 994 5643 1308 5699; x_wconf 89' lang='lat' dir='ltr'>habentem</span> <span class='ocrx_word' id='word_1_721' title='bbox 1339 5643 1646 5699; x_wconf 91' lang='lat' dir='ltr'>historiam</span> <span class='ocrx_word' id='word_1_722' title='bbox 1679 5643 2003 5700; x_wconf 89' lang='lat' dir='ltr'>nativitatis</span> <span class='ocrx_word' id='word_1_723' title='bbox 2032 5650 2091 5701; x_wconf 88' lang='lat' dir='ltr'>et</span> <span class='ocrx_word' id='word_1_724' title='bbox 2121 5643 2566 5701; x_wconf 89' lang='lat' dir='ltr'>resurrectionis</span> <span class='ocrx_word' id='word_1_725' title='bbox 2597 5643 2828 5700; x_wconf 91' lang='lat' dir='ltr'>Domini</span> <span class='ocrx_word' id='word_1_726' title='bbox 2865 5643 3049 5701; x_wconf 88' lang='lat' dir='ltr'>nostri</span> <span class='ocrx_word' id='word_1_727' title='bbox 3081 5643 3222 5701; x_wconf 89' lang='lat' dir='ltr'>Jesu</span> <span class='ocrx_word' id='word_1_728' title='bbox 3253 5639 3470 5698; x_wconf 89' lang='lat' dir='ltr'>Christi</span> <span class='ocrx_word' id='word_1_729' title='bbox 3505 5655 3520 5697; x_wconf 90' lang='lat'><strong>:</strong></span> <span class='ocrx_word' id='word_1_730' title='bbox 3555 5645 3615 5698; x_wconf 87' lang='lat' dir='ltr'>et</span> <span class='ocrx_word' id='word_1_731' title='bbox 3646 5640 3734 5696; x_wconf 85' lang='lat' dir='ltr'>in-</span> 
     </span>
    </p>
   </div>
   <div class='ocr_carea' id='block_1_57' title="bbox 449 5737 3738 5815">
    <p class='ocr_par' dir='ltr' id='par_1_57' title="bbox 449 5737 3738 5815">
     <span class='ocr_line' id='line_1_57' title="bbox 449 5737 3738 5815; baseline 0.002 -25"><span class='ocrx_word' id='word_1_732' title='bbox 449 5752 627 5807; x_wconf 89' lang='lat' dir='ltr'>super</span> <span class='ocrx_word' id='word_1_733' title='bbox 658 5738 974 5810; x_wconf 86' lang='lat' dir='ltr'>imaginem</span> <span class='ocrx_word' id='word_1_734' title='bbox 1008 5741 1188 5794; x_wconf 80' lang='lat' dir='ltr'>beatze</span> <span class='ocrx_word' id='word_1_735' title='bbox 1219 5741 1318 5796; x_wconf 92' lang='lat' dir='ltr'>Dei</span> <span class='ocrx_word' id='word_1_736' title='bbox 1350 5741 1658 5797; x_wconf 90' lang='lat' dir='ltr'>Genitricis</span> <span class='ocrx_word' id='word_1_737' title='bbox 1688 5742 1876 5798; x_wconf 73' lang='lat' dir='ltr'>Mariae</span> <span class='ocrx_word' id='word_1_738' title='bbox 1910 5742 2262 5799; x_wconf 89' lang='lat' dir='ltr'>refoventem</span> <span class='ocrx_word' id='word_1_739' title='bbox 2293 5743 2613 5815; x_wconf 86' lang='lat' dir='ltr'>imaginem</span> <span class='ocrx_word' id='word_1_740' title='bbox 2645 5742 2925 5800; x_wconf 88' lang='lat' dir='ltr'>oblatoris</span> <span class='ocrx_word' id='word_1_741' title='bbox 2959 5739 3071 5798; x_wconf 91' lang='lat' dir='ltr'>sui.</span> <span class='ocrx_word' id='word_1_742' title='bbox 3089 5741 3219 5814; x_wconf 87' lang='lat' dir='ltr'>Ipse</span> <span class='ocrx_word' id='word_1_743' title='bbox 3246 5754 3381 5797; x_wconf 87' lang='lat' dir='ltr'>vero</span> <span class='ocrx_word' id='word_1_744' title='bbox 3411 5756 3447 5796; x_wconf 88' lang='lat' dir='ltr'>a</span> <span class='ocrx_word' id='word_1_745' title='bbox 3475 5737 3595 5796; x_wconf 88' lang='lat' dir='ltr'>Deo</span> <span class='ocrx_word' id='word_1_746' title='bbox 3613 5755 3738 5812; x_wconf 90' lang='lat' dir='ltr'>pro-</span> 
     </span>
    </p>
   </div>
   <div class='ocr_carea' id='block_1_58' title="bbox 343 5830 3733 5914">
    <p class='ocr_par' dir='ltr' id='par_1_58' title="bbox 343 5830 3733 5914">
     <span class='ocr_line' id='line_1_58' title="bbox 343 5830 3733 5914; baseline 0.003 -32"><span class='ocrx_word' id='word_1_747' title='bbox 343 5830 412 5885; x_wconf 85' lang='grc'>15</span> <span class='ocrx_word' id='word_1_748' title='bbox 451 5837 640 5889; x_wconf 88' lang='lat' dir='ltr'>tectus</span> <span class='ocrx_word' id='word_1_749' title='bbox 670 5841 727 5890; x_wconf 92' lang='lat' dir='ltr'>et</span> <span class='ocrx_word' id='word_1_750' title='bbox 748 5835 1060 5906; x_wconf 78' lang='lat' dir='ltr'>praeclarus</span> <span class='ocrx_word' id='word_1_751' title='bbox 1083 5838 1340 5909; x_wconf 77' lang='lat' dir='ltr'>pontifex</span> <span class='ocrx_word' id='word_1_752' title='bbox 1369 5840 1504 5896; x_wconf 90' lang='lat' dir='ltr'>fecit</span> <span class='ocrx_word' id='word_1_753' title='bbox 1535 5857 1699 5896; x_wconf 90' lang='lat' dir='ltr'>amas</span> <span class='ocrx_word' id='word_1_754' title='bbox 1725 5844 2032 5914; x_wconf 86' lang='lat' dir='ltr'>argenteas</span> <span class='ocrx_word' id='word_1_755' title='bbox 2064 5858 2184 5909; x_wconf 89' lang='lat' dir='ltr'>sex,</span> <span class='ocrx_word' id='word_1_756' title='bbox 2219 5858 2344 5913; x_wconf 81' lang='lat' dir='ltr'>quae</span> <span class='ocrx_word' id='word_1_757' title='bbox 2377 5842 2715 5913; x_wconf 64' lang='lat' dir='ltr'>praacedunt</span> <span class='ocrx_word' id='word_1_758' title='bbox 2742 5858 2845 5914; x_wconf 91' lang='lat' dir='ltr'>per</span> <span class='ocrx_word' id='word_1_759' title='bbox 2891 5857 3097 5898; x_wconf 90' lang='lat' dir='ltr'>omnes</span> <span class='ocrx_word' id='word_1_760' title='bbox 3137 5839 3444 5908; x_wconf 85' lang='lat' dir='ltr'>stationes,</span> <span class='ocrx_word' id='word_1_761' title='bbox 3486 5853 3733 5911; x_wconf 90' lang='lat' dir='ltr'>pensan.</span> 
     </span>
    </p>
   </div>
   <div class='ocr_carea' id='block_1_59' title="bbox 450 5929 3736 6012">
    <p class='ocr_par' dir='ltr' id='par_1_59' title="bbox 450 5929 3736 6012">
     <span class='ocr_line' id='line_1_59' title="bbox 450 5929 3736 6012; baseline 0.003 -28"><span class='ocrx_word' id='word_1_762' title='bbox 450 5929 632 5985; x_wconf 87' lang='lat' dir='ltr'>libras</span> <span class='ocrx_word' id='word_1_763' title='bbox 665 5930 978 5986; x_wconf 87' lang='lat' dir='ltr'>tresdecim</span> <span class='ocrx_word' id='word_1_764' title='bbox 1013 5949 1026 5988; x_wconf 89' lang='lat'><strong>:</strong></span> <span class='ocrx_word' id='word_1_765' title='bbox 1060 5935 1310 6006; x_wconf 85' lang='lat' dir='ltr'>scyphos</span> <span class='ocrx_word' id='word_1_766' title='bbox 1341 5937 1510 6006; x_wconf 89' lang='lat' dir='ltr'>duos,</span> <span class='ocrx_word' id='word_1_767' title='bbox 1545 5954 1789 6008; x_wconf 86' lang='lat' dir='ltr'>pensan.</span> <span class='ocrx_word' id='word_1_768' title='bbox 1824 5938 2043 6012; x_wconf 88' lang='lat' dir='ltr'>singuli</span> <span class='ocrx_word' id='word_1_769' title='bbox 2075 5937 2256 5996; x_wconf 82' lang='lat' dir='ltr'>libras</span> <span class='ocrx_word' id='word_1_770' title='bbox 2291 5941 2379 6008; x_wconf 86' lang='grc'>10,</span> <span class='ocrx_word' id='word_1_771' title='bbox 2392 5938 2800 6011; x_wconf 86' lang='lat' dir='ltr'>gemmiliones</span> <span class='ocrx_word' id='word_1_772' title='bbox 2831 5944 2982 6007; x_wconf 87' lang='lat' dir='ltr'>octo,</span> <span class='ocrx_word' id='word_1_773' title='bbox 3007 5935 3533 6012; x_wconf 81' lang='lat' dir='ltr'>pensan.singulos</span> <span class='ocrx_word' id='word_1_774' title='bbox 3554 5934 3736 5994; x_wconf 86' lang='lat' dir='ltr'>libras</span> 
     </span>
    </p>
   </div>
   <div class='ocr_carea' id='block_1_60' title="bbox 451 6026 619 6084">
    <p class='ocr_par' dir='ltr' id='par_1_60' title="bbox 451 6026 619 6084">
     <span class='ocr_line' id='line_1_60' title="bbox 451 6026 619 6084; baseline -0.03 0"><span class='ocrx_word' id='word_1_775' title='bbox 451 6026 619 6084; x_wconf 89' lang='lat' dir='ltr'>duas.</span> 
     </span>
    </p>
   </div>
   <div class='ocr_carea' id='block_1_61' title="bbox 521 6119 3737 6218">
    <p class='ocr_par' dir='ltr' id='par_1_61' title="bbox 521 6119 3737 6218">
     <span class='ocr_line' id='line_1_61' title="bbox 521 6119 3737 6218; baseline 0.005 -39"><span class='ocrx_word' id='word_1_776' title='bbox 521 6120 673 6180; x_wconf 70' lang='lat'>475</span> <span class='ocrx_word' id='word_1_777' title='bbox 708 6119 840 6176; x_wconf 77' lang='lat' dir='ltr'>Haec</span> <span class='ocrx_word' id='word_1_778' title='bbox 872 6119 1124 6198; x_wconf 88' lang='lat' dir='ltr'>denique</span> <span class='ocrx_word' id='word_1_779' title='bbox 1153 6128 1465 6200; x_wconf 86' lang='lat' dir='ltr'>postquam</span> <span class='ocrx_word' id='word_1_780' title='bbox 1495 6129 1718 6203; x_wconf 85' lang='lat' dir='ltr'>omnia,</span> <span class='ocrx_word' id='word_1_781' title='bbox 1741 6132 1856 6193; x_wconf 89' lang='lat' dir='ltr'>Deo</span> <span class='ocrx_word' id='word_1_782' title='bbox 1890 6134 2136 6206; x_wconf 83' lang='lat' dir='ltr'>favente,</span> <span class='ocrx_word' id='word_1_783' title='bbox 2169 6151 2204 6192; x_wconf 85' lang='lat' dir='ltr'>a</span> <span class='ocrx_word' id='word_1_784' title='bbox 2234 6134 2544 6210; x_wconf 76' lang='lat' dir='ltr'>saepedicto</span> <span class='ocrx_word' id='word_1_785' title='bbox 2574 6137 2850 6213; x_wconf 83' lang='lat' dir='ltr'>pontiï¬ce</span> <span class='ocrx_word' id='word_1_786' title='bbox 2897 6139 3172 6200; x_wconf 77' lang='lat' dir='ltr'>decenter</span> <span class='ocrx_word' id='word_1_787' title='bbox 3213 6134 3444 6218; x_wconf 70' lang='lat' dir='ltr'>expleta</span> <span class='ocrx_word' id='word_1_788' title='bbox 3471 6137 3635 6208; x_wconf 74' lang='lat' dir='ltr'>sunt,</span> <span class='ocrx_word' id='word_1_789' title='bbox 3666 6146 3737 6192; x_wconf 71' lang='lat' dir='ltr'>ea</span> 
     </span>
    </p>
   </div>
  </div>
