3924 6408
375 265 531 328 1295
1187 255 1206 268 “
1541 259 1958 322 ANASTASII
2001 257 2633 321 BIBLIOTHEGABII
3647 255 3808 320 I296

515 400 751 466 eretur;
787 397 959 470 cujus
989 399 1119 468 post
1148 410 1372 464 casum,
1407 393 1677 450 Ecclesia:
1711 392 1936 466 apicem
1972 391 2232 464 suscepit
2261 391 2595 464 Gregorius.
2620 392 2666 446 A
2696 407 2812 464 quo
2843 406 2978 446 cum
3013 390 3359 465 diligentius
3391 389 3708 464 praedictus
3723 393 3777 448 vi

519 499 834 564 amaretur,
867 493 1436 566 archipresbyterum
1469 509 1603 548 eum
1635 491 1694 547 in
1724 496 1928 547 sancta
1957 489 2252 547 ordinavit
2279 489 2554 546 Ecclesia.

591 595 738 651 481
779 593 884 660 Qui
915 609 1050 648 vero
1073 609 1206 648 cum
1229 609 1334 663 per
1351 590 1641 646 sexdecim
1666 587 2050 646 solertissime
2072 588 2459 660 gubernasset
2479 587 2800 644 Ecclesiam
2823 604 3010 644 annos
3032 588 3104 644 ad
3126 591 3388 644 extrema
3408 587 3622 644 ductus
3642 603 3818 644 occu'

517 693 664 749 buit.
690 693 854 748 Tunc
875 708 1009 746 vero
1029 707 1162 746 eum
1187 706 1456 764 proceres
1479 693 1536 744 et
1557 689 1831 744 Romanae
1859 686 2023 742 urbis
2045 684 2380 758 optimates,
2397 685 2824 760 universusque
2845 685 3114 744 Ecclesiae
3137 683 3390 760 populus
3411 703 3517 760 pro
3539 685 3813 760 eligendo

517 789 790 863 pontiﬁce
814 789 874 844 in
897 805 1083 844 unum
1115 787 1580 858 coissent,atque
1604 786 1755 842 alius
1787 786 1859 841 de
1890 783 2003 840 alio
2037 789 2102 840 ut
2133 783 2257 840 ﬁeri
2289 783 2437 840 solet
2455 783 2515 840 in
2537 783 2754 840 talibus
2785 783 3408 851 conclamaret,subito
3429 801 3534 858 per
3553 784 3655 841 Dei
3674 799 3812 858 pro-

522 887 842 943 videntiam
873 887 1069 942 divino
1101 890 1247 940 nutu
1279 883 1636 958 compuncti,
1671 885 1742 940 de
1774 881 2016 938 antefati
2049 882 2235 954 Sergii
2267 881 2754 956 archipresbyteri
2785 881 3063 956 religione
3093 881 3435 957 diligentius
3465 882 3812 939 eonfabulas

447 987 484 1042 5
521 987 920 1057 coeperunt,ut
951 1001 1154 1040 omnes
1187 981 1797 1054 conclamarent,quia
1827 981 2044 1054 dignus
2074 984 2166 1036 est
2192 979 2570 1053 pontiﬁcatus
2599 979 2846 1054 adipisci
2879 979 3161 1053 regimen.
3180 981 3554 1053 Firmatoque
3574 981 3816 1037 insum-

521 1083 654 1138 dem
683 1082 875 1138 virum
907 1081 1150 1138 consilio
1184 1081 1597 1153 unusquisque
1629 1080 1688 1135 in
1719 1097 1828 1136 sua
1856 1095 2123 1135 reversus
2153 1082 2260 1134 est.
2281 1079 2446 1135 Tunc
2477 1083 2716 1151 repente
2745 1077 3029 1136 diaconus
3059 1079 3302 1152 quidam
3331 1078 3520 1152 ipsius
3539 1078 3812 1136 Ecclesia

515 1181 773 1237 Joannes
799 1181 859 1236 in
881 1183 1114 1237 tantum
1137 1180 1404 1236 amentia:
1427 1178 1620 1252 erupit
1641 1182 1815 1251 atque
1839 1176 2104 1246 insaniae,
2130 1180 2196 1233 ut
2215 1193 2498 1248 persuaso
2532 1177 2788 1249 quodam
2811 1175 2953 1233 satis
2980 1175 3253 1250 imperito
3275 1181 3331 1234 et
3352 1177 3568 1251 agresti
3591 1176 3812 1251 populo

519 1278 762 1336 collecta
790 1278 1263 1336 turbulentorum
1297 1283 1354 1335 et
1383 1277 1794 1335 seditiosorum
1829 1293 2008 1332 manu
2039 1275 2096 1330 in
2133 1274 2559 1348 patriarchium
2608 1275 3000 1333 Lateranense
3046 1293 3152 1350 per
3178 1278 3323 1346 vim,
3353 1276 3560 1332 fractis
3579 1276 3812 1362 januis,

520 1376 747 1434 bellicis
776 1377 909 1433 telis
940 1377 1364 1450 ingrederetur,
1397 1377 1545 1450 legis
1575 1380 1632 1432 et
1662 1375 1886 1431 ordinis
1915 1373 2291 1430 traditionem
2321 1377 2766 1447 transgressus:
2801 1391 2918 1446 quo
2965 1391 3036 1430 ex
3083 1375 3234 1457 facto
3283 1389 3488 1432 omnes
3519 1373 3621 1447 qui
3654 1373 3818 1432 intra

413 1475 484 1532 40
522 1475 860 1549 patriarchii
889 1474 1106 1531 mmnia
1125 1476 1369 1532 aderant
1400 1479 1637 1546 stupore
1660 1477 1718 1529 et
1738 1477 1898 1529 metu
1922 1471 2122 1546 repleti
2144 1475 2302 1529 sunt.
2329 1470 2514 1546 Igitur
2533 1489 2669 1528 cum
2691 1489 2795 1545 per
2815 1471 2992 1530 unius
3018 1472 3169 1529 horae
3192 1464 3558 1530 momentum
3580 1489 3719 1531 cum
3743 1489 3814 1530 eo

522 1573 623 1630 illa
654 1575 1050 1648 perdurasset,
1084 1573 1363 1647 ignobilis
1395 1572 1594 1646 populi
1628 1572 1828 1628 concio
1859 1571 2069 1627 timore
2100 1574 2388 1643 correpta,
2419 1587 2487 1627 eo
2514 1569 2715 1626 relicto
2746 1588 3043 1644 nusquam
3085 1571 3436 1646 comparuit.
3471 1570 3700 1638 Quibus
3727 1570 3814 1628 ita

524 1671 706 1745 gestis
730 1688 935 1728 omnes
957 1671 1249 1739 Quiritum
1273 1671 1566 1743 principes
1590 1668 1878 1743 indignati
1903 1672 2064 1738 sunt,
2087 1673 2144 1724 et
2163 1668 2465 1724 communi
2495 1667 2739 1726 consilio
2771 1667 3026 1726 universi
3048 1669 3269 1742 pariter
3292 1669 3353 1726 in
3375 1668 3621 1726 basilica
3651 1669 3812 1727 beati

523 1769 758 1826 Martini
782 1770 1134 1827 confessoris
1160 1774 1336 1842 atque
1357 1768 1650 1842 pontiﬁcis
1673 1767 1844 1824 celeri
1867 1784 2042 1824 cursu
2071 1783 2402 1840 magnoque
2425 1767 2689 1840 equitatu
2712 1772 2855 1825 sunt
2873 1768 3604 1842 congregati.Eteumdem
3627 1767 3814 1824 archi-

523 1869 932 1942 presbyterum
956 1868 1223 1942 Sergium
1239 1867 1297 1922 in
1311 1867 1586 1923 omnibus
1609 1865 2091 1940 probatissimum
2116 1865 2432 1922 virtutibus
2453 1865 2743 1932 virum,de
2755 1882 2871 1938 quo
2885 1865 3157 1938 superius
3169 1866 3515 1924 memoriam
3539 1865 3812 1935 fecimus,

415 1968 486 2023 l5
523 1965 893 2023 extrahentes
926 1967 994 2022 de
1025 1965 1273 2022 ecclesia
1303 1982 1516 2039 magno
1548 1981 1682 2021 cum
1714 1964 1953 2029 honore,
1977 1979 2309 2037 magnaque
2340 1963 2542 2038 populi
2571 1963 2887 2020 comitante
2919 1967 3166 2033 caterva,
3182 1962 3512 2037 amplisque
3537 1980 3814 2022 resonan-

524 2065 684 2121 tibus
715 2063 1014 2132 laudibus,
1039 2082 1174 2122 cum
1207 2063 1440 2137 hymnis
1461 2069 1519 2120 et
1540 2062 1787 2120 canticis
1809 2061 2175 2136 spiritalibus
2206 2063 2266 2118 in
2289 2061 2712 2135 patriarchium
2734 2062 3124 2119 Lateranense
3141 2063 3383 2135 electus,
3398 2066 3578 2134 atque
3598 2062 3816 2136 perdu-

526 2167 656 2218 ctus
687 2167 796 2218 est.
831 2162 1046 2218 Eodem
1077 2179 1212 2218 vero
1243 2161 1338 2216 die
1365 2165 1532 2218 tanta
1564 2161 1662 2216 nix
1692 2159 1752 2215 in
1784 2161 1928 2216 urbe
1959 2159 2144 2216 eﬁ'usa
2174 2164 2284 2228 est,
2318 2163 2384 2216 ut
2413 2159 2690 2215 omnibus
2721 2158 3035 2216 candidate
3062 2163 3417 2218 cerneretur.
3443 2159 3608 2226 Quod
3641 2157 3816 2216 multi

529 2259 730 2334 gaudii
759 2260 1053 2329 dicebant,
1088 2264 1146 2316 et
1175 2259 1463 2316 claritatis
1494 2277 1623 2315 esse
1652 2257 1960 2314 indicium.

595 2358 751 2416 482
783 2358 1131 2414 Praedictum
1179 2375 1312 2413 vero
1359 2357 1645 2414 Joannem
1697 2356 2002 2412 diaconem
2035 2356 2104 2412 de
2137 2355 2490 2428 patriarcbio
2521 2371 2740 2428 magna
2767 2372 2903 2412 cum
2932 2355 3299 2429 turpitudine
3329 2355 3511 2428 hujus
3536 2355 3815 2412 Romanis

527 2457 691 2512 urbis
717 2455 1012 2529 principes
1041 2455 1412 2527 expulerunt,
1447 2460 1504 2510 et
1535 2453 1752 2510 arctius
1781 2454 1841 2509 in
1875 2454 2133 2510 claustra
2182 2455 2291 2511 sub
2341 2453 2570 2511 cautela
2618 2453 2777 2510 trudi
2823 2459 3228 2528 praeceperunt
3265 2471 3370 2528 pro
3401 2455 3607 2512 eadem
3640 2458 3818 2510 tanta:

525 2553 872 2610 temeritatis
903 2552 1086 2624 impia
1105 2555 1162 2609 et
1184 2553 1313 2609 dira
1333 2551 1808 2626 praesumptione,
1833 2569 2012 2624 quam
2036 2553 2349 2624 saepefatus
2367 2553 2624 2610 Joannes
2645 2551 2928 2608 diaconus
2949 2569 3131 2608 ausus
3157 2556 3246 2608 est
3265 2555 3818 2625 perpetrare.Quem

525 2649 700 2706 etiam
733 2649 978 2706 concilio
1009 2649 1344 2706 antistitum
1377 2650 1670 2722 principes
1703 2651 2244 2722 damnare,suoque
2271 2649 2585 2706 voluerunt
2612 2648 2828 2722 privari
2857 2649 3092 2708 honore.
3110 2650 3346 2706 Necnon
3367 2654 3423 2706 et
3443 2649 3544 2706 alii
3565 2649 3817 2706 ensibus

449 2747 486 2802 5
523 2746 898 2802 membratim
930 2763 1064 2802 eum
1099 2745 1403 2815 dilaniarc,
1441 2764 1507 2802 ac
1539 2747 1872 2803 interimere
1903 2747 2232 2804 voluerunt.
2271 2748 2382 2804 Sed
2413 2747 2523 2804 hoc
2553 2747 2677 2803 ﬁeri
2709 2748 3002 2822 benignus
3032 2751 3090 2804 et
3119 2746 3546 2804 solertissimus
3569 2747 3816 2822 Sergius

523 2844 735 2917 praesul
768 2845 1088 2918 prohibuit,
1122 2845 1326 2901 nolens
1357 2843 1580 2900 malum
1614 2862 1716 2917 pro
1750 2843 1904 2901 malo
1937 2846 2264 2901 secundum
2297 2845 2690 2918 evangelicum
2723 2847 3001 2920 cuiquam
3033 2846 3274 2902 reddere
3303 2862 3504 2902 vocem
3531 2845 3819 2918 (a).Tunc

523 2943 761 2998 demum
794 2943 1226 3000 exsultantibus
1247 2943 1524 2999 omnibus
1549 2943 1972 3012 sacerdotibus,
1989 2944 2330 3016 proceribus
2350 2948 2405 3000 et
2422 2944 2829 3017 optimatibus,
2845 2944 3239 3016 omnibusque
3260 2943 3529 3000 Ecclesiae
3550 2944 3816 3018 populis,

519 3041 674 3096 idem
705 3041 1119 3098 sanctissimus
1148 3041 1238 3098 vir
1265 3039 1326 3096 in
1357 3041 1678 3114 apostolica
1707 3041 1861 3097 beati
1894 3041 2044 3098 Petri
2078 3041 2480 3099 sacratissima
2513 3043 2650 3099 sede
2678 3039 2986 3100 ordinatus
3017 3045 3512 3114 consecratusque
3541 3045 3633 3098 est
3662 3059 3818 3116 pon-

521 3139 684 3195 tifex.

595 3238 750 3294 483
783 3238 920 3293 Erat
949 3237 1105 3294 enim
1137 3237 1359 3310 origine
1391 3237 1663 3310 insignis,
1688 3237 1803 3293 ﬁde
1826 3255 2031 3310 purus,
2057 3237 2469 3312 praedicatione
2497 3237 2754 3307 liberior,
2789 3239 2904 3295 Deo
2936 3237 3560 3308 humilis,hominibus
3590 3237 3814 3304 clarus,

521 3335 686 3392 vultu
717 3335 949 3405 alacris,
985 3339 1180 3391 mente
1213 3334 1477 3402 alacrior,
1513 3334 1904 3391 Ecclesiarum
1936 3335 2315 3408 gubernator,
2347 3336 2607 3408 plebium
2641 3335 2851 3405 cultor,
2886 3353 3214 3410 pauperum
3259 3336 3468 3405 fautor,
3497 3336 3817 3392 viduarum

523 3438 756 3506 tegmen
803 3439 860 3490 et
911 3439 1242 3490 consolator
1298 3433 1710 3507 indigentium,
1763 3432 2008 3510 largitor
2051 3434 2475 3508 dispersorum,
2525 3440 3014 3508 congregatorum
3064 3439 3482 3491 conservator:
3537 3434 3813 3490 inanium

523 3532 1010 3604 saeculariumque
1043 3550 1238 3588 rerum
1271 3536 1657 3604 contemptor,
1692 3531 1833 3587 solis
1864 3531 1922 3587 in
1953 3532 2249 3606 sapientiae
2298 3532 2517 3589 divitiis
2569 3532 2774 3590 avidus
2805 3538 2861 3590 et
2890 3537 3137 3590 amator.
3170 3533 3360 3605 Hujus
3398 3531 3814 3590 sacratissime

447 3631 484 3685 5
517 3630 978 3688 consecrationis
1009 3649 1144 3687 cum
1175 3632 1247 3686 ad
1280 3648 1451 3686 aures
1483 3629 1853 3686 invictissimi
1886 3632 2134 3703 Augusti
2169 3631 2427 3688 Lotharii
2461 3648 2664 3687 rumor
2693 3632 3054 3704 pervenisset
3075 3630 3812 3705 imperatoris,Drogonem

522 3728 790 3786 videlicet
821 3729 1098 3785 Mctensis
1129 3729 1399 3785 Ecclesia:
1434 3727 1967 3801 archiepiscopum,
1997 3746 2133 3786 cum
2189 3728 2678 3786 excellentissimo
2734 3729 3025 3788 Ludovico
3084 3728 3204 3786 ﬁlio
3265 3746 3394 3796 suo,
3426 3743 3642 3802 magno
3673 3745 3811 3785 cum

528 3828 884 3883 Francorum
917 3827 1169 3884 exercitu
1205 3829 1450 3883 Romam
1483 3827 1692 3883 direxit
1725 3844 1737 3882 :
1772 3844 1906 3882 cum
1939 3827 2155 3900 quibus
2184 3828 2364 3884 etiam
2395 3827 2866 3901 archiepiscopos
2886 3827 3202 3902 pluresque
3223 3827 3550 3902 episcopos,
3565 3827 3811 3884 abbates

526 3929 583 3980 et
603 3925 844 3981 comites
878 3925 1164 3998 proﬁcisci
1199 3926 1493 3998 praecepit.
1521 3925 1638 3997 Ipsi
1661 3942 1812 3994 vero,
1839 3943 1872 3980 a
1893 3925 2088 3997 quoin
2113 3943 2245 3982 oras
2267 3926 2539 3982 Bononiae
2562 3925 2814 3982 civitatis
2834 3943 2968 3982 cum
2995 3925 3290 3999 belligeris
3313 3925 3439 3983 suis
3457 3925 3812 3982 exercitibus

526 4027 665 4078 sunt
694 4021 966 4095 ingressi,
1001 4028 1194 4080 tantas
1227 4025 1412 4079 credes
1443 4027 1758 4095 tantasque
1789 4026 2015 4096 strages
2046 4022 2104 4078 in
2137 4023 2352 4097 populo
2384 4029 2733 4097 peregerunt
2760 4030 2828 4081 ut
2856 4024 2959 4098 qui
3001 4041 3106 4097 per
3149 4025 3324 4081 urbes
3355 4028 3411 4080 et
3441 4041 3614 4098 agros
3643 4028 3813 4080 erant

417 4121 483 4176 10
521 4121 826 4193 tyrannica
855 4122 1202 4178 crudelitate
1232 4121 1546 4194 perterriti,
1581 4119 1799 4176 relictis
1831 4120 2084 4193 propriis
2115 4119 2279 4190 locis,
2314 4139 2418 4194 per
2464 4121 2593 4178 loca
2640 4122 2841 4178 abdita
2886 4126 2945 4179 et
2981 4121 3236 4178 latebras
3265 4139 3330 4180 se
3359 4121 3808 4180 absconderent.

523 4219 668 4276 Cum
714 4237 848 4276 vero
897 4220 1020 4276 haec
1069 4237 1174 4293 per
1231 4237 1464 4276 omnem
1525 4217 1721 4275 locum
1778 4218 2160 4292 singulasque
2206 4237 2311 4294 per
2360 4221 2534 4276 urbes
2565 4225 2740 4294 atque
2769 4219 2927 4278 vicos
2957 4224 3015 4278 et
3045 4237 3217 4294 agros
3250 4237 3400 4277 saeva
3427 4223 3811 4293 operarentur

525 4319 806 4391 nequitia,
841 4319 914 4375 ad
943 4323 1182 4391 pontem
1214 4321 1602 4391 pervenerunt
1629 4316 1892 4389 Capellae.
1927 4319 2231 4391 Tantaque
2289 4323 2414 4375 erat
2459 4323 2601 4376 tunc
2649 4318 2775 4375 coeli
2817 4319 3103 4376 serenitas
3130 4323 3196 4376 ut
3221 4322 3342 4375 toto
3371 4318 3433 4374 in
3459 4334 3595 4375 aere
3622 4317 3806 4374 nubes

524 4421 628 4474 aut
655 4416 863 4491 pluvia:
893 4417 1131 4490 signum
1161 4416 1476 4488 quisquam
1507 4415 1704 4472 videre
1734 4432 1850 4471 non
1881 4416 2412 4488 potuissetzsubito
2440 4434 2572 4474 vero
2603 4421 2865 4474 atrarum
2884 4433 3000 4474 non
3018 4416 3250 4474 modica
3265 4416 3531 4473 densitas
3558 4414 3804 4472 nubium

524 4516 678 4572 facta
707 4521 816 4585 est,
852 4515 1258 4588 nimbosisque
1288 4515 1559 4588 procellis
1588 4519 1644 4572 et
1675 4515 2181 4572 coruscationibus
2212 4514 2581 4584 circumdati,
2606 4515 2848 4587 quidam
2879 4516 2951 4572 de
2981 4515 3336 4589 primatibus
3367 4515 3657 4588 Drogonis
3679 4531 3807 4571 con-

416 4614 487 4670 45
523 4613 729 4670 siliarii
759 4613 1026 4670 fulminis
1056 4613 1176 4670 ictu
1207 4614 1472 4686 percussi
1504 4631 1570 4670 ac
1601 4613 1935 4687 interempti
1969 4617 2127 4674 sunt.

595 4714 752 4769 484
784 4712 902 4768 Ηοο
930 4711 1196 4768 videntes
1225 4711 1503 4769 horribile
1537 4712 1774 4786 signum
1825 4711 2006 4768 nimio
2056 4729 2260 4768 omnes
2303 4713 2513 4768 timore
2564 4712 2770 4768 Franci
2824 4711 3076 4784 correpti
3134 4715 3295 4769 sunt.
3328 4710 3442 4768 Sed
3471 4708 3807 4767 nullatenus

524 4811 739 4868 mentis
773 4811 1132 4868 ferocitatem
1165 4811 1524 4884 deponentes
1555 4810 1734 4867 atroci
1762 4798 2056 4867 voluntate
2086 4811 2159 4866 ad
2192 4809 2408 4866 Urbem
2437 4809 2712 4866 velociter
2737 4809 3152 4882 properabant.
3203 4811 3464 4876 Quorum
3489 4808 3804 4865 adventum

523 4909 854 4967 antedictus
884 4909 1264 4966 beatissimus
1295 4927 1448 4983 papa
1477 4909 1717 4982 Sergius
1750 4909 1872 4965 ﬁeri
1907 4909 2149 4982 propius
2181 4926 2315 4964 cum
2346 4907 2732 4982 cognovisset,
2767 4907 2828 4963 in
2859 4908 2989 4980 ejus
3017 4905 3497 4964 excellentissimi
3527 4906 3802 4962 Ludovici

524 5009 676 5083 regis
708 5026 1018 5066 occursum
1051 5009 1351 5065 universos
1373 5009 1607 5081 judices
1638 5008 1710 5064 ad
1742 5009 1859 5064 fere
1891 5025 2095 5064 novem
2146 5006 2426 5063 milliaria
2471 5008 2544 5063 ab
2584 5007 2695 5063 hac
2723 5007 2990 5063 Romana
3018 5005 3162 5062 urbe
3193 5005 3420 5062 direxit.
3455 5006 3638 5070 Quem
3671 5019 3804 5060 cum

446 5110 482 5164 5
521 5108 705 5182 signis
737 5113 791 5164 et
824 5109 1054 5179 magnis
1086 5107 1497 5164 resonantibus
1520 5107 1796 5164 laudibus
1828 5107 2317 5179 susceperunt.Et
2347 5107 2490 5162 dum
2523 5105 2662 5162 Urbi
2694 5122 2840 5178 pene
2871 5105 3052 5161 unius
3081 5103 3344 5160 milliarii
3374 5102 3566 5176 spatio
3593 5119 3805 5176 appro-

521 5207 886 5280 pinquasset,
911 5207 1214 5262 universas
1246 5207 1470 5262 militiae
1501 5207 1734 5262 scholas
1759 5223 1874 5262 una
1896 5223 2031 5261 cum
2061 5204 2324 5278 patronis
2355 5203 2586 5260 direxit.
2610 5203 2830 5276 Dignas
2851 5202 3219 5260 nobilissimo
3241 5201 3363 5274 regi
3381 5201 3586 5258 laudes
3602 5217 3806 5258 omnes

519 5310 816 5374 canentes,
852 5305 1112 5377 aliosque
1171 5306 1390 5360 militiae
1448 5305 1824 5361 doctissimos
1881 5307 2107 5360 Graecos
2163 5303 2576 5376 imperatorias
2623 5301 2830 5359 laudes
2879 5301 3280 5369 decantantes,
3314 5317 3448 5356 cum
3483 5297 3805 5356 dulcisonis

521 5402 860 5458 earumdem
893 5401 1136 5458 laudum
1167 5405 1410 5460 vocibus
1456 5404 1654 5475 ipsum
1705 5421 1900 5476 regem
1949 5402 2200 5474 gloriose
2247 5405 2653 5475 susceperunt.
2687 5399 2928 5457 Obviam
2960 5399 3045 5455 illi
3077 5399 3205 5472 ejus
3235 5400 3516 5456 sanctitas
3547 5397 3804 5471 dirigens

520 5501 882 5556 venerandus
915 5518 1140 5571 cruces,
1167 5502 1304 5558 item
1329 5503 1516 5574 signa,
1543 5503 1696 5558 sicut
1728 5519 1854 5558 mos
1887 5507 1976 5558 est
2007 5502 2420 5574 imperatorem
2452 5505 2556 5557 aut
2587 5516 2783 5572 regem
2815 5497 3132 5572 suscipere,
3156 5498 3238 5554 ita
3257 5513 3553 5554 eum-cum
3589 5496 3803 5570 ingenti

415 5593 484 5648 lO
519 5596 741 5652 honore
771 5597 990 5671 suscipi
1027 5600 1180 5655 fecit.
1218 5602 1236 5654 l
1245 5619 1345 5672 pse
1376 5619 1508 5656 vero
1543 5601 1872 5657 Ludovicus
1903 5619 2020 5671 rex,
2054 5617 2172 5672 qua
2200 5599 2344 5656 hora
2373 5598 2487 5656 sibi
2535 5597 2968 5656 sacratissimas
3024 5613 3230 5654 cruces
3279 5612 3345 5652 ac
3375 5595 3548 5669 signa
3576 5594 3802 5651 obviam

521 5693 824 5752 advenisse
853 5697 1174 5768 conspexit,
1210 5696 1420 5754 alacris
1451 5699 1642 5754 factus
1675 5698 1839 5754 valde
1871 5697 2100 5754 lmtatus
2129 5702 2238 5754 est.
2272 5699 2436 5754 Tunc
2470 5714 2576 5753 suo
2604 5696 2876 5754 universo
2927 5711 3064 5752 cum
3113 5693 3350 5768 populo,
3384 5693 3666 5750 omnibus
3696 5692 3800 5750 Ro-

519 5787 712 5844 manis
733 5789 1038 5860 judicibus
1066 5798 1124 5850 et
1149 5793 1367 5853 scholis
1397 5795 1897 5862 antecedentibus,
1931 5796 2002 5850 ad
2039 5797 2276 5851 beatum
2323 5795 2557 5850 Petrum
2609 5794 2840 5852 studuit
2884 5809 3218 5870 properare.
3253 5794 3436 5860 Quem
3473 5791 3801 5850 antedictus

1559 5915 1810 5963 NOTULE
1853 5917 2242 5966 MARGINALES
2285 5917 2609 5966 FABROTTI.

453 5973 532 6046 (α)
564 5976 715 6031 Rom.
746 5994 842 6034 xu.
