3924 6402
111 289 277 367 1297
380 311 395 318 ο
897 285 1270 350 HISTORIA
1312 288 1415 349 DE
1458 287 1663 350 VITIS
1710 289 1898 350 ROM.
1948 291 2279 352 PONT.—
2309 291 2641 355 SERGIUS
2686 292 2762 354 II.
3378 295 3533 358 1298

259 420 554 479 almiﬁcus
603 420 862 495 pontifex
890 420 949 477 in
999 420 1280 494 gradibus
1330 420 1517 493 ipsius
1566 422 1898 493 apostolica
1948 422 2092 478 aula
2140 426 2413 480 eumdem
2474 442 2668 497 regem
2704 426 2760 480 in
2796 425 2921 498 ipso
2952 424 3045 482 die
3073 425 3375 483 Dominico
3403 432 3535 500 post

262 520 662 576 Pentecostem
694 537 799 575 suo
828 536 962 575 cum
992 517 1144 575 clero
1176 520 1549 591 exspectavit.
1583 519 1984 592 Conjungente
2017 537 2147 576 vero
2180 523 2382 577 eodem
2416 540 2568 595 rege,
2606 523 2990 596 universoque
3022 525 3242 596 gradus
3272 526 3537 596 ejusdem

148 617 223 675 45
262 618 675 675 sacratissima
718 617 873 673 beati
925 617 1073 671 Petri
1105 616 1361 671 ecclesia
1412 618 1781 684 ascendente,
1815 619 1885 671 ad
1936 620 2425 689 pranominatum
2472 621 2885 693 propinquavit
2934 621 3291 694 pontiticem,
3349 623 3445 678 ubi
3479 623 3539 678 in

262 716 411 772 atrio
443 733 621 788 super
649 715 1054 788 gradusjuxta
1084 715 1233 770 fores
1255 714 1509 770 ecclesia)
1542 732 1676 770 cum
1700 716 1969 771 universo
1994 716 2145 771 clero
2178 722 2233 773 et
2262 718 2473 790 populo
2510 720 2765 773 Romano
2790 719 3121 775 assistebat.
3151 722 3315 775 Tunc
3340 724 3540 776 mutuo

265 832 327 872 se
357 814 776 887 amplectentes
797 812 986 868 tenuit
1009 813 1164 868 idem
1198 814 1524 868 Ludovicus
1549 831 1645 868 rex
1665 815 1959 869 dexteram
1983 816 2257 870 antedicti
2283 816 2595 887 pontificis,
2619 822 2674 871 et
2703 818 2760 870 in
2786 817 3029 872 interius
3052 817 3299 889 ingressi
3324 818 3541 874 atrium

265 913 339 969 ad
371 917 571 985 portas
601 916 990 985 pervenerunt
1020 915 1346 983 argenteas.
1382 911 1443 966 In
1478 929 1591 983 quo
1624 911 1770 967 atrio
1803 930 1956 967 unus
1987 913 2056 967 de
2089 913 2439 969 exercitibus
2471 932 2503 968 a
2524 915 2805 969 damonio
2840 920 3106 985 arreptus
3133 914 3192 969 in
3225 920 3537 987 conspectu

266 1012 623 1066 Francorum
655 1008 921 1064 omnium
970 1008 1136 1064 valde
1165 1015 1406 1064 vexatus
1438 1014 1544 1063 est.
1580 1010 1743 1064 Tunc
1794 1010 2085 1065 almilicus
2136 1011 2347 1083 prasul
2399 1011 2590 1066 claudi
2643 1013 2860 1068 faciens
2890 1030 3093 1069 omnes
3118 1014 3335 1084 januas
3385 1013 3541 1069 beati

152 1110 228 1165 20
268 1108 444 1175 Petri,
476 1113 651 1180 atque
684 1106 863 1163 serari
912 1108 1203 1179 praecepit,
1238 1111 1291 1162 et
1323 1107 1442 1179 regi
1476 1113 1676 1163 sancto
1722 1108 1943 1179 Spiritu
1978 1110 2327 1163 admonente
2364 1110 2444 1164 sic
2479 1110 2657 1164 dixit:
2689 1110 2747 1165 Si
2793 1128 2939 1182 pura
2986 1116 3180 1166 mente
3210 1116 3265 1166 et
3314 1111 3542 1167 sincera

266 1207 584 1275 voluntate,
612 1210 668 1262 et
694 1222 797 1278 pro
824 1204 1011 1261 salute
1036 1205 1366 1276 reipublicae
1390 1222 1455 1260 ac
1480 1206 1657 1260 totius
1680 1206 1858 1271 orbis,
1882 1206 1982 1276 huj
1995 1224 2179 1278 usque
2209 1207 2462 1262 ecclesia
2488 1208 2600 1263 huc
2624 1208 2929 1276 advenisti,
2956 1209 3062 1264 has
3085 1226 3215 1264 mea
3236 1210 3540 1281 ingredere

259 1305 479 1377 januas
502 1303 799 1377 jussione:
836 1303 927 1358 sin
959 1302 1129 1358 aliter
1159 1320 1263 1357 nec
1291 1320 1393 1376 per
1425 1320 1537 1371 me,
1572 1321 1675 1358 nec
1708 1320 1810 1375 per
1840 1321 2030 1358 meam
2061 1305 2497 1360 concessionem
2524 1306 2649 1361 ista
2680 1305 2783 1361 tibi
2816 1310 2992 1377 porta
3025 1306 3379 1378 aperientur.

339 1401 493 1459 485
528 1400 737 1457 Statim
769 1418 867 1456 rex
898 1400 994 1456 ille
1024 1401 1384 1472 respondens
1416 1401 1581 1469 dixit,
1616 1402 1772 1474 quod
1808 1402 1965 1456 nullo
1998 1402 2255 1473 maligno
2285 1404 2481 1459 animo
2514 1409 2616 1458 aut
2637 1404 2834 1475 aliqua
2856 1404 3138 1475 pravitate
3168 1403 3255 1459 vel
3282 1403 3435 1460 malo
3457 1403 3543 1459 in-

267 1500 439 1574 genio
471 1496 819 1555 advenisset.
850 1499 1015 1553 Tunc
1045 1499 1247 1553 eodem
1282 1497 1526 1570 praesule
1550 1499 1917 1571 praecipiente
1947 1500 2229 1571 appositis
2260 1500 2536 1556 manibus
2558 1502 2861 1572 pradictas
2881 1503 3097 1572 januas
3122 1502 3536 1573 patefecerunt.

264 1599 339 1657 Et
368 1598 448 1653 ita
478 1597 537 1652 in
569 1596 838 1652 eamdem
868 1597 1261 1652 venerandam
1295 1596 1490 1651 aulam
1524 1596 1677 1651 beati
1710 1596 1891 1651 Pretri
1924 1597 2171 1669 ingressi
2197 1602 2372 1665 sunt;
2405 1597 2641 1653 laudem
2672 1598 2787 1654 Deo
2818 1605 2875 1655 et
2903 1600 3167 1669 ejusdem
3189 1600 3537 1655 excellentia

266 1697 647 1754 decantantes
665 1694 974 1750 universus
993 1693 1182 1749 clerus
1205 1698 1260 1749 ct
1280 1693 1473 1748 cuncti
1494 1693 1746 1765 religiosi
1769 1694 1868 1749 Dei
1891 1695 2116 1759 famuli,
2139 1700 2492 1768 extensaque
2508 1713 2645 1751 voce
2667 1696 3087 1752 acclamantes:
3114 1698 3428 1754 Benedictus
3446 1698 3543 1769 qui

189 1795 230 1851 5
268 1795 419 1851 venit
451 1796 511 1849 in
540 1794 762 1848 nomine
790 1793 1033 1861 Domini,
1056 1796 1167 1846 etc.
1200 1792 1411 1863 Sicque
1433 1808 1567 1846 cum
1591 1794 1792 1847 eodem
1819 1793 2091 1863 pontifice
2114 1792 2238 1865 ipse
2260 1810 2357 1848 rex
2379 1793 2673 1865 simulque
2696 1811 2898 1849 omnes
2920 1794 3197 1867 episcopi,
3222 1796 3461 1851 abbates
3485 1800 3542 1850 et

257 1893 516 1966 judices,
534 1895 590 1948 et
607 1890 861 1946 universi
881 1889 1083 1946 Franci
1103 1888 1201 1961 qui
1220 1906 1353 1945 cum
1374 1906 1439 1944 co
1455 1890 1829 1960 advenerant,
1852 1891 1922 1944 ad
1942 1891 2365 1946 confessionem
2384 1892 2533 1947 beati
2551 1892 2700 1947 Petri
2722 1893 3280 1965 appropinquantes,
3299 1910 3544 1965 seseque

268 2007 488 2065 pronos
504 1989 721 2045 ibidem
740 1992 1174 2061 prosternentes
1191 1987 1305 2042 Deo
1324 1992 1521 2043 nostro
1541 1988 1925 2059 omnipotenti
1946 1988 2196 2043 eteidem
2218 1988 2617 2061 apostolorum
2637 1990 2823 2046 Princi
2832 1991 2889 2063 pi
2906 1990 3125 2063 gratias
3142 1991 3541 2047 reddiderunt.

268 2089 339 2144 Et
370 2088 509 2143 data
535 2104 571 2142 a
599 2085 873 2159 pradicto
904 2085 1058 2141 almo
1090 2084 1360 2157 pontifice
1393 2102 1568 2156 super
1605 2084 1886 2157 populum
1932 2087 2211 2156 oratione,
2246 2087 2318 2141 ab
2348 2086 2593 2142 ecclesia
2621 2088 2841 2159 pariter
2868 2106 3071 2143 omnes
3103 2089 3351 2161 regressi
3384 2092 3541 2143 sunt.

271 2186 480 2242 Postea
507 2200 639 2240 vero
691 2183 988 2239 continuis
1020 2182 1227 2238 diebus
1258 2182 1642 2254 sequentibus
1681 2183 1877 2238 omnia
1909 2184 2249 2239 suburbana
2298 2184 2571 2256 pestifera
2620 2186 3016 2241 devastatione
3047 2190 3538 2258 compresserunt,

158 2285 231 2341 10
269 2299 559 2358 agrosque
579 2287 636 2338 et
655 2287 900 2353 segetes,
924 2286 1099 2354 atque
1115 2286 1282 2354 prata
1298 2281 1467 2353 quasi
1486 2280 1804 2336 fulmineus
1826 2281 2078 2353 impetus
2102 2283 2537 2353 decerpserunt.
2562 2284 2711 2339 Dum
2732 2284 2856 2339 hac
2877 2286 3249 2356 gerebantur,
3269 2284 3393 2355 ipse
3409 2300 3541 2339 vero

269 2399 308 2439 a
327 2382 444 2438 Deo
466 2385 761 2455 protectus
780 2380 1037 2453 pontifex
1053 2397 1086 2435 a
1108 2379 1463 2452 quibusdam
1489 2379 1753 2434 audierat
1772 2380 1928 2450 quod
1953 2380 2009 2434 in
2032 2380 2182 2435 hanc
2208 2381 2663 2436 famosissimam
2687 2381 2899 2437 Urbem
2924 2382 3343 2454 hospitalitatis
3366 2398 3545 2436 causa

268 2479 513 2536 introire
544 2477 885 2544 voluissent,
920 2478 1021 2533 sed
1053 2477 1299 2532 munitis
1333 2476 1667 2548 clausisque
1694 2476 1878 2548 portis
1910 2482 1973 2532 ut
2004 2478 2165 2532 fieret
2196 2477 2438 2533 minime
2470 2479 2777 2534 concessit.

345 2577 502 2634 488
532 2576 836 2633 Dominico
866 2592 999 2631 vero
1030 2576 1124 2631 die
1156 2580 1433 2647 sequente
1464 2574 1524 2629 in
1553 2576 1757 2631 eadem
1789 2575 2072 2647 principis
2102 2576 2499 2647 apostolorum
2532 2577 2776 2632 basilica
2805 2594 3008 2633 omnes
3040 2576 3463 2649 archiepiscopi
3495 2580 3551 2632 et

274 2675 466 2733 sancti
494 2675 756 2743 abbates,
790 2678 847 2730 et
878 2691 1081 2729 omnes
1115 2674 1213 2745 qui
1247 2690 1382 2728 cum
1414 2691 1480 2727 eo
1502 2678 1779 2729 venerant
1803 2673 2005 2728 Franci
2030 2678 2168 2728 sunt
2194 2673 2553 2745 congregati,
2576 2691 2897 2747 omnesque
2922 2675 3136 2747 pariter
3157 2676 3553 2731 Romanorum

275 2772 504 2829 nobiles
518 2777 573 2828 et
590 2771 871 2845 praclari.
892 2772 1056 2826 Tunc
1073 2771 1365 2825 almiticus
1385 2771 1640 2841 pontifex
1659 2771 1933 2826 manibus
1951 2771 2074 2826 suis
2090 2772 2285 2842 ipsum
2304 2771 2684 2839 Ludovicum,
2708 2773 2963 2828 Lotbarii
2981 2773 3349 2845 imperatoris
3369 2772 3554 2826 filium

277 2868 404 2927 cleo
434 2875 636 2926 sancto
669 2886 1023 2942 perungens,
1059 2868 1238 2941 regali
1272 2886 1337 2923 ac
1371 2868 1796 2941 pretiosissima
1818 2869 2115 2924 coronavit
2134 2886 2368 2936 corona,
2392 2886 2707 2941 regemque
2728 2871 3129 2942 Longobardis
3151 2870 3436 2942 prafecit;
3461 2869 3554 2924 cui

200 2971 239 3027 5
278 2968 537 3042 regalem
566 2967 833 3023 tribuens
863 2966 1150 3039 gladium,
1186 2966 1352 3021 illum
1375 2967 1721 3038 subcingere
1743 2966 1946 3038 jussit.
1978 2966 2197 3022 Deinde
2229 2968 2547 3023 missarum
2581 2968 2970 3024 celebratione
2996 2968 3177 3035 finita,
3209 2968 3281 3023 ab
3313 2966 3558 3023 ecclesia

279 3083 487 3123 omnes
517 3082 652 3121 cum
685 3082 819 3137 rege
850 3064 1111 3119 laetantes
1134 3065 1382 3135 regressi
1415 3068 1572 3119 sunt.
1596 3064 1880 3135 Deinceps
1900 3080 2032 3119 vero
2055 3082 2158 3136 per
2185 3065 2309 3119 dies
2330 3064 2593 3135 singulos
2616 3065 2952 3120 conflictum
2975 3065 3194 3121 summi
3216 3063 3555 3119 certaminis

279 3181 417 3220 cum
450 3162 825 3220 sanctissimo
856 3162 1105 3235 praesule
1134 3163 1529 3233 omnibusque
1558 3161 1847 3233 episcopis
1878 3167 1935 3217 et
1964 3162 2347 3234 optimatibus
2384 3162 2601 3217 nostris
2635 3166 2808 3235 atque
2839 3162 3178 3235 proceribus
3208 3161 3333 3233 ipse
3364 3162 3553 3233 Drogo

278 3261 755 3333 archiepiscopus
786 3259 1063 3316 Metensis
1094 3260 1381 3329 Ecclesia,
1414 3261 1485 3314 de
1517 3276 1632 3331 quo
1666 3260 1938 3331 superius
1971 3259 2317 3315 memoriam
2350 3259 2616 3326 iecimus,
2642 3262 3045 3315 commovebat
3068 3265 3189 3315 tam
3219 3259 3344 3331 ipse
3373 3276 3553 3330 quam

280 3376 486 3417 omnes
515 3357 938 3430 archiepiscopi
966 3362 1023 3413 et
1042 3357 1299 3431 episcopi
1322 3357 1420 3430 qui
1453 3374 1588 3412 cum
1609 3374 1675 3412 eo
1702 3362 1904 3413 contra
1924 3357 2074 3412 banc
2099 3357 2486 3413 universalem
2519 3363 2576 3412 et
2596 3363 2773 3429 caput
2793 3361 3138 3413 cunctarum
3161 3356 3553 3413 Ecclesiarum

172 3459 245 3517 40
286 3456 385 3514 Dei
415 3457 544 3513 sine
576 3454 1007 3528 metropolitani
1048 3457 1423 3511 concessione
1472 3460 1648 3526 atque
1691 3454 1991 3510 vocatione
2038 3460 2463 3523 convenerant;
2496 3454 2553 3509 id
2586 3461 2676 3511 est
2724 3456 3035 3527 Gregorius
3085 3454 3558 3527 archiepiscopus

284 3555 557 3612 Ecclesia
590 3553 1007 3623 Ravennensis,
1033 3557 1090 3608 et
1108 3555 1494 3625 Angelbertus
1517 3554 1993 3626 archiepiscopus
2014 3553 2283 3609 Ecclesia
2306 3553 2776 3621 Mediolanensis,
2800 3555 3017 3626 Joseph
3038 3553 3348 3625 episcopus
3372 3552 3562 3608 Eccle-

284 3654 385 3710 sia
418 3650 865 3725 Eporecliensis,
898 3652 1123 3724 Aginus
1154 3651 1464 3723 episcopus
1512 3651 1780 3707 Ecclesia
1812 3651 2183 3717 Venorensis,
2215 3651 2543 3706 Almaricus
2593 3651 2860 3707 Ecclesia
2893 3652 3194 3708 Camensis
3227 3650 3558 3722 episcopus,

288 3750 702 3808 Hortchaudus
730 3748 999 3805 Ecclesia
1050 3749 1456 3817 Vercellensis,
1490 3749 1805 3821 Sigifridus
1843 3751 2154 3823 episcopus
2184 3749 2452 3804 Ecclesia
2486 3749 2809 3821 Regiensis,
2843 3749 3228 3822 Toringarius
3254 3748 3563 3821 episcopus

290 3847 562 3906 Ecclesia
580 3847 1043 3915 Concordiensis,
1062 3846 1401 3903 Odelvertus
1420 3847 1730 3919 episcopus
1748 3847 2017 3903 Ecclesia
2041 3847 2347 3919 Aquensis,
2364 3847 2711 3903 Ambrosius
2732 3847 3043 3920 episcopus
3061 3847 3327 3903 Ecclesia
3350 3848 3567 3901 Lucen-

186 3949 258 4006 15
295 3947 402 4014 sis,
424 3947 680 4002 Joannes
700 3944 1011 4017 episcopus
1032 3944 1299 4000 Ecclesia
1323 3945 1599 4011 Pisensis,
1621 3946 1825 4001 Petrus
1852 3945 2162 4017 episcopus
2185 3944 2453 4001 Ecclesia
2476 3945 2946 4012 Vollaterrensis,
2970 3947 3394 4018 Gausprandus
3414 3943 3566 4016 epis-

293 4060 479 4117 copus
507 4042 775 4099 Ecclesia
808 4042 1196 4109 Pistoriensis,
1229 4042 1432 4097 Cantio
1461 4043 1773 4115 cpiscopus
1804 4042 2070 4098 Ecclesia
2100 4043 2398 4110 Senensis,
2434 4043 2632 4115 Lupus
2664 4043 2975 4115 episcopus
2996 4044 3264 4100 Ecclesia
3289 4043 3564 4107 Textina,

296 4141 708 4199 Sisismundus
738 4141 1048 4214 episcopus
1078 4141 1346 4196 Ecclesia
1367 4140 1755 4213 Aprutiensis,
1781 4140 1911 4196 Pico
1936 4141 2244 4213 episcopus
2274 4141 2541 4197 Ecclesia
2565 4141 2953 4207 Scolancnsis,
2983 4141 3266 4197 Fratellus
3287 4140 3566 4211 cpicopus

294 4239 565 4296 Ecclesia
595 4239 1048 4306 Camerinensis,
1074 4239 1248 4295 Gisus
1278 4240 1587 4311 cpiscopus
1610 4238 1876 4294 Ecclesia
1900 4240 2204 4307 Firmana,
2232 4239 2575 4311 Racipertus
2597 4239 2905 4312 cpiscopus
2928 4238 3193 4295 Ecclesia
3216 4238 3567 4293 Nucerinen-

295 4338 400 4408 sis,
433 4338 726 4394 Amadeus
746 4338 1057 4411 episcopus
1080 4337 1408 4404 Pinnensis,
1434 4337 1694 4391 Donatus
1717 4336 2026 4408 episcopus
2048 4335 2314 4391 Ecclesia
2339 4336 2652 4404 Fesolana,
2678 4342 2734 4392 et
2754 4337 2963 4392 cateri.
2989 4340 3132 4393 Cum
3156 4337 3370 4409 quibus
3390 4335 3565 4391 etiam

180 4441 255 4496 20
290 4443 444 4494 Boso
462 4454 678 4506 comes,
701 4436 1014 4511 Adalgisus
1036 4453 1254 4503 comes,
1275 4436 1531 4491 Joannes
1554 4452 1769 4502 comes,
1792 4433 1981 4490 Vuldo
2004 4451 2220 4503 comes,
2241 4434 2577 4491 Vernardus
2600 4452 2814 4503 comes,
2844 4435 3126 4491 Wifridus
3153 4451 3369 4503 comes,
3394 4438 3569 4506 atque

295 4535 605 4593 Maurinus
632 4551 850 4604 comes,
883 4538 940 4591 et
968 4534 1156 4590 cateri
1188 4534 1404 4607 pariter
1433 4534 1881 4589 contendebant.

367 4634 515 4690 481
555 4634 665 4689 Sed
696 4632 895 4688 divina
918 4632 1106 4705 gratia
1136 4631 1480 4703 inspirante,
1505 4648 1609 4686 nec
1640 4647 1941 4687 sermones
1962 4631 2151 4702 ipsius
2176 4629 2314 4685 almi
2341 4629 2652 4702 pontiﬁcis,
2686 4648 2874 4703 neque
2905 4631 3277 4697 prudentiam
3299 4647 3575 4702 superare

293 4731 624 4788 valuerunt.
658 4731 961 4802 Tantaque
990 4729 1042 4785 ei
1073 4746 1328 4801 superna
1376 4730 1577 4783 aderat
1623 4729 1831 4794 virtus,
1866 4733 1931 4783 ut
1963 4727 2459 4800 nullus.sermone
2494 4745 2629 4783 eum
2662 4728 3009 4784 concludere
3040 4728 3125 4784 vel
3177 4728 3577 4800 constringere

299 4828 609 4902 potuisset.
634 4829 703 4884 Et
717 4828 790 4883 ab
806 4845 873 4884 eo
890 4826 1149 4900 superati
1171 4828 1390 4900 pudore
1411 4831 1467 4882 et
1487 4826 2034 4905 operticonfusione
2057 4826 2473 4881 discesserunt.
2496 4826 2658 4892 Quod
2676 4826 2958 4894 videntes,
2979 4842 3213 4882 omnem
3230 4824 3378 4880 iram
3401 4830 3576 4897 atque

303 4927 667 4982 ferocitatem
701 4942 879 4998 quam
910 4924 969 4981 in
1003 4925 1300 4980 mentibus
1333 4925 1739 4989 observabant,
1771 4924 1930 4979 omni
1964 4924 2135 4978 modo
2167 4924 2584 4994 deposuerunt.
2618 4923 2720 4978 His
2752 4923 2931 4994 igitur
2960 4924 3211 4995 peractis
3241 4940 3274 4978 a
3304 4922 3576 4994 pradicto

226 5027 265 5082 5
302 5023 747 5099 postulaverunt
775 5023 1068 5096 pontiﬁce,
1103 5026 1167 5077 ut
1191 5039 1395 5078 omnes
1427 5023 1705 5094 primates
1739 5021 1987 5077 Romani
2020 5021 2356 5076 fidelitatem
2387 5019 2501 5092 ipsi
2534 5022 2823 5077 Ludovico
2858 5022 2976 5094 regi
3008 5038 3112 5094 per
3142 5024 3576 5076 sacramentum

301 5122 737 5197 promitterent.
770 5121 933 5187 Quod
964 5119 1461 5193 prudentissimus
1489 5120 1745 5193 pontifex
1775 5120 1898 5175 fieri
1929 5136 2302 5190 nequaquam
2331 5120 2638 5186 concessit,
2664 5121 2762 5174 sed
2796 5120 2879 5174 sic
2910 5136 3079 5175 orsus
3109 5124 3199 5174 est
3227 5117 3373 5174 illis:
3408 5118 3574 5185 Quia,

303 5219 355 5277 si
374 5218 553 5275 vultis
584 5218 838 5294 Domino
854 5218 1125 5275 Lothario
1148 5234 1360 5291 magno
1383 5218 1717 5289 imperatori
1741 5218 1849 5273 hoc
1873 5220 2307 5272 sacramentum
2335 5220 2396 5271 ut
2418 5216 2635 5272 faciant
2664 5216 3054 5285 solummodo,
3078 5217 3379 5271 consentio
3405 5219 3581 5287 atque

305 5317 599 5390 permitto.
632 5317 781 5373 Nam
800 5317 1083 5373 Ludovico
1105 5317 1233 5388 ejus
1255 5316 1374 5371 ﬁlio
1398 5320 1463 5370 ut
1481 5315 1588 5372 hoc
1606 5320 1936 5388 peragatur,
1963 5332 2067 5369 nec
2084 5331 2189 5387 ego
2213 5331 2317 5369 nec
2340 5313 2532 5369 omnis
2556 5316 2947 5369 Romanorum
2970 5313 3246 5370 nobilitas
3269 5313 3578 5369 consentit.

377 5414 533 5471 488
565 5415 731 5470 Tunc
762 5415 1000 5470 demum
1032 5414 1091 5468 in
1137 5414 1339 5469 eadem
1371 5412 1616 5469 ecclesia
1644 5414 1914 5469 sedentes
1958 5412 2174 5484 pariter
2204 5416 2323 5466 tam
2357 5411 2735 5467 beatissimus
2776 5412 3053 5484 pontifex,
3106 5429 3283 5484 quam
3334 5428 3587 5484 magnus

291 5530 428 5581 rex,
461 5517 518 5569 et
545 5530 751 5569 omnes
778 5512 1200 5584 archiepiscOpi
1230 5516 1405 5584 atque
1435 5512 1713 5583 episcopi,
1746 5512 2039 5567 stantibus
2063 5509 2304 5582 reliquis
2327 5509 2728 5565 sacerdotibus
2750 5516 2806 5565 et
2828 5512 3226 5567 Romanorum
3248 5527 3315 5565 ac
3339 5511 3590 5566 Franco-

309 5628 444 5666 rum
475 5609 885 5683 optimatibus,
917 5610 1255 5665 ﬁdelitatem
1290 5609 1561 5665 Lothario
1586 5626 1795 5681 magno
1820 5608 2155 5679 imperatori
2180 5626 2411 5678 semper
2429 5610 2692 5679 Augusto
2719 5609 3136 5678 promiserunt.
3165 5609 3441 5665 Posthac
3462 5626 3594 5665 vero

310 5709 475 5765 Ebbo
507 5708 750 5781 quidam
780 5711 837 5763 et
867 5707 1329 5762 Bartholomaus
1352 5706 1796 5777 archiepisc0pi,
1822 5706 1922 5777 qui
1952 5724 2053 5777 pro
2083 5705 2429 5759 criminibus
2462 5706 2586 5760 suis
2618 5706 2824 5777 privati
2860 5706 3078 5763 honore
3102 5708 3173 5762 ab
3198 5707 3458 5763 Ecclesia
3482 5709 3599 5762 fuc-

236 5809 274 5863 5
310 5810 445 5863 rant
472 5804 721 5878 expulsi,
754 5821 789 5860 a
807 5804 1181 5860 sanctissimo
1201 5805 1475 5876 pontiﬁce
1500 5804 1878 5877 postulabant
1896 5808 1959 5858 ut
1978 5821 2076 5858 eos
2099 5802 2469 5858 reconciliare
2491 5822 2555 5858 ac
2582 5803 2822 5875 pallium
2842 5805 2925 5860 eis
2949 5805 3204 5861 tribuere
3226 5806 3589 5879 dignaretur,

313 5905 469 5971 Quos
501 5902 679 5958 etiam
708 5900 864 5955 idem
898 5900 1107 5972 prasul
1132 5917 1235 5955 nec
1258 5902 1733 5956 communionem
1758 5901 1910 5955 inter
1931 5901 2149 5955 clerum
2175 5902 2383 5972 dignos
2405 5918 2528 5955 esse
2553 5903 2847 5974 suscipere
2872 5904 3121 5971 dicebat,
3147 5904 3248 5959 sed
3274 5904 3423 5958 inter
3444 5918 3599 5957 com.

313 6016 559 6058 munem
589 5999 873 6073 populum
921 5998 1394 6055 communicandi
1426 5998 1721 6055 licentiam
1766 5999 2175 6054 tantummodo
2227 5998 2527 6054 haberent.
2567 6000 2673 6055 Per
2704 6000 2855 6055 idem
2905 6006 3141 6074 tempus
3173 6017 3309 6056 cum
3342 6015 3440 6053 rex
3468 5997 3592 6066 ipse

314 6099 649 6159 Ludovicus
679 6099 875 6157 Roma
916 6098 1166 6170 degeret,
1200 6096 1539 6169 Siginolfus,
1590 6097 2129 6156 Beneventanorum
2186 6097 2479 6171 princeps,
2510 6116 2724 6171 magno
2767 6118 2902 6157 cum
2933 6100 3185 6158 exercitu
3223 6099 3466 6155 Romam
3495 6108 3585 6147 ves
