3924 6432
326 311 484 376 1299
1481 313 1874 378 ANASTASI

2210 311 2606 377 THECARII.
3599 311 3759 376 1300

468 448 558 504 nit
580 448 679 520 (α).
698 449 880 516 Quem
903 463 1038 504 cum
1064 446 1378 520 praedictus
1401 465 1500 504 rex
1518 446 1837 504 honorifice
1858 447 2203 520 sucepisset,
2229 447 2428 504 omnia
2447 464 2552 521 pro
2576 446 2793 521 quibus
2814 450 3052 504 venerat
3070 445 3182 520 ipsi
3205 446 3504 504 indicavit.
3527 446 3632 504 Cui
3659 464 3760 505 rex

365 547 434 601 10
471 546 726 619 gratanti
755 545 951 602 animo
973 545 1261 618 quidquid
1284 546 1596 618 quaesierat
1615 546 1824 602 tribuit
1849 550 2025 618 atque
2050 545 2359 602 concessit.
2385 546 2455 601 Et
2479 563 2616 602 cum
2641 544 2820 602 simul
2846 544 3073 612 Franci,
3098 545 3463 619 Longobardi
3487 563 3553 602 ac
3576 547 3760 604 Bene-

468 643 703 699 ventani
735 642 1066 716 congregati
1102 643 1372 710 fuissent,
1400 643 1552 698 facta
1580 647 1669 699 est
1697 643 1908 716 ingens
1937 642 2136 716 populi
2166 643 2504 713 multitudo,
2537 643 2621 700 ita
2645 647 2709 699 ut
2731 660 2799 697 ex
2821 642 2981 700 omni
3012 648 3173 717 parte
3195 644 3381 700 Roma
3395 643 3761 702 circumdata

467 742 788 798 videretur:
814 758 1066 814 quorum
1090 740 1467 797 multitudine
1489 740 1689 797 omnia
1709 746 1837 798 sata
1857 741 2047 798 deleta
2063 746 2222 798 sunt.
2249 742 2378 814 Ipse
2397 757 2532 798 vero
2553 739 2875 815 Siginolfus
2892 742 3118 798 ardenti
3139 746 3370 816 pectore
3392 743 3757 816 praecipuum

469 839 843 895 desiderabat
871 839 1066 895 videre
1107 839 1466 913 pontificem,
1499 843 1556 896 et
1585 840 1658 896 ab
1689 857 1756 896 eo
1786 839 2253 896 benedictionem
2286 839 2562 912 recipere.
2596 839 2780 897 Ouem
2811 838 3022 912 praesul
3056 855 3190 895 cum
3222 839 3598 913 suscepisset,
3633 839 3759 898 solo

471 940 804 1010 prostratus
851 937 1140 1010 pretiosos
1187 937 1374 1010 ipsius
1418 938 1597 1010 pedes
1654 936 1956 994 humiliter
2001 936 2244 994 osculat‘
2278 954 2307 994 s
2337 942 2446 1006 est,
2479 941 2538 994 et
2568 937 2640 994 ab
2671 953 2738 994 eo
2770 935 3173 994 benedietione
3204 941 3478 1011 suscepta
3503 937 3576 994 ab
3627 939 3760 1010 ejus

363 1034 432 1090 15
469 1040 786 1106 conspectu
818 1034 1093 1091 alacriter
1121 1035 1237 1092 Deo
1268 1034 1487 1108 gratias
1517 1037 1774 1092 referens
1805 1051 2108 1109 regressus
2137 1040 2244 1092 est.

539 1133 698 1190 489
731 1132 832 1188 His
864 1133 1141 1190 omnibus
1172 1133 1374 1204 finitis,
1407 1133 1534 1206 ipse
1563 1132 2093 1190 excellentissimus
2123 1151 2222 1190 rex
2253 1133 2583 1190 Ludovicus
2607 1131 2802 1206 ampla
2823 1149 2959 1189 cum
2988 1131 3190 1189 laetitia
3219 1131 3456 1206 Papiam
3489 1149 3762 1191 reversus

469 1235 582 1297 est,
616 1231 716 1286 ubi
749 1232 822 1287 ab
853 1232 1087 1288 exordio
1118 1231 1484 1305 principatus
1509 1231 1602 1287 sui
1635 1229 1870 1287 culmen
1903 1233 2157 1305 regebat.
2187 1233 2352 1288 Tunc
2385 1248 2517 1288 vero
2549 1231 2663 1286 lazti
2686 1248 2891 1287 omnes
2913 1247 3047 1286 cum
3071 1230 3426 1304 conjugibus
3447 1247 3512 1286 ac
3532 1229 3766 1303 liberie,

469 1335 710 1384 senatus
742 1330 1111 1402 populusque
1143 1330 1444 1386 Romanus
1471 1334 1594 1385 tam
1627 1329 1848 1402 ingenti
1880 1334 2040 1401 peste
2071 1328 2323 1401 liberati,
2357 1334 2414 1386 et
2445 1347 2480 1385 a
2500 1331 2647 1402 jugo
2677 1327 2993 1402 tyrannica:
3024 1327 3416 1384 immanitatis
3447 1328 3760 1402 redempti,

471 1419 915 1475 sanctissimum
950 1419 1220 1492 Sergium
1255 1418 1565 1492 preesulem
1597 1417 1758 1474 velut
1787 1417 1998 1475 salutis
2029 1424 2236 1475 auctor
2272 1435 2332 1474 m
2363 1435 2430 1475 ac
2461 1419 2863 1474 restitutorem
2896 1418 3059 1492 pacis
3079 1417 3528 1474 venerabantur.
3557 1416 3660 1474 Ille
3681 1422 3767 1474 ta-

394 1515 431 1570 5
471 1532 605 1572 men
638 1533 755 1573 non
776 1534 895 1573 sua:
917 1515 1120 1572 virtuti
1146 1533 1268 1573 rem
1293 1521 1542 1590 gestam,
1568 1517 1668 1572 sed
1687 1515 1885 1572 divino
1907 1516 2138 1572 muneri
2160 1517 2502 1590 deputabat.
2527 1517 2659 1574 Jam
2682 1515 2820 1587 quia
2839 1515 3045 1590 lingua
3069 1518 3283 1572 cuncta
3303 1532 3430 1588 quae
3455 1515 3640 1588 gessit
3659 1532 3766 1588 per

470 1613 736 1669 ordinem
763 1614 1052 1687 explicare
1083 1631 1196 1670 non
1229 1613 1520 1687 praevalet,
1554 1618 1928 1670 transeamus
1959 1615 2032 1670 ad
2063 1632 2132 1671 ea
2161 1631 2288 1688 qua:
2319 1614 2378 1670 in
2411 1613 2634 1670 sanctis
2664 1614 2812 1671 locis
2856 1611 3092 1680 obtulit,
3122 1617 3182 1669 et
3209 1612 3461 1669 breviter
3488 1629 3766 1670 enarrare

472 1710 836 1769 inchoemus.
872 1713 934 1768 In
966 1712 1156 1786 primo
1189 1712 1428 1786 quidem
1461 1712 1839 1786 pontificatus
1869 1713 1960 1770 sui
1991 1713 2228 1770 exordio
2255 1729 2508 1786 superno
2525 1729 2724 1770 amore
2745 1711 3129 1768 exardescens
3156 1710 3214 1766 in
3241 1709 3485 1766 basilica
3505 1709 3770 1768 Salvato‘

469 1808 573 1876 ris,
606 1827 734 1882 qua:
765 1810 1250 1867 Constantiniana
1277 1815 1540 1877 vocatur,
1575 1811 1734 1867 mirae
1767 1811 2224 1884 pulchritudinis
2258 1828 2410 1884 opus
2436 1809 2704 1884 explevit.
2738 1811 2885 1867 Nam
2917 1809 3210 1865 ambitum
3237 1807 3388 1865 sacri
3409 1805 3634 1878 altaris,
3658 1806 3766 1880 qui

467 1907 721 1963 strictim
755 1907 814 1962 in
846 1923 916 1964 ea
946 1909 1137 1964 fuerat
1165 1907 1310 1964 olim
1340 1914 1734 1977 constructus,
1761 1907 2068 1982 largiorem
2094 1908 2330 1982 proprio
2351 1908 2532 1981 digito
2558 1907 2878 1981 designans
2897 1925 2932 1964 a
2951 1905 3352 1962 fundamentis
3373 1905 3618 1979 perfecit
3637 1904 3768 1978 pul-

363 2005 433 2060 10
469 2004 539 2060 ch
550 2004 744 2078 risque
765 2004 1056 2062 columnis
1074 2022 1209 2062 cum
1234 2006 1630 2062 marmoribus
1652 2007 1904 2078 desuper
1925 2005 1982 2061 in
2000 2021 2140 2078 gyro
2163 2005 2410 2079 sculptis
2431 2005 2735 2078 splendide
2757 2004 3070 2062 decoravit.
3095 2003 3202 2060 Ubi
3227 2020 3385 2060 nunc
3409 2019 3576 2060 sacra
3589 2001 3764 2075 plebs

468 2101 528 2158 in
561 2102 1134 2159 administrationem
1166 2102 1318 2159 sacri
1349 2102 1588 2176 largiter
1634 2102 1903 2159 consistit
1943 2101 2144 2158 ofﬁcii.
2179 2105 2304 2170 Quo
2335 2102 2582 2176 expleto,
2615 2102 2740 2176 ipse
2789 2102 3084 2160 almiﬁcus
3128 2101 3384 2175 pontifex
3416 2118 3520 2174 pro
3553 2101 3766 2158 decore

469 2203 645 2272 atque
672 2205 883 2256 ornatu
928 2201 1106 2272 bujus
1140 2200 1400 2273 praeclari
1431 2200 1625 2273 operis
1657 2201 1716 2256 in
1745 2201 1953 2258 eadem
1998 2199 2244 2256 basilica
2287 2199 2501 2257 obtulit
2529 2201 2656 2257 vela
2685 2201 2820 2256 alba
2850 2199 3172 2256 holoserica
3199 2199 3408 2273 vigiuti
3439 2202 3648 2255 ornata
3699 2199 3764 2254 in

469 2297 718 2354 circuitu
751 2299 822 2354 de
842 2299 1108 2354 fundato.
1133 2297 1416 2354 Similiter
1437 2303 1494 2354 et
1513 2297 1627 2354 alia
1655 2298 1726 2354 de
1753 2299 1996 2354 fundato
2015 2297 2183 2355 valde
2206 2297 2429 2372 optima
2449 2297 2656 2372 viginti
2679 2302 2884 2355 ornata
2905 2297 2962 2353 in
2986 2297 3237 2354 circuitu
3255 2297 3328 2354 de
3345 2296 3620 2354 blatthin.
3643 2295 3736 2353 Ub

468 2396 645 2452 etiam
678 2397 1107 2452 confessronem
1142 2395 1450 2452 miriﬁcam
1485 2395 1716 2452 Christo
1775 2401 2122 2470 cooperante
2169 2395 2517 2463 construxit,
2550 2400 2607 2452 et
2637 2396 2930 2469 argenteis
2964 2394 3181 2451 tabulis
3212 2412 3474 2468 auroque
3506 2393 3765 2468 perfusis

364 2494 432 2548 15
470 2492 690 2565 fulgide
721 2493 994 2565 compsit,
1047 2510 1222 2565 quam
1257 2493 1510 2566 propriis
1552 2493 1830 2549 manibus
1871 2510 2246 2560 consecrans,
2279 2492 2336 2549 in
2369 2510 2438 2550 ea
2477 2493 2757 2566 reliquias
2789 2493 3006 2566 posuit.
3042 2493 3112 2548 Et
3144 2492 3304 2549 aliud
3337 2493 3578 2566 quidem
3610 2508 3770 2566 opus

469 2594 603 2646 ante
629 2591 781 2646 fores
813 2590 992 2661 hujus
1022 2591 1362 2646 veneranda:
1391 2589 1644 2646 basilica
1665 2589 1832 2646 valde
1854 2590 2146 2664 optimum
2171 2591 2420 2664 peregit:
2446 2590 2584 2664 quia
2605 2607 2771 2646 sacra
2789 2590 3040 2663 pridem,
3066 2607 3191 2663 quae
3215 2588 3478 2646 latebant
3497 2589 3765 2664 populis,

465 2686 672 2742 limina
701 2705 935 2743 summo
968 2687 1162 2744 studio
1189 2687 1466 2744 omnibus
1489 2687 1800 2744 manifesta
1817 2688 2142 2757 constituit,
2176 2705 2310 2744 cum
2330 2688 2572 2763 pulchre
2597 2689 2837 2745 decoros
2860 2687 3078 2745 ibidem
3101 2703 3274 2744 arcus
3298 2705 3332 2744 a
3353 2687 3767 2744 fundamentis

471 2789 856 2852 construeret,
885 2803 1033 2858 quos
1063 2785 1239 2842 etiam
1271 2785 1448 2842 variis
1477 2785 1724 2858 picturis
1755 2786 1936 2842 nitide
1967 2787 2278 2844 decoravit.

543 2885 699 2940 490
729 2884 860 2956 Ipse
886 2901 1020 2939 vero
1052 2903 1084 2940 a
1121 2886 1230 2940 Deo
1254 2889 1554 2956 protectus
1585 2889 1644 2940 et
1675 2883 1991 2956 praeclarus
2020 2883 2278 2957 pontifex
2301 2901 2403 2958 pro
2436 2884 2692 2940 remedio
2711 2889 2767 2939 et
2791 2883 2988 2940 futura
3010 2883 3220 2940 anima;
3236 2901 3354 2939 suae
3377 2882 3771 2940 retributione

471 2997 766 3038 cameram
819 2981 1088 3054 praesepii
1129 2981 1362 3037 Domini
1410 2981 1594 3037 nostri
1632 2981 1772 3038 Jesu
1805 2981 2042 3053 Christi,
2074 2982 2229 3055 quod
2261 2981 2515 3038 basilicae
2563 2983 2745 3037 beatze
2778 2981 2877 3037 Dei
2921 2980 3232 3038 Genitricis
3265 2981 3516 3036 dominae
3546 2985 3768 3039 nostris

470 3080 856 3146 connectitur,
889 3097 1015 3152 qua:
1049 3081 1234 3150 Major
1263 3080 1334 3135 ab
1367 3079 1645 3136 omnibus
1665 3085 2062 3152 nuncupatur,
2088 3080 2382 3152 argenteis
2404 3079 2620 3136 tabulis
2642 3096 2708 3135 ac
2729 3077 3046 3145 deauratis,
3069 3077 3426 3135 habentibus
3447 3077 3764 3135 historiam

470 3177 648 3233 beatae
682 3179 780 3234 Dei
815 3177 1124 3235 Genitricis
1159 3177 1372 3250 Mariae,
1398 3177 1709 3251 magnifice
1740 3183 1913 3252 atque
1945 3179 2233 3251 praecipue
2257 3177 2620 3251 porornavit:
2658 3177 2811 3250 quod
2840 3176 3038 3232 nullus
3063 3177 3406 3250 pontificum
3433 3194 3534 3250 per
3555 3181 3643 3234 tot
3662 3195 3770 3233 an-

360 3277 397 3330 5
435 3294 645 3332 norum
676 3276 969 3332 curricula
998 3277 1068 3332 ad
1103 3276 1248 3332 tanti
1285 3276 1510 3332 decoris
1542 3275 1795 3348 speciem
1829 3277 2144 3350 perducere
2174 3277 2490 3332 arbitratus
2521 3279 2628 3331 cst.
2663 3275 2765 3331 Hic
2786 3292 2918 3330 vero
2950 3274 3184 3347 praesul,
3218 3292 3352 3331 cum
3383 3275 3455 3331 de
3475 3275 3759 3334 omnibus

470 3374 732 3430 ecclesiis
763 3374 1008 3430 sollicite
1039 3392 1239 3430 curam
1265 3379 1508 3447 gereret,
1539 3375 1715 3430 etiam
1747 3373 2053 3430 basilicam
2085 3375 2238 3430 santi
2267 3373 2637 3447 Archangeli,
2667 3391 2795 3446 quae
2818 3373 2878 3429 in
2899 3373 3204 3429 cacumine
3227 3372 3510 3445 Fajini(b)
3534 3373 3759 3429 montis

468 3477 558 3528 est
581 3473 922 3540 constituta,
943 3472 1252 3546 largiorem
1276 3489 1452 3544 quam
1475 3473 1701 3545 pridem
1727 3473 1914 3528 fuerat
1933 3490 1969 3528 a
1987 3472 2387 3528 fundamentis
2407 3472 2745 3544 perfecit,ac
2768 3470 3138 3528 radiantibus
3159 3469 3405 3544 picturis
3427 3469 3763 3527 luculenter

468 3570 628 3643 pingi
643 3572 848 3643 jussit,
873 3589 938 3626 ac
966 3575 1158 3626 sarcta
1183 3576 1335 3626 tecta
1355 3571 1483 3642 ejus
1506 3570 1730 3626 noviter
1751 3569 2118 3626 restauravit.
2140 3570 2246 3626 Ubi
2270 3575 2327 3626 et
2344 3569 2558 3626 obtulit
2579 3574 2766 3625 vestes
2783 3569 2854 3625 de
2875 3568 3092 3625 imizilo
3115 3574 3384 3642 quatuor,
3409 3567 3682 3624 similiter
3699 3573 3759 3626 et

467 3667 592 3724 vela
610 3674 882 3740 quatuor.
906 3669 1032 3741 Ipse
1047 3685 1180 3723 vero
1199 3667 1490 3723 almificus
1506 3673 1563 3724 et
1580 3667 1958 3724 beatissimus
1975 3685 2127 3741 papa
2145 3667 2408 3723 scholam
2430 3671 2762 3736 cantorum,
2781 3684 2911 3740 quae
2928 3666 3154 3740 pridem
3175 3665 3757 3740 Orphanotrophium

364 3767 431 3821 10
469 3767 945 3832 vocabatur,cum
977 3783 1093 3838 pra:
1124 3765 1308 3822 nimia
1327 3769 1614 3822 vetustate
1636 3781 1783 3838 pene
1802 3765 1860 3820 in
1882 3766 2115 3822 rvinam
2139 3765 2329 3839 posita
2351 3769 2525 3838 atque
2547 3766 2846 3821 confracta
2867 3765 3180 3834 videretur,
3207 3763 3307 3820 Dei
3330 3768 3624 3821 annuente
3644 3763 3757 3820 cle'

468 3863 709 3934 mentia,
741 3881 776 3919 a
807 3863 1207 3920 fundamentis
1237 3863 1297 3918 in
1333 3863 1632 3920 meliorem
1667 3868 1733 3919 ut
1753 3863 1895 3919 olim
1919 3866 2108 3920 fuerat
2128 3867 2347 3919 statum
2380 3862 2603 3920 noviter
2629 3861 2998 3919 restauravit.
3026 3863 3172 3921 Nam
3195 3867 3251 3919 et
3271 3861 3575 3918 basilicam
3599 3861 3754 3918 beati

468 3959 714 4016 Romani
750 3962 1041 4034 martyris,
1075 3979 1204 4034 qua:
1236 3978 1350 4018 non
1384 3961 1556 4034 longe
1586 3962 1659 4017 ab
1692 3961 1844 4018 Urbe
1876 3961 2017 4016 foris
2047 3966 2216 4034 porta
2237 3959 2465 4017 Salaria
2493 3960 2608 4016 sita
2639 3965 2746 4028 est,
2781 3977 2816 4016 a
2845 3959 3246 4016 fundamentis
3275 3960 3535 4032 perfecit,
3569 3976 3751 4032 quam

467 4057 643 4114 etiam
679 4058 849 4114 titulo
881 4063 1220 4114 sanctorum
1253 4057 1516 4115 Silvestri
1548 4062 1605 4114 et
1635 4057 2239 4130 Martini'parocbiam
2271 4074 2398 4114 esse
2429 4057 2704 4114 decrevit.
2739 4057 2897 4114 Fecit
2927 4061 3122 4113 autem
3155 4062 3214 4114 et
3234 4056 3540 4114 basilicam
3562 4056 3752 4113 sancti

467 4155 755 4212 Theodori
792 4157 1085 4228 martyris,
1121 4173 1248 4228 quae
1279 4155 1338 4210 in
1391 4155 1629 4212 Coranis
1660 4155 1887 4211 videtur
1914 4155 2134 4211 finibus
2182 4155 2374 4228 posita
2419 4154 2693 4211 milliario
2721 4154 2793 4210 ab
2824 4155 2968 4211 urbe
2997 4155 3184 4211 Roma
3211 4153 3535 4228 trigesimo,
3567 4170 3749 4228 quam

363 4255 430 4310 t5
467 4254 644 4310 etiam
678 4253 983 4326 splendide
1014 4253 1261 4326 picturis
1292 4252 1653 4326 fulgentibus
1684 4253 1996 4309 decoravit.

537 4353 685 4408 49]
725 4351 880 4408 Fecit
911 4356 1104 4408 autem
1138 4351 1197 4407 in
1231 4350 1474 4407 basilica
1503 4349 1656 4406 beati
1682 4350 1834 4407 Petri
1875 4350 2123 4424 apostoli
2157 4356 2374 4406 vestem
2411 4351 2481 4406 de
2510 4349 2906 4423 chrysoclavo,
2931 4349 3242 4407 habentem
3264 4351 3323 4407 in
3347 4350 3540 4408 medio
3559 4349 3746 4407 Salvae

465 4449 610 4506 toris
637 4449 916 4522 efﬁgiem,
946 4453 1003 4505 et
1023 4450 1225 4506 dextra
1254 4449 1512 4521 lmvaque
1533 4449 1662 4522 ejus
1692 4448 1955 4504 omnium
1988 4453 2326 4504 sanctorum
2351 4448 2748 4521 apostolorum
2771 4447 3080 4504 rutilantes
3103 4449 3343 4522 figuras,
3367 4465 3547 4522 quam
3569 4449 3744 4504 etiam

467 4547 908 4621 pretiosissimis
937 4547 1188 4620 gemmis
1210 4548 1464 4620 prasinis
1489 4553 1546 4604 et
1564 4547 1960 4622 hyacinthinis
1983 4547 2333 4620 perornavit.
2364 4548 2544 4620 Igitur
2564 4563 2938 4621 summopere
2961 4551 3408 4604 consummatus
3430 4547 3556 4620 ipse
3576 4564 3611 4602 a
3631 4546 3746 4603 Deo

466 4651 766 4718 protectus
793 4651 851 4702 et
882 4645 1260 4702 beatissimus
1292 4663 1464 4719 papa,
1499 4645 1594 4718 pia
1625 4645 1930 4701 devotione
1954 4644 2242 4701 sollicitus
2266 4662 2370 4718 pro
2394 4645 2766 4702 desiderabili
2791 4644 3102 4701 dilectione
3124 4650 3460 4700 sanctorum
3485 4643 3745 4700 Silvestri

391 4742 428 4798 5
464 4747 521 4797 et
550 4741 778 4797 Martini
811 4741 1139 4811 ecclesiam,
1174 4760 1302 4815 quae
1332 4747 1534 4800 sancto
1566 4759 1766 4798 eorum
1801 4742 1991 4798 fuerat
2021 4742 2244 4798 nomini
2279 4749 2637 4811 consecrata,
2670 4761 2849 4817 quam
2903 4743 2975 4799 ab
3017 4742 3252 4799 exordio
3299 4742 3609 4799 sacerdotii
3654 4741 3748 4799 sui

466 4855 774 4912 usquequo
805 4840 875 4895 ad
910 4840 1286 4912 pontificatus
1317 4839 1548 4896 culmen
1581 4840 1870 4896 deductus
1901 4844 1991 4896 est
2019 4845 2256 4896 strenue
2285 4842 2649 4914 gubernavit,
2674 4846 2731 4897 et
2760 4858 2864 4915 per
2885 4840 3105 4897 olitana
3125 4845 3388 4914 tempora
3410 4840 3634 4896 defecta
3654 4856 3747 4896 ve-

465 4941 683 4993 tustate
717 4941 1045 4992 marcuerat
1077 4937 1379 5010 ruinisque
1411 4939 1708 4994 confracta
1736 4937 1836 4993 diu
1870 4936 2200 5010 antiquitus
2230 4937 2484 4994 lacerata
2517 4939 2812 5006 manebat,
2849 4938 2950 4995 Dei
2991 4944 3289 4996 annuente
3319 4937 3651 5007 clementia,
3686 4937 3744 4994 in

464 5033 762 5089 meliorem
797 5033 1310 5107 pulchrioremque
1341 5039 1559 5091 statum
1591 5053 1625 5091 a
1656 5035 2057 5091 fundamentis
2088 5036 2347 5108 perfecit.
2384 5035 2664 5092 Absidam
2688 5053 2922 5110 quoque
2945 5037 3133 5110 ipsius
3157 5035 3350 5093 aureis
3371 5035 3600 5091 musivo
3623 5052 3750 5108 per-

466 5131 596 5186 fuso
628 5131 923 5186 coloribus
954 5131 1174 5203 ingenti
1206 5150 1404 5188 amore
1437 5133 1717 5206 depinxit.
1753 5135 1819 5189 Et
1849 5135 1918 5188 ad
1951 5133 2233 5189 honorem
2266 5133 2686 5206 omnipotentis
2717 5134 2840 5200 Dei,
2873 5135 3258 5206 ejusdemque
3281 5131 3605 5188 beatissimi
3636 5131 3745 5188 Sil-

359 5229 426 5282 10
465 5227 638 5283 vestri
673 5228 958 5300 praesulis,
994 5247 1204 5300 corpus
1227 5248 1361 5287 cum
1383 5232 1724 5287 beatissimo
1753 5231 2002 5287 Fabiano
2025 5237 2201 5303 atque
2225 5231 2541 5304 Stephano,
2565 5237 2622 5286 et
2644 5233 2844 5288 Sotere
2871 5231 3230 5305 martyribus
3255 5247 3323 5286 ac
3346 5229 3743 5303 pontificibus,

465 5324 761 5397 simulque
777 5327 1002 5382 Asterie
1025 5333 1276 5400 martyre
1297 5345 1430 5384 cum
1456 5329 1858 5386 sacratissima
1878 5329 1996 5385 ﬁlia
2017 5330 2166 5401 ejus,
2192 5335 2510 5404 sanctoque
2531 5330 2768 5403 Cyriaco
2789 5335 2844 5384 et
2869 5329 3090 5394 Mauro,
3114 5329 3299 5402 Largo
3320 5333 3373 5384 et
3399 5328 3742 5402 Smaragdo,

465 5427 639 5494 atque
667 5424 976 5479 Anastasio
1009 5429 1065 5480 et
1099 5425 1433 5480 Innocentio
1464 5426 1862 5498 pontificibus,
1898 5445 2016 5483 una
2043 5443 2178 5482 cum
2213 5432 2416 5482 sancto
2450 5427 2689 5494 Quirino
2727 5444 2793 5483 ac
2826 5427 3014 5484 Leone
3045 5426 3358 5500 episcopis,
3390 5425 3612 5498 pariter
3642 5429 3744 5480 Ar-

466 5516 707 5584 thcmio,
742 5519 1053 5585 Nicandro,
1087 5521 1498 5578 Crescentiano
1531 5523 1908 5596 martyribus,
1942 5541 2078 5579 cum
2111 5524 2330 5596 quibus
2363 5525 2536 5580 beata
2567 5525 2768 5582 Sotere
2797 5529 2974 5597 atque
3006 5523 3268 5591 Paulina,
3304 5539 3528 5579 necnon
3564 5524 3745 5579 Mem-

471 5610 607 5677 mia,
635 5613 870 5670 Julinna
901 5622 958 5671 et
988 5615 1252 5684 Quirilla,
1286 5619 1615 5690 'l‘hcopisle,
1667 5621 1886 5692 Sophia
1933 5621 2261 5694 virginibus
2294 5627 2468 5694 atque
2499 5623 2878 5695 martyribus,
2911 5628 2968 5678 et
3021 5621 3192 5677 beata
3233 5619 3508 5687 Quiriaca
3548 5619 3741 5688 vidua,

365 5703 430 5754 15
466 5719 600 5757 cum
632 5707 762 5764 aliis
785 5711 985 5766 multis
1009 5728 1259 5784 quorum
1292 5714 1526 5768 nomina
1562 5715 1677 5770 Deo
1709 5717 1814 5772 soli
1851 5722 1990 5772 sunt
2017 5718 2270 5791 cognita,
2294 5723 2576 5791 utrosque
2599 5719 2712 5774 sub
2737 5735 2904 5774 sacro
2928 5716 3097 5774 altari
3118 5716 3398 5772 dedicans
3420 5715 3740 5773 collocavit.

539 5801 691 5856 402
725 5805 825 5859 llis
855 5806 1034 5878 igitur
1065 5808 1374 5878 magniﬁce
1422 5811 1692 5884 peractis,
1743 5817 1997 5887 gratanti
2047 5815 2244 5870 animo
2296 5821 2606 5888 menteque
2658 5815 2908 5872 sollicita
2937 5814 3149 5873 obtulit
3173 5813 3234 5870 in
3264 5815 3469 5870 eadem
3501 5813 3743 5870 ecclesia

467 5896 798 5961 perenniter
827 5901 945 5956 haec
977 5907 1406 5974 permanendaz
1443 5909 1709 5980 Regnum
1743 5929 1986 5968 aureum
2017 5912 2182 5968 valde
2213 5912 2710 5984 pretiosissimum
2741 5931 2878 5972 cum
2909 5912 3161 5989 gemmis
3190 5909 3468 5986 prasinis,
3503 5909 3742 5984 hyacin-

1508 6022 1759 6070 NOTULJE
1801 6025 2184 6071 ιιΑιιωΝΛιεε
2227 6025 2548 6072 FABROTTI.

397 6075 474 6147 (ιι)
503 6078 730 6139 Platina
761 6089 820 6142 in
848 6089 1058 6158 Sergio.
1087 6092 1181 6141 τω
1198 6093 1356 6148 Forte
1383 6096 1656 6160 (laritani-
