3950 6400
140 326 236 385 271

918 329 1287 386 BLANCHINI
1330 328 1631 386 DISSERT.
1687 331 1780 386 DE
1826 331 1986 385 ANT.
2038 332 2153 386 RR.
2204 329 2402 385 PONT.
2436 330 2778 387 CATALOG.

3451 327 3559 387 278

145 451 344 523 Vigilio
374 463 521 520 papa
560 448 875 521 obtinente,
921 452 1019 508 ubi
1053 454 1225 509 etiam
1266 455 1435 510 ﬁnem
1488 454 1795 526 accipiunt
1823 458 1881 519 Α
1908 456 2142 511 dicihus
2170 469 2269 526 per
2294 455 2605 512 Gruterum
2635 457 2693 511 in
2729 456 3042 524 Thesauro,
3074 459 3133 511 et
3154 454 3560 512 Mabiilonium

145 554 337 595 NOMINA
360 553 807 595 APOSTOLICORUM
824 542 975 597 inter
999 543 1269 599 Analecta
1283 544 1606 599 Mabillonii
1638 549 1792 599 tomo

145 633 224 689 III.
255 644 375 701 pag.
429 627 557 697 426,
609 631 898 701 descripta
924 640 982 687 et
1029 633 1259 688 inventa
1314 639 1440 703 post
1489 634 1793 690 collectio—

143 733 259 774 nem
273 718 579 789 quamdam
592 719 967 776 decretalium
986 735 1385 792 canonumque
1403 723 1556 777 ultra
1575 736 1791 777 annum

141 805 231 864 574
282 820 395 861 non
439 818 754 863 extensam.
814 808 918 865 Sed
961 816 1025 866 ut
1073 811 1251 866 multa
1298 810 1533 866 nomina
1583 811 1792 867 vitiose

145 898 308 952 isthic
332 900 573 970 scripta,
613 900 699 954 sic
735 906 792 954 et
823 901 1048 955 numeri
1080 900 1242 954 valde
1261 900 1477 955 diversi
1509 900 1794 955 habentur

142 999 171 1039 a
207 993 413 1041 nostra:
448 988 787 1043 membranae
808 989 1088 1044 numeris.
1118 991 1229 1044 Nec
1262 990 1451 1043 minor
1480 989 1791 1044 diversitas

142 1077 389 1129 occurrit
438 1077 497 1130 in
546 1076 726 1132 altera
780 1078 1114 1133 Corbeiensi
1165 1078 1513 1146 membrana,
1556 1092 1683 1147 quae
1730 1080 1789 1132 in

140 1166 326 1219 eodem
353 1166 754 1222 Analectorum
788 1173 942 1222 torno
982 1182 1106 1239 pag.
1168 1165 1273 1222 429
1301 1167 1510 1236 incipit
1550 1169 1624 1220 De
1669 1169 1792 1236 epi-

140 1256 304 1323 scopis
351 1257 604 1309 Romanae
662 1259 932 1323 Ecclesize,
984 1263 1039 1312 et
1088 1258 1450 1327 protrahitur
1499 1270 1683 1326 usque
1718 1257 1787 1311 ad

140 1343 400 1398 Joannem
434 1347 517 1405 Vl,
552 1346 612 1400 in
657 1360 724 1401 eo
753 1347 839 1401 sic
862 1346 1089 1414 ﬁniens,
1119 1353 1180 1401 ut
1204 1348 1331 1416 ejus
1356 1346 1792 1414 decessorisque

140 1432 316 1503 Serin
349 1437 373 1489 ι
401 1448 583 1490 annos
615 1437 855 1507 diesque
905 1436 1171 1491 omiserit
1217 1438 1510 1491 adnotare.
1546 1453 1570 1483 ››

204 1523 377 1578 Porro
421 1525 726 1595 utriusque
780 1526 1145 1580 Corbeiensis
1199 1538 1375 1594 supra
1438 1524 1676 1578 memini
1726 1536 1792 1577 ac

139 1612 419 1681 specimen
448 1613 578 1668 dedi
608 1628 783 1684 supra
835 1615 895 1670 in
936 1615 1406 1667 Adnotutionibus
1460 1613 1535 1665 ad
1566 1613 1795 1665 Catala-

137 1718 221 1768 gos
243 1706 568 1772 pontiﬁcum
600 1718 670 1759 ex
710 1719 949 1761 numero
980 1703 1016 1759 5
1038 1705 1107 1759 ad
1152 1702 1205 1772 9,
1238 1704 1334 1759 ubi
1380 1704 1553 1757 etiam
1588 1702 1794 1757 obser-

1909 548 1967 601 in
2000 546 2313 613 Analectis,
2365 551 2499 601 tom.
2533 547 2618 615 IV,
2664 560 2717 614 p.
2770 542 2895 612 483,
2924 545 3129 613 editis;
3174 550 3420 601 attexam
3453 557 3561 599 suo

1906 635 2029 690 loco
2045 635 2114 690 ad
2144 633 2709 705 notas,singulorum
2735 633 3071 704 pontiﬁcum
3099 634 3251 689 Vitis
3270 633 3560 704 colligen—

1902 726 2025 791 das,
2054 725 2280 794 aliquot
2307 724 2606 794 Catalogos
2635 737 2665 778 e
2713 722 3217 793 praestantioribus
3251 728 3413 778 extra
3438 725 3559 777 Ita-

1903 813 2042 868 liam
2095 810 2260 883 (quos
2292 814 2444 868 inter
2490 813 2759 868 censendi
2794 817 2933 867 sunt
2980 812 3041 865 in
3089 812 3297 881 primis
3327 812 3369 865 ii
3412 825 3560 882 quos

1904 903 2179 972 produxit
2201 904 2410 973 Pagius
2453 903 2511 957 in
2544 902 2794 958 secunda
2846 901 3102 955 editione
3125 900 3353 955 Criticaa
3380 900 3563 956 Baro—

1904 992 2089 1045 nianm
2126 995 2279 1046 tomo
2326 993 2369 1058 I,
2406 991 2667 1060 plerique
2714 1003 2782 1044 ex
2834 987 3188 1044 bibliotheca
3229 987 3561 1044 Colbertina

1901 1081 2237 1151 desumpti),
2272 1093 2521 1151 quorum
2553 1093 2872 1135 consensus
2893 1093 3024 1135 cum
3051 1079 3200 1134 serie
3224 1084 3280 1133 et
3304 1079 3561 1133 chrono—

1903 1169 2054 1240 logia
2103 1170 2359 1225 basilicae
2406 1170 2592 1226 sancti
2647 1169 2832 1238 Pauli,
2874 1168 3095 1223 Italicis
3135 1166 3562 1236 exemplaribus

1901 1260 2254 1329 conﬁrmata,
2288 1261 2368 1315 ita
2408 1260 2666 1330 proxime
2698 1260 2818 1314 haec
2848 1264 3045 1313 nostra
3073 1258 3417 1312 documenta
3442 1257 3563 1311 Bo-

1904 1362 2069 1404 mana
2092 1355 2149 1403 et
2176 1349 2371 1404 Italica
2397 1348 2794 1419 consequitur,
2826 1353 2890 1405 ut
2920 1361 3119 1417 parum
3149 1345 3457 1401 admodum
3488 1344 3561 1400 ab

1906 1438 1998 1493 his
2028 1440 2271 1494 recedat.

1972 1528 2026 1583 6.
2093 1530 2328 1585 Eosdem
2405 1542 2633 1600 quoque
2687 1529 2987 1600 Catalogos
3074 1525 3558 1583 bibliothecarum

1905 1620 2349 1689 provincialium
2392 1620 2679 1676 advocabo
2712 1622 2771 1676 in
2799 1618 3263 1691 supplementum
3313 1629 3563 1672 concor-

1903 1710 1996 1764 dis
2026 1710 2349 1764 testimonii
2385 1710 2535 1780 quod
2569 1710 2918 1766 eliciendum
2939 1707 3137 1766 curavi
3158 1721 3227 1763 ex
3260 1706 3432 1762 libris
3452 1706 3565 1760 Le—

137 1797 254 1848 vata
315 1790 435 1848 fuit
497 1795 888 1864 discrepantia
942 1793 1116 1850 ferme
1173 1793 1544 1849 incredibilis
1589 1775 2233 1869 ambo—Bittionariis,
2299 1805 2365 1854 ut
2404 1775 2619 1855 vocant
2687 1800 3021 1855 divinorum
3065 1795 3406 1865 oﬁciorum,
3463 1808 3563 1851 re-

139 1896 252 1937 rum
324 1883 739 1955 chronologim,
810 1890 933 1938 tum
1007 1884 1160 1938 inter
1214 1897 1293 1951 se,
1359 1889 1482 1938 tum
1546 1881 1793 1951 reliquis

135 1972 416 2045 Catalogis
469 1981 856 2044 comparatze;
908 1975 987 2028 ita
1018 1979 1083 2028 ut
1138 1973 1195 2026 in
1235 1978 1451 2041 septem
1496 1970 1794 2041 prioribus

140 2063 510 2130 pontiﬁcibus
536 2082 568 2116 a
596 2070 795 2118 sancto
826 2065 989 2117 Petro
1026 2063 1365 2130 numeratis,
1398 2060 1557 2115 nulla
1605 2073 1794 2114 anno-

138 2166 267 2221 rum,
293 2158 354 2207 et
392 2153 577 2206 unius
603 2159 825 2206 tantum
853 2165 921 2205 ex
950 2151 1075 2205 illis
1102 2151 1384 2205 mensium
1413 2161 1636 2203 summa
1666 2159 1794 2201 con-

137 2241 334 2296 cordet.
374 2242 583 2295 Verum
599 2255 729 2295 cum
742 2243 1087 2296 attenderem
1107 2240 1431 2309 pontiﬁcem
1458 2238 1791 2294 Anacletum

141 2333 189 2385 in
234 2339 491 2402 utroque
529 2331 801 2400 Catalogo
848 2330 1179 2385 Corbeiensi
1234 2330 1576 2397 desiderari,
1632 2328 1792 2383 visus

138 2437 248 2478 sum
304 2436 545 2479 causam
610 2424 841 2494 assequi
874 2431 976 2479 aut
1019 2423 1307 2492 suspicari
1350 2435 1513 2491 posse
1540 2434 1646 2474 cur
1677 2425 1791 2473 tam

139 2511 457 2582 frequenter
486 2512 641 2567 inter
669 2526 729 2566 se
758 2518 815 2567 et
839 2511 911 2566 ab
933 2513 1074 2567 aliis
1102 2511 1191 2566 illi
1217 2512 1590 2567 dissentiant.
1620 2509 1794 2566 Defe—

137 2609 249 2660 ctus
277 2605 438 2659 enim
466 2606 594 2673 ejus
621 2604 877 2659 nominis
910 2604 1062 2658 inter
1085 2602 1234 2657 alios
1265 2601 1563 2672 pontiﬁces
1594 2602 1791 2656 Roma-

136 2708 229 2750 nos
270 2694 607 2750 manifestat
644 2701 913 2750 neutrum
967 2707 1035 2749 ex
1082 2693 1159 2748 iis
1187 2693 1477 2764 Catalogis
1508 2691 1689 2747 fuisse
1720 2706 1789 2747 ex

136 2785 393 2840 Romanis
411 2785 796 2854 descriptum,
841 2791 896 2838 et
936 2780 1146 2838 afonte
1174 2796 1240 2837 ac
1276 2789 1594 2853 prototypo,
1619 2795 1787 2851 quem

139 2876 190 2929 in
219 2876 480 2931 basilicis
518 2873 1009 2944 patriarchaiibus
1040 2874 1209 2929 Urbis
1244 2874 1453 2929 summi
1489 2873 1789 2942 pontiﬁces

137 2966 573 3020 constituerunt.
629 2964 765 3034 Quae
830 2978 920 3019 res
976 2963 1280 3019 conﬁrmat
1338 2963 1565 3018 axioma
1612 2975 1787 3032 supra

137 3056 486 3110 enuntiatum
530 3054 718 3124 capite
745 3052 800 3123 2,
833 3068 988 3110 num.
1039 3050 1063 3107 4
1108 3059 1162 3109 et
1186 3050 1240 3122 2,
1269 3067 1335 3107 ac
1365 3052 1536 3108 toties
1567 3052 1789 3120 repeti-

1906 1891 2086 1960 pertis
2121 1891 2179 1944 in
2230 1892 2463 1962 regione
2511 1889 2939 1958 suburbicaria,
2993 1887 3094 1942 ubi
3136 1885 3562 1942 adhibebantur

1906 1981 2121 2049 passim
2178 1994 2210 2034 a
2251 1979 2406 2034 clero
2442 1979 2819 2034 ecclesiarum
2872 1977 2939 2032 ad
2978 1988 3123 2046 quas
3176 1973 3557 2044 pertinebant.

1904 2070 1981 2125 De
2014 2070 2109 2123 his
2146 2070 2415 2125 notitiam
2465 2074 2737 2135 attexam,
2773 2073 2838 2123 ut
2882 2070 3155 2137 appareat
3194 2077 3317 2119 eam
3362 2074 3565 2119 recen~

1905 2160 2125 2215 sionem
2155 2165 2212 2214 et
2244 2158 2609 2215 collationem
2646 2160 2776 2227 jure
2817 2171 2915 2226 per
2944 2168 3029 2211 me
3063 2153 3291 2222 factam,
3319 2157 3376 2208 et
3401 2150 3568 2220 adje~

1904 2255 2051 2305 ctam
2094 2251 2354 2319 proxime
2385 2255 2513 2319 post
2559 2248 2924 2304 concordiam
2972 2244 3302 2301 Italicorum
3331 2240 3568 2296 Cataio-

1904 2355 2102 2413 gorum
2123 2356 2251 2396 cum
2273 2341 2424 2398 serie
2443 2349 2498 2395 et
2511 2339 2886 2409 chronologia
2902 2336 3159 2392 basilicae
3173 2334 3356 2390 sancti
3378 2331 3560 2401 Pauli,

1906 2433 2009 2487 hoc
2061 2433 2352 2503 praecipuo
2400 2429 2650 2486 consilio
2704 2429 2965 2497 ductum,
3023 2432 3090 2482 ut
3136 2423 3561 2494 comprobarem

1904 2522 1983 2577 ita
2036 2528 2369 2577 constanter
2421 2520 2603 2577 fuisse
2630 2524 2881 2574 retentos
2930 2514 3157 2571 eosdem
3191 2524 3462 2570 numeros
3506 2516 3563 2566 et

1901 2610 2155 2680 publicis
2184 2611 2549 2667 documentis
2571 2611 2649 2664 ita
2674 2614 2827 2663 ratos
2851 2606 3081 2662 habitos
3104 2605 3278 2660 etiam
3302 2605 3431 2673 post
3458 2600 3562 2659 illa

1901 2701 2109 2757 saecula
2174 2701 2658 2772 chronologorum
2706 2698 3197 2768 praestantiorum.
3244 2707 3277 2749 a
3348 2691 3558 2748 saeculo

1900 2792 2122 2848 decimo
2152 2792 2220 2847 ad
2276 2790 2565 2847 decimum
2599 2789 2890 2860 quintum,
2923 2792 2987 2842 ut
3029 2786 3088 2841 in
3139 2783 3323 2839 sacris
3352 2780 3559 2838 oﬁiciis

1901 2881 2218 2937 recitandis
2264 2894 2361 2950 per
2406 2878 2550 2934 festa
2606 2890 2959 2933 summorum
2991 2873 3326 2945 pontiﬁcum
3356 2873 3418 2927 in
3463 2883 3563 2926 re-

1900 2973 2067 3043 gione
2114 2970 2250 3026 Urbi
2298 2970 2561 3041 proxima
2617 2966 3054 3024 adhiberentur.
3109 2963 3373 3019 Aliorum
3426 2974 3561 3018 vero

1902 3061 2260 3130 pontiﬁcum,
2304 3073 2549 3131 quorum
2616 3057 2758 3114 festa
2811 3069 2924 3112 non
2982 3052 3441 3121 celebrabantur,
3491 3063 3561 3105 ex

140 3149 243 3198 tum
280 3146 336 3199 in
366 3145 474 3199 hac
507 3123 707 3199 nostra
751 3144 1181 3211 dissertatione,
1218 3156 1449 3211 nempe:
1492 3142 1788 3198 Studiosis
1818 3123 1868 3188 Ο
1899 3123 2058 3205 hisce
2089 3123 2261 3204 libris
2290 3123 2631 3205 documenta
2683 3144 3072 3216 chronologiaz
3118 3150 3174 3198 et
3217 3140 3560 3197 collationes

138 3247 262 3288 verae
286 3233 684 3305 chronologiaa
705 3246 771 3288 ac
802 3233 975 3289 seriei
1009 3234 1396 3288 Romanorum
1423 3231 1782 3301 pontiﬁcum,

140 3328 194 3375 ut
234 3337 350 3378 eam
371 3330 784 3394 assequamur,
816 3322 1167 3378 consulenda
1188 3334 1311 3376 esse
1339 3321 1586 3391 genuina
1611 3328 1669 3375 et
1690 3334 1789 3390 pu-

140 3410 270 3467 blica
289 3414 638 3469 documenta
668 3412 844 3481 hujus
872 3411 1163 3479 Ecclesiae,
1198 3412 1257 3465 in
1313 3424 1425 3481 qua
1465 3412 1615 3465 Petri
1645 3423 1787 3465 suc-

139 3513 369 3559 sessores
398 3517 517 3559 non
550 3503 717 3558 modo
758 3503 1050 3571 sederunt,
1098 3500 1194 3557 sed
1226 3502 1399 3556 etiam
1430 3501 1786 3570 apostolatus

138 3592 217 3645 sui
250 3606 312 3646 ac
344 3593 722 3649 decessorum
758 3591 1090 3646 memoriam
1142 3590 1495 3665 luculentam
1542 3590 1788 3659 posteris

141 3679 497 3750 reliquerunt.

198 3770 269 3825 Ex
328 3772 466 3828 aliis
528 3777 720 3827 autem
771 3771 1084 3841 Catalogis,
1136 3784 1280 3841 quos
1338 3768 1640 3839 proferunt
1689 3769 1790 3823 bi—

139 3855 415 3916 bliotheca”:
435 3869 494 3917 et
534 3861 769 3915 archiva
790 3867 949 3915 extra
975 3859 1219 3928 Italiam,
1241 3860 1429 3914 satius
1448 3858 1589 3913 duxi
1634 3857 1788 3913 hunc

141 3945 400 4019 insignem
466 3966 497 4005 a
557 3949 950 4020 Papebrochio
1018 3951 1227 4005 merito
1279 3949 1675 4004 existimatum
1731 3952 1788 4001 et

139 4037 389 4095 collatum
419 4055 554 4096 cum
589 4040 1014 4095 vetustioribus
1037 4038 1504 4105 Corbeiensibus,
1536 4038 1593 4093 in
1627 4036 1787 4091 chro-

142 4125 348 4197 nologia
373 4130 488 4185 sibi
526 4121 1267 4194 invicem'adversantibus,
1309 4128 1494 4195 edere,
1529 4133 1593 4183 ut
1620 4141 1790 4196 appa-

142 4222 248 4269 reat
276 4227 551 4287 quantum
584 4219 679 4274 hic
710 4219 929 4274 recedit
956 4218 1028 4274 ab
1070 4218 1305 4274 illorum
1336 4218 1594 4273 numeris
1625 4217 1785 4273 nulla

142 4306 404 4371 probabili
437 4309 795 4365 auctoritate
827 4308 1091 4377 ﬁrmatis,
1128 4309 1244 4363 imo
1275 4321 1333 4362 se
1366 4312 1565 4363 mutuo
1592 4322 1784 4377 oppu-

142 4397 450 4467 gnantibus,
484 4406 717 4454 tantum
736 4412 866 4453 eum
885 4399 1150 4453 accedere
1174 4398 1241 4453 ad
1267 4398 1631 4453 concordiam
1654 4411 1784 4453 cum

1897 3252 2025 3294 cum
2074 3239 2189 3308 peti
2241 3243 2545 3309 nequeant,
2579 3236 2977 3306 supplementa
3007 3230 3404 3302 conquirenda
3435 3238 3561 3284 esse

1893 3328 2149 3398 judicavi
2180 3341 2248 3383 ex
2261 3327 2550 3399 Catalogis
2571 3325 2847 3382 indicatis
2869 3336 2967 3395 per
2983 3323 3179 3378 eadem
3200 3318 3411 3376 saecula
3432 3322 3558 3388 post

1896 3417 2182 3473 decimum
2224 3417 2484 3486 scriptis,
2534 3421 2636 3471 aut
2676 3413 2988 3483 descriptis
3012 3424 3078 3467 ex
3121 3405 3556 3480 probatioribus

1895 3511 1952 3561 et
1996 3505 2489 3562 emendatioribus
2536 3503 2835 3572 exemplis.
2897 3501 3118 3556 Verum-
3157 3498 3276 3553 haec
3314 3493 3555 3565 supple-

1898 3603 2086 3650 menta
2116 3595 2269 3649 notis
2296 3596 2353 3649 in
2386 3595 2547 3648 Vitas
2568 3605 2692 3647 esse
2714 3590 3054 3646 reservanda
3081 3587 3269 3642 satius
3287 3584 3453 3649 duxi,
3487 3596 3558 3638 ne

1898 3685 2235 3741 dissertatio
2262 3685 2320 3737 in
2366 3682 2580 3736 librum
2602 3683 2975 3745 excresceret,
3021 3676 3073 3731 si
3105 3680 3188 3730 tot
3213 3672 3554 3729 collationi-

1899 3774 2009 3829 bus
2042 3773 2400 3841 impleretur,
2444 3776 2545 3824 aut
2575 3768 2646 3823 ab
2681 3767 2953 3822 instituto
2982 3754 3233 3820 consilio
3263 3759 3554 3817 recederet

1900 3858 2253 3930 subjiciendi
2285 3857 2473 3913 oculis
2518 3856 2693 3912 unico
2734 3854 2940 3909 obtutu
2969 3864 3313 3909 consensum
3352 3862 3550 3906 eorum

1898 3949 2406 4015 monimentorum,
2432 3960 2558 4017 quae
2592 3944 2935 4015 proximitas
2966 3942 3136 3998 Urbis
3159 3939 3552 3996 emendatiora

1897 4046 1961 4095 ut
1974 4041 2451 4093 conservarentur
2468 4033 2656 4090 effecit
2668 4046 2769 4103 per
2787 4033 3017 4105 singula
3035 4030 3241 4087 saecula
3255 4026 3552 4085 mraaChri-

1896 4128 2117 4184 stianaa.

1966 4220 2103 4274 Tres
2168 4231 2299 4273 vero
2357 4220 2495 4271 sunt
2555 4214 2788 4271 codices
2843 4212 3160 4268 lectionum
3237 4208 3546 4279 ejusmodi,

1894 4310 2098 4379 scripti
2141 4314 2272 4363 ante
2302 4319 2486 4362 annos
2528 4304 2985 4377 quadringentos
3018 4302 3076 4357 in
3126 4299 3474 4356 membranis
3493 4305 3552 4354 et

1896 4398 2146 4456 adhibiti
2183 4399 2243 4452 in
2269 4396 2511 4452 ecclesia
2545 4395 2684 4452 olim
2712 4392 3052 4461 cathedrali,
3085 4403 3239 4447 nunc
3268 4388 3551 4459 collegia-

142 4486 446 4543 rationibus
478 4496 593 4545 tem
607 4503 809 4558 porum
842 4489 1203 4559 consignatis
1231 4489 1289 4543 in
1331 4488 1572 4545 basilica
1598 4489 1784 4545 sancti
1812 4482 1868 4544 D
1898 4496 1977 4559 ta,
1998 4487 2380 4557 Ocricuiensi,
2405 4486 2464 4541 in
2489 4498 2600 4556 qua
2618 4496 2802 4555 nuper
2820 4496 2923 4540 ase
2948 4478 3394 4554 repertosfuisse
3411 4479 3551 4535 dum

144 4572 306 4639 Pauli,
328 4583 382 4631 et
413 4579 472 4633 in
496 4578 923 4633 vetustissimis
940 4585 1111 4648 atque
1132 4578 1269 4633 Urbi
1296 4579 1577 4648 proximis
1606 4593 1787 4634 exem-

144 4666 381 4730 plaribus
415 4670 494 4724 ita
539 4669 907 4739 perscriptis,
948 4682 1078 4723 cum
1110 4670 1289 4724 series
1317 4675 1373 4724 et
1412 4669 1787 4739 chronologia

139 4753 411 4813 coloribus
471 4771 750 4829 expressa
805 4763 1102 4827 supererat
1138 4758 1208 4813 ab
1250 4763 1415 4814 aetate
1460 4758 1784 4827 Liberiana,

141 4839 422 4916 Leoniana,
452 4855 513 4903 et
544 4847 761 4904 Felicis
790 4855 847 4902 et
880 4848 1217 4915 Hormisdze,
1257 4854 1314 4904 et
1335 4848 1586 4903 Formosi
1609 4848 1785 4903 etiam

143 4931 196 4987 in
222 4934 350 4992 aliis
375 4938 649 4995 basilicis
682 4936 1173 5008 patriarchalibus
1224 4939 1376 4993 intra
1402 4944 1458 4994 et
1481 4936 1641 4992 extra
1674 4937 1787 4991 Ur-

145 5019 273 5079 bem.
318 5028 605 5097 Attamen,
656 5034 723 5082 ut
751 5034 1023 5097 appareat
1075 5041 1188 5083 non
1218 5027 1476 5083 defuisse
1518 5029 1690 5082 etiam
1728 5027 1786 5081 in

146 5116 439 5178 provinciis
458 5124 625 5173 extra
646 5117 869 5172 Italiam
891 5117 1119 5187 aliquot
1136 5115 1525 5188 diligentesac
1548 5117 1789 5186 pruden-

146 5206 221 5255 tes
247 5208 559 5275 temporum
585 5204 949 5275 collectores,
983 5206 1085 5276 qui
1112 5205 1425 5260 identidem
1448 5205 1792 5260 transcribe-

148 5298 273 5362 rent,
314 5295 648 5352 cont‘errent
696 5300 871 5366 atque
911 5296 1280 5350 emendarem
1332 5307 1469 5349 suos
1492 5294 1792 5365 Catulogos

149 5378 205 5433 ad
255 5382 411 5439 ﬁdem
465 5385 681 5441 horum
732 5385 1232 5451 documentorum,
1269 5382 1328 5437 in
1380 5383 1643 5438 Romana:
1684 5386 1791 5437 Ec-

148 5469 314 5524 rlesize
340 5473 610 5529 basilicis
656 5472 978 5543 unicuique
1020 5472 1339 5542 patentium
1388 5470 1570 5526 simili
1631 5483 1793 5541 cura,

153 5570 296 5625 quam
316 5563 585 5618 nonnulli
612 5576 686 5616 ex
717 5563 795 5616 iis
814 5562 1208 5616 adhibuerunt
1232 5560 1290 5615 in
1317 5560 1561 5614 vetustis
1579 5560 1801 5615 inscri—

154 5649 425 5712 ptionibus
444 5653 644 5709 Romae
677 5650 1162 5721 transcribendis,
1184 5648 1612 5719 comprobatam
1639 5662 1670 5703 a
1698 5662 1804 5703 co—

1901 4580 2019 4634 baic
2050 4579 2447 4649 proiegomena
2476 4577 2722 4646 ederem,
2757 4575 2901 4631 mihi
2958 4572 3251 4630 nuntiavit
3282 4571 3552 4627 laudatus

1897 4672 1956 4723 P.
1994 4671 2237 4725 Joannes
2268 4668 2601 4741 Marangoni
2651 4666 2923 4723 Kalendis
2969 4664 3185 4726 Martii,
3216 4669 3275 4719 et
3302 4661 3551 4718 subinde

1895 4773 1929 4814 a
1960 4773 2046 4813 me
2074 4766 2308 4831 rogatus
2335 4766 2397 4833 ut
2424 4756 2747 4826 exemplum
2791 4756 3135 4828 dignaretur
3167 4746 3552 4807 transcribere

1897 4850 2230 4918 lectionum,
2254 4846 2685 4918 chronologiam
2716 4843 3068 4914 pontiﬁciam
3103 4834 3552 4908 continentium,

1898 4951 2000 5008 pro
2031 4952 2253 4994 summa
2288 4937 2660 4992 humanitate
2690 4946 2795 4988 sua
2827 4932 2989 4986 illico
3038 4942 3110 4983 ex
3136 4927 3215 4981 iis
3241 4924 3555 4994 diligenter

1898 5029 2094 5084 desum
2105 5034 2264 5097 ptum
2293 5025 2620 5079 transmisit
2647 5022 2708 5075 in
2724 5017 2972 5089 epistola
2990 5015 3159 5083 cujus
3181 5012 3419 5068 latinam
3439 5022 3555 5065 ver-

1900 5118 2120 5173 sionem
2150 5115 2319 5183 dabo,
2355 5120 2421 5168 ut
2459 5114 2732 5181 appareat
2790 5120 2859 5161 ex
2896 5104 2998 5159 illa
3026 5104 3325 5157 character
3365 5100 3554 5155 aetatis

1902 5206 2208 5274 scripturae
2238 5201 2504 5256 codicum
2531 5197 2605 5253 ab
2642 5208 2710 5250 eo
2750 5197 3017 5249 accurate
3039 5188 3397 5245 observatus.
3431 5189 3558 5244 Haec

1904 5294 2090 5363 igitur
2109 5288 2178 5345 ad
2214 5302 2302 5343 me
2335 5283 2679 5356 perscribit:

1979 5400 2005 5430 α
2048 5380 2161 5433 Hac
2193 5378 2252 5431 in
2292 5372 2536 5430 ecclesia
2563 5369 2888 5440 collegiata,
2922 5366 3023 5423 ubi
3054 5364 3436 5423 concionibus
3466 5364 3562 5422 ba-

1906 5469 2113 5524 bendis
2156 5479 2255 5536 per
2307 5458 2805 5533 quadragesimam
2859 5457 3152 5526 incumbe,
3206 5454 3391 5525 reperi
3455 5467 3564 5510 va—

1912 5559 2033 5614 rios
2076 5556 2304 5611 codices
2345 5563 2572 5621 sacros,
2610 5548 2680 5605 ad
2727 5560 2894 5604 usum
2940 5546 3149 5602 veteris
3215 5542 3567 5600 cathedralis

1917 5648 2055 5703 olim
2101 5643 2394 5712 collectos,
2443 5640 2677 5712 gothica
2720 5639 3049 5698 litterarum
3083 5634 3268 5693 forma
3310 5629 3569 5702 perscri-
