3924 6408
162 303 330 368 1305
975 304 1340 368 HISTORIA
1381 307 1484 369 DE
1527 307 1731 370 VITIS
1776 306 1967 369 BOM.
2012 307 2345 370 PONT.-—
2372 305 2437 368 S.
2482 306 2634 369 LEO
2676 305 2779 367 IV.
3424 304 3582 369 1306

314 440 433 493 test
452 434 615 507 (a)sic
630 452 819 509 neque
833 435 1012 509 hujus
1027 454 1227 493 rumor
1240 439 1596 493 sanctissimi
1618 440 1722 493 viri
1739 439 1837 493 diu
1858 438 2122 494 occultus
2135 438 2380 493 existere
2399 434 3113 510 potuit.Famaillius,sive
3127 435 3456 492 sanctitatis
3467 436 3582 509 opi-

202 534 278 591 f‘S
318 534 435 599 nio,
468 533 581 589 huc
616 533 753 588 illuc
784 537 910 589 luce
931 534 1455 607 clariusdivulgata
1478 541 1586 603 est,
1612 542 1786 607 atque
1812 536 2128 591 multorum
2155 536 2428 590 relatione
2457 535 2715 590 ﬁdelium
2742 535 2814 589 ad
2839 552 3010 589 aures
3030 533 3384 606 pontiﬁcalis
3406 550 3584 605 quon-

317 632 452 687 dam
475 630 799 687 beatissimi
822 632 1008 688 Patris
1030 637 1087 687 et
1109 650 1266 704 papa:
1289 632 1546 705 Gregorii
1573 651 1703 688 mox
1732 633 1939 688 festino
1964 633 2147 688 relatu
2170 632 2440 698 occurrit,
2476 633 2567 686 cui
2600 649 2735 686 cum
2758 636 2929 686 tanta:
2954 630 3164 686 fuisset
3185 630 3474 686 castitatis
3496 630 3583 685 di-

317 745 563 802 gnmque
584 729 1044 785 conversationis
1073 729 1476 801 magisterium
1501 736 1858 793 enarratum,
1882 730 2034 785 illico
2056 748 2189 785 eum
2214 748 2280 785 ex
2304 729 2654 784 monasterio
2677 746 2792 801 quo
2815 728 2906 800 pie
2928 729 3174 800 degebat
3194 727 3347 783 exire
3365 728 3585 798 jubens

318 828 393 882 ad
426 830 639 882 sanctae
662 828 867 883 matris
888 826 1155 883 Ecclesiae
1180 828 1469 900 gremium
1498 828 1785 900 perduxit,
1810 834 1983 901 atque
2006 834 2069 884 ut
2094 830 2151 883 in
2176 846 2282 883 suo
2310 844 2539 899 semper
2567 827 2802 882 servitio
2830 825 3173 882 familariter
3196 830 3583 897 permaneret,

316 924 379 980 in
412 925 787 981 Lateranensi
818 924 1174 998 patriarchio
1205 943 1331 981 esse
1366 926 1656 999 praecepit.

390 1023 542 1079 λίθῦ
584 1022 1020 1078 Subdiaconum
1067 1040 1299 1095 quoque
1346 1024 1417 1079 ob
1461 1041 1578 1078 sum
1629 1024 1848 1078 famam
1897 1022 2023 1077 vitae
2083 1022 2395 1079 laudabilis
2445 1023 2595 1078 fecit.
2651 1021 2756 1088 Qui
2804 1026 3021 1076 tamem
3071 1020 3339 1093 quamvis
3389 1018 3585 1075 locum

322 1122 599 1188 mutaret,
623 1119 712 1175 vel
734 1120 1019 1189 ordinem,
1053 1124 1251 1176 tamen
1274 1120 1452 1176 vitam
1477 1138 1782 1193 moresque
1806 1139 1941 1175 suos
1968 1120 2098 1193 plus
2122 1138 2299 1192 quam
2324 1120 2486 1193 prius
2508 1120 2566 1175 in
2590 1119 2805 1175 summi
2834 1118 3121 1174 Creatoris
3143 1116 3327 1173 nostri
3351 1117 3585 1172 servitio

323 1216 672 1289 regulariter
696 1218 1357 1291 constrinxit,bonisque
1381 1218 1790 1291 multiplicavit
1811 1220 2390 1291 eperibus.Defuncto
2409 1223 2603 1274 autem
2621 1218 2799 1288 hujus
2820 1215 3230 1272 sacratissimis
3255 1215 3411 1271 sedis
3433 1230 3587 1287 papa

316 1315 612 1387 Gregorio,
638 1320 775 1371 tunc
798 1316 1035 1389 Sergius
1058 1316 1525 1389 archipresbyter
1544 1322 1756 1372 sanctae
1782 1318 2053 1372 Romanae
2074 1317 2337 1372 Ecclesia:
2362 1316 2574 1388 praesul
2597 1316 2860 1381 effectus,
2882 1314 3059 1381 hunc,
3084 1315 3154 1370 de
3175 1330 3290 1385 quo
3312 1312 3584 1385 superius

238 1411 281 1467 5
318 1412 603 1468 nonnulla
633 1412 966 1479 retulimus,
1002 1414 1252 1469 Leonem
1282 1413 1549 1469 videlicet
1590 1414 1996 1469 beatissimum
2030 1432 2262 1486 papam,
2299 1415 2703 1486 presbyterum
2736 1412 3112 1476 consecravit,
3145 1411 3313 1482 eique
3344 1409 3584 1466 titulum

326 1514 662 1567 sanctorum
694 1515 947 1584 quatuor
966 1511 1387 1567 Coronatorum
1406 1511 1649 1583 largitus
1672 1517 1779 1567 est.
1803 1516 1868 1567 In
1896 1529 2009 1584 quo
2041 1513 2181 1567 dum
2213 1512 2382 1568 bonis
2415 1512 2657 1584 polleret
2682 1507 3587 1581 moribus,ibiqueindigentibus

319 1608 652 1665 necessaria
680 1607 1059 1677 ministraret,
1094 1609 1431 1681 peregrinos
1460 1627 1525 1664 ac
1542 1626 1850 1681 pauperes.
1877 1610 2190 1682 minusque
2221 1610 2501 1666 habentes
2532 1627 2647 1665 non
2679 1608 2870 1670 solum
2900 1608 3095 1675 verbo,
3120 1606 3237 1662 imo
3258 1595 3435 1662 etiam
3457 1622 3584 1662 cor-

320 1705 623 1777 poralibus
652 1706 949 1763 alimoniis
977 1707 1279 1777 refoveret,
1313 1706 1361 1761 is
1393 1706 1492 1779 qui
1538 1712 1675 1762 tunc
1725 1712 1968 1779 peperat
2000 1708 2238 1779 Sergius
2269 1707 2542 1763 Romana)
2575 1706 2731 1762 sedis
2779 1705 3022 1762 antistes
3055 1723 3125 1760 ex
3153 1703 3425 1777 praesenti
3457 1703 3578 1761 vita

320 1799 659 1860 subtractus
685 1808 797 1873 est,
828 1804 939 1860 sub
966 1805 1137 1875 cujus
1158 1804 1332 1860 etiam
1365 1810 1625 1877 tempore
1650 1805 1903 1862 ecclesiae
1936 1806 2410 1861 beatissimorum
2435 1805 2765 1878 principum
2798 1803 2948 1859 Petri
2968 1808 3025 1860 et
3045 1800 3582 1859 PauliaSaracenis

207 1900 281 1957 40
324 1896 593 1957 funditus
622 1903 963 1975 deprwdatze
997 1907 1156 1958 sunt.

392 1999 548 2057 490
586 2000 733 2067 Quia
756 2001 938 2074 igitur
968 1999 1297 2057 calamitate
1328 2002 1445 2057 sive
1476 2002 1713 2058 miseria
1744 2004 1936 2058 omnis
1968 2004 2361 2058 Romanorum
2381 2002 2543 2073 vigor
2561 2001 2841 2073 elanguit,
2867 2005 3041 2073 atque
3061 1998 3345 2056 contritus
3365 2001 3455 2054 est
3474 1996 3586 2053 hoc

324 2096 497 2167 facto,
531 2096 803 2155 universa
832 2098 1031 2155 concio
1066 2099 1463 2155 Romanorum
1494 2118 1561 2156 ex
1591 2101 1820 2156 duobus
1844 2102 2079 2157 casibus
2110 2101 2196 2156 vel
2214 2100 2510 2172 periculis,
2535 2099 2802 2155 videlicet
2832 2099 2901 2154 de
2922 2098 3227 2171 repentina
3245 2100 3431 2151 morte
3449 2111 3591 2168 pon-

322 2195 521 2265 tiﬁcis,
559 2200 618 2253 et
650 2196 1042 2253 devastatione
1073 2215 1199 2269 qua:
1234 2200 1386 2253 facta
1416 2199 1603 2254 fuerat
1634 2198 1691 2253 in
1722 2200 1983 2255 ecclesiis
2016 2199 2254 2267 sanctis,
2281 2203 2745 2270 cunctorumque
2775 2198 2993 2253 ﬁnibus
3024 2197 3420 2252 Romanorum
3452 2194 3587 2249 fate-

321 2294 500 2351 batur
528 2310 590 2351 se
620 2293 956 2351 nullatenus
989 2296 1229 2351 evadere
1253 2295 1460 2350 mortis
1490 2296 1815 2368 perieulum
1863 2315 2053 2369 posse.
2102 2298 2367 2369 Cumque
2405 2297 2528 2369 pari
2560 2295 2863 2351 devotione
2896 2294 3311 2365 communique
3342 2291 3586 2347 consilio

243 2393 283 2447 5
322 2391 579 2448 universi
605 2392 850 2448 Romani
875 2409 1144 2465 proceres
1177 2393 1247 2447 de
1282 2392 1475 2448 futuro
1498 2394 1819 2465 cogitarent
1840 2396 2135 2466 pontiﬁce,
2161 2400 2272 2465 utq
2284 2396 2372 2450 uis
2386 2399 2540 2449 esset
2562 2394 2661 2465 qui
2676 2399 2797 2448 tam
2819 2398 3092 2447 sanctum
3112 2395 3167 2446 et
3192 2388 3588 2445 inviolabilem

322 2490 518 2546 locum
550 2507 684 2546 cum
718 2491 1134 2563 omnipotentis
1155 2490 1254 2546 Dei
1288 2491 1493 2546 timore
1526 2508 1720 2563 regere
1751 2492 1841 2547 vel
1881 2493 2207 2565 gubernare
2240 2492 2547 2564 potuisset,
2584 2490 2892 2546 confestim
2911 2490 3069 2546 fama
3097 2486 3421 2545 beatissimi
3442 2503 3591 2559 prae-

323 2587 495 2654 sulis,
528 2588 706 2645 simul
739 2592 795 2644 et
826 2588 1123 2656 meritum,
1158 2589 1229 2643 ab
1262 2588 1537 2645 omnibus
1567 2591 1858 2661 patefacta
1890 2596 1997 2657 est,
2032 2595 2333 2663 totamque
2364 2608 2465 2663 per
2498 2590 2702 2645 urbem
2722 2590 2972 2645 diffusa:
3006 2588 3222 2644 nedum
3244 2585 3402 2643 enim
3424 2584 3474 2640 is
3491 2582 3591 2656 qui

324 2685 549 2743 obierat
576 2685 834 2759 pontifex
862 2687 934 2743 ad
968 2685 1333 2758 sepulturam
1367 2687 1622 2743 debitam
1657 2688 1845 2744 fuerat
1876 2690 2237 2762 deportatus.

396 2785 544 2841 491
589 2785 659 2839 Et
688 2802 817 2841 ecce
843 2801 1046 2840 omnes
1077 2802 1112 2840 a
1142 2784 1459 2841 novissimo
1493 2803 1678 2857 usq-ue
1726 2787 1799 2841 ad
1841 2787 2099 2859 primum
2150 2804 2270 2842 una
2298 2803 2453 2855 voce,
2490 2804 2611 2843 una
2660 2785 2955 2859 simulque
3004 2782 3315 2841 concordia
3344 2782 3596 2838 Leonem

323 2882 715 2939 venerabilem
750 2883 1155 2955 presbyterum
1186 2882 1298 2938 sibi
1326 2884 1594 2938 futurum
1619 2885 1952 2955 pontiﬁcem
1976 2884 2342 2957 ﬂagitabant.
2369 2886 2440 2939 Et
2464 2886 2619 2956 quod
2643 2884 2874 2940 nullum
2897 2900 3076 2955 super
3095 2898 3159 2938 se
3178 2881 3361 2936 alium
3383 2878 3595 2934 habere

326 2980 538 3036 vellent
566 2981 897 3053 praesulem,
932 2979 1043 3035 nisi
1080 2979 1236 3035 hunc
1268 2979 1338 3037 de
1368 2998 1483 3053 quo
1515 2982 1715 3037 crebro
1747 2981 1970 3037 dictum
2004 2987 2112 3047 est,
2141 2982 2309 3037 mnlti
2335 2982 2842 3053 conjurationibus
2872 2997 2939 3036 ac
2964 2980 3206 3035 vocibus
3234 2976 3590 3032 fatebantur.

327 3080 588 3144 Quorum
619 3077 1030 3134 incunctanter
1058 3077 1324 3133 omnium
1357 3078 1652 3135 credimus
1684 3080 1860 3135 corda
1889 3080 1959 3135 ad
1995 3079 2151 3135 hunc
2182 3080 2570 3151 expetendum
2604 3096 2720 3134 non
2741 3078 2925 3149 aliud,
2942 3076 3055 3133 nisi
3088 3092 3254 3133 amor
3275 3072 3596 3140 divinus,et

251 3176 290 3232 5
328 3174 536 3231 divinae
560 3174 792 3232 virtutis
826 3175 1212 3232 inflammavit
1239 3180 1296 3230 et
1324 3176 1509 3231 univit
1540 3176 1869 3233 clementia.
1901 3179 2065 3232 Tunc
2092 3194 2314 3245 omnes,
2349 3180 2414 3231 ut
2453 3177 2726 3248 superius
2768 3177 3113 3232 adnotatum
3142 3176 3252 3239 est,
3286 3173 3592 3243 pergentes

329 3291 464 3329 cum
486 3272 701 3347 gaudio
724 3273 1039 3348 multaeque
1060 3273 1566 3329 aviditatislaetitia
1588 3276 1657 3330 ad
1679 3274 2011 3341 ecclesiam,
2036 3276 2093 3329 in
2117 3292 2235 3347 qua
2258 3275 2523 3347 degebat,
2551 3275 2852 3330 beatorum
2875 3278 3128 3344 quatuor
3147 3271 3590 3335 Coronatorum,

329 3387 466 3428 eum
497 3375 765 3428 coactum
796 3371 1161 3444 invitumque
1193 3370 1397 3428 exinde
1427 3373 1832 3428 abstrahentes
1881 3391 2016 3428 cum
2058 3373 2293 3445 hymnis
2342 3372 2734 3446 laudibusque
2771 3371 3070 3444 precipius
3100 3370 3172 3425 ad
3206 3370 3596 3423 Lateranense

329 3469 754 3542 patriarchium
788 3470 1214 3541 perduxerunt:
1250 3468 1351 3540 qui
1384 3486 1605 3525 morem
1637 3475 2047 3526 conservantes
2076 3470 2407 3543 antiquum,
2450 3487 2655 3527 omnes
2687 3468 2932 3525 osculati
2965 3472 3105 3525 sunt
3135 3466 3333 3539 pedes.
3366 3466 3596 3529 Quanta

329 3569 527 3621 autem
554 3565 613 3621 in
649 3566 777 3638 ejus
806 3565 1125 3637 pontiﬁcali
1157 3565 1436 3621 electione
1467 3566 1778 3623 concordia
1796 3566 1883 3622 vel
1916 3567 2276 3622 unanimitas
2298 3567 2489 3635 fuerit,
2514 3567 2713 3623 nullus
2736 3565 2986 3622 breviter
3004 3560 3595 3626 enarrarehominum

220 3664 291 3719 10
330 3667 541 3737 potest.
576 3663 721 3729 Quid
756 3668 953 3719 autem
976 3661 1280 3719 electionis
1311 3681 1427 3717 suae
1462 3668 1720 3736 tempore
1751 3664 2149 3736 apostolorum
2199 3664 2516 3738 suffragiis,
2551 3668 2792 3735 suisque
2822 3662 3041 3719 sanctis
3072 3656 3597 3716 intervenientibus

327 3759 602 3832 precibus
632 3760 704 3814 de
732 3759 1037 3816 Saracenis
1067 3758 1205 3829 illis,
1239 3759 1339 3832 qui
1362 3765 1481 3814 tam
1514 3761 1801 3816 nefarium
1823 3761 2013 3817 scelus
2041 3761 2480 3830 commiserunt,
2504 3762 2699 3818 divina
2727 3761 2913 3816 virtus
2937 3758 3247 3833 peregerit,
3268 3756 3379 3814 hoc
3401 3755 3599 3810 incon-

325 3856 566 3913 veniens
597 3860 700 3914 aut
728 3856 1183 3931 reprehensibile
1216 3874 1331 3913 non
1363 3862 1453 3913 est
1482 3857 1601 3913 sive
1631 3859 1704 3914 ob
1736 3859 2068 3916 futurorum
2101 3859 2219 3916 sive
2245 3860 2515 3916 timorem
2547 3860 2667 3916 sive
2694 3858 3062 3927 memoriam,
3098 3854 3471 3930 presentibus
3496 3851 3598 3907 lit-

325 3954 469 4011 teris
499 3955 795 4011 adnotare.
829 3952 1046 4011 Omnes
1066 3952 1223 4011 enim
1244 3972 1377 4011 cum
1398 3954 1630 4024 vellent,
1657 3956 1986 4028 iniquitatis
2005 3974 2073 4013 ac
2094 3957 2541 4031 depraedationis
2563 3958 2780 4015 scelere
2798 3960 3151 4029 perpetrato,
3173 3954 3245 4011 ad
3270 3951 3597 4010 Africanam

326 4070 446 4126 qua
473 4056 750 4111 venerant
780 4040 1074 4125 regionem
1107 4056 1389 4107 revertere
1413 4054 1508 4124 (b),
1524 4058 1687 4110 vasto
1710 4054 1890 4110 maris
1914 4054 2116 4127 pelago
2134 4056 2187 4110 vi
2213 4062 2517 4111 ventorum
2541 4055 3069 4128 procellarumque,
3094 4053 3247 4109 sicut
3271 4056 3430 4108 certa
3450 4047 3596 4106 rela-

219 4140 291 4201 15
329 4143 488 4198 tione
520 4139 919 4215 cognovimus,
951 4145 1067 4197 Deo
1100 4141 1493 4214 permittente,
1528 4143 1780 4199 demersi
1822 4148 1962 4199 sunt
1990 4146 2420 4217 antiquumque
2460 4145 2606 4201 illud
2650 4143 3051 4218 [Egyptiorum
3082 4139 3436 4197 miraculum
3467 4152 3598 4193 ecce

328 4240 552 4297 noviter
580 4236 977 4312 apostolorum
1010 4239 1226 4295 meruit
1271 4240 1457 4296 oratio
1488 4240 1767 4297 obtinere.
1817 4242 2062 4300 Romani
2110 4260 2363 4315 quoque,
2414 4247 2481 4299 ut
2511 4243 2788 4311 diximus,
2824 4240 2955 4298 novi
2994 4238 3274 4296 electione
3304 4234 3598 4310 pontiﬁcis

329 4338 787 4411 congaudentes,
824 4341 1123 4409 cmperunt
1162 4337 1375 4393 iterum
1426 4355 1541 4393 non
1583 4339 1955 4396 mediocriter
2001 4341 2357 4406 constritari,
2392 4357 2458 4397 eo
2490 4342 2644 4414 quod
2677 4342 2804 4397 sine
2834 4336 3125 4412 imperiali
3154 4353 3272 4391 non
3302 4333 3599 4391 audebant

330 4425 681 4484 auctoritate
712 4426 977 4481 futurum
1029 4440 1369 4481 consecrare
1416 4425 1777 4497 pontiﬁcem,
1809 4427 2253 4501 periculumque
2289 4433 2562 4485 Romanae
2611 4428 2775 4485 urbis
2824 4427 3077 4485 maxime
3126 4424 3487 4490 metuebant,
3523 4438 3598 4477 ne

328 4524 544 4581 iterum
575 4526 641 4579 ut
668 4521 808 4578 olim
841 4521 973 4579 aliis
1003 4522 1075 4578 ab
1104 4522 1375 4578 hostibus
1406 4523 1614 4579 fuisset
1652 4524 1910 4580 obsessa.
1945 4524 2063 4581 Hoc
2096 4526 2303 4582 timore
2334 4530 2391 4582 et
2422 4528 2619 4583 futuro
2649 4543 2789 4583 casu
2818 4522 3129 4599 perterriti,
3152 4539 3288 4578 eum
3320 4519 3445 4576 sine
3466 4535 3595 4591 per-

217 4620 293 4678 20
330 4617 519 4675 missu
548 4619 830 4693 principis
852 4619 1162 4693 praasulem
1185 4626 1689 4687 consecraverunt,
1722 4622 1897 4677 ﬁdem
1929 4639 2163 4695 quoque
2193 4623 2352 4681 illius
2384 4624 2502 4681 sive
2532 4624 2813 4681 honorem
2846 4625 2976 4698 post
2997 4624 3176 4678 Deum
3198 4637 3302 4695 per
3324 4616 3523 4676 omnia
3540 4619 3597 4673 et

329 4716 390 4774 in
423 4716 700 4774 omnibus
733 4722 1165 4774 conservantes.

401 4813 556 4872 498
595 4815 728 4871 Jam
759 4814 897 4888 quia
923 4815 1220 4871 humanus
1252 4815 1584 4872 existimare
1616 4834 1731 4872 non
1764 4817 1981 4874 sufﬁcit
2012 4818 2247 4889 arbiter,
2283 4836 2387 4875 nec
2409 4838 2473 4876 os
2506 4796 2721 4876 referre
2747 4818 3038 4893 praevafet,
3064 4820 3297 4891 quantae
3317 4812 3598 4873 bonitatis

328 4926 396 4970 ac
426 4910 663 4987 pietatis
692 4912 787 4969 hic
818 4912 1199 4972 beatissimus
1220 4914 1465 4970 existitit
1486 4915 1762 4989 pontifex,
1783 4917 2092 4974 redeamus
2116 4919 2187 4973 ad
2210 4936 2279 4975 ea
2300 4936 2416 4991 qua
2438 4920 2620 4975 fretus
2641 4918 2741 4976 Dei
2763 4936 2959 4975 amore
2976 4921 3316 4975 sanctorum
3335 4911 3595 4970 ecclesiis

327 5010 562 5081 obtulit,
591 5015 648 5067 et
677 5028 712 5067 a
740 5010 928 5083 primo
951 5012 1329 5084 pontiﬁcatus
1349 5013 1441 5068 sui
1458 5014 1691 5071 exordio
1714 5032 2076 5093 enarremqs.
2114 5016 2217 5073 Hic
2234 5034 2368 5073 vero
2392 5017 2642 5090 insignis
2662 5022 2720 5074 et
2742 5017 3055 5091 praeclarus
3076 5014 3323 5085 antistes
3340 5027 3595 5084 superno

325 5120 526 5164 amore
545 5108 928 5164 exardescens
949 5107 1159 5164 obtulit
1175 5108 1235 5163 in
1249 5110 1493 5167 basilica
1513 5111 1667 5167 beati
1690 5112 1839 5169 Petri
1861 5112 2107 5187 apostoli
2130 5130 2405 5170 coronam
2427 5132 2496 5170 ex
2514 5119 2754 5188 argento
2777 5114 3094 5187 purissimo
3118 5127 3319 5178 unam,
3344 5125 3595 5182 pensan-

249 5207 287 5261 5
323 5204 444 5261 tem
474 5203 658 5261 libras
689 5203 890 5278 viginti
909 5208 966 5260 et
995 5210 1277 5278 quatuor;
1303 5207 1586 5279 gabathas
1612 5209 1976 5267 interrasilcs
2000 5212 2170 5279 duas,
2197 5229 2441 5284 pensan,
2474 5210 2654 5267 libras
2678 5212 2823 5267 duas
2849 5229 2861 5278 ;
2887 5209 3014 5266 vela
3044 5213 3312 5282 septem.,
3335 5207 3451 5262 duo
3473 5204 3599 5277 qui-

325 5303 459 5359 dem
494 5303 565 5358 de
594 5301 859 5373 fundato,
894 5307 951 5360 et
975 5303 1089 5359 alia
1126 5305 1243 5360 duo
1298 5306 1367 5360 de
1417 5307 1691 5377 stauraci,
1746 5312 1802 5363 et
1850 5309 1964 5365 tria
2012 5310 2082 5365 de
2113 5310 2405 5382 spanisco.
2448 5309 2668 5365 Obtulit
2696 5326 2831 5365 vero
2862 5308 3078 5364 ibidem
3111 5306 3185 5362 ad
3224 5304 3595 5379 splendorem

324 5405 383 5457 et
412 5399 660 5474 gloriam
691 5399 879 5475 ipsius
907 5403 1247 5457 venerandae
1280 5403 1531 5459 basilicae
1560 5405 1847 5461 cortinam
1880 5406 2329 5463 Alexandrinam
2364 5407 2523 5463 mirae
2558 5406 3016 5479 pulchritudinis
3055 5422 3259 5471 unam,
3282 5404 3596 5460 habentem

325 5489 640 5546 historiam
661 5506 955 5563 pavonum
977 5491 1336 5564 portantium
1361 5493 1610 5565 desuper
1635 5494 1924 5563 homines,
1950 5500 2007 5552 et
2023 5495 2197 5551 aliam
2221 5496 2528 5552 historiam
2552 5495 2881 5568 aquilarum
2910 5497 3380 5567 rotarumque,et
3400 5491 3596 5548 avium

324 5604 461 5644 cum
479 5585 807 5645 arboribus.
830 5587 959 5661 Ipse
978 5606 1111 5644 vero
1132 5588 1401 5663 egregius
1423 5596 1480 5647 et
1507 5593 2006 5665 prudentissimus
2031 5612 2181 5666 papa
2203 5593 2416 5649 obtulit
2436 5595 2495 5648 in
2521 5592 2766 5651 basilica
2790 5598 3131 5650 sanctorum
3154 5596 3408 5665 quatuor
3423 5589 3597 5645 Coro-

214 5685 290 5742 40
326 5690 625 5752 natorum,
668 5685 729 5740 in
759 5701 877 5757 qua
906 5684 1216 5742 sacerdotii
1247 5685 1339 5742 sui
1371 5688 1755 5745 solertissime
1784 5691 2025 5748 functus
2046 5695 2134 5747 est
2161 5691 2443 5759 ofﬁcium,
2472 5689 2730 5747 canistra
2750 5692 2821 5747 de
2842 5696 3081 5764 argento
3112 5690 3431 5763 purissimo
3464 5685 3595 5756 tria,

323 5798 547 5856 pensan
579 5781 828 5839 libras...
862 5782 1247 5856 Aquamanile
1282 5784 1554 5842 similiter
1575 5788 1645 5842 de
1667 5793 1907 5861 argento
1943 5789 2336 5845 mundissimo
2371 5807 2478 5862 par
2501 5806 2706 5857 unum,
2733 5789 3013 5845 canthara
3035 5804 3167 5843 cum
3193 5786 3599 5861 thymiamate-

323 5880 430 5948 rio,
465 5880 523 5936 id
554 5888 658 5937 est.
696 5897 939 5953 pensan.
972 5881 1268 5938 libras.....
1301 5881 1443 5939 Vela
1476 5885 1546 5940 de
1594 5886 1857 5955 fundato,
1891 5906 2025 5960 qum
2066 5889 2137 5943 ad
2190 5887 2441 5943 nitorem
2492 5887 2681 5960 ipsius
2730 5886 2788 5942 in
2843 5904 2981 5942 arcu
3026 5886 3296 5942 videntur
3339 5880 3594 5940 ecclesia

1359 6014 1610 6063 NOTULE
1650 6018 2039 6067 MARGINALES
2083 6020 2409 6066 FABROTTI.

248 6082 337 6157 (α)
350 6080 537 6143 Matth.
569 6097 628 6142 ν.
661 6083 740 6158 (b)
769 6082 1017 6143 Reverti.
