3922 6404
249 297 406 360 1307
1404 308 1510 369 AN
1516 316 1561 370 A
1572 310 1796 373 STASI

2130 316 2388 380 THECA
2398 318 2530 381 RlI.
3519 326 3675 391 1308

390 434 668 506 pendere,
701 434 1034 493 duodecim.
1068 443 1213 496 Item
1244 440 1371 497 vela
1401 443 1588 500 serica
1618 444 1750 502 alba
1780 446 2021 521 triginta
2052 454 2108 506 et
2139 455 2409 524 quatuor.
2435 452 2592 511 Fecit
2620 472 2753 512 vero
2778 456 2837 512 in
2868 456 3070 515 eadem
3102 457 3360 517 basilica
3389 461 3462 517 ad
3486 460 3677 535 splen-

390 532 592 589 dorem
624 534 773 590 sacri
809 534 1010 591 altaris
1042 543 1260 594 vestem
1291 539 1699 613 holosericam,
1725 545 2040 604 habentem
2072 549 2387 625 periclysin
2420 552 2489 609 de
2511 552 2907 627 chrysoclavo.
2933 556 3003 612 Et
3019 556 3197 614 aliam
3225 565 3449 615 vestem
3474 532 3673 617 albam

288 630 357 685 15
395 647 527 731 Tum
561 632 730 700 rosis,
764 632 1076 690 habentem
1110 641 1264 693 rotas
1291 645 1537 712 septem,
1570 649 1627 698 et
1657 643 1715 698 in
1750 646 1940 701 medio
1961 647 2225 704 tabulam
2249 650 2318 706 de
2341 650 2735 725 chrysoclavo,
2765 670 2900 711 cum
2923 654 3116 729 efﬁgie
3134 655 3393 714 hominis
3415 659 3675 731 gerentis

391 727 451 783 in
485 728 670 802 capite
700 746 966 803 gemmas
996 734 1263 806 prasinus
1295 737 1573 811 quinque.
1610 740 1749 798 Item
1780 749 2003 800 vestem
2029 745 2223 802 albam
2256 748 2327 804 de
2357 748 2731 822 chrysoclavo
2754 769 2888 808 cum
2908 753 3051 809 rotis
3072 770 3191 809 sex.
3222 754 3376 811 Fecit
3395 760 3592 813 autem
3612 756 3674 813 in

386 827 513 899 jam
544 827 698 884 dicta
728 829 973 887 basilica
1002 832 1077 887 ad
1107 832 1386 891 honorem
1419 842 1474 893 et
1501 838 1748 911 gloriam
1782 843 1932 898 sacri
1966 843 2167 900 altaris
2192 844 2318 901 vela
2344 846 2621 906 habentia
2657 866 2859 906 eruces
2891 856 2947 906 et
2968 852 3338 925 gammadias
3371 854 3441 910 de
3464 853 3673 927 chyso-

393 924 551 981 clavo
576 930 634 982 et
654 928 905 1000 gemmis
922 947 987 986 ac
1007 931 1184 989 bullis
1203 934 1396 992 aureis
1428 938 1515 993 33.
1531 937 1737 995 Velum
1753 941 2048 1014 aculptile,
2075 943 2297 1001 habens
2320 944 2579 1004 hominis
2599 948 2855 1022 efﬁgiem
2879 924 3137 1006 sedentis
3161 968 3340 1024 super
3381 924 3669 1025 pavonem

393 1039 600 1122 unum.
637 1025 781 1081 Item
809 1027 955 1097 vela,
988 1029 1266 1088 habentia
1298 1032 1602 1092 historiam
1635 1042 1848 1095 sanctae
1879 1040 1982 1097 Dei
2033 1042 2531 1118 Genitricis,:tria.
2563 1048 2707 1103 Item
2739 1047 2887 1103 velia
2926 1047 3171 1105 fundata
3195 1051 3667 1122 quatuordecim,

285 1121 356 1174 20
394 1125 448 1175 et
480 1120 593 1177 alia
623 1139 758 1179 cum
788 1131 947 1182 veste
977 1128 1047 1184 de
1079 1128 1331 1187 blatthin
1363 1133 1496 1189 duo.

462 1221 618 1278 499
659 1222 785 1294 Ipse
816 1225 1053 1297 quidem
1086 1228 1335 1287 eximius
1364 1236 1420 1287 et
1440 1233 1819 1292 beatissimus
1840 1254 1991 1309 papa
2013 1238 2149 1295 fecit
2176 1238 2234 1295 in
2266 1240 2510 1298 basilica
2540 1248 2755 1300 sanetae
2790 1244 2885 1301 Dei
2919 1244 3250 1314 Genitricis,
3276 1262 3403 1318 quae
3426 1246 3673 1319 ponitur

396 1316 455 1373 in
485 1318 610 1376 vico
643 1320 743 1393 qui
777 1330 1158 1398 nuncupatur
1188 1328 1530 1399 Sardorum,
1562 1337 1782 1389 vestem
1815 1335 1885 1391 de
1918 1336 2181 1406 fundato,
2217 1338 2529 1397 habentem
2546 1341 2855 1398 historiam
2876 1348 3093 1399 sanctae
3125 1344 3229 1400 Dei
3261 1316 3576 1401 denitricis
3598 1345 3673 1401 de

392 1416 767 1516 chry-soclavo
798 1438 933 1516 cum
954 1426 1283 1516 prophetis.
1309 1432 1440 1500 Ipse
1462 1447 1592 1486 vero
1618 1449 1652 1487 a
1672 1432 1789 1504 Deo
1820 1434 2091 1491 amabilis
2123 1441 2181 1493 et
2212 1439 2711 1510 prudentissimus
2733 1459 2885 1514 papa
2906 1441 3117 1498 sedilia
3147 1443 3207 1497 in
3230 1441 3501 1516 ingressu
3524 1460 3680 1499 mar-

395 1506 663 1602 moribus
696 1511 1034 1583 patriarchii
1068 1517 1416 1586 construxit,
1452 1535 1581 1591 quae
1612 1520 1815 1578 nullus
1836 1524 2181 1595 pontiﬁcum
2207 1506 2269 1581 ut
2291 1528 2596 1600 perficeret
2628 1506 2951 1587 arbitratus
2981 1536 3089 1587 est.
3121 1532 3269 1587 Nam
3291 1506 3347 1588 ξι
3368 1531 3674 1603 solarium,

317 1604 356 1659 5
392 1606 546 1677 quod
572 1607 751 1663 beatae
774 1611 1068 1667 memoriae
1095 1614 1205 1669 Leo
1218 1615 1427 1673 tertius
1449 1634 1603 1690 papa
1623 1625 2047 1692 construxerat,
2068 1640 2203 1680 cum
2225 1642 2340 1697 pra:
2364 1625 2548 1683 nimia
2569 1631 2857 1685 vetustate
2880 1630 3081 1686 fractis
3110 1629 3380 1689 trabibus
3403 1629 3463 1687 in
3487 1630 3675 1687 ruinis

393 1711 731 1762 cerneretur
760 1724 1053 1777 eversum,
1086 1712 1314 1769 noviter
1342 1714 1648 1786 pulchrius
1679 1718 1738 1774 in
1767 1718 2067 1777 meliorem
2101 1722 2352 1795 speciem
2385 1727 2752 1783 restauravit.
2787 1727 2892 1784 Hic
2922 1728 3161 1802 quidem
3192 1727 3441 1803 insignis
3463 1733 3520 1785 et
3541 1729 3676 1802 pius

394 2016 497 2070 per
524 1999 905 2060 indictionem
938 2005 1129 2063 factus
1151 2011 1242 2064 est
1265 2009 1575 2080 decimam,
1602 2011 1683 2067 ita
1704 2016 1771 2068 ut
1791 2014 1990 2071 omnia
2009 2015 2297 2073 elementa
2318 2035 2606 2076 concussa
2628 2019 2966 2078 viderentur
2985 2022 3057 2079 ab
3082 2022 3379 2079 omnibus.
3413 2024 3429 2077 I
3437 2040 3539 2095 pse
3547 2024 3677 2095 jam

288 2097 355 2151 10
393 2099 704 2171 saepefatus
733 2106 791 2156 et
820 2103 1247 2163 solertissimus
1276 2109 1534 2180 pontifex
1558 2112 1882 2167 secundum
1907 2113 2214 2186 antiquam
2237 2118 2726 2175 consuetudinem
2751 2120 3033 2176 canonica
3054 2121 3401 2177 auctoritate
3424 2121 3680 2178 decrevit

394 2201 571 2269 atque
601 2200 927 2269 constituit,
963 2207 1030 2260 ut
1059 2204 1202 2260 dum
1232 2222 1401 2262 sacra
1429 2206 1746 2264 missarum
1780 2209 2068 2267 solemnia
2098 2212 2157 2268 in
2182 2214 2428 2271 ecclesia
2456 2215 2807 2287 celerantur,
2832 2216 3032 2274 nullus
3060 2236 3129 2275 ex
3158 2217 3324 2275 laicis
3355 2219 3414 2274 in
3436 2220 3678 2292 presby-

392 2296 540 2351 terio
562 2300 718 2354 stare
733 2299 820 2355 vel
846 2302 1048 2357 sedere
1072 2307 1174 2358 aut
1192 2302 1421 2377 ingredi
1442 2312 1778 2377 praesumat,
1804 2308 1918 2366 nisi
1941 2314 2175 2366 tantum
2208 2328 2375 2369 sacra
2396 2312 2563 2386 plebs
2579 2332 2706 2388 quae
2727 2314 2787 2371 in
2805 2315 3313 2374 administratione
3330 2316 3481 2374 sacri
3498 2315 3678 2374 ofﬁcii

392 2395 714 2452 constituta
741 2398 994 2457 videtur.

467 2495 622 2552 ωε)
662 2496 790 2568 Ipse
821 2496 1057 2569 quidem
1117 2500 1496 2561 beatissimus
1549 2506 1808 2577 pontifex
1838 2512 1972 2580 post
2001 2508 2217 2565 caedem
2245 2513 2303 2565 et
2331 2510 2821 2583 depraedationem
2844 2529 3005 2567 saeva:
3026 2512 3218 2585 gentis
3246 2514 3676 2586 Agamnorum,

393 2610 571 2665 quam
602 2594 661 2649 in
693 2600 1032 2653 sanctorum
1062 2598 1472 2671 Apostolorum
1500 2603 1762 2661 ecclesiis
1794 2610 2163 2679 peregerunt,
2197 2608 2269 2663 ad
2300 2608 2786 2664 restaurationem
2820 2608 3081 2681 ipsarum
3122 2610 3382 2682 quotidie
3404 2611 3677 2667 animum

392 2696 1109 2769 praetendebat,quatenus
1140 2699 1339 2755 omnia
1371 2718 1497 2774 quae
1531 2702 1603 2758 ab
1633 2702 1830 2776 impiis
1854 2705 2131 2762 manibus
2152 2705 2348 2762 ablata
2366 2706 2597 2762 fuerant
2617 2710 3183 2780 repararet,sperans
3204 2711 3428 2765 aeternae
3455 2708 3672 2765 futuris

389 2790 794 2850 retributionis
814 2796 1562 2864 mercedem.Quamobrem
1580 2800 1866 2857 obtulitin
1885 2801 2132 2859 basilica
2144 2803 2299 2859 beati
2322 2803 2469 2859 Petri
2484 2803 2732 2876 apostoli
2746 2805 3053 2860 buttonem
3076 2805 3148 2861 de
3168 2811 3409 2878 argento
3425 2806 3673 2878 purissi-

318 2891 353 2945 5
394 2906 489 2946 mo
507 2906 642 2945 cum
664 2892 936 2965 gabathis
962 2895 1255 2969 argenteis
1275 2897 1665 2968 pendentibus
1685 2900 1743 2954 in
1767 2899 2053 2957 catenulis
2070 2901 2480 2973 septem.Fecit
2500 2905 2696 2957 autem
2716 2901 2788 2957 ad
2807 2900 3300 2959 illuminationem
3314 2901 3504 2976 ipsius
3524 2904 3680 2960 basi-

390 2986 514 3043 licae
547 2993 665 3045 rete
696 2990 975 3060 ahenum,
1009 3010 1144 3050 cum
1177 2994 1451 3052 canistris
1472 2997 1765 3069 argenteis
1793 2999 1992 3055 decem
2023 3002 2079 3054 et
2109 3001 2353 3069 septem.
2379 2998 2522 3054 Nam
2556 3003 2613 3055 et
2639 2998 2889 3072 pharum
2921 2999 3083 3055 mirae
3116 3000 3543 3074 magnitudinis
3594 3002 3667 3057 ad

391 3086 763 3159 splendorem
786 3093 843 3146 et
871 3089 1119 3164 gloriam
1144 3092 1358 3165 saapius
1378 3099 1710 3151 memorata:
1741 3095 1996 3151 ecclesiae
2030 3096 2319 3169 reparavit
2346 3114 2359 3165 ;
2380 3096 2438 3151 in
2462 3113 2580 3169 qua
2600 3097 2778 3153 etiam
2801 3097 3014 3154 obtulit
3039 3115 3315 3154 ceronam
3339 3099 3411 3155 de
3433 3104 3677 3173 argento

390 3186 804 3258 mundissimo,
837 3206 1080 3260 pensan.
1115 3190 1459 3247 libras.......
1491 3192 1631 3248 Vela
1670 3194 1741 3248 de
1791 3193 2054 3261 fundato,
2089 3211 2215 3266 quae
2248 3194 2309 3249 in
2342 3194 2567 3251 ambitu
2600 3195 2750 3252 sacri
2784 3195 2986 3252 altaris
3018 3196 3358 3269 pulchriora
3386 3198 3670 3269 pendent.

387 3284 593 3357 viginti
617 3285 895 3359 quinque.
917 3288 1059 3344 Item
1082 3288 1209 3345 vela
1229 3288 1466 3345 leonum
1487 3290 1765 3347 habentia
1786 3290 2089 3358 historias,
2113 3308 2242 3365 qua:
2265 3292 2768 3349 antevestibulum
2791 3310 2968 3349 sacra:
2985 3294 3383 3351 Confessionis
3423 3312 3677 3350 cernun-

288 3383 355 3438 10
392 3386 489 3438 tur
519 3385 771 3456 pendere
790 3385 1011 3442 decem.
1034 3389 1105 3443 Et
1133 3386 1250 3443 alia
1267 3387 1397 3443 vela
1418 3388 1489 3444 de
1513 3388 1778 3455 fundato,
1794 3406 1920 3461 quae
1942 3388 2095 3445 inter
2114 3389 2421 3447 columnas
2439 3390 2626 3463 ipsius
2646 3392 2990 3447 veneranda:
3014 3391 3269 3448 basilicae
3290 3393 3492 3448 dextra
3510 3392 3677 3450 laeva-

392 3497 507 3553 que
537 3487 868 3555 coruscant,
901 3484 1293 3558 quadraginta
1322 3489 1379 3541 et
1409 3502 1524 3542 sex.
1561 3486 1705 3541 Item
1738 3487 1865 3542 vela
1896 3487 1968 3543 de
2015 3488 2280 3557 fundato,
2307 3506 2423 3561 qua
2448 3489 2507 3544 in
2539 3506 2680 3545 arcu
2720 3490 2793 3546 ad
2830 3477 3105 3546 ornatum
3137 3494 3195 3547 ct
3232 3490 3668 3547 decorationem

391 3580 734 3653 presbyterii
769 3582 1042 3653 pendent,
1066 3582 1310 3656 triginta
1339 3587 1395 3639 et
1423 3583 1554 3639 tria.
1587 3583 2004 3642 Verumtamen
2038 3590 2095 3643 et
2124 3586 2240 3642 alia
2284 3586 2412 3643 vela
2440 3587 2511 3643 de
2541 3587 2810 3656 fundato,
2847 3605 2973 3661 qua:
3007 3588 3066 3644 in
3099 3588 3344 3645 diversis
3396 3590 3669 3661 ejusdem

394 3677 648 3734 basilicas
681 3677 825 3735 locis
855 3680 980 3753 ipse
1009 3680 1305 3737 almiﬁcus
1334 3698 1370 3754 p
1392 3699 1488 3755 ~pa
1515 3682 1821 3739 constituit
1849 3685 2123 3756 pendere,
2157 3685 2357 3741 decem
2391 3689 2540 3742 octo.
2572 3686 2642 3742 Et
2661 3685 2777 3744 alia
2804 3686 2945 3743 item
2967 3684 3113 3755 vela,
3150 3704 3277 3760 quae
3298 3687 3673 3759 antejanuas

395 3793 573 3832 sacrae
605 3777 858 3833 basilica:
889 3780 1165 3851 pendent,
1202 3784 1475 3853 quatuor.

467 3874 613 3930 501
660 3875 765 3930 Hic
792 3892 927 3933 vero
949 3876 1198 3951 insignis
1230 3882 1289 3934 et
1318 3878 1816 3951 prudentissimus
1848 3880 2064 3952 praesul
2095 3897 2351 3956 superno
2379 3882 2565 3939 fretus
2599 3898 2796 3939 amore
2819 3881 2954 3939 fecit
2983 3882 3044 3939 in
3074 3881 3317 3940 basilica
3330 3887 3679 3971 panctorum

394 3975 692 4044 matyrum
722 3976 968 4044 qeatuor
995 3974 1418 4032 Coronatorum
1447 3980 1668 4032 vestem
1720 3977 1792 4032 de
1838 3976 2204 4051 cbysoclavo,
2246 3979 2564 4035 habentem
2617 3978 2927 4035 historiam
2964 3979 3416 4037 resurrectionis
3445 3980 3683 4038 Domini

397 4068 582 4123 nostri
611 4069 752 4125 Jesu
784 4071 918 4127 Chri
958 4072 1022 4141 ti,
1058 4077 1233 4146 atque
1264 4073 1487 4146 efﬁgies
1510 4073 1921 4146 praedictorum
1944 4080 2273 4149 martyrum
2297 4079 2353 4131 ct
2374 4076 2564 4150 ipstus
2583 4076 2822 4133 almiﬁci
2846 4077 3147 4150 praesulis;
3170 4077 3351 4150 hujus
3366 4079 3523 4135 enim
3543 4096 3685 4152 praa-
3756 4114 3763 4125 ι

397 4167 497 4223 fati
527 4166 763 4224 almiﬁci
793 4170 1063 4242 praesulis
1095 4171 1332 4227 animus
1362 4175 1524 4226 tanto
1555 4170 1750 4227 divino
1783 4171 2050 4246 fulgebat
2080 4191 2298 4243 amore,
2334 4179 2401 4230 ut
2429 4191 2499 4231 ea
2528 4192 2656 4247 quae
2686 4174 2913 4247 pridem
2946 4192 3016 4230 ex
3047 4175 3203 4232 beati
3252 4176 3401 4232 Petri
3432 4176 3682 4249 apostoli

318 4266 355 4320 5
391 4266 639 4323 ecclesia
667 4268 742 4323 ab
765 4268 964 4341 impiis
998 4269 1273 4325 manibus
1301 4268 1759 4326 innumerabilia
1788 4272 2020 4328 fuerant
2040 4273 2194 4329 bona
2211 4272 2410 4331 ablata
2440 4291 2546 4339 suo
2566 4273 2859 4347 praecipuo
2895 4277 3157 4347 tempore
3189 4273 3408 4331 libente
3433 4273 3685 4330 voluerit

432 4370 662 4439 pectore
693 4367 891 4423 omnia
922 4368 1144 4423 noviter
1164 4371 1508 4423 restaurare.
1547 4368 1769 4424 Idcirco
1787 4371 1859 4425 ad
1882 4370 2059 4427 decus
2086 4375 2143 4427 et
2167 4370 2450 4427 honorem
2470 4371 2656 4445 ipsius
2679 4371 2969 4444 praedicta:
2997 4371 3255 4429 ecclesia:
3280 4372 3413 4427 fecit
3434 4389 3682 4429 coronas

395 4481 463 4519 ex
495 4468 735 4537 argento
768 4463 1085 4536 purissimo
1108 4463 1256 4519 miro
1287 4465 1646 4538 compositas
1677 4483 1850 4538 opere
1881 4467 2030 4523 duas
2063 4468 2388 4541 pendentes
2420 4467 2479 4523 in
2514 4467 2806 4525 catenulis
2838 4468 3153 4542 argenteis,
3188 4486 3323 4524 cum
3353 4468 3609 4541 gemmis
3627 4472 3685 4524 et

397 4561 576 4618 bullis
609 4562 925 4631 deauratis,
952 4580 1330 4635 pensamuna
1357 4562 1539 4619 libras
1567 4568 1803 4619 centum
1835 4563 2077 4637 triginta
2104 4569 2160 4621 et
2188 4566 2361 4634 duas,
2382 4571 2439 4622 et
2467 4564 2585 4622 alia
2614 4569 2849 4622 centum
2871 4569 2927 4621 et
2957 4565 3221 4640 triginta,
3252 4566 3537 4622 habentes
3563 4583 3685 4623 una

398 4659 801 4718 clamacterios
832 4665 1137 4734 argenteos
1166 4662 1370 4718 subter
1393 4661 1756 4735 pendentens
1776 4661 2018 4736 triginta
2049 4667 2107 4719 et
2125 4668 2386 4736 septem;
2417 4669 2476 4720 et
2495 4663 2673 4721 aliam
2691 4663 3060 4721 similimodo
3079 4665 3394 4722 habentem
3420 4665 3683 4738 quadra-

293 4760 360 4814 10
396 4758 578 4831 ginta.
613 4760 683 4814 Et
710 4759 851 4831 quia
870 4759 1065 4816 divino
1087 4777 1320 4833 semper
1338 4765 1463 4817 erat
1484 4777 1726 4816 munere
1750 4766 2117 4833 perornatus,
2144 4761 2504 4834 dignamque
2534 4762 2606 4819 de
2625 4760 2903 4819 omnibus
2923 4778 3127 4819 curam
3148 4766 3205 4818 et
3224 4760 3684 4819 sollicitudinem

398 4858 612 4914 habere
645 4859 919 4915 studebat
948 4858 1213 4927 feliciter,
1246 4858 1383 4915 fecit
1413 4857 1472 4914 in
1495 4859 1747 4915 oratorio
1779 4858 1968 4915 sancti
1996 4860 2241 4915 Andreae
2272 4858 2523 4933 apostoli
2557 4860 2629 4916 ad
2662 4864 2937 4917 sanctum
2965 4860 3198 4917 Petrum
3225 4860 3355 4915 vela
3376 4860 3690 4931 majorade

399 4957 642 5014 fundato
672 4956 807 5025 duo,
841 4959 899 5012 et
928 4956 1043 5013 alia
1074 4958 1301 5014 minora
1333 4956 1593 5030 quinque
1622 4961 1830 5013 ornata
1857 4956 1917 5013 in
1950 4957 2199 5014 circuitu
2231 4959 2304 5014 de
2333 4956 2606 5014 blatthin.

471 5054 623 5112 502
655 5053 784 5127 Ipse
805 5071 936 5110 vero
959 5071 993 5109 a
1013 5054 1130 5111 Deo
1162 5059 1458 5128 protectus
1505 5054 1818 5111 venerabili
1849 5060 1906 5112 et
1946 5055 2261 5128 praeclarus
2280 5055 2537 5129 pontifex
2554 5054 2688 5112 fecit
2704 5054 2765 5111 1n
2789 5055 3147 5112 monasterio
3170 5053 3357 5111 sancti
3377 5053 3676 5110 Anastasii

400 5169 502 5225 pro
533 5156 751 5206 aeterna
770 5150 864 5206 ani
874 5169 979 5205 ma:
1003 5169 1120 5207 suae
1145 5152 1543 5225 redemptione
1563 5157 1782 5209 vestem
1810 5153 2057 5209 sericam
2080 5155 2151 5209 de
2171 5154 2413 5210 fundato
2429 5171 2628 5222 unam,
2648 5154 2963 5210 habentem
2983 5151 3295 5208 historiam
3316 5151 3680 5224 aquilarum.

401 5249 683 5306 Similiter
711 5254 768 5304 et
797 5248 924 5305 vela
955 5250 1025 5305 de
1056 5250 1299 5306 fundato
1330 5251 1466 5320 duo,
1501 5256 1735 5324 compta
1764 5251 1822 5306 in
1849 5250 2095 5308 circuitu
2121 5253 2192 5309 de
2213 5252 2489 5309 blatthin.
2515 5251 2705 5309 Simili
2728 5253 2901 5308 modo
2924 5252 3060 5307 fecit
3089 5250 3149 5307 in
3175 5251 3529 5308 monasterio
3552 5268 3686 5306 san-

400 5352 503 5403 ctae
532 5348 807 5404 Praxedis
838 5351 1058 5404 vestem
1091 5349 1162 5405 de
1193 5349 1439 5405 fundato
1473 5366 1672 5406 unam.
1708 5349 1812 5405 Hie
1842 5367 2080 5423 quoque
2109 5351 2426 5424 prtedictus
2447 5350 2661 5424 praesul
2683 5367 2718 5407 a
2740 5350 2835 5405 die
2858 5365 2974 5421 qua
2994 5348 3192 5405 divina
3211 5348 3395 5405 fretus
3419 5347 3685 5420 potentia

325 5446 361 5498 5
398 5462 626 5501 sacram
659 5445 903 5519 apsstoli
928 5446 1089 5514 Petri
1122 5448 1322 5503 sedem
1355 5448 1516 5503 omni
1550 5446 1912 5521 benignitate
1935 5449 2296 5518 conscendit,
2346 5466 2481 5505 mox
2528 5449 2598 5504 de
2639 5446 2850 5521 priscis
2880 5445 2969 5502 vel
3004 5444 3267 5518 antiquis
3300 5444 3451 5501 sacri
3484 5443 3687 5517 palatii

403 5543 632 5615 usibus,
662 5549 838 5617 atque
870 5544 1196 5613 ordinibus,
1230 5545 1328 5617 qui
1362 5546 1472 5602 sub
1504 5547 2007 5618 praedecessorum
2040 5564 2282 5604 suorum
2315 5548 2664 5621 pontiﬁcum
2698 5550 2962 5617 tempora
2993 5542 3213 5617 erupit,
3245 5546 3420 5616 atque
3460 5540 3692 5599 diversa

401 5642 829 5698 consuetudine
862 5643 1093 5698 fuerant
1114 5643 1309 5712 deleti,
1343 5644 1473 5699 ideo
1505 5645 1577 5700 ad
1610 5662 1729 5701 sua:
1761 5645 2109 5701 memoriam
2143 5646 2474 5702 sanctitatis
2506 5644 2813 5701 universos
2845 5642 3146 5707 reducere,
3176 5640 3263 5695 vel
3294 5640 3355 5695 in
3381 5638 3691 5697 meliorem

402 5740 620 5792 statum
652 5756 829 5809 quam
862 5756 1050 5811 nuper
1073 5740 1303 5796 fuerant
1325 5740 1523 5796 omnia
1544 5740 1745 5796 libenti
1770 5741 1967 5797 animo
2000 5742 2270 5798 ordinare
2292 5741 2456 5798 avide
2477 5745 2720 5798 conatus
2743 5743 2849 5796 est.
2876 5739 3020 5795 Nam
3044 5742 3102 5794 et
3125 5736 3485 5807 accubitum,
3527 5736 3687 5809 quod

403 5831 655 5885 domnus
688 5836 798 5889 Leo
830 5836 995 5891 bona?
1029 5838 1325 5891 memorias
1358 5837 1564 5894 tertius
1591 5856 1742 5911 papa
1773 5857 1807 5894 a
1841 5839 2239 5895 fundamentis
2274 5843 2698 5907 construxerat,
2720 5842 2778 5893 et
2812 5836 3011 5892 omnia
3038 5839 3386 5892 ornamenta
3429 5850 3557 5906 qua:
3590 5833 3672 5889 ibi

290 5919 361 5974 40
399 5933 720 5999 paraverat,
748 5947 860 6001 pra:
903 5931 1087 6008 nimia
1118 5938 1404 5989 vetustate
1435 5939 1491 5990 et
1529 5936 1818 5991 oblivione
1854 5942 2294 5993 antecessorum
2320 5938 2666 6009 pantiﬁcum
2699 5936 2889 5992 deleta
2928 5938 3101 6003 sunt;
3139 5938 3195 5989 et
3234 5932 3295 5988 in
3339 5932 3433 5988 die
3453 5930 3684 5988 Natalis

404 6020 639 6079 Domini
668 6026 849 6082 nosiri
869 6025 1010 6082 Jesu
1031 6027 1248 6085 Christi
1260 6033 1587 6089 secundum
1610 6048 1868 6101 carnem,
1887 6038 2009 6090 tam
2032 6034 2285 6092 domnus
2307 6034 2619 6107 Grégorius
2641 6050 2820 6106 quam
2845 6036 2902 6090 et
2926 6033 3181 6090 domnus
3202 6030 3439 6104 Sergius
3460 6032 3681 6109 sanctae

406 6118 1053 6182 recordationisibidem
1066 6124 1308 6184 minime
1329 6128 1746 6200 epulabantur:
1770 6131 1960 6190 isdem
1978 6148 2110 6191 vero
2134 6132 2514 6192 beatissimus
2534 6135 2589 6190 et
2609 6147 2880 6191 summus
2901 6130 3113 6205 praesul
3138 6132 3250 6190 Leo
3272 6133 3520 6203 quartus
3541 6143 3681 6188 cum
