3922 6398
204 316 369 380 1309
1011 314 1380 377 HISTORIA
1427 315 1528 377 DE
1576 314 1753 377 νιτιε

2069 313 2476 377 PONT.—S.
2524 314 2671 375 LEO
2715 313 2817 375 IV.
3464 308 3618 371 1310

350 448 567 524 gaudio
597 452 653 505 et
682 447 866 504 nimia
886 447 1267 504 delectatione
1289 448 1486 503 omnia
1507 453 1871 515 ornamenta,
1899 448 2017 502 sive
2038 446 2335 513 alimenta,
2360 463 2486 519 quae
2510 446 2643 501 inde
2661 446 2852 502 deleta
2873 446 3124 513 fuerant,
3148 444 3370 502 noviter
3386 462 3616 519 repara-

347 548 455 619 vit,
485 551 541 603 et
570 546 641 603 ad
674 563 850 601 usum
882 545 1196 618 pristinum
1230 546 1539 617 magniﬁce
1572 547 1876 601 revocavit.
1912 546 2144 599 Necnon
2179 549 2235 599 et
2272 562 2503 599 crucem
2534 562 2601 600 ex
2631 563 2773 600 auro
2808 545 3126 618 purissimo
3157 544 3408 616 gemmis
3448 561 3616 599 orna-

241 646 313 701 15
350 650 494 713 tam,
528 661 707 717 quam
738 643 979 699 Carolus
1013 644 1120 716 pia:
1149 645 1443 699 memoriae
1470 644 1787 716 imperator
1820 644 2171 698 Francorum
2204 648 2259 698 et
2283 644 2677 698 Romanorum
2702 644 2757 697 in
2786 643 3030 698 basilica
3051 642 3368 698 Salvatoris
3392 642 3615 697 Domini

347 742 535 799 nostri
562 742 702 799 Jesu
733 742 967 807 Christi,
995 758 1123 814 quae
1156 742 1636 797 Constantiniana
1666 745 2058 812 nuncupatur,
2094 743 2455 813 temporibus
2488 742 2688 796 domni
2723 741 2929 796 Leonis
2957 745 3171 795 sanctae
3200 739 3617 795 recordationis

345 840 502 896 tertii
526 856 690 913 papae
718 838 1027 905 obtulerat,
1061 856 1187 911 qua:
1222 856 1349 895 mos
1380 844 1503 894 erat
1535 844 1597 894 ut
1629 839 1684 893 in
1719 839 1938 894 litaniis
1967 846 2100 894 ante
2132 839 2597 895 sacratissimum
2633 840 2964 913 pontiﬁcem
2997 838 3125 910 ipsa
3158 838 3527 909 praecederet,
3561 840 3619 892 et

348 937 434 993 sic
466 936 784 1010 permansit
806 953 993 1009 usque
1010 937 1081 991 ad
1102 941 1335 1007 tempus
1360 942 1571 991 sancite
1602 937 2021 992 recordationis
2034 937 2233 991 domni
2256 937 2552 993 Paschalis
2575 954 2755 1008 papa),
2778 937 2929 991 unde
2943 934 3228 990 diabolica
3240 934 3617 1006 suggestione

349 1038 523 1107 atque
551 1033 927 1107 instigatione
959 1051 992 1090 a
1024 1034 1196 1089 malis
1228 1039 1452 1090 extorta
1482 1039 1589 1102 est,
1623 1040 1679 1089 et
1711 1052 1744 1089 a
1773 1034 2102 1089 latronibus
2133 1040 2298 1089 nocte
2332 1034 2531 1089 furtim
2565 1034 2787 1101 ablata;
2814 1038 2868 1088 et
2888 1032 3087 1089 nullus
3108 1032 3383 1103 deinceps
3406 1032 3619 1102 praede-

233 1132 311 1187 20
348 1148 649 1188 cessorum
681 1131 1050 1204 pontiﬁcum,
1084 1136 1203 1186 tam
1235 1132 1490 1188 domnus
1521 1132 1819 1187 Paschalis
1851 1150 2026 1203 quam
2060 1133 2313 1187 domnus
2346 1132 2663 1204 Engenius,
2690 1132 2807 1187 sive
2831 1132 3083 1186 domnus
3104 1129 3469 1194 Valentinus,
3496 1127 3615 1183 sive

349 1229 604 1284 domnus
635 1228 969 1301 Gregorius,
1005 1246 1229 1285 necnon
1261 1234 1318 1284 et
1345 1231 1598 1285 domnus
1634 1230 1871 1302 Sergius
1902 1232 2239 1285 recordatus
2273 1231 2380 1285 fuit
2401 1236 2466 1285 ut
2495 1248 2621 1285 eam
2656 1234 3009 1285 restauraret
3029 1232 3082 1284 et
3106 1228 3175 1282 ad
3200 1243 3376 1283 usum
3400 1232 3612 1282 sanctae

349 1325 451 1382 Dei
484 1326 756 1381 Romanae
787 1325 1057 1381 Ecclesiae
1090 1331 1383 1398 repararet
1408 1327 1511 1398 (a):
1537 1328 1635 1382 sed
1668 1328 1850 1383 isdem
1886 1329 2160 1399 przefatus
2183 1334 2237 1382 et
2260 1329 2609 1400 magniﬁcus
2632 1327 2842 1399 przesul
2864 1327 3000 1381 fecit
3019 1343 3088 1381 ex
3108 1341 3247 1380 auro
3270 1322 3607 1396 purissimo,

346 1427 406 1478 et
439 1423 599 1477 miras
633 1422 1062 1494 magnitudinis
1093 1424 1427 1497 margaritis
1459 1429 1513 1479 et
1544 1426 1795 1497 gemmis
1826 1425 2226 1497 hyacinthinis
2258 1430 2314 1480 et
2344 1425 2600 1497 prasinis
2623 1424 2846 1479 utiliter
2868 1423 3113 1491 ornavit,
3137 1428 3193 1478 et
3214 1422 3284 1478 ad
3310 1438 3484 1477 usum
3507 1420 3597 1493 pri

346 1519 566 1576 stinum
596 1525 809 1575 sanctae
842 1520 942 1576 Dei
974 1521 1283 1577 Genitricis
1312 1522 1585 1577 Romana:
1616 1523 1884 1579 Ecclesiae
1918 1524 2163 1578 miriﬁce
2194 1525 2506 1579 decoravit.

421 1618 572 1675 508
605 1618 708 1674 Hic
734 1635 866 1674 vero
898 1620 1226 1692 praecipuus
1256 1624 1314 1674 et
1344 1620 1593 1691 insignis
1627 1621 1836 1691 prazsul
1869 1621 2198 1676 divinarum
2231 1623 2665 1694 Scripturarum
2700 1621 2757 1676 in
2791 1620 3035 1676 scientia
3054 1624 3108 1676 et
3130 1618 3455 1675 eruditione
3483 1633 3609 1689 pro-

345 1714 692 1772 batissimus
722 1716 947 1772 exstitit
975 1717 1338 1789 przedicator,
1370 1717 1471 1790 qui
1505 1719 1660 1773 fama
1688 1722 1862 1773 tantae
1895 1720 2274 1775 beatitudinis
2306 1725 2479 1792 atque
2509 1718 2840 1776 sanctitatis
2871 1718 3099 1785 claruit,
3124 1722 3189 1772 ut
3214 1717 3272 1771 in
3294 1718 3608 1787 conspectu
3686 1724 3695 1735 ’

345 1813 600 1869 universi
633 1814 805 1870 istius
835 1813 895 1870 in
925 1814 1155 1871 Christo
1188 1815 1441 1871 fundatae
1471 1816 1737 1872 Ecclesiae
1770 1817 1967 1889 populi
2000 1818 2282 1873 miracula
2303 1823 2658 1890 operaretur.
2685 1818 2748 1873 In
2770 1817 2959 1889 primo
2980 1816 3217 1888 quidem
3234 1814 3608 1886 pontiﬁcatus

341 1910 433 1966 sui
466 1928 618 1967 anno
639 1913 810 1983 juxta
839 1913 1143 1968 basilicam
1176 1913 1354 1968 beatae
1388 1914 1575 1969 Luciar
1601 1917 1893 1988 martyris,
1917 1932 2044 1988 qua:
2070 1917 2126 1970 in
2151 1916 2377 1989 Orphea
2399 1919 2474 1987 (b)
2492 1917 2604 1972 sita
2622 1920 2730 1985 est,
2751 1916 2808 1969 in
2828 1915 3183 1987 quibusdam
3206 1911 3345 1968 teris
3358 1910 3607 1966 abditis-

264 2010 303 2064 5
342 2025 457 2082 que
485 2009 747 2066 cavernis
779 2010 889 2066 diri
910 2010 1140 2083 generis
1168 2027 1429 2083 serpens,
1455 2013 1553 2084 qui
1577 2013 1885 2069 basiliscus
1908 2014 2120 2080 Graece,
2147 2014 2348 2069 Latine
2371 2014 2609 2086 regulus
2634 2014 2868 2078 dicitur,
2894 2018 3058 2068 ortus
3079 2016 3188 2077 est,
3213 2010 3313 2083 qui
3335 2010 3476 2065 ﬂatu
3499 2024 3606 2064 suo

341 2124 409 2163 ac
437 2106 660 2163 visione
689 2124 893 2164 omnes
924 2108 1023 2180 qui
1054 2110 1125 2164 ad
1149 2110 1383 2165 easdem
1409 2112 1799 2183 properabant
1819 2128 2093 2166 cavernas
2116 2111 2381 2167 celeriter
2402 2114 2665 2179 necabat,
2691 2111 3014 2184 mortisque
3036 2110 3304 2165 tradebat
3326 2106 3601 2183 periculo:

342 2205 425 2260 ita
453 2209 518 2260 ut
547 2221 751 2265 omnes
783 2210 990 2278 stupor
1019 2223 1084 2261 ac
1115 2207 1292 2262 timor
1324 2207 1638 2274 invaderet,
1673 2210 1961 2280 serpentis
1993 2210 2236 2265 virtutes
2268 2210 2549 2265 mirantes
2579 2215 2635 2266 et
2665 2209 2911 2266 cladem.

416 2303 569 2360 504
599 2307 730 2376 Ipse
759 2320 893 2360 vero
925 2304 1305 2360 beatissimus
1335 2310 1391 2360 et
1421 2305 1736 2378 pra‘clarus
1766 2307 2022 2378 pontifex
2052 2308 2202 2362 hanc
2252 2307 2450 2380 populi
2495 2325 2695 2363 necem
2747 2307 2991 2362 audiens
3040 2311 3216 2378 atque
3265 2303 3604 2376 perniciem,

341 2401 413 2456 ad
446 2400 739 2457 orationes
770 2419 830 2457 se
862 2403 1163 2469 convertit,
1197 2420 1331 2458 cum
1354 2403 1601 2474 jejuniis
1642 2405 1958 2460 Dominum
2005 2406 2299 2477 deprecari
2336 2425 2451 2461 non
2501 2423 2760 2471 cessans,
2794 2412 2859 2461 ut
2890 2406 2959 2460 ab
3010 2403 3351 2475 hujusmodi
3400 2418 3606 2458 omnes

336 2497 559 2554 interiti
588 2498 881 2555 liberaret.
934 2501 1084 2555 Dum
1118 2500 1237 2555 haec
1288 2506 1619 2574 agerentur,
1650 2502 1963 2574 prwclarus
1995 2509 2051 2558 et
2098 2504 2514 2560 celeberrimus
2561 2505 2685 2559 dies
2734 2503 2985 2569 advenit,
3020 2503 3076 2557 in
3112 2520 3228 2575 quo
3278 2503 3459 2557 beatae
3503 2499 3606 2556 Dei

339 2598 651 2656 Genitricis
711 2618 1057 2673 semperque
1083 2601 1341 2674 Virginis
1396 2602 1588 2657 Maria:
1640 2604 1966 2675 assumptio
2016 2605 2361 2661 celebratur.
2410 2607 2575 2660 Tunc
2624 2606 2901 2678 prcefatus
2949 2609 3007 2660 et
3057 2601 3405 2659 universalis
3457 2618 3611 2674 papa

262 2697 302 2751 5
339 2713 373 2752 a
403 2696 757 2769 patriarchio
788 2716 922 2755 cum
951 2698 1186 2772 hymnis
1220 2704 1275 2755 et
1306 2700 1548 2755 canticis
1599 2700 1985 2773 spiritalibus,
2039 2710 2242 2759 sancta
2292 2705 2653 2776 praecedente
2703 2704 2893 2769 icona,
2944 2704 3016 2758 ad
3070 2702 3373 2758 basilicam
3423 2698 3610 2756 sancti

337 2794 578 2851 Adriani
640 2795 915 2869 martyris
973 2797 1127 2852 sicut
1186 2814 1313 2853 mos
1371 2802 1458 2853 est
1488 2798 1740 2871 propriis
1798 2801 2049 2872 pedibus
2098 2819 2232 2857 cum
2290 2802 2448 2857 omni
2502 2802 2654 2857 clero
2716 2802 2988 2874 perrexit.
3020 2801 3101 2857 De
3132 2818 3249 2873 qua
3307 2814 3610 2870 regressus

339 2909 473 2948 cum
506 2894 664 2949 omni
702 2893 965 2950 ﬁdelium
996 2899 1146 2951 ccetu
1179 2896 1250 2951 ad
1302 2896 1608 2953 basilicam
1657 2899 1837 2954 beatae
1889 2898 2200 2954 Genitricis
2233 2900 2331 2955 Dei
2388 2903 2444 2954 et
2475 2900 2705 2955 Domini
2767 2900 2950 2955 nostri
3001 2900 3142 2955 Jesu
3192 2896 3427 2963 Christi,
3480 2912 3605 2967 quze

340 2990 413 3044 ad
446 2990 706 3064 Praesepe
764 2991 999 3060 dicitur,
1057 3010 1192 3048 cum
1239 2993 1337 3049 Dei
1392 2993 1670 3050 laudibus
1720 3012 1934 3067 magna
1991 2996 2306 3051 comitante
2356 3001 2585 3050 caterva
2643 2995 2840 3067 populi
2888 2995 3257 3066 properabat.
3310 2991 3417 3058 Qui
3468 3007 3604 3045 cum

338 3088 697 3159 pervenisset
726 3090 797 3144 ad
830 3089 1023 3145 locum
1082 3090 1143 3145 in
1194 3108 1309 3163 quo
1339 3090 1465 3163 ipse
1521 3091 1879 3146 saevissimus
1939 3091 2249 3146 basiliscus
2282 3092 2470 3156 tetris,
2530 3096 2595 3147 ut
2616 3093 2742 3161 jam
2776 3090 3048 3163 superius
3104 3088 3380 3144 diximus.
3435 3088 3602 3159 jace-

232 3174 304 3230 10
342 3175 443 3231 bat
488 3177 771 3242 cavernis,
821 3194 1056 3234 omnem
1111 3180 1330 3235 clerum
1382 3185 1440 3235 et
1479 3180 1761 3252 populum
1820 3185 1972 3235 stare
2018 3181 2309 3252 praecepit,
2355 3185 2530 3251 atque
2572 3181 2741 3250 juxta
2779 3180 3015 3234 easdem
3061 3194 3338 3233 cavernas
3387 3193 3596 3248 prope-

337 3290 476 3329 rans
508 3292 685 3347 super
716 3276 973 3331 foramen
1009 3276 1197 3348 ipsius
1246 3278 1346 3333 ubi
1397 3278 1655 3349 pestiferi
1707 3279 1881 3333 flatus
1931 3277 2336 3350 egrediebatur
2383 3278 2672 3350 serpentis
2716 3276 3043 3348 intrepidus
3095 3275 3277 3341 stetit,
3314 3278 3370 3329 et
3400 3274 3602 3329 oculos

336 3372 407 3426 ad
442 3371 654 3427 ccelum
685 3373 906 3445 pariter
932 3375 1178 3429 tetendit
1208 3379 1265 3431 et
1311 3375 1558 3447 palmas,
1610 3375 2027 3446 Christumque
2076 3375 2175 3446 qui
2228 3380 2318 3429 est
2367 3392 2543 3445 super
2581 3374 2779 3429 omnia
2809 3374 2963 3428 Deus
3012 3371 3267 3444 profusis
3314 3369 3592 3442 lacrymis

332 3469 679 3541 deprecatus
709 3474 817 3535 est,
852 3475 915 3526 ut
945 3472 1017 3527 ab
1047 3473 1249 3526 eodem
1301 3472 1426 3527 loco
1460 3472 1571 3527 diri
1625 3473 1912 3544 serpentis
1942 3488 2128 3543 genus
2178 3489 2286 3526 sua
2333 3472 2593 3543 potentia
2639 3472 2942 3542 effugaret.
2976 3471 3044 3524 Et
3089 3470 3227 3524 data
3261 3483 3442 3539 super
3493 3484 3595 3537 po-

330 3564 539 3637 pulum
571 3567 851 3633 oratione,
887 3568 985 3623 Dei
1020 3567 1223 3625 laudes
1253 3570 1323 3624 ad
1357 3569 1661 3625 basilicam
1685 3587 1861 3642 quam
1890 3570 2162 3641 superius
2186 3570 2640 3624 memoravimus
2663 3570 2955 3640 profectus
2974 3572 3062 3623 est
3081 3566 3370 3622 exhibere.
3400 3565 3484 3619 Ab
3510 3581 3600 3620 eo-

226 3662 294 3717 15
330 3662 462 3718 dem
492 3678 626 3719 vero
659 3663 751 3719 die
780 3664 905 3737 ipse
935 3666 1175 3737 pestifer
1225 3667 1538 3723 basiliscus
1567 3667 1649 3722 ita
1696 3668 1989 3740 eﬂ'ugatus
2036 3672 2210 3738 atque
2242 3668 2313 3721 ab
2363 3666 2507 3738 ipsis
2555 3667 2848 3739 projectus
2878 3668 2967 3721 est
3015 3665 3220 3731 antris,
3256 3666 3319 3718 ut
3349 3661 3505 3717 ultra
3535 3661 3596 3716 in

326 3756 448 3815 illis
478 3759 621 3816 locis
650 3759 815 3817 nulla
845 3761 1098 3818 lmsionis
1122 3764 1250 3833 ejus
1273 3764 1504 3820 macula
1520 3768 1842 3837 appareret.
1866 3766 1936 3819 Et
1968 3764 2124 3821 aliud
2148 3764 2496 3820 miraculum
2518 3764 2640 3836 ipse
2664 3764 2953 3819 almiﬁcns
2977 3780 3127 3836 papa
3152 3760 3412 3835 perfecit,
3437 3759 3594 3833 quod

328 3871 568 3913 narrare
598 3857 848 3914 breviter
875 3859 1240 3917 inchoemus.

398 3953 550 4010 ὅδε
583 3958 647 4009 In
680 3954 807 4027 ipso
837 3958 989 4029 quod
1025 3957 1297 4030 superius
1328 3960 1785 4016 memoravimus
1835 3959 2115 4032 pontiﬁcii
2148 3960 2238 4016 sui
2291 3960 2524 4016 exordio
2572 3948 2867 4016 saxonum
2915 3958 3109 4015 vicum
3161 3957 3391 4014 validus
3438 3955 3594 4029 ignis

326 4048 561 4122 invasit,
594 4052 695 4123 qui
727 4052 1103 4109 ﬂammarum
1135 4055 1346 4110 virtute
1376 4061 1591 4113 cuncta
1636 4058 1979 4113 comburere
2027 4057 2201 4130 ccepit
2246 4058 2517 4125 validius,
2569 4058 2668 4113 ubi
2710 4057 3064 4131 populorum
3114 4055 3305 4111 multa
3353 4069 3599 4127 congre-

324 4152 461 4221 gata
515 4153 656 4205 sunt
713 4150 970 4223 agmina,
1024 4169 1150 4225 qua:
1208 4153 1389 4225 hujus
1446 4154 1701 4209 incendii
1764 4156 2036 4211 ﬂammas
2089 4155 2361 4211 volebant
2413 4155 2813 4229 exstinguere:
2862 4154 2958 4210 sed
3010 4157 3317 4209 ventorum
3349 4151 3588 4207 ﬂatibus

324 4245 502 4303 altius
555 4249 974 4305 extendebatur
1032 4250 1187 4323 ignis
1226 4251 1285 4306 in
1347 4269 1478 4307 aere
1534 4258 1746 4308 cuncta
1802 4254 2155 4309 comburens
2213 4258 2388 4325 atque
2439 4253 2869 4321 comminuens,
2914 4252 2996 4307 ita
3025 4256 3091 4307 ut
3136 4249 3377 4323 propius
3435 4246 3597 4304 beati

244 4344 285 4399 5
325 4344 476 4399 Petri
508 4344 789 4418 principis
840 4348 1241 4420 apostolorum
1290 4350 1545 4405 basilicae
1592 4352 1938 4423 proveniret,
1989 4352 2302 4408 Saxonum.
2360 4353 2877 4425 Longobardorum
2927 4351 3152 4415 domos,
3191 4365 3255 4403 ac
3288 4345 3580 4418 porticum

317 4458 701 4499 concremans
730 4447 904 4515 atque
934 4444 1235 4517 diripiens.
1272 4449 1394 4513 Quo
1442 4449 1642 4503 audito
1691 4448 1815 4521 ipse
1857 4448 2237 4505 beatissimus
2285 4450 2545 4521 pontifex
2591 4449 2801 4504 anxius
2849 4448 2989 4503 illuc
3017 4445 3187 4503 celeri
3221 4461 3395 4501 cursu
3448 4459 3594 4514 pro-

320 4539 510 4594 fectus
541 4544 649 4607 est,
682 4546 740 4596 et
769 4540 974 4596 obvius
1024 4547 1159 4598 ante
1211 4544 1361 4617 ignis
1407 4545 1695 4618 impetum
1730 4564 1790 4603 se
1840 4548 2205 4620 prmparavit,
2241 4565 2306 4603 ac
2359 4547 2674 4602 Dominum
2724 4546 3019 4619 deprecari
3060 4544 3253 4616 coepit,
3287 4546 3350 4597 ut
3398 4540 3596 4613 ipsius

319 4634 575 4692 incendii
608 4637 880 4695 ﬂammas
913 4640 1328 4714 exstingueret,
1362 4647 1419 4697 et
1449 4643 1639 4698 crucis
1670 4645 1922 4717 prepriis
1971 4645 2187 4701 faciens
2237 4644 2607 4718 signaculum
2640 4644 2860 4717 digitis,
2914 4642 3169 4716 amplius
3200 4640 3360 4715 ignis
3391 4644 3594 4695 exten-

318 4733 457 4789 dere
514 4734 784 4792 ﬂammas
833 4753 946 4793 non
1008 4738 1216 4810 potuit,
1269 4740 1371 4796 sed
1422 4741 1572 4796 beati
1624 4742 1899 4798 virtutem
1959 4743 2107 4799 ferre
2156 4760 2271 4798 non
2322 4742 2521 4798 valens
2572 4734 2886 4815 pontiﬁcis,
2963 4740 3281 4797 exstinctae
3325 4739 3595 4793 ﬂammas

207 4831 278 4886 10
315 4831 540 4904 redegit
588 4832 646 4887 in
697 4833 973 4891 cinerem.
1026 4836 1155 4908 Ipse
1205 4854 1337 4894 vero
1388 4855 1423 4894 a
1469 4839 1583 4894 Deo
1635 4840 1907 4895 amabilis
1955 4844 2013 4896 et
2071 4840 2571 4913 prudentissimus
2625 4857 2776 4912 papa
2834 4840 2969 4896 fecit
3022 4838 3083 4893 in
3132 4835 3374 4893 basilica
3427 4834 3583 4890 beati

318 4929 472 4984 Petri
504 4930 751 5002 apostoli
782 4931 909 4987 vela
941 4933 1011 4988 de
1042 4934 1284 4990 fundato
1315 4935 1372 4990 in
1405 4935 1651 4992 circuitu
1701 4943 1935 5011 compta
1966 4939 2036 4994 de
2065 4938 2315 4994 blatthin
2368 4955 2614 4994 numero
2662 4938 3054 5010 quadraginta
3103 4934 3385 5008 quinque.
3437 4932 3595 4988 Fecit

317 5030 517 5082 autem
573 5027 759 5084 isdem
809 5029 1077 5103 egregius
1136 5032 1396 5104 pontifex
1442 5034 1501 5089 in
1553 5035 1906 5091 monasterio
1955 5036 2153 5091 sancti-
2203 5036 2460 5102 Martini,
2513 5036 2667 5108 quod
2719 5036 2869 5091 beati
2904 5033 3053 5090 Petri
3110 5031 3363 5088 basilicae
3406 5029 3590 5085 cohae-

318 5127 425 5190 ret,
478 5125 549 5179 ad
599 5124 834 5181 laudem
885 5131 943 5182 et
971 5126 1217 5201 gloriam
1266 5129 1455 5202 ipsius
1501 5132 1653 5187 beati
1711 5132 1946 5189 Martini
2005 5133 2226 5189 oraculi
2285 5134 2445 5188 mira:
2506 5132 2964 5205 pulchritudinis
2992 5134 3231 5187 vestem.
3278 5129 3590 5183 habentem

315 5220 627 5278 historiam
660 5223 931 5296 superius
961 5226 1263 5283 memorati
1296 5229 1483 5284 sancti
1508 5230 1763 5301 jacentis
1796 5232 1851 5286 in
1893 5231 2125 5297 lectulo,
2179 5249 2309 5286 cum
2363 5232 2553 5305 efﬁgie
2598 5230 2912 5285 Salvatoris
2962 5227 3186 5285 Domini
3237 5224 3419 5281 nostri
3450 5226 3590 5280 Jesu

207 5318 281 5375 45
318 5317 565 5374 Christi:
613 5320 794 5376 simul
834 5322 1087 5396 efﬁgiem
1138 5330 1351 5381 sancta;
1402 5329 1676 5400 martyris
1722 5329 1957 5401 Agathze
2013 5329 2282 5385 habentis
2314 5331 2381 5384 ad
2433 5330 2610 5401 pedes
2658 5328 2914 5401 efﬁgiem
2967 5328 3155 5399 ipsius
3208 5324 3345 5380 almi
3395 5321 3590 5396 ponti-

316 5414 468 5482 ﬁcis,
502 5416 811 5473 habentem
845 5436 1110 5492 gemmas
1141 5421 1552 5495 hyacinthinas
1574 5426 1773 5481 decem
1804 5432 1860 5482 et
1889 5432 2133 5499 septem.
2170 5428 2309 5482 Item
2344 5427 2400 5482 in
2429 5428 2631 5483 eodem
2664 5427 2915 5481 oratorio
2951 5424 3084 5480 fecit
3105 5423 3229 5480 vela
3253 5425 3591 5496 quatuor,et

318 5529 504 5569 unum
536 5514 775 5586 quidem
807 5516 1032 5574 habens
1063 5523 1223 5576 rotas
1252 5521 1323 5575 de
1354 5521 1725 5596 chrysoclavo
1758 5528 1894 5580 tres.

394 5610 546 5667 506
578 5612 736 5669 Fecit
774 5614 930 5669 idem
963 5615 1021 5670 in
1070 5615 1316 5673 basilica
1364 5625 1700 5676 sanctorum
1755 5626 2007 5694 quatuor
2057 5623 2301 5677 fratrum
2352 5626 2569 5678 vestem
2603 5623 2674 5677 dc
2722 5622 2967 5677 fundato
3018 5636 3219 5688 unam,
3274 5620 3587 5675 habentem

315 5706 621 5765 historiam
654 5710 915 5783 ipsorum
943 5718 1280 5770 sanctorum
1314 5723 1637 5790 martyrum
1670 5724 1727 5774 et
1753 5720 2004 5792 efﬁgiem
2060 5720 2245 5792 ipsius
2280 5720 2417 5775 almi
2467 5719 2734 5793 prmsulis
2781 5720 3091 5775 habentem
3145 5736 3412 5791 gemmas
3441 5720 3592 5774 duo--

315 5801 527 5873 decim,
576 5807 849 5865 similiter
876 5814 931 5865 et
961 5810 1085 5867 vela
1116 5812 1186 5867 de
1235 5813 1478 5870 fundato
1535 5820 1807 5888 quatuor.
1841 5817 1943 5873 Hic
1993 5833 2124 5872 vero
2181 5817 2529 5873 venerabilis
2568 5822 2625 5873 et
2682 5817 2996 5891 praeclarus
3054 5817 3315 5889 pontifex
3363 5815 3496 5872 fecit
3527 5815 3584 5869 in

1357 5931 1604 5977 NOTULE
1646 5934 1732 5977 MA
1744 5933 2033 5979 ltGlNALES
2075 5933 2367 5978 FABROTTI
2381 5963 2393 5975 .

241 5997 352 6069 (a)‘
384 6007 638 6073 pararet.
671 6006 751 6076 (b)
770 6006 995 6063 Platina
1025 6007 1259 6065 Orthea.
