3922 6406
263 269 413 334 1311
1413 279 1812 342 ANASTASIJ

2136 279 2530 343 THECARII.
3528 283 3685 352 1812

409 401 652 460 basilica
681 403 835 462 beati
867 405 1015 462 Petri
1038 407 1284 480 apostoli
1321 409 1623 467 nutritoris
1671 410 1764 467 sui
1813 411 2136 467 canistrum
2167 411 2497 468 interrasile
2528 411 2600 468 de
2649 416 2888 485 argento
2938 411 3278 486 purissimo,
3312 430 3479 486 pene.
3529 413 3682 473 lib...

333 502 370 558 5
409 501 516 558 Ubi
550 521 730 576 supra
759 505 972 559 obtulit
1001 523 1246 562 coronas
1281 508 1349 563 de
1381 514 1620 582 argento
1677 511 2093 577 mundissimo,
2144 527 2389 583 pensan.
2424 510 2674 566 libras...
2729 511 2832 567 Ilic
2863 528 2996 567 vero
3049 511 3427 568 beatissimus
3457 519 3515 568 et
3545 532 3689 586 pra:-

405 600 598 656 clarus
629 619 779 674 papa
808 620 1060 674 superno
1094 605 1276 661 fretus
1329 624 1528 663 amore
1578 607 1791 664 obtulit
1838 609 2006 664 beato
2057 613 2225 665 Petro
2277 609 2538 681 apostolo
2571 609 2642 665 ad
2691 609 3064 683 splendorem
3097 614 3154 665 et
3201 609 3447 683 gloriam
3499 611 3688 686 ipsius

409 699 794 755 sanctissima:
857 702 1108 758 basilica:
1169 704 1470 759 lucernam
1527 706 1788 779 bimixyn
1839 707 1911 762 de
1961 711 2204 780 argento
2261 707 2603 779 purissimo,
2666 712 3013 780 pensantem
3058 707 3242 763 libras
3301 709 3692 783 quadraginta

409 796 689 868 quinque.
743 798 932 853 Isdem
985 800 1364 858 beatissimus
1415 804 1627 875 praesul
1661 803 1795 859 fecit
1846 804 1904 859 in
1937 803 2178 860 ecclesia
2233 806 2385 861 beati
2436 804 2699 860 Silvestri
2745 805 3099 860 confessoris
3151 809 3326 877 atque
3373 807 3688 879 pontiﬁcis,

409 895 506 966 qui
541 895 778 966 ponitur
809 897 866 952 in
903 904 1098 955 monte
1132 901 1389 970 Soracte,
1422 907 1641 958 vestem
1675 903 1746 957 de
1779 903 2019 958 fundato
2053 920 2231 959 unam
2284 903 2596 959 habentem
2649 902 2897 976 angulos
2943 907 3217 976 quatuor,
3269 904 3416 960 duos
3447 904 3689 977 quidem

301 991 370 1046 lO
409 993 607 1064 tyrios.
669 998 725 1048 et
783 995 930 1051 duos
988 998 1284 1054 fundatos.
1347 1001 1504 1056 Fecit
1561 1000 1736 1056 etiam
1796 1001 1982 1057 isdem
2042 1002 2456 1058 sanctissimus
2504 1007 2562 1057 et
2612 1002 2992 1058 beatissimus
3049 1001 3262 1074 praesul
3321 1001 3380 1057 in
3441 1001 3691 1059 ecclesia

407 1091 562 1145 beati
594 1091 744 1146 Petri
779 1094 1061 1168 principis
1115 1098 1514 1170 apostolorum
1571 1100 1697 1155 vela
1747 1118 1872 1172 qua:
1926 1101 2184 1174 pendent
2232 1100 2290 1155 in
2324 1117 2463 1156 arcu
2513 1099 2859 1174 presbyterii
2908 1116 2977 1154 ex
3006 1117 3149 1155 auro
3179 1104 3359 1167 texta,
3414 1099 3693 1157 habentia

406 1187 716 1245 historiam
747 1192 898 1247 beati
935 1194 1082 1250 Petri
1117 1196 1363 1269 apostoli
1399 1215 1642 1254 numero
1675 1199 1875 1254 decem
1909 1204 1966 1254 et
1997 1204 2148 1254 octo.
2201 1199 2435 1256 Necnon
2469 1199 2528 1253 in
2579 1198 2832 1254 oratorio
2883 1198 3036 1254 beati
3088 1199 3295 1254 Leonis
3341 1199 3691 1255 confessoris

408 1291 582 1359 atque
616 1291 931 1361 pontificis,
961 1295 1117 1365 quod
1159 1300 1248 1351 est
1295 1295 1473 1351 situm
1523 1296 1674 1352 infra
1705 1297 2042 1369 praedictam
2091 1296 2420 1366 ecclesiam,
2470 1301 2693 1352 vestem
2724 1297 2796 1352 de
2846 1296 3089 1352 fundato
3140 1313 3320 1352 unam
3373 1296 3690 1352 habentem

408 1385 718 1443 historiam
749 1389 1102 1462 aquilarum.
1155 1393 1378 1450 Obtulit
1427 1412 1662 1467 quoque
1693 1397 1791 1450 ubi
1843 1413 2024 1468 supra
2074 1412 2349 1451 coronam
2379 1396 2450 1450 de
2499 1398 2739 1467 argento
2786 1411 2987 1461 unam,
3033 1399 3378 1467 pensantem
3430 1393 3687 1450 libras...

482 1485 627 1540 507
665 1486 795 1542 Jam
829 1489 1006 1544 etiam
1038 1490 1173 1546 fecit
1203 1491 1283 1546 ibi
1314 1492 1439 1548 vela
1471 1494 1541 1548 de
1574 1495 1816 1549 fundato
1862 1498 2072 1549 ornata
2121 1510 2190 1549 ex
2233 1498 2479 1565 utraque
2527 1497 2690 1563 parte
2741 1493 2812 1548 de
2863 1491 3114 1547 blatthin
3163 1508 3407 1548 numero
3456 1492 3690 1565 viginti.

408 1582 631 1638 Obtulit
661 1585 836 1644 etiam
866 1587 1034 1644 beato
1082 1589 1247 1645 Petro
1292 1591 1553 1663 apostolo
1605 1592 1816 1647 calices
1871 1592 1939 1647 de
1984 1595 2247 1663 argento,
2281 1590 2384 1663 qui
2439 1591 2644 1646 sedent
2675 1607 2851 1661 super
2880 1589 3129 1645 circuitu
3189 1589 3393 1645 altaris
3443 1606 3691 1646 numero

409 1681 724 1748 sexdecim,
759 1701 1002 1757 pensan.
1035 1686 1285 1744 libras...
1317 1689 1536 1745 Verum
1569 1690 1748 1745 etiam
1780 1693 1837 1745 et
1868 1689 2107 1746 calicem
2131 1687 2524 1762 pendentilem
2547 1705 2683 1743 cum
2707 1687 2994 1743 catenulis
3021 1692 3076 1742 et
3097 1686 3417 1760 delphinis,
3443 1705 3688 1760 pensan.

407 1776 658 1836 libras...
692 1783 835 1838 Item
868 1785 1282 1841 sanctissimus
1313 1792 1369 1842 et
1401 1788 1772 1862 coangclicus
1798 1789 2079 1861 praefatus
2105 1787 2319 1860 praesul
2351 1791 2484 1860 post
2513 1785 3007 1858 depraedationem
3059 1787 3483 1841 Saracenorum
3515 1785 3692 1842 istius

333 1874 370 1930 5
408 1875 664 1934 ecclesiae
697 1879 831 1935 fecit
861 1899 1038 1954 super
1071 1900 1283 1956 corpus
1313 1885 1465 1941 beati
1500 1886 1651 1942 Petri
1684 1885 1942 1958 upostoli
1974 1885 2264 1958 imagines
2290 1889 2618 1959 argenteas,
2653 1888 2924 1957 totasque
2957 1900 3203 1940 numero
3238 1888 3389 1951 tres;
3423 1887 3479 1939 et
3509 1900 3691 1939 unam

410 1975 648 2045 quidem
679 1976 738 2032 in
772 1980 964 2036 medio
995 1980 1309 2038 habentem
1343 1984 1599 2057 efﬁgiem
1632 1983 1950 2060 Salvatoris
1981 1983 2214 2040 Domini
2249 1983 2431 2040 nostri
2461 1982 2600 2038 Jesu
2632 1981 2849 2038 Christi
2871 1999 3006 2038 cum
3028 1980 3280 2055 gemmis
3302 1981 3360 2036 in
3380 1980 3570 2053 capite
3591 1997 3696 2053 per

411 2089 642 2131 crucem
679 2082 944 2134 ornatam
964 2078 1362 2151 hyacinthinis
1378 2086 1435 2138 et
1459 2082 1735 2154 prasinis.
1763 2086 1908 2137 Item
1933 2081 2106 2137 aliam
2129 2081 2448 2154 quamdam
2471 2081 2726 2152 positam
2746 2081 2819 2136 ad
2841 2081 3101 2135 dextram
3125 2083 3352 2152 partem
3375 2078 3694 2135 Salvatoris

409 2175 467 2226 et
496 2171 810 2230 habentem
838 2176 1065 2233 vultum
1099 2179 1250 2234 beati
1285 2179 1436 2234 Petri
1471 2180 1717 2253 apostoli
1751 2185 1806 2236 et
1837 2181 2018 2235 beata:
2067 2178 2420 2234 Pctronillce.
2474 2178 2649 2234 aliam
2681 2179 3002 2250 quamdam
3052 2177 3304 2249 positam
3355 2177 3428 2232 ad
3467 2181 3693 2249 partem

411 2269 611 2326 laevam
645 2273 958 2346 depictam,
995 2276 1223 2332 vultum
1256 2277 1567 2333 habentem
1600 2279 1753 2334 beati
1783 2279 2024 2334 Andreae
2045 2276 2316 2349 apostoli,
2347 2276 2525 2332 simul
2549 2281 2605 2332 et
2625 2275 2855 2331 vultum
2881 2275 3138 2348 praedicti
3161 2275 3378 2330 summi
3402 2274 3695 2347 praesulis,

301 2367 370 2422 10
409 2385 653 2440 pensan.
687 2370 869 2428 libras
901 2378 1132 2429 centum
1167 2380 1224 2430 et
1256 2380 1528 2448 quatuor.
1564 2375 1720 2432 Fecit
1751 2375 1850 2432 ubi
1883 2392 2064 2448 supra
2093 2374 2280 2448 phara
2327 2391 2494 2442 aerea,
2529 2391 2656 2446 quas
2707 2374 2912 2429 sedent
2941 2390 3120 2445 super
3149 2371 3510 2429 vestibulum
3543 2371 3695 2428 sacri

410 2465 635 2534 altaris,
671 2486 915 2526 numero
949 2472 1280 2528 duodecim.
1313 2474 1470 2545 Saepe
1501 2490 1632 2528 vero
1665 2473 1758 2528 hic
1788 2473 2170 2529 beatissimus
2200 2490 2354 2544 papa
2383 2471 2584 2526 omnia
2612 2475 2950 2527 sanctorum
2982 2487 3110 2542 qua:
3137 2470 3436 2526 destructa
3465 2471 3700 2526 fuerant

409 2563 537 2619 loca
567 2566 918 2622 reaedilicare
949 2585 1304 2642 magnopere
1336 2571 1631 2642 cupiebat.
1669 2571 1814 2629 Nam
1847 2571 2269 2626 monasterium
2303 2570 2638 2636 Corsarum,
2672 2569 2829 2640 quod
2853 2569 3027 2639 juxta
3041 2567 3349 2624 basilicam
3373 2568 3526 2624 beati
3553 2566 3700 2624 Sixti

411 2662 688 2734 martyris
721 2667 896 2736 atque
926 2667 1222 2737 pontiﬁcis
1252 2667 1432 2724 situm
1465 2674 1574 2736 cst,
1599 2670 1751 2741 quod
1776 2670 2168 2741 quorumdam
2196 2667 2486 2724 malorum
2518 2666 2829 2722 hominum
2859 2666 3048 2720 fuerat
3069 2665 3344 2736 operibus
3366 2666 3699 2720 desolatam

411 2762 468 2813 et
500 2759 574 2815 ad
605 2760 954 2818 szecularum
986 2764 1406 2821 habitationem
1441 2767 1813 2839 perductum,
1844 2784 1947 2838 pro
1981 2765 2168 2822 salute
2199 2783 2265 2822 ac
2299 2766 2498 2820 futura
2543 2763 2924 2820 retributione
2973 2762 3180 2818 animae
3231 2780 3348 2818 sua:
3381 2763 3701 2834 perfectius

305 2856 374 2917 15
412 2859 776 2914 restauravit.
812 2861 874 2916 In
909 2879 1024 2933 quo
1057 2863 1232 2919 etiam
1267 2865 1614 2921 ancillarum
1641 2864 1743 2921 Dei
1773 2864 2283 2938 congregationem
2308 2863 2558 2918 munivit
2574 2863 2646 2918 ad
2676 2861 3126 2936 pcrsolvendum
3149 2860 3248 2916 Dei
3275 2859 3700 2932 omnipotentis

412 2955 672 3026 quotidie
701 2956 926 3026 laudes,
961 2962 1307 3018 muneribus
1337 2963 1520 3030 auxit,
1555 2961 1774 3019 divitiis
1804 2961 2153 3034 perornavit,
2189 2965 2246 3017 et
2269 2961 2469 3016 omnia
2500 2960 2683 3016 sacris
2715 2959 3041 3032 prmceptis,
3084 2975 3212 3031 quae
3268 2957 3475 3014 exinde
3504 2957 3701 3013 ablata

412 3053 665 3120 fuerant,
699 3060 1060 3126 restaurans,
1094 3059 1220 3115 suis
1250 3061 1470 3115 sanctis
1501 3060 1704 3134 digitis
1737 3059 1966 3132 plenius
1997 3077 2065 3114 ea
2096 3058 2484 3114 conﬁrmavit.
2519 3062 2574 3113 Is
2601 3057 2819 3129 saepius
2845 3060 3205 3112 memoratus
3225 3059 3282 3111 ot
3320 3054 3700 3111 beatissimus

412 3167 564 3222 papa
593 3153 1024 3224 praedicationis
1054 3173 1171 3212 suae
1203 3156 1462 3229 alloquio
1511 3158 1732 3215 multos
1759 3159 1832 3214 ad
1863 3157 2257 3230 cognitionem
2309 3155 2569 3212 veritatis
2619 3154 2914 3228 perduxit,
2946 3158 3005 3210 et
3035 3152 3370 3210 salutiferas
3412 3153 3690 3209 omnibus

412 3249 778 3320 operationes
809 3253 1072 3326 quotidie
1105 3256 1548 3312 demonstravit.

488 3346 638 3404 508
672 3350 818 3406 Nam
852 3357 1114 3408 octavam
1143 3354 1580 3426 Assumptionis
1614 3355 1794 3409 beatze
1827 3353 1929 3409 Dei
1961 3351 2276 3408 Genitricis
2307 3350 2486 3418 diem,
2521 3367 2646 3422 qua:
2679 3348 2925 3406 minime
2958 3349 3154 3404 Romae
3185 3352 3358 3404 antea
3378 3347 3699 3417 colebatur,

416 3444 631 3517 vigiliis
661 3449 845 3504 sacris
873 3451 1299 3524 matutinisque
1329 3469 1463 3508 cum
1497 3452 1657 3508 omni
1689 3452 1844 3507 eiero
1877 3455 2226 3523 pernoctans
2255 3449 2533 3505 laudibus
2563 3447 2622 3502 in
2642 3447 2882 3504 basilica
2905 3448 3172 3520 ejusdem
3196 3464 3427 3518 semper
3445 3445 3702 3519 Virginis

415 3543 667 3600 domina;
699 3552 930 3616 nostra),
967 3567 1092 3621 qum
1129 3550 1267 3605 foris
1302 3568 1505 3606 muros
1516 3552 1539 3622 j
1550 3556 1687 3606 uxta
1711 3550 2016 3606 basilicam
2042 3547 2196 3603 beati
2216 3547 2514 3604 Laurentii
2538 3546 2812 3619 martyris
2836 3546 2949 3601 sita
2969 3551 3080 3614 est,
3105 3545 3382 3601 celebrari
3408 3544 3698 3616 praecepit.

419 3641 480 3696 In
512 3660 689 3713 quam
722 3645 898 3700 etiam
932 3665 1146 3720 magna
1169 3648 1366 3720 populi
1392 3648 1709 3704 multitudo
1733 3651 2102 3715 convenerat,
2123 3663 2279 3702 nova:
2305 3644 2638 3700 festivitatis
2663 3643 2907 3716 cupiens
2926 3643 3220 3699 celebrare
3242 3641 3699 3704 solemnitatem.

342 3739 379 3794 5
419 3739 533 3794 Hoc
565 3739 690 3814 ipse
722 3746 1140 3816 magnanimus
1171 3764 1305 3803 cum
1337 3746 1558 3802 videret
1587 3747 1854 3814 antistes,
1889 3746 1947 3801 in
1981 3761 2186 3801 omnes
2217 3743 2316 3816 qui
2349 3743 2595 3798 aderant
2625 3742 2763 3798 huic
2793 3740 3114 3797 celebritati
3146 3739 3346 3814 plures
3396 3744 3704 3812 argenteos

417 3839 693 3908 erogavit.
730 3842 888 3897 Fecit
915 3861 1046 3898 vero
1079 3844 1266 3900 isdem
1299 3844 1676 3900 beatissimus
1709 3845 1768 3899 in
1799 3845 2066 3915 ejusdem
2100 3843 2194 3897 Dei
2229 3840 2541 3898 Genitricis
2572 3857 2920 3913 semperque
2943 3838 3204 3911 Virginis
3235 3838 3429 3896 Mariae
3459 3837 3706 3896 ecclesia

413 3941 636 3991 vestem
669 3939 738 3993 de
770 3939 1009 3996 fundato
1041 3961 1242 3998 unam.
1278 3944 1512 3998 Necnon
1549 3943 1680 3998 fecit
1709 3942 1926 3998 ibidem
1960 3941 2088 3997 vela
2113 3957 2356 3996 numero
2389 3939 2784 4011 quadraginta
2807 3937 3087 4010 quinque,
3122 3938 3193 3993 Et
3225 3937 3378 3992 infra
3405 3936 3467 3992 in
3511 3935 3700 4008 ipsius

419 4032 676 4090 ecclesiae
715 4039 1054 4108 oratorium,
1107 4043 1262 4113 quod
1313 4042 1606 4098 vocitatur
1647 4043 1828 4097 beata:
1858 4040 2144 4107 Barbarae,
2179 4038 2395 4094 obtulit
2440 4042 2661 4093 vestem
2694 4037 2766 4092 de
2817 4037 3057 4092 fundato
3108 4052 3310 4091 unam.
3362 4035 3490 4106 Ipse
3520 4051 3555 4090 a
3584 4034 3700 4092 Deo

418 4132 750 4206 praecipuus
780 4138 1026 4194 antistes
1059 4144 1114 4194 et
1146 4140 1204 4195 in
1238 4140 1489 4196 oratorio
1517 4144 1732 4195 sanctae
1764 4138 2034 4211 Eugeniae
2066 4137 2202 4193 fecit
2231 4141 2453 4192 vestem
2484 4136 2556 4191 de
2589 4134 2834 4190 fundato
2869 4150 3074 4190 unam.

493 4231 644 4289 509
676 4234 745 4290 Et
775 4233 867 4291 hic
899 4235 1344 4304 solertissimus,
1382 4240 1492 4296 Deo
1522 4237 1869 4310 opitulante,
1914 4233 2445 4304 sanctissimusque
2476 4236 2534 4286 et
2564 4230 2623 4285 in
2657 4229 2937 4286 omnibus
2969 4227 3284 4301 przeclarus
3333 4231 3507 4300 atque
3555 4245 3704 4299 pra:-

420 4328 632 4401 cipuus
664 4331 923 4403 pontifex
953 4351 1167 4407 magno
1198 4335 1397 4393 animo
1425 4339 1483 4391 et
1512 4353 1662 4407 pura
1698 4333 1998 4390 voluntate
2047 4331 2286 4388 donavit
2312 4330 2371 4384 in
2403 4328 2651 4386 ecclesia
2698 4326 2855 4383 beati
2906 4324 3353 4398 protomartyris
3402 4325 3703 4398 Stephani,

419 4443 546 4498 quas
579 4429 817 4500 ponitur
847 4431 987 4488 foris
1021 4449 1222 4488 muros
1262 4433 1434 4504 juxta
1477 4432 1782 4488 ecclesiam
1833 4431 1987 4488 beati
2037 4426 2333 4485 Laurentii
2382 4424 2677 4499 martyris,
2732 4429 2953 4480 vestem
2993 4424 3066 4480 de
3116 4424 3362 4480 fundato
3412 4441 3613 4480 unam.
3639 4423 3708 4478 Et

421 4524 575 4580 infra
598 4525 776 4598 hujus
809 4530 1025 4586 mcania
1054 4531 1309 4588 ecclesia)
1341 4531 1401 4587 in
1451 4532 1702 4588 oratorio
1747 4529 1901 4586 beati
1951 4526 2161 4584 Leonis
2213 4523 2490 4597 martyris
2537 4521 2673 4579 fecit
2719 4527 2940 4579 vestem
2989 4523 3062 4579 de
3109 4521 3354 4578 fundato
3403 4539 3605 4578 unam.
3640 4523 3709 4577 Et

346 4621 382 4674 5
420 4621 544 4694 ipse
578 4623 932 4682 mitissimus
973 4628 1231 4699 pontifex
1275 4634 1451 4701 atque
1499 4633 1710 4684 acutus
1738 4627 1799 4682 in
1850 4626 2128 4683 omnibus
2161 4622 2333 4680 bonls
2381 4619 2596 4678 obtulit
2624 4619 2685 4676 in
2737 4620 2985 4676 ecclesia
3042 4620 3224 4676 beata)
3257 4618 3360 4676 Dei
3391 4619 3702 4676 Genitricis

420 4737 767 4795 semperque
795 4725 1052 4799 Virginis
1079 4727 1273 4783 Mariae
1304 4728 1554 4784 domina:
1587 4732 1818 4792 nostrae,
1855 4743 1982 4798 quae
2013 4722 2252 4796 ponitur
2278 4721 2432 4776 infra
2460 4718 2805 4793 praedictum
2828 4717 3438 4789 monasterium,quod
3463 4721 3704 4772 vocatur

418 4822 749 4888 Corsarum,
768 4829 989 4880 vestem
1015 4826 1086 4880 de
1103 4827 1342 4884 fundato
1357 4844 1556 4882 unam.
1573 4826 1681 4882 Ubi
1695 4842 1875 4897 supra
1887 4821 2172 4879 obtulitin
2183 4819 2434 4876 oratorio
2449 4817 2636 4875 sancti
2655 4817 2883 4874 Caesarii
2898 4821 3119 4872 vestem
3133 4816 3203 4871 de
3226 4815 3468 4872 fundato
3493 4830 3696 4870 unam.

495 4919 649 4974 510
682 4921 836 4976 Fecit
866 4921 1053 4978 isdem
1086 4924 1582 4998 benignisssimus
1627 4940 1860 4979 crucem
1893 4937 2133 4977 auream
2185 4919 2427 4986 noviter,
2463 4920 2520 4972 et
2550 4915 2679 4988 ipsa
2726 4932 2887 4982 crux,
2941 4918 3006 4969 ut
3031 4930 3158 4969 mos
3205 4911 3535 4984 antiquitus
3583 4915 3692 4976 est,

423 5018 769 5075 subdiaconi
802 5021 1076 5078 manibus
1107 5023 1402 5078 ferebatur
1431 5026 1566 5078 ante
1597 5039 1815 5093 equum
1860 5020 2355 5092 praedecessorum
2406 5015 2778 5087 pontificum,
2813 5029 2994 5084 quam
3041 5012 3156 5067 Deo
3193 5011 3441 5082 juvante
3469 5008 3527 5064 in
3560 5026 3703 5065 auro

329 5169 334 5174 .
426 5121 483 5172 et
512 5122 753 5189 argento
785 5136 850 5174 ac
881 5120 1133 5192 gemmis
1161 5121 1375 5177 melius
1406 5120 1723 5177 renovavit.
1753 5119 1977 5176 Obtulit
2005 5135 2137 5173 vero
2171 5116 2230 5172 in
2261 5113 2507 5171 ecclesia
2529 5113 2710 5169 beatae
2743 5110 3026 5183 Nympha:
3076 5108 3372 5181 martyris.
3423 5124 3552 5179 quae
3583 5124 3712 5163 esse

423 5215 654 5270 videtur
683 5217 742 5270 in
775 5217 1005 5274 civitate
1031 5219 1358 5288 Portuensi,
1389 5225 1609 5276 vestem
1643 5221 1712 5275 de
1744 5219 1989 5274 fundato
2012 5232 2215 5272 unam.
2249 5211 2535 5269 Similiter
2554 5209 2690 5266 fecit
2711 5209 2771 5265 in
2792 5207 3038 5266 ecclesia
3058 5207 3364 5264 beatorum
3387 5208 3711 5276 martyrum

351 5313 386 5366 5
423 5319 639 5370 Cosmus
671 5320 727 5371 et
756 5316 1049 5385 Damiani,
1083 5335 1210 5390 qua:
1243 5319 1299 5374 in
1334 5319 1490 5376 Silva
1519 5318 1770 5374 candida
1801 5334 1928 5374 esse
1960 5315 2207 5371 videtur.
2243 5316 2465 5370 vestem
2499 5311 2569 5365 de
2602 5309 2843 5364 fundato
2875 5323 3079 5363 unam.
3131 5305 3365 5361 Necnon
3399 5305 3498 5360 ubi
3535 5319 3716 5376 supra

425 5413 638 5469 obtulit
667 5413 792 5470 vela
819 5416 890 5470 de
921 5416 1163 5472 fundato
1191 5417 1320 5472 tria.
1346 5422 1548 5474 ornata
1571 5417 1628 5472 in
1653 5416 1901 5472 circuitu
1923 5415 1994 5470 de
2012 5413 2288 5470 blatthin.
2313 5411 2416 5466 Hic
2436 5425 2570 5465 vero
2593 5405 2972 5463 beatissimus
2994 5421 3146 5477 papa
3167 5402 3712 5460 sacratissimorum

429 5517 752 5583 martyrum
785 5513 1056 5586 sepulcra
1085 5515 1290 5570 devota
1320 5521 1514 5571 mente
1545 5516 1887 5587 ardentique
1918 5511 2158 5568 assidue
2181 5514 2413 5584 pectore
2433 5507 2730 5564 visitabat.
2756 5507 2912 5572 Quos
2933 5503 3148 5576 vigiliis
3172 5501 3476 5572 sacrisque
3501 5499 3714 5558 oratio-

433 5607 607 5665 nibus
637 5616 877 5667 cunctos
909 5629 1012 5683 pro
1041 5612 1372 5669 orthodoxae
1408 5613 1540 5669 ﬁdei
1572 5613 1787 5686 populo
1819 5612 2116 5668 exorabat.

459 5764 463 5767 ,
506 5707 649 5762 5111
687 5707 788 5763 Die
823 5714 1017 5764 autem
1049 5711 1304 5780 quadam
1338 5729 1472 5767 cum
1508 5713 1578 5767 ad
1607 5711 1942 5783 sepulcrum
1976 5709 2127 5764 beati
2163 5705 2457 5762 Laurentii
2517 5700 2790 5774 martyris
2840 5697 3219 5773 pervenisset,
3253 5700 3312 5751 et
3356 5693 3527 5751 solito
3557 5710 3715 5750 more

433 5804 753 5859 orationem
783 5805 1055 5876 expleret,
1087 5808 1426 5879 diligentius
1458 5810 1750 5882 inquirere
1782 5807 1955 5880 cmpit
1985 5824 2052 5863 ac
2083 5807 2301 5861 dicere:
2326 5802 2536 5870 Quanti
2560 5799 2934 5873 quotidianae
2959 5795 3055 5852 hic
3079 5792 3353 5851 monachi
3385 5792 3503 5848 Deo
3527 5790 3715 5850 omni-

434 5901 652 5966 potenti
686 5902 942 5956 refcrunt
963 5902 1202 5959 laudes?
1224 5907 1385 5961 Tunc
1408 5925 1610 5962 omnes
1633 5908 1730 5979 qui
1759 5907 2001 5962 aderant
2022 5906 2187 5959 beato
2209 5899 2467 5974 pontifici
2495 5898 2863 5971 protulerunt
2884 5894 3038 5967 quod
3066 5910 3097 5949 a
3119 5891 3478 5965 quibusdam
3524 5889 3713 5961 ponti-

438 5994 647 6051 Ilcibus
681 5995 794 6050 duo
828 5999 1184 6053 monasteria
1213 6002 1431 6059 ibidem
1463 6005 1717 6060 fuissent
1746 6006 2100 6071 constructa,
2137 5999 2236 6057 sed
2269 6014 2372 6072 pro
2395 6012 2612 6069 magna
2633 5993 2994 6068 paupertatis
3022 5990 3222 6064 inopia
3244 5989 3303 6046 in
3328 5987 3714 6045 desolationcs

363 6080 400 6136 5
441 6091 681 6149 reducta
709 6090 846 6149 sint.
876 6092 1009 6150 Mox
1039 6097 1388 6171 autem_ipse
1419 6099 1710 6159 almiﬁcus
1740 6102 1998 6174 pontifex
2027 6114 2281 6172 superno
2317 6100 2464 6161 nutu
2487 6097 2880 6166 compunctus
2903 6088 3348 6158 monasterium.
3382 6086 3542 6158 QUOd
3563 6099 3714 6142 [ιιιηο
