  <div class='ocr_page' id='page_1' title='image "/cluster/home/n/w/nwhite01/storage/ocr_20150623/127-128/uc1.31175010226572/1464.png"; bbox 0 0 3922 6414; ppageno 0'>
   <div class='ocr_carea' id='block_1_1' title="bbox 216 275 3623 342">
    <p class='ocr_par' dir='ltr' id='par_1_1' title="bbox 216 275 3623 342">
     <span class='ocr_line' id='line_1_1' title="bbox 216 275 3623 342; baseline 0 -1"><span class='ocrx_word' id='word_1_1' title='bbox 216 279 374 342; x_wconf 70' lang='grc'><strong>1313</strong></span> <span class='ocrx_word' id='word_1_2' title='bbox 1022 276 1390 341; x_wconf 78' lang='lat' dir='ltr'>HISTORIA</span> <span class='ocrx_word' id='word_1_3' title='bbox 1436 278 1539 339; x_wconf 85' lang='lat' dir='ltr'>DE</span> <span class='ocrx_word' id='word_1_4' title='bbox 1581 275 1784 339; x_wconf 86' lang='lat' dir='ltr'><strong>VlTIS</strong></span> <span class='ocrx_word' id='word_1_5' title='bbox 1832 276 2021 338; x_wconf 76' lang='lat' dir='ltr'>ROM.</span> <span class='ocrx_word' id='word_1_6' title='bbox 2072 276 2478 339; x_wconf 86' lang='lat' dir='ltr'>PON’I‘.-—S.</span> <span class='ocrx_word' id='word_1_7' title='bbox 2529 275 2677 338; x_wconf 88' lang='lat' dir='ltr'>LEO</span> <span class='ocrx_word' id='word_1_8' title='bbox 2721 275 2822 339; x_wconf 86' lang='lat' dir='ltr'><strong>IV.</strong></span> <span class='ocrx_word' id='word_1_9' title='bbox 3466 279 3623 342; x_wconf 72' lang='grc'><strong>1314</strong></span> 
     </span>
    </p>
   </div>
   <div class='ocr_carea' id='block_1_2' title="bbox 357 407 3620 483">
    <p class='ocr_par' dir='ltr' id='par_1_2' title="bbox 357 407 3620 483">
     <span class='ocr_line' id='line_1_2' title="bbox 357 407 3620 483; baseline -0 -14"><span class='ocrx_word' id='word_1_10' title='bbox 357 412 547 469; x_wconf 89' lang='lat' dir='ltr'>sancti</span> <span class='ocrx_word' id='word_1_11' title='bbox 577 410 1113 483; x_wconf 85' lang='lat' dir='ltr'>vocaturStepbani</span> <span class='ocrx_word' id='word_1_12' title='bbox 1144 415 1202 467; x_wconf 92' lang='lat' dir='ltr'>et</span> <span class='ocrx_word' id='word_1_13' title='bbox 1219 408 2241 478; x_wconf 86' lang='lat' dir='ltr'>Cassiani,restanrans,muncribus</span> <span class='ocrx_word' id='word_1_14' title='bbox 2272 425 2337 464; x_wconf 89' lang='lat' dir='ltr'>ac</span> <span class='ocrx_word' id='word_1_15' title='bbox 2369 407 2789 464; x_wconf 89' lang='lat' dir='ltr'>divitiislocum</span> <span class='ocrx_word' id='word_1_16' title='bbox 2814 407 3156 481; x_wconf 86' lang='lat' dir='ltr'>plenissime</span> <span class='ocrx_word' id='word_1_17' title='bbox 3188 412 3533 483; x_wconf 70' lang='lat' dir='ltr'>peramavit.</span> <span class='ocrx_word' id='word_1_18' title='bbox 3560 412 3620 468; x_wconf 90' lang='lat' dir='ltr'><strong>In</strong></span> 
     </span>
    </p>
   </div>
   <div class='ocr_carea' id='block_1_3' title="bbox 362 505 3624 583">
    <p class='ocr_par' dir='ltr' id='par_1_3' title="bbox 362 505 3624 583">
     <span class='ocr_line' id='line_1_3' title="bbox 362 505 3624 583; baseline -0 -16"><span class='ocrx_word' id='word_1_19' title='bbox 362 510 519 583; x_wconf 86' lang='lat' dir='ltr'>quod</span> <span class='ocrx_word' id='word_1_20' title='bbox 537 508 715 567; x_wconf 89' lang='lat' dir='ltr'>etiam</span> <span class='ocrx_word' id='word_1_21' title='bbox 732 513 947 565; x_wconf 69' lang='lat' dir='ltr'>sancta:</span> <span class='ocrx_word' id='word_1_22' title='bbox 963 508 1419 565; x_wconf 78' lang='lat' dir='ltr'>conversationis</span> <span class='ocrx_word' id='word_1_23' title='bbox 1441 507 1639 581; x_wconf 84' lang='lat' dir='ltr'>plures</span> <span class='ocrx_word' id='word_1_24' title='bbox 1662 509 1888 563; x_wconf 67' lang='lat' dir='ltr'>Graecos</span> <span class='ocrx_word' id='word_1_25' title='bbox 1910 523 2118 579; x_wconf 80' lang='lat' dir='ltr'>genere</span> <span class='ocrx_word' id='word_1_26' title='bbox 2142 506 2393 562; x_wconf 75' lang='lat' dir='ltr'>instituit</span> <span class='ocrx_word' id='word_1_27' title='bbox 2410 506 2748 575; x_wconf 83' lang='lat' dir='ltr'>monachos,</span> <span class='ocrx_word' id='word_1_28' title='bbox 2765 505 2865 578; x_wconf 90' lang='lat' dir='ltr'>qui</span> <span class='ocrx_word' id='word_1_29' title='bbox 2888 506 3058 562; x_wconf 89' lang='lat' dir='ltr'>Omni</span> <span class='ocrx_word' id='word_1_30' title='bbox 3067 508 3309 580; x_wconf 89' lang='lat' dir='ltr'>potenti,</span> <span class='ocrx_word' id='word_1_31' title='bbox 3325 509 3624 583; x_wconf 82' lang='lat' dir='ltr'>eidemque</span> 
     </span>
    </p>
   </div>
   <div class='ocr_carea' id='block_1_4' title="bbox 359 604 3629 681">
    <p class='ocr_par' dir='ltr' id='par_1_4' title="bbox 359 604 3629 681">
     <span class='ocr_line' id='line_1_4' title="bbox 359 604 3629 681; baseline 0 -18"><span class='ocrx_word' id='word_1_32' title='bbox 359 607 601 681; x_wconf 75' lang='lat' dir='ltr'>martyri</span> <span class='ocrx_word' id='word_1_33' title='bbox 634 608 728 663; x_wconf 87' lang='lat' dir='ltr'>die</span> <span class='ocrx_word' id='word_1_34' title='bbox 760 612 1054 680; x_wconf 90' lang='lat' dir='ltr'>noctuque</span> <span class='ocrx_word' id='word_1_35' title='bbox 1081 607 1288 663; x_wconf 87' lang='lat' dir='ltr'>laudes</span> <span class='ocrx_word' id='word_1_36' title='bbox 1318 606 1731 680; x_wconf 83' lang='lat' dir='ltr'>persolverent.</span> <span class='ocrx_word' id='word_1_37' title='bbox 1770 607 1895 676; x_wconf 73' lang='lat' dir='ltr'>Ipso</span> <span class='ocrx_word' id='word_1_38' title='bbox 1927 605 2161 676; x_wconf 74' lang='lat' dir='ltr'>quidem</span> <span class='ocrx_word' id='word_1_39' title='bbox 2197 623 2228 659; x_wconf 89' lang='lat' dir='ltr'>a</span> <span class='ocrx_word' id='word_1_40' title='bbox 2260 604 2374 659; x_wconf 90' lang='lat' dir='ltr'>Deo</span> <span class='ocrx_word' id='word_1_41' title='bbox 2407 609 2702 676; x_wconf 87' lang='lat' dir='ltr'>protectus</span> <span class='ocrx_word' id='word_1_42' title='bbox 2734 609 2791 659; x_wconf 89' lang='lat' dir='ltr'>et</span> <span class='ocrx_word' id='word_1_43' title='bbox 2820 605 3171 661; x_wconf 80' lang='lat' dir='ltr'>venerabilis</span> <span class='ocrx_word' id='word_1_44' title='bbox 3215 607 3425 678; x_wconf 65' lang='lat' dir='ltr'>praesul</span> <span class='ocrx_word' id='word_1_45' title='bbox 3476 608 3629 664; x_wconf 91' lang='lat' dir='ltr'>intra</span> 
     </span>
    </p>
   </div>
   <div class='ocr_carea' id='block_1_5' title="bbox 359 702 3628 778">
    <p class='ocr_par' dir='ltr' id='par_1_5' title="bbox 359 702 3628 778">
     <span class='ocr_line' id='line_1_5' title="bbox 359 702 3628 778; baseline 0 -18"><span class='ocrx_word' id='word_1_46' title='bbox 359 705 667 761; x_wconf 85' lang='lat' dir='ltr'>basilicam</span> <span class='ocrx_word' id='word_1_47' title='bbox 701 705 851 761; x_wconf 83' lang='lat' dir='ltr'>beati</span> <span class='ocrx_word' id='word_1_48' title='bbox 886 706 1035 761; x_wconf 88' lang='lat' dir='ltr'>Petri</span> <span class='ocrx_word' id='word_1_49' title='bbox 1068 705 1315 778; x_wconf 82' lang='lat' dir='ltr'>apostoli</span> <span class='ocrx_word' id='word_1_50' title='bbox 1347 704 1649 761; x_wconf 85' lang='lat' dir='ltr'>oraculum</span> <span class='ocrx_word' id='word_1_51' title='bbox 1682 703 1840 758; x_wconf 70' lang='lat' dir='ltr'>mirae</span> <span class='ocrx_word' id='word_1_52' title='bbox 1876 702 2330 775; x_wconf 87' lang='lat' dir='ltr'>pulchritudinis</span> <span class='ocrx_word' id='word_1_53' title='bbox 2361 702 2696 773; x_wconf 84' lang='lat' dir='ltr'>summique</span> <span class='ocrx_word' id='word_1_54' title='bbox 2718 702 2942 757; x_wconf 86' lang='lat' dir='ltr'>decoris</span> <span class='ocrx_word' id='word_1_55' title='bbox 2964 703 3480 776; x_wconf 83' lang='lat' dir='ltr'>construxit,quod</span> <span class='ocrx_word' id='word_1_56' title='bbox 3500 703 3628 777; x_wconf 87' lang='lat' dir='ltr'>pul-</span> 
     </span>
    </p>
   </div>
   <div class='ocr_carea' id='block_1_6' title="bbox 251 799 3630 875">
    <p class='ocr_par' dir='ltr' id='par_1_6' title="bbox 251 799 3630 875">
     <span class='ocr_line' id='line_1_6' title="bbox 251 799 3630 875; baseline 0.001 -16"><span class='ocrx_word' id='word_1_57' title='bbox 251 804 322 859; x_wconf 88' lang='grc'>10</span> <span class='ocrx_word' id='word_1_58' title='bbox 361 801 521 859; x_wconf 86' lang='lat' dir='ltr'>chris</span> <span class='ocrx_word' id='word_1_59' title='bbox 552 801 948 857; x_wconf 87' lang='lat' dir='ltr'>marmoribus</span> <span class='ocrx_word' id='word_1_60' title='bbox 980 802 1353 859; x_wconf 89' lang='lat' dir='ltr'>circumdans</span> <span class='ocrx_word' id='word_1_61' title='bbox 1384 802 1688 875; x_wconf 88' lang='lat' dir='ltr'>splendide</span> <span class='ocrx_word' id='word_1_62' title='bbox 1719 801 1990 874; x_wconf 85' lang='lat' dir='ltr'>compsit,</span> <span class='ocrx_word' id='word_1_63' title='bbox 2024 802 2407 872; x_wconf 87' lang='lat' dir='ltr'>absidamque</span> <span class='ocrx_word' id='word_1_64' title='bbox 2437 799 2563 871; x_wconf 89' lang='lat' dir='ltr'>ejus</span> <span class='ocrx_word' id='word_1_65' title='bbox 2594 816 2661 855; x_wconf 84' lang='lat' dir='ltr'>ex</span> <span class='ocrx_word' id='word_1_66' title='bbox 2709 800 2938 856; x_wconf 89' lang='lat' dir='ltr'>musivo</span> <span class='ocrx_word' id='word_1_67' title='bbox 2986 818 3161 857; x_wconf 86' lang='lat' dir='ltr'>aureo</span> <span class='ocrx_word' id='word_1_68' title='bbox 3212 802 3630 874; x_wconf 88' lang='lat' dir='ltr'>superinducto</span> 
     </span>
    </p>
   </div>
   <div class='ocr_carea' id='block_1_7' title="bbox 362 896 3631 973">
    <p class='ocr_par' dir='ltr' id='par_1_7' title="bbox 362 896 3631 973">
     <span class='ocr_line' id='line_1_7' title="bbox 362 896 3631 973; baseline 0.001 -17"><span class='ocrx_word' id='word_1_69' title='bbox 362 899 553 956; x_wconf 89' lang='lat' dir='ltr'>colore</span> <span class='ocrx_word' id='word_1_70' title='bbox 583 898 842 972; x_wconf 84' lang='lat' dir='ltr'>glorifice</span> <span class='ocrx_word' id='word_1_71' title='bbox 875 898 1185 955; x_wconf 89' lang='lat' dir='ltr'>decoravit.</span> <span class='ocrx_word' id='word_1_72' title='bbox 1219 902 1285 954; x_wconf 89' lang='lat' dir='ltr'>In</span> <span class='ocrx_word' id='word_1_73' title='bbox 1315 915 1429 971; x_wconf 88' lang='lat' dir='ltr'>quo</span> <span class='ocrx_word' id='word_1_74' title='bbox 1461 899 1636 955; x_wconf 87' lang='lat' dir='ltr'>etiam</span> <span class='ocrx_word' id='word_1_75' title='bbox 1666 898 1995 954; x_wconf 89' lang='lat' dir='ltr'>venerabile</span> <span class='ocrx_word' id='word_1_76' title='bbox 2025 916 2237 971; x_wconf 90' lang='lat' dir='ltr'>corpus</span> <span class='ocrx_word' id='word_1_77' title='bbox 2268 896 2419 953; x_wconf 82' lang='lat' dir='ltr'>beati</span> <span class='ocrx_word' id='word_1_78' title='bbox 2460 897 2667 953; x_wconf 79' lang='lat' dir='ltr'>Leonis</span> <span class='ocrx_word' id='word_1_79' title='bbox 2718 898 3068 955; x_wconf 84' lang='lat' dir='ltr'>confessoris</span> <span class='ocrx_word' id='word_1_80' title='bbox 3115 904 3289 971; x_wconf 91' lang='lat' dir='ltr'>atque</span> <span class='ocrx_word' id='word_1_81' title='bbox 3338 901 3631 973; x_wconf 76' lang='lat' dir='ltr'>pontificis</span> 
     </span>
    </p>
   </div>
   <div class='ocr_carea' id='block_1_8' title="bbox 365 993 3631 1073">
    <p class='ocr_par' dir='ltr' id='par_1_8' title="bbox 365 993 3631 1073">
     <span class='ocr_line' id='line_1_8' title="bbox 365 993 3631 1073; baseline 0.001 -20"><span class='ocrx_word' id='word_1_82' title='bbox 365 997 707 1064; x_wconf 84' lang='lat' dir='ltr'>recondens,</span> <span class='ocrx_word' id='word_1_83' title='bbox 740 1012 976 1052; x_wconf 90' lang='lat' dir='ltr'>sacrum</span> <span class='ocrx_word' id='word_1_84' title='bbox 1008 995 1260 1068; x_wconf 86' lang='lat' dir='ltr'>desuper</span> <span class='ocrx_word' id='word_1_85' title='bbox 1288 995 1613 1051; x_wconf 83' lang='lat' dir='ltr'>construxit</span> <span class='ocrx_word' id='word_1_86' title='bbox 1642 993 1844 1063; x_wconf 86' lang='lat' dir='ltr'>altare,</span> <span class='ocrx_word' id='word_1_87' title='bbox 1869 999 1924 1051; x_wconf 91' lang='lat' dir='ltr'>et</span> <span class='ocrx_word' id='word_1_88' title='bbox 1954 996 2240 1051; x_wconf 87' lang='lat' dir='ltr'>ciborium</span> <span class='ocrx_word' id='word_1_89' title='bbox 2272 1012 2404 1051; x_wconf 90' lang='lat' dir='ltr'>cum</span> <span class='ocrx_word' id='word_1_90' title='bbox 2436 1011 2607 1051; x_wconf 89' lang='lat' dir='ltr'>cruce</span> <span class='ocrx_word' id='word_1_91' title='bbox 2636 997 3018 1063; x_wconf 80' lang='lat' dir='ltr'>exaurata,ad</span> <span class='ocrx_word' id='word_1_92' title='bbox 3051 996 3283 1054; x_wconf 88' lang='lat' dir='ltr'>laudem</span> <span class='ocrx_word' id='word_1_93' title='bbox 3306 1004 3363 1055; x_wconf 91' lang='lat' dir='ltr'>et</span> <span class='ocrx_word' id='word_1_94' title='bbox 3382 1000 3631 1073; x_wconf 85' lang='lat' dir='ltr'>gloriam</span> 
     </span>
    </p>
   </div>
   <div class='ocr_carea' id='block_1_9' title="bbox 363 1090 3200 1167">
    <p class='ocr_par' dir='ltr' id='par_1_9' title="bbox 363 1090 3200 1167">
     <span class='ocr_line' id='line_1_9' title="bbox 363 1090 3200 1167; baseline -0 -17"><span class='ocrx_word' id='word_1_95' title='bbox 363 1092 549 1150; x_wconf 87' lang='lat' dir='ltr'>Chriti</span> <span class='ocrx_word' id='word_1_96' title='bbox 582 1092 838 1149; x_wconf 87' lang='lat' dir='ltr'>nominis</span> <span class='ocrx_word' id='word_1_97' title='bbox 869 1093 979 1149; x_wconf 91' lang='lat' dir='ltr'>hoc</span> <span class='ocrx_word' id='word_1_98' title='bbox 1011 1093 1193 1149; x_wconf 79' lang='lat' dir='ltr'>fretus</span> <span class='ocrx_word' id='word_1_99' title='bbox 1226 1110 1422 1150; x_wconf 88' lang='lat' dir='ltr'>amore</span> <span class='ocrx_word' id='word_1_100' title='bbox 1453 1093 1724 1167; x_wconf 79' lang='lat' dir='ltr'>perfecit,</span> <span class='ocrx_word' id='word_1_101' title='bbox 1748 1095 1813 1147; x_wconf 93' lang='lat' dir='ltr'>ut</span> <span class='ocrx_word' id='word_1_102' title='bbox 1841 1090 1953 1147; x_wconf 90' lang='lat' dir='ltr'>sibi</span> <span class='ocrx_word' id='word_1_103' title='bbox 1986 1092 2230 1165; x_wconf 89' lang='lat' dir='ltr'>dignum</span> <span class='ocrx_word' id='word_1_104' title='bbox 2260 1092 2321 1147; x_wconf 90' lang='lat' dir='ltr'>in</span> <span class='ocrx_word' id='word_1_105' title='bbox 2352 1092 2563 1148; x_wconf 69' lang='lat' dir='ltr'>aethere</span> <span class='ocrx_word' id='word_1_106' title='bbox 2596 1092 2962 1165; x_wconf 89' lang='lat' dir='ltr'>conquireret</span> <span class='ocrx_word' id='word_1_107' title='bbox 2987 1092 3200 1149; x_wconf 88' lang='lat' dir='ltr'>locum.</span> 
     </span>
    </p>
   </div>
   <div class='ocr_carea' id='block_1_10' title="bbox 443 1215 3634 1292">
    <p class='ocr_par' dir='ltr' id='par_1_10' title="bbox 443 1215 3634 1292">
     <span class='ocr_line' id='line_1_10' title="bbox 443 1215 3634 1292; baseline 0.001 -17"><span class='ocrx_word' id='word_1_108' title='bbox 443 1216 589 1275; x_wconf 69' lang='lat'>521</span> <span class='ocrx_word' id='word_1_109' title='bbox 633 1217 885 1274; x_wconf 88' lang='lat' dir='ltr'>Patratis</span> <span class='ocrx_word' id='word_1_110' title='bbox 932 1218 1129 1291; x_wconf 85' lang='lat' dir='ltr'>itaque</span> <span class='ocrx_word' id='word_1_111' title='bbox 1161 1217 1437 1274; x_wconf 90' lang='lat' dir='ltr'>omnibus</span> <span class='ocrx_word' id='word_1_112' title='bbox 1486 1222 1660 1289; x_wconf 89' lang='lat' dir='ltr'>atque</span> <span class='ocrx_word' id='word_1_113' title='bbox 1691 1215 1963 1290; x_wconf 85' lang='lat' dir='ltr'>perfectis</span> <span class='ocrx_word' id='word_1_114' title='bbox 1994 1216 2288 1288; x_wconf 90' lang='lat' dir='ltr'>operibus,</span> <span class='ocrx_word' id='word_1_115' title='bbox 2319 1234 2570 1290; x_wconf 91' lang='lat' dir='ltr'>quorum</span> <span class='ocrx_word' id='word_1_116' title='bbox 2594 1218 2721 1289; x_wconf 86' lang='lat' dir='ltr'>jam</span> <span class='ocrx_word' id='word_1_117' title='bbox 2754 1216 3056 1292; x_wconf 88' lang='lat' dir='ltr'>sigillatim</span> <span class='ocrx_word' id='word_1_118' title='bbox 3088 1220 3360 1292; x_wconf 90' lang='lat' dir='ltr'>superius</span> <span class='ocrx_word' id='word_1_119' title='bbox 3390 1223 3634 1280; x_wconf 90' lang='lat' dir='ltr'>nomina</span> 
     </span>
    </p>
   </div>
   <div class='ocr_carea' id='block_1_11' title="bbox 367 1315 3631 1393">
    <p class='ocr_par' dir='ltr' id='par_1_11' title="bbox 367 1315 3631 1393">
     <span class='ocr_line' id='line_1_11' title="bbox 367 1315 3631 1393; baseline 0.001 -22"><span class='ocrx_word' id='word_1_120' title='bbox 367 1316 586 1389; x_wconf 89' lang='lat' dir='ltr'>scripta</span> <span class='ocrx_word' id='word_1_121' title='bbox 632 1320 728 1371; x_wconf 85' lang='lat' dir='ltr'>vet</span> <span class='ocrx_word' id='word_1_122' title='bbox 775 1320 1098 1373; x_wconf 90' lang='lat' dir='ltr'>memorata</span> <span class='ocrx_word' id='word_1_123' title='bbox 1144 1320 1303 1383; x_wconf 90' lang='lat' dir='ltr'>sunt,</span> <span class='ocrx_word' id='word_1_124' title='bbox 1336 1316 1645 1372; x_wconf 87' lang='lat' dir='ltr'>confestim</span> <span class='ocrx_word' id='word_1_125' title='bbox 1671 1316 1855 1371; x_wconf 88' lang='lat' dir='ltr'>isdem</span> <span class='ocrx_word' id='word_1_126' title='bbox 1890 1320 2089 1388; x_wconf 88' lang='lat' dir='ltr'>pastor</span> <span class='ocrx_word' id='word_1_127' title='bbox 2118 1320 2175 1371; x_wconf 90' lang='lat' dir='ltr'>et</span> <span class='ocrx_word' id='word_1_128' title='bbox 2207 1316 2375 1371; x_wconf 90' lang='lat' dir='ltr'>Pater</span> <span class='ocrx_word' id='word_1_129' title='bbox 2403 1316 2692 1389; x_wconf 88' lang='lat' dir='ltr'>egregius,</span> <span class='ocrx_word' id='word_1_130' title='bbox 2726 1315 2994 1388; x_wconf 87' lang='lat' dir='ltr'>quamvis</span> <span class='ocrx_word' id='word_1_131' title='bbox 3025 1318 3427 1375; x_wconf 89' lang='lat' dir='ltr'>universarum</span> <span class='ocrx_word' id='word_1_132' title='bbox 3453 1322 3631 1393; x_wconf 82' lang='lat' dir='ltr'>proﬁ-</span> 
     </span>
    </p>
   </div>
   <div class='ocr_carea' id='block_1_12' title="bbox 369 1411 3632 1489">
    <p class='ocr_par' dir='ltr' id='par_1_12' title="bbox 369 1411 3632 1489">
     <span class='ocr_line' id='line_1_12' title="bbox 369 1411 3632 1489; baseline 0.002 -20"><span class='ocrx_word' id='word_1_133' title='bbox 369 1429 542 1469; x_wconf 88' lang='lat' dir='ltr'>cuam</span> <span class='ocrx_word' id='word_1_134' title='bbox 572 1411 950 1471; x_wconf 87' lang='lat' dir='ltr'>ecclesiarum</span> <span class='ocrx_word' id='word_1_135' title='bbox 983 1413 1078 1471; x_wconf 88' lang='lat' dir='ltr'>Dei</span> <span class='ocrx_word' id='word_1_136' title='bbox 1109 1432 1311 1472; x_wconf 89' lang='lat' dir='ltr'>curam</span> <span class='ocrx_word' id='word_1_137' title='bbox 1342 1414 1699 1489; x_wconf 84' lang='lat' dir='ltr'>dignamque</span> <span class='ocrx_word' id='word_1_138' title='bbox 1720 1413 2173 1470; x_wconf 86' lang='lat' dir='ltr'>sollicitudinem</span> <span class='ocrx_word' id='word_1_139' title='bbox 2194 1419 2436 1486; x_wconf 83' lang='lat' dir='ltr'>gereret,</span> <span class='ocrx_word' id='word_1_140' title='bbox 2454 1419 2509 1469; x_wconf 92' lang='lat' dir='ltr'>et</span> <span class='ocrx_word' id='word_1_141' title='bbox 2530 1414 2602 1470; x_wconf 91' lang='lat' dir='ltr'>ad</span> <span class='ocrx_word' id='word_1_142' title='bbox 2624 1431 2796 1470; x_wconf 90' lang='lat' dir='ltr'>omne</span> <span class='ocrx_word' id='word_1_143' title='bbox 2814 1431 2960 1487; x_wconf 90' lang='lat' dir='ltr'>opus</span> <span class='ocrx_word' id='word_1_144' title='bbox 2983 1414 3200 1471; x_wconf 89' lang='lat' dir='ltr'>bonum</span> <span class='ocrx_word' id='word_1_145' title='bbox 3217 1433 3334 1489; x_wconf 67' lang='lat' dir='ltr'>prae</span> <span class='ocrx_word' id='word_1_146' title='bbox 3356 1419 3632 1475; x_wconf 89' lang='lat' dir='ltr'>omnibus</span> 
     </span>
    </p>
   </div>
   <div class='ocr_carea' id='block_1_13' title="bbox 366 1508 3633 1587">
    <p class='ocr_par' dir='ltr' id='par_1_13' title="bbox 366 1508 3633 1587">
     <span class='ocr_line' id='line_1_13' title="bbox 366 1508 3633 1587; baseline 0.002 -21"><span class='ocrx_word' id='word_1_147' title='bbox 366 1508 628 1567; x_wconf 88' lang='lat' dir='ltr'>intentus</span> <span class='ocrx_word' id='word_1_148' title='bbox 660 1512 932 1569; x_wconf 77' lang='lat' dir='ltr'>existeret</span> <span class='ocrx_word' id='word_1_149' title='bbox 961 1529 1030 1568; x_wconf 81' lang='lat' dir='ltr'>ex</span> <span class='ocrx_word' id='word_1_150' title='bbox 1059 1511 1267 1568; x_wconf 92' lang='lat' dir='ltr'>intimo</span> <span class='ocrx_word' id='word_1_151' title='bbox 1298 1512 1490 1569; x_wconf 89' lang='lat' dir='ltr'>cordis</span> <span class='ocrx_word' id='word_1_152' title='bbox 1520 1512 1611 1569; x_wconf 91' lang='lat' dir='ltr'>sui</span> <span class='ocrx_word' id='word_1_153' title='bbox 1643 1511 1819 1586; x_wconf 88' lang='lat' dir='ltr'>longa</span> <span class='ocrx_word' id='word_1_154' title='bbox 1845 1512 2085 1568; x_wconf 88' lang='lat' dir='ltr'>trahens</span> <span class='ocrx_word' id='word_1_155' title='bbox 2118 1512 2391 1585; x_wconf 88' lang='lat' dir='ltr'>suspiria,</span> <span class='ocrx_word' id='word_1_156' title='bbox 2426 1529 2558 1568; x_wconf 88' lang='lat' dir='ltr'>cum</span> <span class='ocrx_word' id='word_1_157' title='bbox 2590 1511 2849 1585; x_wconf 91' lang='lat' dir='ltr'>quotidie</span> <span class='ocrx_word' id='word_1_158' title='bbox 2879 1512 3203 1569; x_wconf 88' lang='lat' dir='ltr'>beatissimi</span> <span class='ocrx_word' id='word_1_159' title='bbox 3235 1515 3633 1587; x_wconf 90' lang='lat' dir='ltr'>apostolorum</span> 
     </span>
    </p>
   </div>
   <div class='ocr_carea' id='block_1_14' title="bbox 291 1606 3707 1688">
    <p class='ocr_par' dir='ltr' id='par_1_14' title="bbox 291 1606 3707 1688">
     <span class='ocr_line' id='line_1_14' title="bbox 291 1606 3707 1688; baseline 0.002 -25"><span class='ocrx_word' id='word_1_160' title='bbox 291 1607 331 1663; x_wconf 88' lang='lat'>5</span> <span class='ocrx_word' id='word_1_161' title='bbox 366 1606 652 1681; x_wconf 89' lang='lat' dir='ltr'>principis</span> <span class='ocrx_word' id='word_1_162' title='bbox 684 1607 833 1665; x_wconf 90' lang='lat' dir='ltr'>Petri</span> <span class='ocrx_word' id='word_1_163' title='bbox 867 1609 1334 1665; x_wconf 88' lang='lat' dir='ltr'>sacratissimum</span> <span class='ocrx_word' id='word_1_164' title='bbox 1367 1609 1545 1667; x_wconf 91' lang='lat' dir='ltr'>altare</span> <span class='ocrx_word' id='word_1_165' title='bbox 1576 1615 1837 1666; x_wconf 88' lang='lat' dir='ltr'>cerneret</span> <span class='ocrx_word' id='word_1_166' title='bbox 1856 1609 2158 1679; x_wconf 89' lang='lat' dir='ltr'>violatum,</span> <span class='ocrx_word' id='word_1_167' title='bbox 2180 1615 2237 1665; x_wconf 92' lang='lat' dir='ltr'>et</span> <span class='ocrx_word' id='word_1_168' title='bbox 2264 1610 2338 1666; x_wconf 92' lang='lat' dir='ltr'>ad</span> <span class='ocrx_word' id='word_1_169' title='bbox 2370 1614 2594 1665; x_wconf 85' lang='lat' dir='ltr'>tantam</span> <span class='ocrx_word' id='word_1_170' title='bbox 2628 1609 3060 1666; x_wconf 87' lang='lat' dir='ltr'>inhonestatem</span> <span class='ocrx_word' id='word_1_171' title='bbox 3092 1630 3125 1667; x_wconf 91' lang='lat' dir='ltr'>a</span> <span class='ocrx_word' id='word_1_172' title='bbox 3156 1614 3459 1670; x_wconf 86' lang='lat' dir='ltr'>Saracenis</span> <span class='ocrx_word' id='word_1_173' title='bbox 3510 1631 3633 1688; x_wconf 87' lang='lat' dir='ltr'>per-</span> <span class='ocrx_word' id='word_1_174' title='bbox 3700 1638 3707 1645; x_wconf 90' lang='grc'><strong>·</strong></span> 
     </span>
    </p>
   </div>
   <div class='ocr_carea' id='block_1_15' title="bbox 364 1704 3637 1784">
    <p class='ocr_par' dir='ltr' id='par_1_15' title="bbox 364 1704 3637 1784">
     <span class='ocr_line' id='line_1_15' title="bbox 364 1704 3637 1784; baseline 0.002 -24"><span class='ocrx_word' id='word_1_175' title='bbox 364 1705 505 1760; x_wconf 78' lang='lat' dir='ltr'>fidis</span> <span class='ocrx_word' id='word_1_176' title='bbox 536 1704 771 1780; x_wconf 91' lang='lat' dir='ltr'>Deoque</span> <span class='ocrx_word' id='word_1_177' title='bbox 801 1706 1109 1763; x_wconf 89' lang='lat' dir='ltr'>contrariis</span> <span class='ocrx_word' id='word_1_178' title='bbox 1140 1712 1198 1763; x_wconf 90' lang='lat' dir='ltr'>et</span> <span class='ocrx_word' id='word_1_179' title='bbox 1227 1706 1506 1765; x_wconf 87' lang='lat' dir='ltr'>vilitatem</span> <span class='ocrx_word' id='word_1_180' title='bbox 1537 1710 1909 1781; x_wconf 90' lang='lat' dir='ltr'>perductum,</span> <span class='ocrx_word' id='word_1_181' title='bbox 1941 1707 2117 1764; x_wconf 89' lang='lat' dir='ltr'>etiam</span> <span class='ocrx_word' id='word_1_182' title='bbox 2148 1713 2205 1763; x_wconf 90' lang='lat' dir='ltr'>et</span> <span class='ocrx_word' id='word_1_183' title='bbox 2235 1709 2412 1781; x_wconf 90' lang='lat' dir='ltr'>(quod</span> <span class='ocrx_word' id='word_1_184' title='bbox 2446 1707 2707 1763; x_wconf 88' lang='lat' dir='ltr'>dolentes</span> <span class='ocrx_word' id='word_1_185' title='bbox 2737 1713 3164 1781; x_wconf 76' lang='lat' dir='ltr'>moerentesque</span> <span class='ocrx_word' id='word_1_186' title='bbox 3216 1710 3487 1783; x_wconf 88' lang='lat' dir='ltr'>dicimus)</span> <span class='ocrx_word' id='word_1_187' title='bbox 3511 1711 3637 1784; x_wconf 90' lang='lat' dir='ltr'>ipse</span> 
     </span>
    </p>
   </div>
   <div class='ocr_carea' id='block_1_16' title="bbox 369 1800 3638 1880">
    <p class='ocr_par' dir='ltr' id='par_1_16' title="bbox 369 1800 3638 1880">
     <span class='ocr_line' id='line_1_16' title="bbox 369 1800 3638 1880; baseline 0.002 -23"><span class='ocrx_word' id='word_1_188' title='bbox 369 1800 627 1876; x_wconf 89' lang='lat' dir='ltr'>undique</span> <span class='ocrx_word' id='word_1_189' title='bbox 657 1802 1058 1861; x_wconf 87' lang='lat' dir='ltr'>Christianum</span> <span class='ocrx_word' id='word_1_190' title='bbox 1088 1804 1374 1878; x_wconf 88' lang='lat' dir='ltr'>populum</span> <span class='ocrx_word' id='word_1_191' title='bbox 1407 1806 1478 1861; x_wconf 90' lang='lat' dir='ltr'>ad</span> <span class='ocrx_word' id='word_1_192' title='bbox 1499 1806 1627 1877; x_wconf 89' lang='lat' dir='ltr'>jam</span> <span class='ocrx_word' id='word_1_193' title='bbox 1659 1806 1759 1863; x_wconf 89' lang='lat' dir='ltr'>fati</span> <span class='ocrx_word' id='word_1_194' title='bbox 1792 1806 2077 1879; x_wconf 87' lang='lat' dir='ltr'>principis</span> <span class='ocrx_word' id='word_1_195' title='bbox 2107 1805 2528 1877; x_wconf 87' lang='lat' dir='ltr'>sacratissima,</span> <span class='ocrx_word' id='word_1_196' title='bbox 2559 1804 2839 1862; x_wconf 89' lang='lat' dir='ltr'>orationis</span> <span class='ocrx_word' id='word_1_197' title='bbox 2866 1822 3044 1861; x_wconf 90' lang='lat' dir='ltr'>causa</span> <span class='ocrx_word' id='word_1_198' title='bbox 3072 1806 3157 1862; x_wconf 89' lang='lat' dir='ltr'>vel</span> <span class='ocrx_word' id='word_1_199' title='bbox 3188 1807 3396 1880; x_wconf 89' lang='lat' dir='ltr'>gratia,</span> <span class='ocrx_word' id='word_1_200' title='bbox 3430 1807 3638 1865; x_wconf 88' lang='lat' dir='ltr'>limina</span> 
     </span>
    </p>
   </div>
   <div class='ocr_carea' id='block_1_17' title="bbox 369 1899 3640 1978">
    <p class='ocr_par' dir='ltr' id='par_1_17' title="bbox 369 1899 3640 1978">
     <span class='ocr_line' id='line_1_17' title="bbox 369 1899 3640 1978; baseline 0.002 -23"><span class='ocrx_word' id='word_1_201' title='bbox 369 1899 648 1958; x_wconf 89' lang='lat' dir='ltr'>destinari</span> <span class='ocrx_word' id='word_1_202' title='bbox 680 1908 960 1971; x_wconf 87' lang='lat' dir='ltr'>cerneret,</span> <span class='ocrx_word' id='word_1_203' title='bbox 994 1907 1050 1959; x_wconf 89' lang='lat' dir='ltr'>et</span> <span class='ocrx_word' id='word_1_204' title='bbox 1080 1904 1152 1959; x_wconf 93' lang='lat' dir='ltr'>ob</span> <span class='ocrx_word' id='word_1_205' title='bbox 1184 1903 1292 1959; x_wconf 93' lang='lat' dir='ltr'>hoc</span> <span class='ocrx_word' id='word_1_206' title='bbox 1322 1908 1455 1959; x_wconf 88' lang='lat' dir='ltr'>vota</span> <span class='ocrx_word' id='word_1_207' title='bbox 1485 1920 1593 1959; x_wconf 90' lang='lat' dir='ltr'>sua</span> <span class='ocrx_word' id='word_1_208' title='bbox 1624 1907 1687 1958; x_wconf 92' lang='lat' dir='ltr'>ut</span> <span class='ocrx_word' id='word_1_209' title='bbox 1718 1902 1857 1959; x_wconf 89' lang='lat' dir='ltr'>olim</span> <span class='ocrx_word' id='word_1_210' title='bbox 1891 1903 2165 1975; x_wconf 82' lang='lat' dir='ltr'>perficere</span> <span class='ocrx_word' id='word_1_211' title='bbox 2198 1920 2313 1959; x_wconf 90' lang='lat' dir='ltr'>non</span> <span class='ocrx_word' id='word_1_212' title='bbox 2358 1901 2610 1975; x_wconf 88' lang='lat' dir='ltr'>pleniter</span> <span class='ocrx_word' id='word_1_213' title='bbox 2660 1903 3003 1976; x_wconf 84' lang='lat' dir='ltr'>satagebat;</span> <span class='ocrx_word' id='word_1_214' title='bbox 3036 1903 3164 1959; x_wconf 88' lang='lat' dir='ltr'>ideo</span> <span class='ocrx_word' id='word_1_215' title='bbox 3214 1904 3640 1978; x_wconf 87' lang='lat' dir='ltr'>omnipotentis</span> 
     </span>
    </p>
   </div>
   <div class='ocr_carea' id='block_1_18' title="bbox 368 1997 3636 2074">
    <p class='ocr_par' dir='ltr' id='par_1_18' title="bbox 368 1997 3636 2074">
     <span class='ocr_line' id='line_1_18' title="bbox 368 1997 3636 2074; baseline 0.002 -21"><span class='ocrx_word' id='word_1_216' title='bbox 368 1997 600 2054; x_wconf 90' lang='lat' dir='ltr'>Domini</span> <span class='ocrx_word' id='word_1_217' title='bbox 633 1999 816 2056; x_wconf 86' lang='lat' dir='ltr'>fretus</span> <span class='ocrx_word' id='word_1_218' title='bbox 847 1998 1084 2069; x_wconf 78' lang='lat' dir='ltr'>auxilio,</span> <span class='ocrx_word' id='word_1_219' title='bbox 1114 2006 1289 2074; x_wconf 88' lang='lat' dir='ltr'>atque</span> <span class='ocrx_word' id='word_1_220' title='bbox 1314 2001 1555 2057; x_wconf 91' lang='lat' dir='ltr'>consilio</span> <span class='ocrx_word' id='word_1_221' title='bbox 1597 2005 1653 2057; x_wconf 90' lang='lat' dir='ltr'>et</span> <span class='ocrx_word' id='word_1_222' title='bbox 1680 2001 1892 2056; x_wconf 88' lang='lat' dir='ltr'>virtute</span> <span class='ocrx_word' id='word_1_223' title='bbox 1923 2000 2211 2069; x_wconf 89' lang='lat' dir='ltr'>munitus,</span> <span class='ocrx_word' id='word_1_224' title='bbox 2243 1999 2436 2056; x_wconf 88' lang='lat' dir='ltr'>aureis</span> <span class='ocrx_word' id='word_1_225' title='bbox 2467 1999 2764 2071; x_wconf 88' lang='lat' dir='ltr'>simulque</span> <span class='ocrx_word' id='word_1_226' title='bbox 2795 2000 3089 2073; x_wconf 86' lang='lat' dir='ltr'>argenteis</span> <span class='ocrx_word' id='word_1_227' title='bbox 3128 2000 3327 2059; x_wconf 89' lang='lat' dir='ltr'>talulis</span> <span class='ocrx_word' id='word_1_228' title='bbox 3358 2020 3473 2059; x_wconf 90' lang='lat' dir='ltr'>non</span> <span class='ocrx_word' id='word_1_229' title='bbox 3506 2008 3636 2059; x_wconf 89' lang='lat' dir='ltr'>tan-</span> 
     </span>
    </p>
   </div>
   <div class='ocr_carea' id='block_1_19' title="bbox 259 2096 3637 2174">
    <p class='ocr_par' dir='ltr' id='par_1_19' title="bbox 259 2096 3637 2174">
     <span class='ocr_line' id='line_1_19' title="bbox 259 2096 3637 2174; baseline 0.001 -22"><span class='ocrx_word' id='word_1_230' title='bbox 259 2096 332 2152; x_wconf 85' lang='grc'>10</span> <span class='ocrx_word' id='word_1_231' title='bbox 370 2099 497 2151; x_wconf 92' lang='lat' dir='ltr'>tum</span> <span class='ocrx_word' id='word_1_232' title='bbox 528 2097 956 2153; x_wconf 86' lang='lat' dir='ltr'>confessionem</span> <span class='ocrx_word' id='word_1_233' title='bbox 988 2115 1453 2167; x_wconf 89' lang='lat' dir='ltr'>sacram,verum</span> <span class='ocrx_word' id='word_1_234' title='bbox 1484 2099 1659 2155; x_wconf 89' lang='lat' dir='ltr'>etiam</span> <span class='ocrx_word' id='word_1_235' title='bbox 1690 2100 1938 2155; x_wconf 88' lang='lat' dir='ltr'>frontem</span> <span class='ocrx_word' id='word_1_236' title='bbox 1971 2098 2263 2170; x_wconf 58' lang='lat' dir='ltr'>smpedicti</span> <span class='ocrx_word' id='word_1_237' title='bbox 2297 2096 2500 2153; x_wconf 91' lang='lat' dir='ltr'>altaris</span> <span class='ocrx_word' id='word_1_238' title='bbox 2531 2097 2673 2153; x_wconf 87' lang='lat' dir='ltr'>satis</span> <span class='ocrx_word' id='word_1_239' title='bbox 2704 2098 2977 2153; x_wconf 89' lang='lat' dir='ltr'>deeenter</span> <span class='ocrx_word' id='word_1_240' title='bbox 3008 2104 3065 2154; x_wconf 90' lang='lat' dir='ltr'>et</span> <span class='ocrx_word' id='word_1_241' title='bbox 3093 2098 3409 2157; x_wconf 82' lang='lat' dir='ltr'>honorifice</span> <span class='ocrx_word' id='word_1_242' title='bbox 3440 2118 3637 2174; x_wconf 91' lang='lat' dir='ltr'>peror-</span> 
     </span>
    </p>
   </div>
   <div class='ocr_carea' id='block_1_20' title="bbox 370 2192 3638 2270">
    <p class='ocr_par' dir='ltr' id='par_1_20' title="bbox 370 2192 3638 2270">
     <span class='ocr_line' id='line_1_20' title="bbox 370 2192 3638 2270; baseline 0.002 -21"><span class='ocrx_word' id='word_1_243' title='bbox 370 2192 632 2262; x_wconf 89' lang='lat' dir='ltr'>navit,ut</span> <span class='ocrx_word' id='word_1_244' title='bbox 660 2212 918 2267; x_wconf 69' lang='lat' dir='ltr'>praesens</span> <span class='ocrx_word' id='word_1_245' title='bbox 946 2212 1051 2267; x_wconf 91' lang='lat' dir='ltr'>per</span> <span class='ocrx_word' id='word_1_246' title='bbox 1080 2196 1280 2253; x_wconf 72' lang='lat' dir='ltr'>omnia</span> <span class='ocrx_word' id='word_1_247' title='bbox 1307 2214 1455 2270; x_wconf 89' lang='lat' dir='ltr'>opus</span> <span class='ocrx_word' id='word_1_248' title='bbox 1485 2196 1702 2252; x_wconf 88' lang='lat' dir='ltr'>ibidem</span> <span class='ocrx_word' id='word_1_249' title='bbox 1736 2196 2070 2252; x_wconf 89' lang='lat' dir='ltr'>dedicatum</span> <span class='ocrx_word' id='word_1_250' title='bbox 2103 2196 2230 2251; x_wconf 92' lang='lat' dir='ltr'>luce</span> <span class='ocrx_word' id='word_1_251' title='bbox 2262 2194 2479 2250; x_wconf 92' lang='lat' dir='ltr'>clarius</span> <span class='ocrx_word' id='word_1_252' title='bbox 2507 2194 3271 2261; x_wconf 85' lang='lat' dir='ltr'>manifestat.Quamobrem</span> <span class='ocrx_word' id='word_1_253' title='bbox 3302 2198 3638 2254; x_wconf 88' lang='lat' dir='ltr'>venerandii</span> 
     </span>
    </p>
   </div>
   <div class='ocr_carea' id='block_1_21' title="bbox 375 2289 3641 2369">
    <p class='ocr_par' dir='ltr' id='par_1_21' title="bbox 375 2289 3641 2369">
     <span class='ocr_line' id='line_1_21' title="bbox 375 2289 3641 2369; baseline 0.002 -23"><span class='ocrx_word' id='word_1_254' title='bbox 375 2289 579 2347; x_wconf 90' lang='lat' dir='ltr'>altaris</span> <span class='ocrx_word' id='word_1_255' title='bbox 628 2291 879 2347; x_wconf 86' lang='lat' dir='ltr'>frontem</span> <span class='ocrx_word' id='word_1_256' title='bbox 924 2292 1278 2366; x_wconf 65' lang='lat' dir='ltr'>praecipuam</span> <span class='ocrx_word' id='word_1_257' title='bbox 1324 2293 1541 2349; x_wconf 90' lang='lat' dir='ltr'>tabulis</span> <span class='ocrx_word' id='word_1_258' title='bbox 1573 2310 1714 2349; x_wconf 91' lang='lat' dir='ltr'>auro</span> <span class='ocrx_word' id='word_1_259' title='bbox 1745 2294 1966 2365; x_wconf 90' lang='lat' dir='ltr'>optimo</span> <span class='ocrx_word' id='word_1_260' title='bbox 1998 2293 2221 2348; x_wconf 90' lang='lat' dir='ltr'>noviter</span> <span class='ocrx_word' id='word_1_261' title='bbox 2251 2291 2557 2359; x_wconf 85' lang='lat' dir='ltr'>dedicavit,</span> <span class='ocrx_word' id='word_1_262' title='bbox 2591 2309 2706 2347; x_wconf 90' lang='lat' dir='ltr'>una</span> <span class='ocrx_word' id='word_1_263' title='bbox 2739 2309 2871 2347; x_wconf 90' lang='lat' dir='ltr'>cum</span> <span class='ocrx_word' id='word_1_264' title='bbox 2904 2293 3154 2365; x_wconf 89' lang='lat' dir='ltr'>gemmis</span> <span class='ocrx_word' id='word_1_265' title='bbox 3184 2296 3641 2369; x_wconf 88' lang='lat' dir='ltr'>quamplurimis</span> 
     </span>
    </p>
   </div>
   <div class='ocr_carea' id='block_1_22' title="bbox 374 2387 3640 2465">
    <p class='ocr_par' dir='ltr' id='par_1_22' title="bbox 374 2387 3640 2465">
     <span class='ocr_line' id='line_1_22' title="bbox 374 2387 3640 2465; baseline 0.002 -23"><span class='ocrx_word' id='word_1_266' title='bbox 374 2387 541 2443; x_wconf 85' lang='lat' dir='ltr'>valde</span> <span class='ocrx_word' id='word_1_267' title='bbox 570 2387 809 2460; x_wconf 89' lang='lat' dir='ltr'>optimis</span> <span class='ocrx_word' id='word_1_268' title='bbox 838 2406 904 2445; x_wconf 88' lang='lat' dir='ltr'>ac</span> <span class='ocrx_word' id='word_1_269' title='bbox 936 2390 1207 2463; x_wconf 90' lang='lat' dir='ltr'>pretiosis</span> <span class='ocrx_word' id='word_1_270' title='bbox 1239 2396 1421 2446; x_wconf 90' lang='lat' dir='ltr'>totam</span> <span class='ocrx_word' id='word_1_271' title='bbox 1452 2390 1929 2458; x_wconf 88' lang='lat' dir='ltr'>circumdedit,et</span> <span class='ocrx_word' id='word_1_272' title='bbox 1954 2390 2012 2445; x_wconf 91' lang='lat' dir='ltr'>in</span> <span class='ocrx_word' id='word_1_273' title='bbox 2032 2390 2334 2445; x_wconf 89' lang='lat' dir='ltr'>meliorem</span> <span class='ocrx_word' id='word_1_274' title='bbox 2357 2390 2602 2462; x_wconf 90' lang='lat' dir='ltr'>utprius</span> <span class='ocrx_word' id='word_1_275' title='bbox 2626 2394 2844 2445; x_wconf 90' lang='lat' dir='ltr'>statum</span> <span class='ocrx_word' id='word_1_276' title='bbox 2868 2391 3252 2465; x_wconf 89' lang='lat' dir='ltr'>decoremque</span> <span class='ocrx_word' id='word_1_277' title='bbox 3273 2394 3556 2465; x_wconf 81' lang='lat' dir='ltr'>perduxit.</span> <span class='ocrx_word' id='word_1_278' title='bbox 3577 2395 3640 2450; x_wconf 90' lang='lat' dir='ltr'><strong>In</strong></span> 
     </span>
    </p>
   </div>
   <div class='ocr_carea' id='block_1_23' title="bbox 378 2485 3643 2565">
    <p class='ocr_par' dir='ltr' id='par_1_23' title="bbox 378 2485 3643 2565">
     <span class='ocr_line' id='line_1_23' title="bbox 378 2485 3643 2565; baseline 0.002 -26"><span class='ocrx_word' id='word_1_279' title='bbox 378 2485 595 2557; x_wconf 90' lang='lat' dir='ltr'>quibus</span> <span class='ocrx_word' id='word_1_280' title='bbox 627 2485 848 2543; x_wconf 87' lang='lat' dir='ltr'>scilicet</span> <span class='ocrx_word' id='word_1_281' title='bbox 878 2488 1173 2556; x_wconf 89' lang='lat' dir='ltr'>aureis,ut</span> <span class='ocrx_word' id='word_1_282' title='bbox 1204 2488 1426 2543; x_wconf 89' lang='lat' dir='ltr'>dictum</span> <span class='ocrx_word' id='word_1_283' title='bbox 1459 2487 1798 2556; x_wconf 88' lang='lat' dir='ltr'>est,tabulis</span> <span class='ocrx_word' id='word_1_284' title='bbox 1831 2506 1946 2544; x_wconf 89' lang='lat' dir='ltr'>non</span> <span class='ocrx_word' id='word_1_285' title='bbox 1982 2488 2173 2544; x_wconf 89' lang='lat' dir='ltr'>solum</span> <span class='ocrx_word' id='word_1_286' title='bbox 2206 2488 2610 2560; x_wconf 80' lang='lat' dir='ltr'>Redemptoris</span> <span class='ocrx_word' id='word_1_287' title='bbox 2641 2488 2823 2543; x_wconf 88' lang='lat' dir='ltr'>nostri</span> <span class='ocrx_word' id='word_1_288' title='bbox 2854 2488 3041 2544; x_wconf 92' lang='lat' dir='ltr'>forma</span> <span class='ocrx_word' id='word_1_289' title='bbox 3069 2490 3299 2563; x_wconf 88' lang='lat' dir='ltr'>depicta</span> <span class='ocrx_word' id='word_1_290' title='bbox 3319 2492 3643 2565; x_wconf 74' lang='lat' dir='ltr'>przefulget,</span> 
     </span>
    </p>
   </div>
   <div class='ocr_carea' id='block_1_24' title="bbox 269 2583 2995 2657">
    <p class='ocr_par' dir='ltr' id='par_1_24' title="bbox 269 2583 2995 2657">
     <span class='ocr_line' id='line_1_24' title="bbox 269 2583 2995 2657; baseline 0.001 -17"><span class='ocrx_word' id='word_1_291' title='bbox 269 2583 341 2640; x_wconf 74' lang='grc'>15</span> <span class='ocrx_word' id='word_1_292' title='bbox 380 2600 582 2639; x_wconf 87' lang='lat' dir='ltr'>verum</span> <span class='ocrx_word' id='word_1_293' title='bbox 614 2588 670 2640; x_wconf 90' lang='lat' dir='ltr'>et</span> <span class='ocrx_word' id='word_1_294' title='bbox 690 2585 819 2657; x_wconf 85' lang='lat' dir='ltr'>ejus</span> <span class='ocrx_word' id='word_1_295' title='bbox 851 2585 1197 2641; x_wconf 82' lang='lat' dir='ltr'>resurrectio</span> <span class='ocrx_word' id='word_1_296' title='bbox 1228 2586 1575 2654; x_wconf 85' lang='lat' dir='ltr'>veneranda,</span> <span class='ocrx_word' id='word_1_297' title='bbox 1610 2589 1784 2657; x_wconf 90' lang='lat' dir='ltr'>atque</span> <span class='ocrx_word' id='word_1_298' title='bbox 1816 2584 2100 2640; x_wconf 90' lang='lat' dir='ltr'>indicium</span> <span class='ocrx_word' id='word_1_299' title='bbox 2131 2602 2306 2639; x_wconf 64' lang='lat' dir='ltr'>sacrm</span> <span class='ocrx_word' id='word_1_300' title='bbox 2340 2602 2406 2639; x_wconf 81' lang='lat' dir='ltr'>ac</span> <span class='ocrx_word' id='word_1_301' title='bbox 2438 2584 2754 2640; x_wconf 73' lang='lat' dir='ltr'>salutifera:</span> <span class='ocrx_word' id='word_1_302' title='bbox 2784 2586 2995 2642; x_wconf 89' lang='lat' dir='ltr'>crucis.</span> 
     </span>
    </p>
   </div>
   <div class='ocr_carea' id='block_1_25' title="bbox 454 2698 3648 2780">
    <p class='ocr_par' dir='ltr' id='par_1_25' title="bbox 454 2698 3648 2780">
     <span class='ocr_line' id='line_1_25' title="bbox 454 2698 3648 2780; baseline 0.002 -25"><span class='ocrx_word' id='word_1_303' title='bbox 454 2698 606 2757; x_wconf 68' lang='grc'>618</span> <span class='ocrx_word' id='word_1_304' title='bbox 646 2699 796 2756; x_wconf 87' lang='lat' dir='ltr'>Petri</span> <span class='ocrx_word' id='word_1_305' title='bbox 828 2717 1061 2774; x_wconf 88' lang='lat' dir='ltr'>quoque</span> <span class='ocrx_word' id='word_1_306' title='bbox 1091 2700 1369 2774; x_wconf 86' lang='lat' dir='ltr'>Paulique</span> <span class='ocrx_word' id='word_1_307' title='bbox 1400 2701 1617 2775; x_wconf 90' lang='lat' dir='ltr'>pariter</span> <span class='ocrx_word' id='word_1_308' title='bbox 1642 2700 1842 2758; x_wconf 88' lang='lat' dir='ltr'>vultus</span> <span class='ocrx_word' id='word_1_309' title='bbox 1871 2706 2047 2773; x_wconf 89' lang='lat' dir='ltr'>atque</span> <span class='ocrx_word' id='word_1_310' title='bbox 2076 2701 2317 2756; x_wconf 72' lang='lat' dir='ltr'>Andreze</span> <span class='ocrx_word' id='word_1_311' title='bbox 2348 2700 2407 2756; x_wconf 90' lang='lat' dir='ltr'>in</span> <span class='ocrx_word' id='word_1_312' title='bbox 2433 2700 2877 2773; x_wconf 71' lang='lat' dir='ltr'>praenominatis</span> <span class='ocrx_word' id='word_1_313' title='bbox 2908 2703 3128 2761; x_wconf 90' lang='lat' dir='ltr'>tabulis</span> <span class='ocrx_word' id='word_1_314' title='bbox 3158 2704 3434 2763; x_wconf 88' lang='lat' dir='ltr'>simiiiter</span> <span class='ocrx_word' id='word_1_315' title='bbox 3452 2706 3648 2780; x_wconf 84' lang='lat' dir='ltr'>splen-</span> 
     </span>
    </p>
   </div>
   <div class='ocr_carea' id='block_1_26' title="bbox 380 2796 3648 2874">
    <p class='ocr_par' dir='ltr' id='par_1_26' title="bbox 380 2796 3648 2874">
     <span class='ocr_line' id='line_1_26' title="bbox 380 2796 3648 2874; baseline 0.003 -23"><span class='ocrx_word' id='word_1_316' title='bbox 380 2796 523 2851; x_wconf 91' lang='lat' dir='ltr'>dent</span> <span class='ocrx_word' id='word_1_317' title='bbox 551 2800 724 2870; x_wconf 87' lang='lat' dir='ltr'>atque</span> <span class='ocrx_word' id='word_1_318' title='bbox 752 2803 1092 2855; x_wconf 89' lang='lat' dir='ltr'>coruscant:</span> <span class='ocrx_word' id='word_1_319' title='bbox 1108 2798 1261 2854; x_wconf 88' lang='lat' dir='ltr'>inter</span> <span class='ocrx_word' id='word_1_320' title='bbox 1279 2816 1427 2871; x_wconf 90' lang='lat' dir='ltr'>quos</span> <span class='ocrx_word' id='word_1_321' title='bbox 1444 2798 1806 2855; x_wconf 86' lang='lat' dir='ltr'>sanctissimi</span> <span class='ocrx_word' id='word_1_322' title='bbox 1829 2799 2023 2870; x_wconf 88' lang='lat' dir='ltr'>quarti</span> <span class='ocrx_word' id='word_1_323' title='bbox 2058 2799 2266 2854; x_wconf 90' lang='lat' dir='ltr'>Leonis</span> <span class='ocrx_word' id='word_1_324' title='bbox 2288 2798 2576 2871; x_wconf 68' lang='lat' dir='ltr'>praesulis,</span> <span class='ocrx_word' id='word_1_325' title='bbox 2594 2816 2820 2855; x_wconf 88' lang='lat' dir='ltr'>necnon</span> <span class='ocrx_word' id='word_1_326' title='bbox 2842 2805 2899 2856; x_wconf 91' lang='lat' dir='ltr'>et</span> <span class='ocrx_word' id='word_1_327' title='bbox 2916 2802 3191 2874; x_wconf 85' lang='lat' dir='ltr'>specialis</span> <span class='ocrx_word' id='word_1_328' title='bbox 3207 2803 3313 2858; x_wconf 84' lang='lat' dir='ltr'>ﬁlii</span> <span class='ocrx_word' id='word_1_329' title='bbox 3334 2805 3426 2860; x_wconf 90' lang='lat' dir='ltr'>sui</span> <span class='ocrx_word' id='word_1_330' title='bbox 3447 2804 3648 2861; x_wconf 92' lang='lat' dir='ltr'>domni</span> 
     </span>
    </p>
   </div>
   <div class='ocr_carea' id='block_1_27' title="bbox 379 2893 3650 2972">
    <p class='ocr_par' dir='ltr' id='par_1_27' title="bbox 379 2893 3650 2972">
     <span class='ocr_line' id='line_1_27' title="bbox 379 2893 3650 2972; baseline 0.004 -24"><span class='ocrx_word' id='word_1_331' title='bbox 379 2893 751 2966; x_wconf 87' lang='lat' dir='ltr'>imperatoris</span> <span class='ocrx_word' id='word_1_332' title='bbox 800 2896 1079 2965; x_wconf 89' lang='lat' dir='ltr'>Lotharii,</span> <span class='ocrx_word' id='word_1_333' title='bbox 1114 2902 1351 2970; x_wconf 84' lang='lat' dir='ltr'>prOpter</span> <span class='ocrx_word' id='word_1_334' title='bbox 1398 2898 1657 2953; x_wconf 90' lang='lat' dir='ltr'>futuram</span> <span class='ocrx_word' id='word_1_335' title='bbox 1710 2897 2055 2953; x_wconf 87' lang='lat' dir='ltr'>memoriam</span> <span class='ocrx_word' id='word_1_336' title='bbox 2088 2896 2207 2953; x_wconf 87' lang='lat' dir='ltr'>sive</span> <span class='ocrx_word' id='word_1_337' title='bbox 2238 2897 2589 2962; x_wconf 89' lang='lat' dir='ltr'>mercedcm,</span> <span class='ocrx_word' id='word_1_338' title='bbox 2616 2913 2878 2968; x_wconf 59' lang='lat' dir='ltr'>personis</span> <span class='ocrx_word' id='word_1_339' title='bbox 2909 2899 3027 2955; x_wconf 83' lang='lat' dir='ltr'>Deo</span> <span class='ocrx_word' id='word_1_340' title='bbox 3060 2899 3269 2968; x_wconf 67' lang='lat' dir='ltr'>charte,</span> <span class='ocrx_word' id='word_1_341' title='bbox 3301 2918 3407 2972; x_wconf 87' lang='lat' dir='ltr'>per</span> <span class='ocrx_word' id='word_1_342' title='bbox 3436 2907 3650 2960; x_wconf 89' lang='lat' dir='ltr'>cuncta</span> 
     </span>
    </p>
   </div>
   <div class='ocr_carea' id='block_1_28' title="bbox 381 2990 3645 3067">
    <p class='ocr_par' dir='ltr' id='par_1_28' title="bbox 381 2990 3645 3067">
     <span class='ocr_line' id='line_1_28' title="bbox 381 2990 3645 3067; baseline 0.002 -18"><span class='ocrx_word' id='word_1_343' title='bbox 381 2990 595 3049; x_wconf 61' lang='lat' dir='ltr'>sucula</span> <span class='ocrx_word' id='word_1_344' title='bbox 623 2994 964 3051; x_wconf 67' lang='lat' dir='ltr'>venerandae</span> <span class='ocrx_word' id='word_1_345' title='bbox 985 2995 1227 3067; x_wconf 66' lang='lat' dir='ltr'>depicta:</span> <span class='ocrx_word' id='word_1_346' title='bbox 1249 2998 1406 3051; x_wconf 89' lang='lat' dir='ltr'>sunt.</span> <span class='ocrx_word' id='word_1_347' title='bbox 1424 2994 1583 3050; x_wconf 89' lang='lat' dir='ltr'>Fecit</span> <span class='ocrx_word' id='word_1_348' title='bbox 1607 2994 1855 3066; x_wconf 89' lang='lat' dir='ltr'>denique</span> <span class='ocrx_word' id='word_1_349' title='bbox 1876 2992 2139 3049; x_wconf 82' lang='lat' dir='ltr'>tabulam</span> <span class='ocrx_word' id='word_1_350' title='bbox 2163 2994 2233 3048; x_wconf 91' lang='lat' dir='ltr'>de</span> <span class='ocrx_word' id='word_1_351' title='bbox 2255 2993 2486 3062; x_wconf 88' lang='lat' dir='ltr'>smalto,</span> <span class='ocrx_word' id='word_1_352' title='bbox 2503 3011 2651 3065; x_wconf 89' lang='lat' dir='ltr'>opus</span> <span class='ocrx_word' id='word_1_353' title='bbox 2679 2994 2961 3051; x_wconf 88' lang='lat' dir='ltr'>ducentas</span> <span class='ocrx_word' id='word_1_354' title='bbox 2983 2996 3276 3052; x_wconf 78' lang='lat' dir='ltr'>sexdecim</span> <span class='ocrx_word' id='word_1_355' title='bbox 3299 3014 3441 3053; x_wconf 90' lang='lat' dir='ltr'>auro</span> <span class='ocrx_word' id='word_1_356' title='bbox 3463 3000 3645 3055; x_wconf 90' lang='lat' dir='ltr'>obrizi</span> 
     </span>
    </p>
   </div>
   <div class='ocr_carea' id='block_1_29' title="bbox 307 3089 3646 3165">
    <p class='ocr_par' dir='ltr' id='par_1_29' title="bbox 307 3089 3646 3165">
     <span class='ocr_line' id='line_1_29' title="bbox 307 3089 3646 3165; baseline 0.003 -22"><span class='ocrx_word' id='word_1_357' title='bbox 307 3089 345 3143; x_wconf 90' lang='lat'>5</span> <span class='ocrx_word' id='word_1_358' title='bbox 381 3105 605 3161; x_wconf 84' lang='lat' dir='ltr'>pensan</span> <span class='ocrx_word' id='word_1_359' title='bbox 635 3089 836 3147; x_wconf 86' lang='lat' dir='ltr'>libras.</span> <span class='ocrx_word' id='word_1_360' title='bbox 852 3092 1287 3149; x_wconf 87' lang='lat' dir='ltr'>Confessionem</span> <span class='ocrx_word' id='word_1_361' title='bbox 1318 3109 1449 3148; x_wconf 90' lang='lat' dir='ltr'>vero</span> <span class='ocrx_word' id='word_1_362' title='bbox 1470 3093 1672 3148; x_wconf 91' lang='lat' dir='ltr'>crebro</span> <span class='ocrx_word' id='word_1_363' title='bbox 1693 3092 1832 3148; x_wconf 90' lang='lat' dir='ltr'>dicti</span> <span class='ocrx_word' id='word_1_364' title='bbox 1856 3091 2058 3147; x_wconf 89' lang='lat' dir='ltr'>altaris</span> <span class='ocrx_word' id='word_1_365' title='bbox 2079 3090 2295 3147; x_wconf 89' lang='lat' dir='ltr'>tabulis</span> <span class='ocrx_word' id='word_1_366' title='bbox 2319 3107 2388 3146; x_wconf 80' lang='lat' dir='ltr'>ex</span> <span class='ocrx_word' id='word_1_367' title='bbox 2407 3094 2649 3163; x_wconf 89' lang='lat' dir='ltr'>argento</span> <span class='ocrx_word' id='word_1_368' title='bbox 2670 3091 2894 3163; x_wconf 89' lang='lat' dir='ltr'>paratis</span> <span class='ocrx_word' id='word_1_369' title='bbox 2913 3092 3253 3165; x_wconf 90' lang='lat' dir='ltr'>purissimo,</span> <span class='ocrx_word' id='word_1_370' title='bbox 3269 3095 3450 3151; x_wconf 90' lang='lat' dir='ltr'>simili</span> <span class='ocrx_word' id='word_1_371' title='bbox 3473 3098 3646 3154; x_wconf 89' lang='lat' dir='ltr'>modo</span> 
     </span>
    </p>
   </div>
   <div class='ocr_carea' id='block_1_30' title="bbox 382 3187 3649 3263">
    <p class='ocr_par' dir='ltr' id='par_1_30' title="bbox 382 3187 3649 3263">
     <span class='ocr_line' id='line_1_30' title="bbox 382 3187 3649 3263; baseline 0.002 -20"><span class='ocrx_word' id='word_1_372' title='bbox 382 3192 506 3245; x_wconf 86' lang='lat' dir='ltr'>tota</span> <span class='ocrx_word' id='word_1_373' title='bbox 533 3187 714 3244; x_wconf 86' lang='lat' dir='ltr'>animi</span> <span class='ocrx_word' id='word_1_374' title='bbox 745 3188 1046 3247; x_wconf 87' lang='lat' dir='ltr'>devotione</span> <span class='ocrx_word' id='word_1_375' title='bbox 1076 3190 1149 3246; x_wconf 88' lang='lat' dir='ltr'>ad</span> <span class='ocrx_word' id='word_1_376' title='bbox 1178 3190 1489 3263; x_wconf 88' lang='lat' dir='ltr'>antiquum</span> <span class='ocrx_word' id='word_1_377' title='bbox 1518 3190 1699 3246; x_wconf 90' lang='lat' dir='ltr'>decus</span> <span class='ocrx_word' id='word_1_378' title='bbox 1728 3194 1786 3246; x_wconf 90' lang='lat' dir='ltr'>et</span> <span class='ocrx_word' id='word_1_379' title='bbox 1814 3194 2031 3245; x_wconf 86' lang='lat' dir='ltr'>statum</span> <span class='ocrx_word' id='word_1_380' title='bbox 2062 3188 2353 3261; x_wconf 82' lang='lat' dir='ltr'>perduxit.</span> <span class='ocrx_word' id='word_1_381' title='bbox 2385 3188 2450 3243; x_wconf 93' lang='lat' dir='ltr'><strong>In</strong></span> <span class='ocrx_word' id='word_1_382' title='bbox 2481 3188 2697 3260; x_wconf 89' lang='lat' dir='ltr'>quibus</span> <span class='ocrx_word' id='word_1_383' title='bbox 2727 3187 3083 3245; x_wconf 87' lang='lat' dir='ltr'>Salvatorem</span> <span class='ocrx_word' id='word_1_384' title='bbox 3112 3190 3171 3245; x_wconf 89' lang='lat' dir='ltr'>in</span> <span class='ocrx_word' id='word_1_385' title='bbox 3205 3190 3415 3248; x_wconf 89' lang='lat' dir='ltr'>throno</span> <span class='ocrx_word' id='word_1_386' title='bbox 3437 3194 3649 3250; x_wconf 85' lang='lat' dir='ltr'>seden-</span> 
     </span>
    </p>
   </div>
   <div class='ocr_carea' id='block_1_31' title="bbox 383 3284 3649 3364">
    <p class='ocr_par' dir='ltr' id='par_1_31' title="bbox 383 3284 3649 3364">
     <span class='ocr_line' id='line_1_31' title="bbox 383 3284 3649 3364; baseline 0.002 -23"><span class='ocrx_word' id='word_1_387' title='bbox 383 3289 501 3341; x_wconf 86' lang='lat' dir='ltr'>tem</span> <span class='ocrx_word' id='word_1_388' title='bbox 552 3286 952 3359; x_wconf 87' lang='lat' dir='ltr'>conspicimus</span> <span class='ocrx_word' id='word_1_389' title='bbox 995 3288 1281 3360; x_wconf 89' lang='lat' dir='ltr'>pretiosas</span> <span class='ocrx_word' id='word_1_390' title='bbox 1302 3288 1363 3343; x_wconf 92' lang='lat' dir='ltr'>in</span> <span class='ocrx_word' id='word_1_391' title='bbox 1384 3288 1569 3360; x_wconf 88' lang='lat' dir='ltr'>capite</span> <span class='ocrx_word' id='word_1_392' title='bbox 1590 3305 1855 3361; x_wconf 82' lang='lat' dir='ltr'>gemmas</span> <span class='ocrx_word' id='word_1_393' title='bbox 1878 3288 2211 3354; x_wconf 88' lang='lat' dir='ltr'>habentem,</span> <span class='ocrx_word' id='word_1_394' title='bbox 2245 3291 2302 3341; x_wconf 91' lang='lat' dir='ltr'>et</span> <span class='ocrx_word' id='word_1_395' title='bbox 2330 3303 2365 3341; x_wconf 92' lang='lat' dir='ltr'>a</span> <span class='ocrx_word' id='word_1_396' title='bbox 2393 3285 2610 3341; x_wconf 79' lang='lat' dir='ltr'>dextris</span> <span class='ocrx_word' id='word_1_397' title='bbox 2651 3284 2814 3343; x_wconf 90' lang='lat' dir='ltr'>illius</span> <span class='ocrx_word' id='word_1_398' title='bbox 2852 3285 3158 3357; x_wconf 86' lang='lat' dir='ltr'>cherubin,</span> <span class='ocrx_word' id='word_1_399' title='bbox 3190 3306 3226 3344; x_wconf 90' lang='lat' dir='ltr'>a</span> <span class='ocrx_word' id='word_1_400' title='bbox 3254 3288 3396 3346; x_wconf 67' lang='lat' dir='ltr'>laeva</span> <span class='ocrx_word' id='word_1_401' title='bbox 3416 3307 3649 3364; x_wconf 88' lang='lat' dir='ltr'>quoque</span> 
     </span>
    </p>
   </div>
   <div class='ocr_carea' id='block_1_32' title="bbox 385 3383 3652 3462">
    <p class='ocr_par' dir='ltr' id='par_1_32' title="bbox 385 3383 3652 3462">
     <span class='ocr_line' id='line_1_32' title="bbox 385 3383 3652 3462; baseline 0.002 -22"><span class='ocrx_word' id='word_1_402' title='bbox 385 3384 516 3456; x_wconf 82' lang='lat' dir='ltr'>ejus</span> <span class='ocrx_word' id='word_1_403' title='bbox 562 3383 761 3441; x_wconf 87' lang='lat' dir='ltr'>vultus</span> <span class='ocrx_word' id='word_1_404' title='bbox 812 3385 1210 3457; x_wconf 84' lang='lat' dir='ltr'>apostolorum</span> <span class='ocrx_word' id='word_1_405' title='bbox 1251 3391 1719 3459; x_wconf 69' lang='lat' dir='ltr'>caaterorumque</span> <span class='ocrx_word' id='word_1_406' title='bbox 1750 3385 2031 3457; x_wconf 88' lang='lat' dir='ltr'>depictos.</span> <span class='ocrx_word' id='word_1_407' title='bbox 2065 3385 2188 3441; x_wconf 90' lang='lat' dir='ltr'>Imo</span> <span class='ocrx_word' id='word_1_408' title='bbox 2219 3389 2277 3439; x_wconf 91' lang='lat' dir='ltr'>et</span> <span class='ocrx_word' id='word_1_409' title='bbox 2307 3400 2486 3456; x_wconf 89' lang='lat' dir='ltr'>rugas</span> <span class='ocrx_word' id='word_1_410' title='bbox 2518 3383 2654 3439; x_wconf 87' lang='lat' dir='ltr'>fecit</span> <span class='ocrx_word' id='word_1_411' title='bbox 2684 3400 2864 3439; x_wconf 78' lang='lat' dir='ltr'>sacrze</span> <span class='ocrx_word' id='word_1_412' title='bbox 2895 3385 3280 3441; x_wconf 89' lang='lat' dir='ltr'>confessionis</span> <span class='ocrx_word' id='word_1_413' title='bbox 3310 3405 3379 3444; x_wconf 84' lang='lat' dir='ltr'>ex</span> <span class='ocrx_word' id='word_1_414' title='bbox 3409 3394 3652 3462; x_wconf 88' lang='lat' dir='ltr'>argento</span> 
     </span>
    </p>
   </div>
   <div class='ocr_carea' id='block_1_33' title="bbox 387 3480 3649 3556">
    <p class='ocr_par' dir='ltr' id='par_1_33' title="bbox 387 3480 3649 3556">
     <span class='ocr_line' id='line_1_33' title="bbox 387 3480 3649 3556; baseline 0.002 -18"><span class='ocrx_word' id='word_1_415' title='bbox 387 3483 990 3551; x_wconf 81' lang='lat' dir='ltr'>constructas,vultus</span> <span class='ocrx_word' id='word_1_416' title='bbox 1022 3484 1305 3541; x_wconf 87' lang='lat' dir='ltr'>habentes</span> <span class='ocrx_word' id='word_1_417' title='bbox 1335 3485 1663 3541; x_wconf 87' lang='lat' dir='ltr'>beatissimi</span> <span class='ocrx_word' id='word_1_418' title='bbox 1699 3484 1849 3540; x_wconf 87' lang='lat' dir='ltr'>Petri</span> <span class='ocrx_word' id='word_1_419' title='bbox 1882 3487 1939 3539; x_wconf 89' lang='lat' dir='ltr'>et</span> <span class='ocrx_word' id='word_1_420' title='bbox 1968 3480 2152 3549; x_wconf 82' lang='lat' dir='ltr'>Pauli,</span> <span class='ocrx_word' id='word_1_421' title='bbox 2169 3498 2413 3553; x_wconf 90' lang='lat' dir='ltr'>pensan.</span> <span class='ocrx_word' id='word_1_422' title='bbox 2428 3481 2609 3537; x_wconf 90' lang='lat' dir='ltr'>libras</span> <span class='ocrx_word' id='word_1_423' title='bbox 2629 3481 2910 3537; x_wconf 89' lang='lat' dir='ltr'>ducentas</span> <span class='ocrx_word' id='word_1_424' title='bbox 2931 3486 2990 3538; x_wconf 88' lang='lat' dir='ltr'>et</span> <span class='ocrx_word' id='word_1_425' title='bbox 3009 3487 3155 3539; x_wconf 88' lang='lat' dir='ltr'>octo.</span> <span class='ocrx_word' id='word_1_426' title='bbox 3173 3483 3302 3556; x_wconf 90' lang='lat' dir='ltr'>Ipse</span> <span class='ocrx_word' id='word_1_427' title='bbox 3323 3502 3455 3541; x_wconf 90' lang='lat' dir='ltr'>vero</span> <span class='ocrx_word' id='word_1_428' title='bbox 3476 3504 3511 3542; x_wconf 90' lang='lat' dir='ltr'>a</span> <span class='ocrx_word' id='word_1_429' title='bbox 3533 3488 3649 3544; x_wconf 90' lang='lat' dir='ltr'>Deo</span> 
     </span>
    </p>
   </div>
   <div class='ocr_carea' id='block_1_34' title="bbox 276 3578 3654 3655">
    <p class='ocr_par' dir='ltr' id='par_1_34' title="bbox 276 3578 3654 3655">
     <span class='ocr_line' id='line_1_34' title="bbox 276 3578 3654 3655; baseline 0.001 -17"><span class='ocrx_word' id='word_1_430' title='bbox 276 3581 350 3638; x_wconf 78' lang='grc'>40</span> <span class='ocrx_word' id='word_1_431' title='bbox 388 3580 664 3638; x_wconf 82' lang='lat' dir='ltr'>amabilis</span> <span class='ocrx_word' id='word_1_432' title='bbox 696 3585 757 3637; x_wconf 89' lang='lat' dir='ltr'>et</span> <span class='ocrx_word' id='word_1_433' title='bbox 783 3583 1284 3655; x_wconf 85' lang='lat' dir='ltr'>prudentissimus</span> <span class='ocrx_word' id='word_1_434' title='bbox 1314 3583 1572 3655; x_wconf 83' lang='lat' dir='ltr'>pontifex</span> <span class='ocrx_word' id='word_1_435' title='bbox 1603 3582 1740 3638; x_wconf 89' lang='lat' dir='ltr'>fecit</span> <span class='ocrx_word' id='word_1_436' title='bbox 1761 3581 1821 3636; x_wconf 89' lang='lat' dir='ltr'>in</span> <span class='ocrx_word' id='word_1_437' title='bbox 1852 3580 2097 3638; x_wconf 86' lang='lat' dir='ltr'>basilica</span> <span class='ocrx_word' id='word_1_438' title='bbox 2125 3579 2278 3635; x_wconf 89' lang='lat' dir='ltr'>beati</span> <span class='ocrx_word' id='word_1_439' title='bbox 2310 3579 2462 3635; x_wconf 90' lang='lat' dir='ltr'>Petri</span> <span class='ocrx_word' id='word_1_440' title='bbox 2493 3578 2742 3651; x_wconf 88' lang='lat' dir='ltr'>apostoli</span> <span class='ocrx_word' id='word_1_441' title='bbox 2763 3578 2889 3635; x_wconf 88' lang='lat' dir='ltr'>vela</span> <span class='ocrx_word' id='word_1_442' title='bbox 2908 3597 2978 3635; x_wconf 82' lang='lat' dir='ltr'>ex</span> <span class='ocrx_word' id='word_1_443' title='bbox 2997 3597 3140 3637; x_wconf 89' lang='lat' dir='ltr'>auro</span> <span class='ocrx_word' id='word_1_444' title='bbox 3166 3586 3320 3637; x_wconf 87' lang='lat' dir='ltr'>texta</span> <span class='ocrx_word' id='word_1_445' title='bbox 3338 3584 3654 3655; x_wconf 88' lang='lat' dir='ltr'>pendentia</span> 
     </span>
    </p>
   </div>
   <div class='ocr_carea' id='block_1_35' title="bbox 386 3676 3655 3755">
    <p class='ocr_par' dir='ltr' id='par_1_35' title="bbox 386 3676 3655 3755">
     <span class='ocr_line' id='line_1_35' title="bbox 386 3676 3655 3755; baseline 0.002 -21"><span class='ocrx_word' id='word_1_446' title='bbox 386 3680 449 3735; x_wconf 89' lang='lat' dir='ltr'>in</span> <span class='ocrx_word' id='word_1_447' title='bbox 481 3680 737 3737; x_wconf 88' lang='lat' dir='ltr'>arcubus</span> <span class='ocrx_word' id='word_1_448' title='bbox 766 3685 999 3754; x_wconf 85' lang='lat' dir='ltr'>compte</span> <span class='ocrx_word' id='word_1_449' title='bbox 1029 3681 1088 3736; x_wconf 92' lang='lat' dir='ltr'>in</span> <span class='ocrx_word' id='word_1_450' title='bbox 1121 3681 1368 3737; x_wconf 88' lang='lat' dir='ltr'>circuitu</span> <span class='ocrx_word' id='word_1_451' title='bbox 1401 3681 1472 3737; x_wconf 90' lang='lat' dir='ltr'>de</span> <span class='ocrx_word' id='word_1_452' title='bbox 1504 3680 1757 3737; x_wconf 87' lang='lat' dir='ltr'>blatthin</span> <span class='ocrx_word' id='word_1_453' title='bbox 1789 3696 2033 3735; x_wconf 88' lang='lat' dir='ltr'>numero</span> <span class='ocrx_word' id='word_1_454' title='bbox 2067 3676 2611 3734; x_wconf 88' lang='lat' dir='ltr'>undecim.Necnon</span> <span class='ocrx_word' id='word_1_455' title='bbox 2633 3680 2691 3732; x_wconf 89' lang='lat' dir='ltr'>et</span> <span class='ocrx_word' id='word_1_456' title='bbox 2711 3676 2770 3732; x_wconf 91' lang='lat' dir='ltr'>in</span> <span class='ocrx_word' id='word_1_457' title='bbox 2794 3678 3047 3734; x_wconf 89' lang='lat' dir='ltr'>oratorio</span> <span class='ocrx_word' id='word_1_458' title='bbox 3069 3679 3256 3735; x_wconf 88' lang='lat' dir='ltr'>sancti</span> <span class='ocrx_word' id='word_1_459' title='bbox 3285 3680 3493 3738; x_wconf 84' lang='lat' dir='ltr'>Leonis</span> <span class='ocrx_word' id='word_1_460' title='bbox 3514 3700 3655 3755; x_wconf 89' lang='lat' dir='ltr'>pon-</span> 
     </span>
    </p>
   </div>
   <div class='ocr_carea' id='block_1_36' title="bbox 386 3772 3653 3851">
    <p class='ocr_par' dir='ltr' id='par_1_36' title="bbox 386 3772 3653 3851">
     <span class='ocr_line' id='line_1_36' title="bbox 386 3772 3653 3851; baseline 0.002 -20"><span class='ocrx_word' id='word_1_461' title='bbox 386 3776 563 3833; x_wconf 84' lang='lat' dir='ltr'>tiﬁcis</span> <span class='ocrx_word' id='word_1_462' title='bbox 594 3777 750 3834; x_wconf 86' lang='lat' dir='ltr'>intra</span> <span class='ocrx_word' id='word_1_463' title='bbox 775 3778 1084 3835; x_wconf 88' lang='lat' dir='ltr'>ecclesiam</span> <span class='ocrx_word' id='word_1_464' title='bbox 1115 3778 1268 3836; x_wconf 86' lang='lat' dir='ltr'>beati</span> <span class='ocrx_word' id='word_1_465' title='bbox 1299 3778 1457 3834; x_wconf 91' lang='lat' dir='ltr'>Petri</span> <span class='ocrx_word' id='word_1_466' title='bbox 1487 3777 1737 3851; x_wconf 88' lang='lat' dir='ltr'>apostoli</span> <span class='ocrx_word' id='word_1_467' title='bbox 1765 3776 1901 3832; x_wconf 88' lang='lat' dir='ltr'>fecit</span> <span class='ocrx_word' id='word_1_468' title='bbox 1929 3780 2150 3832; x_wconf 88' lang='lat' dir='ltr'>vestem</span> <span class='ocrx_word' id='word_1_469' title='bbox 2182 3774 2431 3830; x_wconf 89' lang='lat' dir='ltr'>sericam</span> <span class='ocrx_word' id='word_1_470' title='bbox 2464 3772 2655 3829; x_wconf 89' lang='lat' dir='ltr'>albam</span> <span class='ocrx_word' id='word_1_471' title='bbox 2689 3773 3006 3846; x_wconf 88' lang='lat' dir='ltr'>sigillatam</span> <span class='ocrx_word' id='word_1_472' title='bbox 3046 3793 3181 3831; x_wconf 91' lang='lat' dir='ltr'>cum</span> <span class='ocrx_word' id='word_1_473' title='bbox 3211 3779 3565 3849; x_wconf 89' lang='lat' dir='ltr'>gammadiis</span> <span class='ocrx_word' id='word_1_474' title='bbox 3595 3785 3653 3837; x_wconf 91' lang='lat' dir='ltr'>et</span> 
     </span>
    </p>
   </div>
   <div class='ocr_carea' id='block_1_37' title="bbox 389 3872 3655 3946">
    <p class='ocr_par' dir='ltr' id='par_1_37' title="bbox 389 3872 3655 3946">
     <span class='ocr_line' id='line_1_37' title="bbox 389 3872 3655 3946; baseline 0.002 -16"><span class='ocrx_word' id='word_1_475' title='bbox 389 3872 660 3946; x_wconf 81' lang='lat' dir='ltr'>periclysi</span> <span class='ocrx_word' id='word_1_476' title='bbox 692 3874 764 3929; x_wconf 91' lang='lat' dir='ltr'>de</span> <span class='ocrx_word' id='word_1_477' title='bbox 794 3873 1046 3931; x_wconf 88' lang='lat' dir='ltr'>blatthin</span> <span class='ocrx_word' id='word_1_478' title='bbox 1080 3892 1281 3941; x_wconf 89' lang='lat' dir='ltr'>unam,</span> <span class='ocrx_word' id='word_1_479' title='bbox 1315 3879 1374 3931; x_wconf 92' lang='lat' dir='ltr'>et</span> <span class='ocrx_word' id='word_1_480' title='bbox 1406 3874 1530 3930; x_wconf 90' lang='lat' dir='ltr'>vela</span> <span class='ocrx_word' id='word_1_481' title='bbox 1558 3873 1833 3931; x_wconf 87' lang='lat' dir='ltr'>similiter</span> <span class='ocrx_word' id='word_1_482' title='bbox 1862 3872 1996 3929; x_wconf 89' lang='lat' dir='ltr'>alba</span> <span class='ocrx_word' id='word_1_483' title='bbox 2026 3873 2251 3943; x_wconf 88' lang='lat' dir='ltr'>majora</span> <span class='ocrx_word' id='word_1_484' title='bbox 2280 3872 2416 3940; x_wconf 90' lang='lat' dir='ltr'>duo,</span> <span class='ocrx_word' id='word_1_485' title='bbox 2450 3872 2679 3928; x_wconf 90' lang='lat' dir='ltr'>minora</span> <span class='ocrx_word' id='word_1_486' title='bbox 2707 3875 2856 3927; x_wconf 91' lang='lat' dir='ltr'>octo.</span> <span class='ocrx_word' id='word_1_487' title='bbox 2892 3874 2963 3929; x_wconf 89' lang='lat' dir='ltr'>Et</span> <span class='ocrx_word' id='word_1_488' title='bbox 2992 3873 3051 3929; x_wconf 90' lang='lat' dir='ltr'>in</span> <span class='ocrx_word' id='word_1_489' title='bbox 3086 3876 3439 3933; x_wconf 88' lang='lat' dir='ltr'>monasterio</span> <span class='ocrx_word' id='word_1_490' title='bbox 3468 3879 3655 3935; x_wconf 89' lang='lat' dir='ltr'>sancti</span> 
     </span>
    </p>
   </div>
   <div class='ocr_carea' id='block_1_38' title="bbox 389 3954 3397 4045">
    <p class='ocr_par' dir='ltr' id='par_1_38' title="bbox 389 3954 3397 4045">
     <span class='ocr_line' id='line_1_38' title="bbox 389 3954 3397 4045; baseline -0 -18"><span class='ocrx_word' id='word_1_491' title='bbox 389 3971 647 4039; x_wconf 71' lang='lat' dir='ltr'>Cazsarii,</span> <span class='ocrx_word' id='word_1_492' title='bbox 677 3973 833 4044; x_wconf 89' lang='lat' dir='ltr'>quod</span> <span class='ocrx_word' id='word_1_493' title='bbox 863 3973 1104 4044; x_wconf 90' lang='lat' dir='ltr'>ponitur</span> <span class='ocrx_word' id='word_1_494' title='bbox 1132 3974 1192 4028; x_wconf 92' lang='lat' dir='ltr'>in</span> <span class='ocrx_word' id='word_1_495' title='bbox 1224 3972 1462 4045; x_wconf 87' lang='lat' dir='ltr'>palatio,</span> <span class='ocrx_word' id='word_1_496' title='bbox 1497 3973 1631 4028; x_wconf 86' lang='lat' dir='ltr'>fecit</span> <span class='ocrx_word' id='word_1_497' title='bbox 1660 3976 1879 4029; x_wconf 90' lang='lat' dir='ltr'>vestem</span> <span class='ocrx_word' id='word_1_498' title='bbox 1906 3972 1978 4027; x_wconf 90' lang='lat' dir='ltr'>de</span> <span class='ocrx_word' id='word_1_499' title='bbox 2010 3971 2253 4027; x_wconf 84' lang='lat' dir='ltr'>fundato</span> <span class='ocrx_word' id='word_1_500' title='bbox 2285 3987 2487 4038; x_wconf 89' lang='lat' dir='ltr'>unam,</span> <span class='ocrx_word' id='word_1_501' title='bbox 2519 3973 2577 4026; x_wconf 87' lang='lat' dir='ltr'>et</span> <span class='ocrx_word' id='word_1_502' title='bbox 2604 3968 2732 4025; x_wconf 88' lang='lat' dir='ltr'>vela</span> <span class='ocrx_word' id='word_1_503' title='bbox 2764 3973 2918 4028; x_wconf 87' lang='lat' dir='ltr'>octo.</span> <span class='ocrx_word' id='word_1_504' title='bbox 3390 3954 3397 3961; x_wconf 47' lang='grc'><em>’</em></span> 
     </span>
    </p>
   </div>
   <div class='ocr_carea' id='block_1_39' title="bbox 460 4094 3655 4169">
    <p class='ocr_par' dir='ltr' id='par_1_39' title="bbox 460 4094 3655 4169">
     <span class='ocr_line' id='line_1_39' title="bbox 460 4094 3655 4169; baseline 0.001 -18"><span class='ocrx_word' id='word_1_505' title='bbox 460 4095 616 4151; x_wconf 63' lang='grc'><strong>614</strong></span> <span class='ocrx_word' id='word_1_506' title='bbox 655 4095 784 4169; x_wconf 89' lang='lat' dir='ltr'>Ipse</span> <span class='ocrx_word' id='word_1_507' title='bbox 810 4112 944 4151; x_wconf 89' lang='lat' dir='ltr'>vero</span> <span class='ocrx_word' id='word_1_508' title='bbox 974 4112 1008 4151; x_wconf 88' lang='lat' dir='ltr'>a</span> <span class='ocrx_word' id='word_1_509' title='bbox 1036 4095 1152 4151; x_wconf 92' lang='lat' dir='ltr'>Deo</span> <span class='ocrx_word' id='word_1_510' title='bbox 1185 4101 1479 4168; x_wconf 89' lang='lat' dir='ltr'>protectus</span> <span class='ocrx_word' id='word_1_511' title='bbox 1509 4100 1567 4152; x_wconf 89' lang='lat' dir='ltr'>et</span> <span class='ocrx_word' id='word_1_512' title='bbox 1593 4095 1944 4152; x_wconf 88' lang='lat' dir='ltr'>venerabilis</span> <span class='ocrx_word' id='word_1_513' title='bbox 1974 4095 2231 4167; x_wconf 82' lang='lat' dir='ltr'>pontifex</span> <span class='ocrx_word' id='word_1_514' title='bbox 2258 4100 2494 4167; x_wconf 89' lang='lat' dir='ltr'>propter</span> <span class='ocrx_word' id='word_1_515' title='bbox 2520 4094 2964 4149; x_wconf 75' lang='lat' dir='ltr'>retributionem</span> <span class='ocrx_word' id='word_1_516' title='bbox 2998 4100 3056 4150; x_wconf 89' lang='lat' dir='ltr'>et</span> <span class='ocrx_word' id='word_1_517' title='bbox 3088 4098 3415 4153; x_wconf 88' lang='lat' dir='ltr'>mercedem</span> <span class='ocrx_word' id='word_1_518' title='bbox 3446 4099 3655 4155; x_wconf 68' lang='lat' dir='ltr'>animae</span> 
     </span>
    </p>
   </div>
   <div class='ocr_carea' id='block_1_40' title="bbox 387 4191 3654 4268">
    <p class='ocr_par' dir='ltr' id='par_1_40' title="bbox 387 4191 3654 4268">
     <span class='ocr_line' id='line_1_40' title="bbox 387 4191 3654 4268; baseline 0.001 -19"><span class='ocrx_word' id='word_1_519' title='bbox 387 4210 507 4249; x_wconf 65' lang='lat' dir='ltr'>sua:</span> <span class='ocrx_word' id='word_1_520' title='bbox 538 4193 675 4249; x_wconf 90' lang='lat' dir='ltr'>fecit</span> <span class='ocrx_word' id='word_1_521' title='bbox 701 4192 762 4249; x_wconf 86' lang='lat' dir='ltr'>in</span> <span class='ocrx_word' id='word_1_522' title='bbox 793 4193 1123 4249; x_wconf 73' lang='lat' dir='ltr'>cmmeterio</span> <span class='ocrx_word' id='word_1_523' title='bbox 1155 4193 1334 4250; x_wconf 67' lang='lat' dir='ltr'>beatas</span> <span class='ocrx_word' id='word_1_524' title='bbox 1364 4194 1602 4267; x_wconf 71' lang='lat' dir='ltr'>Agathe:</span> <span class='ocrx_word' id='word_1_525' title='bbox 1642 4194 1938 4267; x_wconf 84' lang='lat' dir='ltr'>martyris,</span> <span class='ocrx_word' id='word_1_526' title='bbox 1973 4193 2128 4265; x_wconf 92' lang='lat' dir='ltr'>quod</span> <span class='ocrx_word' id='word_1_527' title='bbox 2160 4193 2400 4265; x_wconf 88' lang='lat' dir='ltr'>ponitur</span> <span class='ocrx_word' id='word_1_528' title='bbox 2427 4191 2568 4247; x_wconf 89' lang='lat' dir='ltr'>foris</span> <span class='ocrx_word' id='word_1_529' title='bbox 2598 4197 2827 4264; x_wconf 90' lang='lat' dir='ltr'>portam</span> <span class='ocrx_word' id='word_1_530' title='bbox 2857 4192 3009 4247; x_wconf 89' lang='lat' dir='ltr'>beati</span> <span class='ocrx_word' id='word_1_531' title='bbox 3041 4194 3328 4249; x_wconf 84' lang='lat' dir='ltr'>Pancratii</span> <span class='ocrx_word' id='word_1_532' title='bbox 3359 4197 3654 4268; x_wconf 85' lang='lat' dir='ltr'>martyris,</span> 
     </span>
    </p>
   </div>
   <div class='ocr_carea' id='block_1_41' title="bbox 388 4288 3659 4365">
    <p class='ocr_par' dir='ltr' id='par_1_41' title="bbox 388 4288 3659 4365">
     <span class='ocr_line' id='line_1_41' title="bbox 388 4288 3659 4365; baseline 0.002 -19"><span class='ocrx_word' id='word_1_533' title='bbox 388 4296 610 4347; x_wconf 87' lang='lat' dir='ltr'>vestem</span> <span class='ocrx_word' id='word_1_534' title='bbox 661 4291 735 4347; x_wconf 92' lang='lat' dir='ltr'>de</span> <span class='ocrx_word' id='word_1_535' title='bbox 777 4291 1020 4347; x_wconf 85' lang='lat' dir='ltr'>fundato</span> <span class='ocrx_word' id='word_1_536' title='bbox 1068 4306 1271 4359; x_wconf 89' lang='lat' dir='ltr'>unam,</span> <span class='ocrx_word' id='word_1_537' title='bbox 1302 4295 1359 4347; x_wconf 89' lang='lat' dir='ltr'>et</span> <span class='ocrx_word' id='word_1_538' title='bbox 1387 4292 1513 4348; x_wconf 90' lang='lat' dir='ltr'>vela</span> <span class='ocrx_word' id='word_1_539' title='bbox 1543 4295 1692 4349; x_wconf 88' lang='lat' dir='ltr'>octo.</span> <span class='ocrx_word' id='word_1_540' title='bbox 1726 4290 2007 4357; x_wconf 86' lang='lat' dir='ltr'>Quisnam</span> <span class='ocrx_word' id='word_1_541' title='bbox 2039 4291 2231 4347; x_wconf 90' lang='lat' dir='ltr'>dicere</span> <span class='ocrx_word' id='word_1_542' title='bbox 2262 4290 2472 4356; x_wconf 76' lang='lat' dir='ltr'>valeat,</span> <span class='ocrx_word' id='word_1_543' title='bbox 2500 4288 2589 4345; x_wconf 90' lang='lat' dir='ltr'>vel</span> <span class='ocrx_word' id='word_1_544' title='bbox 2622 4306 2859 4345; x_wconf 88' lang='lat' dir='ltr'>narrare</span> <span class='ocrx_word' id='word_1_545' title='bbox 2897 4290 3166 4346; x_wconf 82' lang='lat' dir='ltr'>sufficere</span> <span class='ocrx_word' id='word_1_546' title='bbox 3196 4291 3401 4363; x_wconf 89' lang='lat' dir='ltr'>possit,</span> <span class='ocrx_word' id='word_1_547' title='bbox 3435 4298 3659 4365; x_wconf 88' lang='lat' dir='ltr'>quanta</span> 
     </span>
    </p>
   </div>
   <div class='ocr_carea' id='block_1_42' title="bbox 389 4387 3653 4463">
    <p class='ocr_par' dir='ltr' id='par_1_42' title="bbox 389 4387 3653 4463">
     <span class='ocr_line' id='line_1_42' title="bbox 389 4387 3653 4463; baseline 0.001 -20"><span class='ocrx_word' id='word_1_548' title='bbox 389 4389 517 4461; x_wconf 91' lang='lat' dir='ltr'>ipse</span> <span class='ocrx_word' id='word_1_549' title='bbox 547 4404 582 4443; x_wconf 91' lang='lat' dir='ltr'>a</span> <span class='ocrx_word' id='word_1_550' title='bbox 607 4388 724 4443; x_wconf 90' lang='lat' dir='ltr'>Deo</span> <span class='ocrx_word' id='word_1_551' title='bbox 754 4392 1047 4460; x_wconf 87' lang='lat' dir='ltr'>protectus</span> <span class='ocrx_word' id='word_1_552' title='bbox 1076 4391 1133 4444; x_wconf 92' lang='lat' dir='ltr'>et</span> <span class='ocrx_word' id='word_1_553' title='bbox 1163 4387 1585 4446; x_wconf 90' lang='lat' dir='ltr'>solertissimus</span> <span class='ocrx_word' id='word_1_554' title='bbox 1612 4407 1764 4463; x_wconf 91' lang='lat' dir='ltr'>papa</span> <span class='ocrx_word' id='word_1_555' title='bbox 1793 4389 2014 4445; x_wconf 86' lang='lat' dir='ltr'>sanctis</span> <span class='ocrx_word' id='word_1_556' title='bbox 2044 4388 2189 4444; x_wconf 90' lang='lat' dir='ltr'>locis</span> <span class='ocrx_word' id='word_1_557' title='bbox 2219 4389 2425 4444; x_wconf 88' lang='lat' dir='ltr'>devota</span> <span class='ocrx_word' id='word_1_558' title='bbox 2454 4387 2669 4443; x_wconf 89' lang='lat' dir='ltr'>obtulit</span> <span class='ocrx_word' id='word_1_559' title='bbox 2696 4391 2893 4443; x_wconf 88' lang='lat' dir='ltr'>mente</span> <span class='ocrx_word' id='word_1_560' title='bbox 2923 4388 3114 4444; x_wconf 84' lang='lat' dir='ltr'>dona?</span> <span class='ocrx_word' id='word_1_561' title='bbox 3133 4387 3279 4443; x_wconf 87' lang='lat' dir='ltr'>Nam</span> <span class='ocrx_word' id='word_1_562' title='bbox 3301 4388 3361 4443; x_wconf 87' lang='lat' dir='ltr'>in</span> <span class='ocrx_word' id='word_1_563' title='bbox 3382 4390 3653 4461; x_wconf 88' lang='lat' dir='ltr'>oratorio,</span> 
     </span>
    </p>
   </div>
   <div class='ocr_carea' id='block_1_43' title="bbox 319 4482 3658 4559">
    <p class='ocr_par' dir='ltr' id='par_1_43' title="bbox 319 4482 3658 4559">
     <span class='ocr_line' id='line_1_43' title="bbox 319 4482 3658 4559; baseline 0.001 -18"><span class='ocrx_word' id='word_1_564' title='bbox 319 4487 358 4541; x_wconf 85' lang='lat'>5</span> <span class='ocrx_word' id='word_1_565' title='bbox 392 4483 551 4556; x_wconf 88' lang='lat' dir='ltr'>quod</span> <span class='ocrx_word' id='word_1_566' title='bbox 594 4483 757 4540; x_wconf 91' lang='lat' dir='ltr'>Pauli</span> <span class='ocrx_word' id='word_1_567' title='bbox 803 4484 1020 4542; x_wconf 89' lang='lat' dir='ltr'>dicitur</span> <span class='ocrx_word' id='word_1_568' title='bbox 1065 4501 1248 4557; x_wconf 75' lang='lat' dir='ltr'>papae,</span> <span class='ocrx_word' id='word_1_569' title='bbox 1282 4485 1443 4541; x_wconf 74' lang='lat' dir='ltr'>mirae</span> <span class='ocrx_word' id='word_1_570' title='bbox 1473 4485 1935 4559; x_wconf 87' lang='lat' dir='ltr'>pulchritudinis</span> <span class='ocrx_word' id='word_1_571' title='bbox 1964 4483 2180 4540; x_wconf 91' lang='lat' dir='ltr'>obtulit</span> <span class='ocrx_word' id='word_1_572' title='bbox 2206 4489 2427 4541; x_wconf 89' lang='lat' dir='ltr'>vestem</span> <span class='ocrx_word' id='word_1_573' title='bbox 2459 4483 2811 4556; x_wconf 88' lang='lat' dir='ltr'>aquilarum,</span> <span class='ocrx_word' id='word_1_574' title='bbox 2846 4483 3157 4539; x_wconf 89' lang='lat' dir='ltr'>habentem</span> <span class='ocrx_word' id='word_1_575' title='bbox 3186 4482 3493 4542; x_wconf 86' lang='lat' dir='ltr'>historiam</span> <span class='ocrx_word' id='word_1_576' title='bbox 3522 4503 3658 4543; x_wconf 91' lang='lat' dir='ltr'>cum</span> 
     </span>
    </p>
   </div>
   <div class='ocr_carea' id='block_1_44' title="bbox 391 4580 3660 4657">
    <p class='ocr_par' dir='ltr' id='par_1_44' title="bbox 391 4580 3660 4657">
     <span class='ocr_line' id='line_1_44' title="bbox 391 4580 3660 4657; baseline 0.001 -19"><span class='ocrx_word' id='word_1_577' title='bbox 391 4594 564 4639; x_wconf 88' lang='lat' dir='ltr'>cruce</span> <span class='ocrx_word' id='word_1_578' title='bbox 595 4582 668 4638; x_wconf 90' lang='lat' dir='ltr'>de</span> <span class='ocrx_word' id='word_1_579' title='bbox 697 4582 1069 4656; x_wconf 81' lang='lat' dir='ltr'>chrysoclavo</span> <span class='ocrx_word' id='word_1_580' title='bbox 1097 4587 1153 4639; x_wconf 89' lang='lat' dir='ltr'>et</span> <span class='ocrx_word' id='word_1_581' title='bbox 1180 4584 1533 4657; x_wconf 87' lang='lat' dir='ltr'>gammadiis</span> <span class='ocrx_word' id='word_1_582' title='bbox 1562 4600 1764 4639; x_wconf 89' lang='lat' dir='ltr'>unam.</span> <span class='ocrx_word' id='word_1_583' title='bbox 1792 4582 1949 4640; x_wconf 87' lang='lat' dir='ltr'>Fecit</span> <span class='ocrx_word' id='word_1_584' title='bbox 1978 4588 2174 4639; x_wconf 89' lang='lat' dir='ltr'>autem</span> <span class='ocrx_word' id='word_1_585' title='bbox 2205 4582 2266 4637; x_wconf 89' lang='lat' dir='ltr'>in</span> <span class='ocrx_word' id='word_1_586' title='bbox 2298 4580 2548 4639; x_wconf 88' lang='lat' dir='ltr'>oratorio</span> <span class='ocrx_word' id='word_1_587' title='bbox 2580 4585 2916 4637; x_wconf 88' lang='lat' dir='ltr'>sanctorum</span> <span class='ocrx_word' id='word_1_588' title='bbox 2950 4580 3210 4637; x_wconf 87' lang='lat' dir='ltr'>Processi</span> <span class='ocrx_word' id='word_1_589' title='bbox 3238 4586 3297 4638; x_wconf 90' lang='lat' dir='ltr'>et</span> <span class='ocrx_word' id='word_1_590' title='bbox 3325 4583 3660 4641; x_wconf 89' lang='lat' dir='ltr'>Martiniani</span> 
     </span>
    </p>
   </div>
   <div class='ocr_carea' id='block_1_45' title="bbox 391 4678 3662 4754">
    <p class='ocr_par' dir='ltr' id='par_1_45' title="bbox 391 4678 3662 4754">
     <span class='ocr_line' id='line_1_45' title="bbox 391 4678 3662 4754; baseline 0 -17"><span class='ocrx_word' id='word_1_591' title='bbox 391 4678 725 4753; x_wconf 84' lang='lat' dir='ltr'>splendoris</span> <span class='ocrx_word' id='word_1_592' title='bbox 753 4697 870 4738; x_wconf 88' lang='lat' dir='ltr'>non</span> <span class='ocrx_word' id='word_1_593' title='bbox 900 4680 1115 4738; x_wconf 90' lang='lat' dir='ltr'>modici</span> <span class='ocrx_word' id='word_1_594' title='bbox 1147 4686 1364 4739; x_wconf 87' lang='lat' dir='ltr'>vestem</span> <span class='ocrx_word' id='word_1_595' title='bbox 1396 4699 1530 4738; x_wconf 90' lang='lat' dir='ltr'>cum</span> <span class='ocrx_word' id='word_1_596' title='bbox 1562 4682 1706 4739; x_wconf 91' lang='lat' dir='ltr'>rotis</span> <span class='ocrx_word' id='word_1_597' title='bbox 1737 4686 1795 4738; x_wconf 90' lang='lat' dir='ltr'>et</span> <span class='ocrx_word' id='word_1_598' title='bbox 1819 4680 2180 4748; x_wconf 89' lang='lat' dir='ltr'>hominibus,</span> <span class='ocrx_word' id='word_1_599' title='bbox 2214 4684 2272 4736; x_wconf 89' lang='lat' dir='ltr'>et</span> <span class='ocrx_word' id='word_1_600' title='bbox 2300 4679 2605 4735; x_wconf 88' lang='lat' dir='ltr'>historiam</span> <span class='ocrx_word' id='word_1_601' title='bbox 2637 4695 2772 4735; x_wconf 90' lang='lat' dir='ltr'>eum</span> <span class='ocrx_word' id='word_1_602' title='bbox 2803 4695 2995 4745; x_wconf 88' lang='lat' dir='ltr'>cruce,</span> <span class='ocrx_word' id='word_1_603' title='bbox 3029 4678 3302 4735; x_wconf 89' lang='lat' dir='ltr'>similiter</span> <span class='ocrx_word' id='word_1_604' title='bbox 3319 4679 3391 4735; x_wconf 91' lang='lat' dir='ltr'>de</span> <span class='ocrx_word' id='word_1_605' title='bbox 3419 4680 3662 4754; x_wconf 81' lang='lat' dir='ltr'>chryso-</span> 
     </span>
    </p>
   </div>
   <div class='ocr_carea' id='block_1_46' title="bbox 391 4775 3660 4852">
    <p class='ocr_par' dir='ltr' id='par_1_46' title="bbox 391 4775 3660 4852">
     <span class='ocr_line' id='line_1_46' title="bbox 391 4775 3660 4852; baseline 0 -17"><span class='ocrx_word' id='word_1_606' title='bbox 391 4778 577 4844; x_wconf 81' lang='lat' dir='ltr'>clavo,</span> <span class='ocrx_word' id='word_1_607' title='bbox 593 4782 651 4834; x_wconf 89' lang='lat' dir='ltr'>et</span> <span class='ocrx_word' id='word_1_608' title='bbox 669 4778 1069 4852; x_wconf 87' lang='lat' dir='ltr'>gammadiam</span> <span class='ocrx_word' id='word_1_609' title='bbox 1090 4794 1293 4837; x_wconf 87' lang='lat' dir='ltr'>unam.</span> <span class='ocrx_word' id='word_1_610' title='bbox 1308 4779 1499 4836; x_wconf 88' lang='lat' dir='ltr'>Aliam</span> <span class='ocrx_word' id='word_1_611' title='bbox 1516 4797 1651 4836; x_wconf 89' lang='lat' dir='ltr'>vero</span> <span class='ocrx_word' id='word_1_612' title='bbox 1673 4784 1895 4837; x_wconf 90' lang='lat' dir='ltr'>vestem</span> <span class='ocrx_word' id='word_1_613' title='bbox 1928 4778 2163 4851; x_wconf 57' lang='lat' dir='ltr'>fulgidae</span> <span class='ocrx_word' id='word_1_614' title='bbox 2191 4777 2435 4834; x_wconf 86' lang='lat' dir='ltr'>visionis</span> <span class='ocrx_word' id='word_1_615' title='bbox 2466 4777 2527 4832; x_wconf 90' lang='lat' dir='ltr'>in</span> <span class='ocrx_word' id='word_1_616' title='bbox 2558 4776 2801 4833; x_wconf 88' lang='lat' dir='ltr'>basilica</span> <span class='ocrx_word' id='word_1_617' title='bbox 2817 4780 3032 4832; x_wconf 66' lang='lat' dir='ltr'>sanctis</span> <span class='ocrx_word' id='word_1_618' title='bbox 3055 4775 3378 4833; x_wconf 78' lang='lat' dir='ltr'>Petronillae</span> <span class='ocrx_word' id='word_1_619' title='bbox 3398 4778 3660 4852; x_wconf 87' lang='lat' dir='ltr'>perfecit,</span> 
     </span>
    </p>
   </div>
   <div class='ocr_carea' id='block_1_47' title="bbox 391 4875 2935 4951">
    <p class='ocr_par' dir='ltr' id='par_1_47' title="bbox 391 4875 2935 4951">
     <span class='ocr_line' id='line_1_47' title="bbox 391 4875 2935 4951; baseline -0.001 -19"><span class='ocrx_word' id='word_1_620' title='bbox 391 4876 729 4945; x_wconf 85' lang='lat' dir='ltr'>habentem,</span> <span class='ocrx_word' id='word_1_621' title='bbox 762 4881 951 4933; x_wconf 86' lang='lat' dir='ltr'>rotam</span> <span class='ocrx_word' id='word_1_622' title='bbox 979 4877 1359 4951; x_wconf 88' lang='lat' dir='ltr'>aquilamque</span> <span class='ocrx_word' id='word_1_623' title='bbox 1391 4895 1525 4935; x_wconf 89' lang='lat' dir='ltr'>cum</span> <span class='ocrx_word' id='word_1_624' title='bbox 1557 4894 1727 4935; x_wconf 90' lang='lat' dir='ltr'>cruce</span> <span class='ocrx_word' id='word_1_625' title='bbox 1757 4878 1829 4934; x_wconf 90' lang='lat' dir='ltr'>de</span> <span class='ocrx_word' id='word_1_626' title='bbox 1856 4875 2230 4950; x_wconf 85' lang='lat' dir='ltr'>chrysoclavo</span> <span class='ocrx_word' id='word_1_627' title='bbox 2260 4880 2319 4932; x_wconf 89' lang='lat' dir='ltr'>et</span> <span class='ocrx_word' id='word_1_628' title='bbox 2348 4875 2702 4949; x_wconf 88' lang='lat' dir='ltr'>gammadiis</span> <span class='ocrx_word' id='word_1_629' title='bbox 2733 4890 2935 4931; x_wconf 90' lang='lat' dir='ltr'>unam.</span> 
     </span>
    </p>
   </div>
   <div class='ocr_carea' id='block_1_48' title="bbox 469 4994 3661 5071">
    <p class='ocr_par' dir='ltr' id='par_1_48' title="bbox 469 4994 3661 5071">
     <span class='ocr_line' id='line_1_48' title="bbox 469 4994 3661 5071; baseline 0 -15"><span class='ocrx_word' id='word_1_630' title='bbox 469 4994 620 5057; x_wconf 68' lang='lat'>5‘15</span> <span class='ocrx_word' id='word_1_631' title='bbox 660 4997 884 5056; x_wconf 89' lang='lat' dir='ltr'>Obtulit</span> <span class='ocrx_word' id='word_1_632' title='bbox 937 5016 1070 5057; x_wconf 92' lang='lat' dir='ltr'>vere</span> <span class='ocrx_word' id='word_1_633' title='bbox 1098 4999 1159 5056; x_wconf 90' lang='lat' dir='ltr'>in</span> <span class='ocrx_word' id='word_1_634' title='bbox 1190 5000 1440 5057; x_wconf 90' lang='lat' dir='ltr'>oratorio</span> <span class='ocrx_word' id='word_1_635' title='bbox 1473 5005 1686 5058; x_wconf 67' lang='lat' dir='ltr'>sanctae</span> <span class='ocrx_word' id='word_1_636' title='bbox 1714 5000 1816 5057; x_wconf 91' lang='lat' dir='ltr'>Dei</span> <span class='ocrx_word' id='word_1_637' title='bbox 1847 4999 2158 5057; x_wconf 91' lang='lat' dir='ltr'>Genitricis</span> <span class='ocrx_word' id='word_1_638' title='bbox 2190 5015 2424 5071; x_wconf 89' lang='lat' dir='ltr'>semper</span> <span class='ocrx_word' id='word_1_639' title='bbox 2452 4997 2696 5071; x_wconf 87' lang='lat' dir='ltr'>virginis</span> <span class='ocrx_word' id='word_1_640' title='bbox 2725 4997 2975 5054; x_wconf 70' lang='lat' dir='ltr'>dominae</span> <span class='ocrx_word' id='word_1_641' title='bbox 3017 5000 3226 5053; x_wconf 79' lang='lat' dir='ltr'>nostrae</span> <span class='ocrx_word' id='word_1_642' title='bbox 3256 4997 3471 5065; x_wconf 64' lang='lat' dir='ltr'>Mariae,</span> <span class='ocrx_word' id='word_1_643' title='bbox 3504 4999 3661 5070; x_wconf 89' lang='lat' dir='ltr'>quod</span> 
     </span>
    </p>
   </div>
   <div class='ocr_carea' id='block_1_49' title="bbox 390 5093 3663 5170">
    <p class='ocr_par' dir='ltr' id='par_1_49' title="bbox 390 5093 3663 5170">
     <span class='ocr_line' id='line_1_49' title="bbox 390 5093 3663 5170; baseline -0 -17"><span class='ocrx_word' id='word_1_644' title='bbox 390 5100 453 5153; x_wconf 88' lang='lat' dir='ltr'>in</span> <span class='ocrx_word' id='word_1_645' title='bbox 481 5097 753 5154; x_wconf 88' lang='lat' dir='ltr'>mediana</span> <span class='ocrx_word' id='word_1_646' title='bbox 782 5098 1071 5167; x_wconf 90' lang='lat' dir='ltr'>consistit,</span> <span class='ocrx_word' id='word_1_647' title='bbox 1101 5102 1321 5155; x_wconf 89' lang='lat' dir='ltr'>vestem</span> <span class='ocrx_word' id='word_1_648' title='bbox 1353 5099 1625 5158; x_wconf 90' lang='lat' dir='ltr'>similiter</span> <span class='ocrx_word' id='word_1_649' title='bbox 1655 5116 1789 5156; x_wconf 91' lang='lat' dir='ltr'>cum</span> <span class='ocrx_word' id='word_1_650' title='bbox 1832 5098 1975 5155; x_wconf 90' lang='lat' dir='ltr'>rotis</span> <span class='ocrx_word' id='word_1_651' title='bbox 1998 5097 2328 5170; x_wconf 90' lang='lat' dir='ltr'>aquilisque</span> <span class='ocrx_word' id='word_1_652' title='bbox 2358 5101 2415 5152; x_wconf 91' lang='lat' dir='ltr'>et</span> <span class='ocrx_word' id='word_1_653' title='bbox 2445 5113 2615 5152; x_wconf 90' lang='lat' dir='ltr'>cruce</span> <span class='ocrx_word' id='word_1_654' title='bbox 2642 5096 2717 5151; x_wconf 90' lang='lat' dir='ltr'>de</span> <span class='ocrx_word' id='word_1_655' title='bbox 2743 5093 3115 5167; x_wconf 80' lang='lat' dir='ltr'>chrysoclavo</span> <span class='ocrx_word' id='word_1_656' title='bbox 3145 5110 3279 5150; x_wconf 90' lang='lat' dir='ltr'>cum</span> <span class='ocrx_word' id='word_1_657' title='bbox 3310 5095 3663 5166; x_wconf 87' lang='lat' dir='ltr'>gammadiis</span> 
     </span>
    </p>
   </div>
   <div class='ocr_carea' id='block_1_50' title="bbox 394 5192 3664 5270">
    <p class='ocr_par' dir='ltr' id='par_1_50' title="bbox 394 5192 3664 5270">
     <span class='ocr_line' id='line_1_50' title="bbox 394 5192 3664 5270; baseline -0.001 -17"><span class='ocrx_word' id='word_1_658' title='bbox 394 5213 598 5253; x_wconf 88' lang='lat' dir='ltr'>unam.</span> <span class='ocrx_word' id='word_1_659' title='bbox 634 5195 790 5253; x_wconf 90' lang='lat' dir='ltr'>Fecit</span> <span class='ocrx_word' id='word_1_660' title='bbox 819 5197 1058 5270; x_wconf 89' lang='lat' dir='ltr'>quidem</span> <span class='ocrx_word' id='word_1_661' title='bbox 1088 5196 1149 5253; x_wconf 92' lang='lat' dir='ltr'>in</span> <span class='ocrx_word' id='word_1_662' title='bbox 1184 5196 1434 5254; x_wconf 90' lang='lat' dir='ltr'>oratorio</span> <span class='ocrx_word' id='word_1_663' title='bbox 1466 5197 1653 5254; x_wconf 89' lang='lat' dir='ltr'>sancti</span> <span class='ocrx_word' id='word_1_664' title='bbox 1682 5196 1922 5253; x_wconf 89' lang='lat' dir='ltr'>Adriani</span> <span class='ocrx_word' id='word_1_665' title='bbox 1948 5200 2168 5252; x_wconf 90' lang='lat' dir='ltr'>vestem</span> <span class='ocrx_word' id='word_1_666' title='bbox 2198 5212 2334 5251; x_wconf 90' lang='lat' dir='ltr'>cum</span> <span class='ocrx_word' id='word_1_667' title='bbox 2366 5194 2510 5250; x_wconf 88' lang='lat' dir='ltr'>rotis</span> <span class='ocrx_word' id='word_1_668' title='bbox 2539 5192 2964 5265; x_wconf 87' lang='lat' dir='ltr'>hominumque</span> <span class='ocrx_word' id='word_1_669' title='bbox 2995 5192 3299 5264; x_wconf 83' lang='lat' dir='ltr'>effigiebus</span> <span class='ocrx_word' id='word_1_670' title='bbox 3328 5209 3461 5248; x_wconf 89' lang='lat' dir='ltr'>cum</span> <span class='ocrx_word' id='word_1_671' title='bbox 3492 5208 3664 5251; x_wconf 86' lang='lat' dir='ltr'>cruce</span> 
     </span>
    </p>
   </div>
   <div class='ocr_carea' id='block_1_51' title="bbox 393 5289 3665 5369">
    <p class='ocr_par' dir='ltr' id='par_1_51' title="bbox 393 5289 3665 5369">
     <span class='ocr_line' id='line_1_51' title="bbox 393 5289 3665 5369; baseline -0.001 -18"><span class='ocrx_word' id='word_1_672' title='bbox 393 5290 667 5351; x_wconf 88' lang='lat' dir='ltr'>similiter</span> <span class='ocrx_word' id='word_1_673' title='bbox 686 5296 756 5351; x_wconf 90' lang='lat' dir='ltr'>de</span> <span class='ocrx_word' id='word_1_674' title='bbox 777 5294 1149 5369; x_wconf 84' lang='lat' dir='ltr'>chrysoclavo</span> <span class='ocrx_word' id='word_1_675' title='bbox 1171 5300 1229 5351; x_wconf 89' lang='lat' dir='ltr'>et</span> <span class='ocrx_word' id='word_1_676' title='bbox 1249 5295 1602 5369; x_wconf 87' lang='lat' dir='ltr'>gammadiis</span> <span class='ocrx_word' id='word_1_677' title='bbox 1629 5313 1830 5351; x_wconf 89' lang='lat' dir='ltr'>unam.</span> <span class='ocrx_word' id='word_1_678' title='bbox 1848 5295 1976 5369; x_wconf 91' lang='lat' dir='ltr'>Ipse</span> <span class='ocrx_word' id='word_1_679' title='bbox 2007 5310 2138 5350; x_wconf 91' lang='lat' dir='ltr'>vero</span> <span class='ocrx_word' id='word_1_680' title='bbox 2165 5292 2381 5366; x_wconf 57' lang='lat' dir='ltr'>saepius</span> <span class='ocrx_word' id='word_1_681' title='bbox 2404 5296 2763 5348; x_wconf 90' lang='lat' dir='ltr'>memoratus</span> <span class='ocrx_word' id='word_1_682' title='bbox 2790 5294 2845 5347; x_wconf 90' lang='lat' dir='ltr'>et</span> <span class='ocrx_word' id='word_1_683' title='bbox 2870 5289 3250 5346; x_wconf 85' lang='lat' dir='ltr'>beatissimus</span> <span class='ocrx_word' id='word_1_684' title='bbox 3280 5308 3432 5364; x_wconf 86' lang='lat' dir='ltr'>papa</span> <span class='ocrx_word' id='word_1_685' title='bbox 3451 5290 3665 5348; x_wconf 88' lang='lat' dir='ltr'>obtulit</span> 
     </span>
    </p>
   </div>
   <div class='ocr_carea' id='block_1_52' title="bbox 317 5386 3664 5466">
    <p class='ocr_par' dir='ltr' id='par_1_52' title="bbox 317 5386 3664 5466">
     <span class='ocr_line' id='line_1_52' title="bbox 317 5386 3664 5466; baseline -0.001 -17"><span class='ocrx_word' id='word_1_686' title='bbox 317 5394 356 5449; x_wconf 86' lang='lat'>5</span> <span class='ocrx_word' id='word_1_687' title='bbox 394 5392 455 5447; x_wconf 91' lang='lat' dir='ltr'>in</span> <span class='ocrx_word' id='word_1_688' title='bbox 489 5390 733 5447; x_wconf 89' lang='lat' dir='ltr'>basilica</span> <span class='ocrx_word' id='word_1_689' title='bbox 759 5391 946 5448; x_wconf 87' lang='lat' dir='ltr'>sancti</span> <span class='ocrx_word' id='word_1_690' title='bbox 976 5392 1304 5448; x_wconf 89' lang='lat' dir='ltr'>Sebastiani</span> <span class='ocrx_word' id='word_1_691' title='bbox 1336 5392 1773 5466; x_wconf 73' lang='lat' dir='ltr'>martyris,qua3</span> <span class='ocrx_word' id='word_1_692' title='bbox 1805 5393 1862 5447; x_wconf 90' lang='lat' dir='ltr'>in</span> <span class='ocrx_word' id='word_1_693' title='bbox 1898 5393 2171 5448; x_wconf 89' lang='lat' dir='ltr'>Frascata</span> <span class='ocrx_word' id='word_1_694' title='bbox 2200 5389 2489 5458; x_wconf 88' lang='lat' dir='ltr'>consistit,</span> <span class='ocrx_word' id='word_1_695' title='bbox 2509 5392 2724 5445; x_wconf 91' lang='lat' dir='ltr'>vestem</span> <span class='ocrx_word' id='word_1_696' title='bbox 2755 5387 3189 5461; x_wconf 71' lang='lat' dir='ltr'>pretiosissimae</span> <span class='ocrx_word' id='word_1_697' title='bbox 3222 5386 3508 5444; x_wconf 88' lang='lat' dir='ltr'>claritatis</span> <span class='ocrx_word' id='word_1_698' title='bbox 3527 5404 3664 5446; x_wconf 89' lang='lat' dir='ltr'>cum</span> 
     </span>
    </p>
   </div>
   <div class='ocr_carea' id='block_1_53' title="bbox 394 5480 3665 5563">
    <p class='ocr_par' dir='ltr' id='par_1_53' title="bbox 394 5480 3665 5563">
     <span class='ocr_line' id='line_1_53' title="bbox 394 5480 3665 5563; baseline -0.001 -18"><span class='ocrx_word' id='word_1_699' title='bbox 394 5480 568 5545; x_wconf 88' lang='lat' dir='ltr'>cruce</span> <span class='ocrx_word' id='word_1_700' title='bbox 598 5489 668 5544; x_wconf 92' lang='lat' dir='ltr'>de</span> <span class='ocrx_word' id='word_1_701' title='bbox 698 5488 1073 5562; x_wconf 78' lang='lat' dir='ltr'>chrysoclavo</span> <span class='ocrx_word' id='word_1_702' title='bbox 1104 5493 1162 5545; x_wconf 91' lang='lat' dir='ltr'>et</span> <span class='ocrx_word' id='word_1_703' title='bbox 1190 5489 1545 5563; x_wconf 89' lang='lat' dir='ltr'>gammadiis</span> <span class='ocrx_word' id='word_1_704' title='bbox 1575 5507 1775 5546; x_wconf 89' lang='lat' dir='ltr'>unam.</span> <span class='ocrx_word' id='word_1_705' title='bbox 1811 5490 1920 5557; x_wconf 90' lang='lat' dir='ltr'>Qui</span> <span class='ocrx_word' id='word_1_706' title='bbox 1953 5505 2225 5545; x_wconf 90' lang='lat' dir='ltr'>summus</span> <span class='ocrx_word' id='word_1_707' title='bbox 2256 5492 2312 5543; x_wconf 91' lang='lat' dir='ltr'>et</span> <span class='ocrx_word' id='word_1_708' title='bbox 2344 5487 2674 5561; x_wconf 64' lang='lat' dir='ltr'>praecipuus</span> <span class='ocrx_word' id='word_1_709' title='bbox 2706 5485 2919 5559; x_wconf 80' lang='lat' dir='ltr'>praesul</span> <span class='ocrx_word' id='word_1_710' title='bbox 2952 5486 3087 5542; x_wconf 90' lang='lat' dir='ltr'>fecit</span> <span class='ocrx_word' id='word_1_711' title='bbox 3124 5484 3184 5540; x_wconf 92' lang='lat' dir='ltr'>in</span> <span class='ocrx_word' id='word_1_712' title='bbox 3219 5484 3464 5541; x_wconf 84' lang='lat' dir='ltr'>basilica</span> <span class='ocrx_word' id='word_1_713' title='bbox 3509 5485 3665 5542; x_wconf 89' lang='lat' dir='ltr'>beati</span> 
     </span>
    </p>
   </div>
   <div class='ocr_carea' id='block_1_54' title="bbox 396 5583 3665 5658">
    <p class='ocr_par' dir='ltr' id='par_1_54' title="bbox 396 5583 3665 5658">
     <span class='ocr_line' id='line_1_54' title="bbox 396 5583 3665 5658; baseline -0.001 -15"><span class='ocrx_word' id='word_1_714' title='bbox 396 5584 548 5643; x_wconf 88' lang='lat' dir='ltr'>Petri</span> <span class='ocrx_word' id='word_1_715' title='bbox 574 5585 825 5658; x_wconf 89' lang='lat' dir='ltr'>apostoli</span> <span class='ocrx_word' id='word_1_716' title='bbox 857 5585 1142 5643; x_wconf 88' lang='lat' dir='ltr'>cortinam</span> <span class='ocrx_word' id='word_1_717' title='bbox 1174 5586 1562 5644; x_wconf 89' lang='lat' dir='ltr'>holosericam</span> <span class='ocrx_word' id='word_1_718' title='bbox 1595 5604 1731 5643; x_wconf 89' lang='lat' dir='ltr'>cum</span> <span class='ocrx_word' id='word_1_719' title='bbox 1758 5587 2020 5644; x_wconf 90' lang='lat' dir='ltr'>historiis</span> <span class='ocrx_word' id='word_1_720' title='bbox 2050 5585 2255 5642; x_wconf 89' lang='lat' dir='ltr'>multis</span> <span class='ocrx_word' id='word_1_721' title='bbox 2286 5584 2568 5641; x_wconf 83' lang='lat' dir='ltr'>claritatis</span> <span class='ocrx_word' id='word_1_722' title='bbox 2599 5584 2899 5640; x_wconf 66' lang='lat' dir='ltr'>immensae</span> <span class='ocrx_word' id='word_1_723' title='bbox 2933 5585 3004 5639; x_wconf 90' lang='lat' dir='ltr'>ad</span> <span class='ocrx_word' id='word_1_724' title='bbox 3038 5584 3304 5640; x_wconf 88' lang='lat' dir='ltr'>decorem</span> <span class='ocrx_word' id='word_1_725' title='bbox 3337 5588 3393 5640; x_wconf 90' lang='lat' dir='ltr'>et</span> <span class='ocrx_word' id='word_1_726' title='bbox 3419 5583 3665 5656; x_wconf 89' lang='lat' dir='ltr'>gloriam</span> 
     </span>
    </p>
   </div>
   <div class='ocr_carea' id='block_1_55' title="bbox 396 5681 3667 5758">
    <p class='ocr_par' dir='ltr' id='par_1_55' title="bbox 396 5681 3667 5758">
     <span class='ocr_line' id='line_1_55' title="bbox 396 5681 3667 5758; baseline -0 -18"><span class='ocrx_word' id='word_1_727' title='bbox 396 5682 585 5758; x_wconf 88' lang='lat' dir='ltr'>ipsius</span> <span class='ocrx_word' id='word_1_728' title='bbox 617 5684 1029 5741; x_wconf 69' lang='lat' dir='ltr'>sacratissima:</span> <span class='ocrx_word' id='word_1_729' title='bbox 1060 5683 1314 5742; x_wconf 66' lang='lat' dir='ltr'>basilicae</span> <span class='ocrx_word' id='word_1_730' title='bbox 1348 5685 1711 5743; x_wconf 89' lang='lat' dir='ltr'>unam.Cum</span> <span class='ocrx_word' id='word_1_731' title='bbox 1740 5703 1875 5743; x_wconf 92' lang='lat' dir='ltr'>vero</span> <span class='ocrx_word' id='word_1_732' title='bbox 1905 5686 2049 5754; x_wconf 67' lang='lat' dir='ltr'>haec,</span> <span class='ocrx_word' id='word_1_733' title='bbox 2065 5689 2122 5742; x_wconf 90' lang='lat' dir='ltr'>et</span> <span class='ocrx_word' id='word_1_734' title='bbox 2153 5701 2281 5758; x_wconf 65' lang='lat' dir='ltr'>quas</span> <span class='ocrx_word' id='word_1_735' title='bbox 2312 5684 2533 5756; x_wconf 88' lang='lat' dir='ltr'>scripta</span> <span class='ocrx_word' id='word_1_736' title='bbox 2562 5686 2723 5754; x_wconf 89' lang='lat' dir='ltr'>sunt,</span> <span class='ocrx_word' id='word_1_737' title='bbox 2739 5682 2851 5738; x_wconf 91' lang='lat' dir='ltr'>Leo</span> <span class='ocrx_word' id='word_1_738' title='bbox 2879 5681 2969 5739; x_wconf 89' lang='lat' dir='ltr'>vir</span> <span class='ocrx_word' id='word_1_739' title='bbox 2996 5681 3382 5739; x_wconf 88' lang='lat' dir='ltr'>beatissimus</span> <span class='ocrx_word' id='word_1_740' title='bbox 3403 5686 3667 5755; x_wconf 86' lang='lat' dir='ltr'>quartus-</span> 
     </span>
    </p>
   </div>
   <div class='ocr_carea' id='block_1_56' title="bbox 395 5779 3666 5857">
    <p class='ocr_par' dir='ltr' id='par_1_56' title="bbox 395 5779 3666 5857">
     <span class='ocr_line' id='line_1_56' title="bbox 395 5779 3666 5857; baseline -0.001 -19"><span class='ocrx_word' id='word_1_741' title='bbox 395 5797 509 5854; x_wconf 89' lang='lat' dir='ltr'>que</span> <span class='ocrx_word' id='word_1_742' title='bbox 531 5783 746 5857; x_wconf 67' lang='lat' dir='ltr'>prazsul</span> <span class='ocrx_word' id='word_1_743' title='bbox 775 5783 1024 5840; x_wconf 91' lang='lat' dir='ltr'>Domino</span> <span class='ocrx_word' id='word_1_744' title='bbox 1051 5782 1360 5840; x_wconf 88' lang='lat' dir='ltr'>solatiante</span> <span class='ocrx_word' id='word_1_745' title='bbox 1380 5783 1599 5841; x_wconf 91' lang='lat' dir='ltr'>amoris</span> <span class='ocrx_word' id='word_1_746' title='bbox 1630 5801 1696 5840; x_wconf 91' lang='lat' dir='ltr'>ac</span> <span class='ocrx_word' id='word_1_747' title='bbox 1719 5784 1991 5840; x_wconf 90' lang='lat' dir='ltr'>desiderii</span> <span class='ocrx_word' id='word_1_748' title='bbox 2013 5782 2198 5857; x_wconf 89' lang='lat' dir='ltr'>gratio</span> <span class='ocrx_word' id='word_1_749' title='bbox 2220 5800 2324 5855; x_wconf 90' lang='lat' dir='ltr'>per</span> <span class='ocrx_word' id='word_1_750' title='bbox 2343 5781 2571 5837; x_wconf 90' lang='lat' dir='ltr'>diversa</span> <span class='ocrx_word' id='word_1_751' title='bbox 2593 5779 2823 5852; x_wconf 90' lang='lat' dir='ltr'>piorum</span> <span class='ocrx_word' id='word_1_752' title='bbox 2846 5779 2972 5836; x_wconf 90' lang='lat' dir='ltr'>loca</span> <span class='ocrx_word' id='word_1_753' title='bbox 2991 5783 3330 5837; x_wconf 89' lang='lat' dir='ltr'>sanctorum</span> <span class='ocrx_word' id='word_1_754' title='bbox 3354 5779 3666 5854; x_wconf 90' lang='lat' dir='ltr'>perfectius</span> 
     </span>
    </p>
   </div>
   <div class='ocr_carea' id='block_1_57' title="bbox 286 5878 3667 5953">
    <p class='ocr_par' dir='ltr' id='par_1_57' title="bbox 286 5878 3667 5953">
     <span class='ocr_line' id='line_1_57' title="bbox 286 5878 3667 5953; baseline -0.002 -16"><span class='ocrx_word' id='word_1_755' title='bbox 286 5881 362 5937; x_wconf 84' lang='grc'>10</span> <span class='ocrx_word' id='word_1_756' title='bbox 399 5878 767 5953; x_wconf 83' lang='lat' dir='ltr'>contulisset,</span> <span class='ocrx_word' id='word_1_757' title='bbox 797 5884 938 5937; x_wconf 90' lang='lat' dir='ltr'>tunc</span> <span class='ocrx_word' id='word_1_758' title='bbox 969 5881 1041 5937; x_wconf 90' lang='lat' dir='ltr'>de</span> <span class='ocrx_word' id='word_1_759' title='bbox 1070 5885 1343 5936; x_wconf 74' lang='lat' dir='ltr'>Romanae</span> <span class='ocrx_word' id='word_1_760' title='bbox 1375 5880 1541 5937; x_wconf 88' lang='lat' dir='ltr'>urbis</span> <span class='ocrx_word' id='word_1_761' title='bbox 1572 5885 1727 5938; x_wconf 89' lang='lat' dir='ltr'>statu</span> <span class='ocrx_word' id='word_1_762' title='bbox 1760 5899 1826 5937; x_wconf 91' lang='lat' dir='ltr'>ac</span> <span class='ocrx_word' id='word_1_763' title='bbox 1858 5881 2281 5939; x_wconf 86' lang='lat' dir='ltr'>restauratione</span> <span class='ocrx_word' id='word_1_764' title='bbox 2307 5879 2749 5952; x_wconf 88' lang='lat' dir='ltr'>murorum,qui</span> <span class='ocrx_word' id='word_1_765' title='bbox 2774 5878 2947 5952; x_wconf 90' lang='lat' dir='ltr'>longo</span> <span class='ocrx_word' id='word_1_766' title='bbox 2961 5880 3089 5951; x_wconf 89' lang='lat' dir='ltr'>jam</span> <span class='ocrx_word' id='word_1_767' title='bbox 3121 5880 3283 5937; x_wconf 89' lang='lat' dir='ltr'>senio</span> <span class='ocrx_word' id='word_1_768' title='bbox 3314 5883 3485 5952; x_wconf 87' lang='lat' dir='ltr'>atque</span> <span class='ocrx_word' id='word_1_769' title='bbox 3502 5880 3667 5933; x_wconf 87' lang='lat' dir='ltr'>vetu-</span> 
     </span>
    </p>
   </div>
   <div class='ocr_carea' id='block_1_58' title="bbox 396 5973 3664 6052">
    <p class='ocr_par' dir='ltr' id='par_1_58' title="bbox 396 5973 3664 6052">
     <span class='ocr_line' id='line_1_58' title="bbox 396 5973 3664 6052; baseline -0.003 -18"><span class='ocrx_word' id='word_1_770' title='bbox 396 5980 561 6035; x_wconf 67' lang='lat' dir='ltr'>state</span> <span class='ocrx_word' id='word_1_771' title='bbox 578 5976 767 6049; x_wconf 79' lang='lat' dir='ltr'>nimia</span> <span class='ocrx_word' id='word_1_772' title='bbox 794 5978 963 6034; x_wconf 67' lang='lat' dir='ltr'>fracti</span> <span class='ocrx_word' id='word_1_773' title='bbox 992 5977 1290 6050; x_wconf 89' lang='lat' dir='ltr'>dirutique</span> <span class='ocrx_word' id='word_1_774' title='bbox 1318 5977 1585 6033; x_wconf 86' lang='lat' dir='ltr'>funditus</span> <span class='ocrx_word' id='word_1_775' title='bbox 1605 5976 1973 6049; x_wconf 80' lang='lat' dir='ltr'>videbantur,</span> <span class='ocrx_word' id='word_1_776' title='bbox 1989 5978 2163 6052; x_wconf 90' lang='lat' dir='ltr'>coepit</span> <span class='ocrx_word' id='word_1_777' title='bbox 2187 5992 2322 6035; x_wconf 91' lang='lat' dir='ltr'>cum</span> <span class='ocrx_word' id='word_1_778' title='bbox 2343 5978 2484 6035; x_wconf 84' lang='lat' dir='ltr'>Jesu</span> <span class='ocrx_word' id='word_1_779' title='bbox 2503 5976 2717 6033; x_wconf 85' lang='lat' dir='ltr'>Christi</span> <span class='ocrx_word' id='word_1_780' title='bbox 2739 5975 2970 6034; x_wconf 91' lang='lat' dir='ltr'>Domini</span> <span class='ocrx_word' id='word_1_781' title='bbox 2987 5981 3240 6035; x_wconf 87' lang='lat' dir='ltr'>tractare</span> <span class='ocrx_word' id='word_1_782' title='bbox 3271 5973 3562 6038; x_wconf 88' lang='lat' dir='ltr'>consultu,</span> <span class='ocrx_word' id='word_1_783' title='bbox 3592 5986 3664 6026; x_wconf 90' lang='lat' dir='ltr'>ne</span> 
     </span>
    </p>
   </div>
   <div class='ocr_carea' id='block_1_59' title="bbox 397 6067 3662 6150">
    <p class='ocr_par' dir='ltr' id='par_1_59' title="bbox 397 6067 3662 6150">
     <span class='ocr_line' id='line_1_59' title="bbox 397 6067 3662 6150; baseline -0.004 -18"><span class='ocrx_word' id='word_1_784' title='bbox 397 6073 459 6132; x_wconf 68' lang='lat' dir='ltr'>si‘</span> <span class='ocrx_word' id='word_1_785' title='bbox 481 6072 583 6132; x_wconf 84' lang='lat' dir='ltr'>diu</span> <span class='ocrx_word' id='word_1_786' title='bbox 612 6075 726 6132; x_wconf 87' lang='lat' dir='ltr'>sub</span> <span class='ocrx_word' id='word_1_787' title='bbox 755 6075 868 6133; x_wconf 81' lang='lat' dir='ltr'>hac</span> <span class='ocrx_word' id='word_1_788' title='bbox 890 6072 1249 6150; x_wconf 79' lang='lat' dir='ltr'>negligentia</span> <span class='ocrx_word' id='word_1_789' title='bbox 1267 6073 1387 6132; x_wconf 89' lang='lat' dir='ltr'>sive</span> <span class='ocrx_word' id='word_1_790' title='bbox 1407 6072 1696 6132; x_wconf 83' lang='lat' dir='ltr'>oblivione</span> <span class='ocrx_word' id='word_1_791' title='bbox 1716 6075 2121 6146; x_wconf 87' lang='lat' dir='ltr'>consisterent,</span> <span class='ocrx_word' id='word_1_792' title='bbox 2137 6079 2241 6133; x_wconf 88' lang='lat' dir='ltr'>aut</span> <span class='ocrx_word' id='word_1_793' title='bbox 2269 6074 2517 6132; x_wconf 88' lang='lat' dir='ltr'>Domino</span> <span class='ocrx_word' id='word_1_794' title='bbox 2538 6072 2916 6147; x_wconf 83' lang='lat' dir='ltr'>permittente</span> <span class='ocrx_word' id='word_1_795' title='bbox 2936 6073 3169 6131; x_wconf 79' lang='lat' dir='ltr'>facilius</span> <span class='ocrx_word' id='word_1_796' title='bbox 3188 6073 3259 6129; x_wconf 84' lang='lat' dir='ltr'>ab</span> <span class='ocrx_word' id='word_1_797' title='bbox 3272 6067 3542 6128; x_wconf 83' lang='lat' dir='ltr'>hostibus</span> <span class='ocrx_word' id='word_1_798' title='bbox 3563 6067 3662 6119; x_wconf 87' lang='lat' dir='ltr'>aut</span> 
     </span>
    </p>
   </div>
   <div class='ocr_carea' id='block_1_60' title="bbox 399 6159 3658 6248">
    <p class='ocr_par' dir='ltr' id='par_1_60' title="bbox 399 6159 3658 6248">
     <span class='ocr_line' id='line_1_60' title="bbox 399 6159 3658 6248; baseline -0.002 -19"><span class='ocrx_word' id='word_1_799' title='bbox 399 6172 529 6247; x_wconf 87' lang='lat' dir='ltr'>capi</span> <span class='ocrx_word' id='word_1_800' title='bbox 560 6176 663 6232; x_wconf 79' lang='lat' dir='ltr'>aut</span> <span class='ocrx_word' id='word_1_801' title='bbox 690 6172 889 6232; x_wconf 84' lang='lat' dir='ltr'>forsan</span> <span class='ocrx_word' id='word_1_802' title='bbox 920 6170 1244 6248; x_wconf 78' lang='lat' dir='ltr'>expugnari</span> <span class='ocrx_word' id='word_1_803' title='bbox 1273 6170 1611 6246; x_wconf 88' lang='lat' dir='ltr'>potuissent</span> <span class='ocrx_word' id='word_1_804' title='bbox 1641 6187 1655 6231; x_wconf 89' lang='lat'><strong>:</strong></span> <span class='ocrx_word' id='word_1_805' title='bbox 1691 6172 1842 6247; x_wconf 90' lang='lat' dir='ltr'>ideo,</span> <span class='ocrx_word' id='word_1_806' title='bbox 1875 6190 1949 6233; x_wconf 89' lang='lat' dir='ltr'>ne</span> <span class='ocrx_word' id='word_1_807' title='bbox 1979 6174 2090 6231; x_wconf 92' lang='lat' dir='ltr'>hoc</span> <span class='ocrx_word' id='word_1_808' title='bbox 2120 6174 2182 6232; x_wconf 91' lang='lat' dir='ltr'>in</span> <span class='ocrx_word' id='word_1_809' title='bbox 2210 6174 2478 6234; x_wconf 77' lang='lat' dir='ltr'>futurum</span> <span class='ocrx_word' id='word_1_810' title='bbox 2509 6171 2735 6232; x_wconf 85' lang='lat' dir='ltr'>malum</span> <span class='ocrx_word' id='word_1_811' title='bbox 2765 6172 2948 6244; x_wconf 81' lang='lat' dir='ltr'>ﬁeret,</span> <span class='ocrx_word' id='word_1_812' title='bbox 2982 6185 3185 6231; x_wconf 86' lang='lat' dir='ltr'>omnes</span> <span class='ocrx_word' id='word_1_813' title='bbox 3231 6159 3658 6243; x_wconf 62' lang='lat' dir='ltr'>praenominatzP</span> 
     </span>
    </p>
   </div>
  </div>
