3922 6438
349 270 506 330 1315
1498 271 1898 332 ANASTASI]

2225 271 2616 334 raucum.
3421 361 3430 368 '
3615 279 3774 342 1316

489 419 693 460 muros
721 401 970 458 civitatis
1001 400 1656 466 Romanae,duedecima
1685 401 1943 459 instante
1974 402 2599 470 indictione,rcnovare
2620 408 2796 476 atque
2819 405 2891 460 ad
2922 405 3174 478 priorem
3204 406 3432 465 cultum
3463 409 3764 484 decusque

382 503 451 562 15
495 544 502 555 .
538 508 612 557 ta
637 500 850 557 mentis
879 497 1179 554 alacritate
1217 498 1462 553 curavit.
1496 498 1567 553 Et
1597 515 1712 554 non
1745 499 1936 554 solum
1969 517 2169 555 muros
2203 518 2351 572 quos
2375 499 2632 557 diximus
2662 501 2834 558 celeri
2866 502 2990 559 fieri
3020 503 3281 578 agilitate
3329 507 3624 582 praecepit,
3658 509 3759 566 sed

488 625 541 657 υ.
567 597 1012 673 pertas,quibus
1043 594 1236 651 omnis
1266 612 1419 667 saepe
1449 594 1744 651 clauditur
1773 597 1995 664 civitas,
2013 615 2157 653 novo
2189 598 2351 653 cultu
2383 599 2674 672 lignisque
2696 599 3024 672 prazvalidis
3045 603 3117 658 ob
3139 601 3515 660 inimicorum
3535 611 3760 663 metum

487 699 606 754 sive
635 703 914 752 terrorem
948 692 1287 748 reacditieari
1320 692 1702 748 festinantius
1723 694 2078 764 jussit.Quae
2111 695 2362 768 denique
2394 695 2696 768 omnia,ut
2723 697 2838 754 cito
2870 698 3098 766 fierent,
3112 704 3169 755 et
3197 700 3270 756 ad
3301 701 3573 758 effectum
3596 704 3764 760 deco-

485 811 726 867 remque
754 798 948 848 essent
980 791 1571 864 perducta,przsfatus
1592 791 1680 845 vir
1700 790 2056 862 apostolicus
2077 791 2474 849 indifferenter
2504 811 2619 850 non
2653 795 2846 851 solum
2875 813 3024 868 equo
3056 796 3557 866 residens,verum
3579 799 3760 857 etiam

483 909 625 952 sane
657 891 906 965 pedibus
937 888 1190 962 prepriis
1222 905 1324 961 per
1353 905 1555 944 muros
1576 887 1662 943 vel
1691 894 1888 960 portas
1917 905 2051 944 cum
2085 890 2210 947 suis
2239 890 2515 948 fidelibus
2535 892 2926 962 discurrebat,
2941 898 3232 966 quatenus
3251 894 3309 951 in
3333 897 3760 954 restauratione

371 995 444 1050 20
481 1006 684 1048 eorum
716 1005 882 1044 mora
911 985 1074 1042 nulla
1102 991 1204 1041 aut
1232 986 1435 1042 dilatio
1458 986 1900 1042 fuissetexorta.
1917 989 2381 1060 Quapropter,ut
2400 993 2535 1045 ante
2548 991 2675 1062 jam
2698 989 2922 1046 dictum
2946 995 3055 1062 est,
3068 990 3222 1047 inter
3243 1009 3415 1050 curas
3435 992 3757 1050 maximam

483 1091 554 1144 de
578 1089 842 1143 Romana
861 1085 1002 1140 urbe
1025 1101 1227 1140 curam
1242 1101 1308 1140 ac
1327 1083 1783 1140 sollicitudinem
1818 1086 2186 1142 venerandus
2207 1087 2465 1158 pontifex
2487 1104 2698 1160 gerens
2719 1088 2981 1161 undique
3001 1089 3075 1146 ad
3102 1087 3402 1147 meliorem
3419 1107 3756 1165 novumque

479 1185 706 1241 cultum
739 1186 952 1238 cuncta
981 1179 1206 1236 noviter
1233 1180 1492 1248 deduxit,
1524 1184 1583 1236 et
1614 1181 1682 1236 15
1709 1181 1784 1236 ab
1814 1180 1941 1254 ipse
1979 1181 2104 1238 sele
2135 1187 2347 1251 turres,
2379 1201 2526 1257 quas
2559 1185 2827 1242 funditus
2857 1185 3085 1243 dirutas
3115 1203 3220 1260 per
3246 1187 3559 1244 circuitum
3587 1187 3754 1246 urbis

477 1281 712 1355 reperit,
743 1281 908 1336 novis
939 1278 1179 1335 fabricis
1212 1279 1526 1334 restaurari
1559 1279 1851 1352 praecepit.

549 1379 704 1436 516
743 1379 1002 1443 Quarum
1033 1374 1286 1447 denique
1316 1375 1464 1430 duas
1486 1375 1649 1446 juxta
1669 1375 2049 1432 Portucnsem
2071 1381 2301 1451 portam
2326 1378 2406 1434 ita
2430 1378 2827 1452 prudenterac
2849 1378 3147 1453 sapienter
3163 1379 3513 1438 venerabilis
3533 1381 3749 1455 praesul

477 1479 548 1535 ad
577 1478 766 1550 ipsam
800 1491 962 1530 oram
994 1473 1262 1546 Tyberis,
1294 1473 1352 1528 id
1385 1479 1474 1529 est
1498 1475 1666 1547 juxta
1693 1472 1860 1530 littus
1890 1475 2154 1532 fluminis
2184 1475 2459 1532 aediﬁcari
2491 1476 2886 1550 dispesuit,ut
2911 1476 3112 1535 nullus
3143 1481 3308 1551 prius
3327 1478 3637 1536 hominum
3659 1494 3750 1552 vel

475 1577 729 1650 cogitare
759 1572 846 1629 vel
879 1571 1248 1628 considerare
1276 1571 1606 1628 valebat.Et
1637 1570 1776 1644 quia
1807 1589 1908 1643 per
1922 1571 2080 1628 hunc
2112 1573 2306 1630 locum
2336 1591 2452 1630 non
2485 1573 2678 1630 solum
2701 1591 2876 1630 naves
2903 1591 3106 1631 verum
3132 1575 3304 1632 eiiam
3327 1575 3596 1634 homines
3612 1582 3748 1635 ante

474 1675 641 1732 facile
673 1670 1168 1744 ingrediebantur,
1204 1687 1359 1725 nunc
1409 1675 1604 1725 autem
1634 1669 1727 1726 vix
1776 1688 2046 1742 unquam
2094 1689 2198 1744 per
2247 1689 2382 1727 eum
2434 1689 2620 1744 parvae
2653 1671 2932 1728 naviculzn
2963 1673 3208 1729 introire
3231 1672 3522 1743 valebant,
3553 1673 3749 1731 ethoc

396 1777 434 1832 5
473 1775 708 1846 propter
737 1771 997 1824 fututum
1028 1767 1286 1822 hostium
1319 1767 1742 1822 Saracenorum
1774 1766 2103 1839 periculum
2133 1771 2192 1824 et
2219 1768 2470 1825 salutem
2501 1769 2776 1826 Romanis
2809 1769 2973 1826 urbis
2999 1773 3219 1827 factum
3249 1771 3537 1844 cst.Ipsas
3568 1770 3751 1844 igitur

468 1878 662 1928 turres
693 1884 808 1924 non
841 1865 1034 1922 solum
1063 1864 1361 1937 lapidibus
1382 1865 1483 1921 sed
1506 1863 1684 1920 etiam
1715 1864 1919 1921 ferreis
1950 1865 2166 1921 muniri
2197 1865 2421 1922 curavit
2449 1867 3004 1941 catenis,quatenus
3033 1867 3083 1924 si
3109 1868 3427 1925 necessitas
3449 1869 3624 1926 fuerit
3644 1887 3749 1943 per

465 1967 740 2026 eumdem
761 1965 952 2020 locum
978 1961 1141 2018 nulla
1171 1961 1358 2017 valeat
1381 1961 1543 2018 navis
1574 1961 2024 2028 transire.Quod
2047 1963 2272 2018 novitcr
2291 1980 2440 2036 opus
2461 1969 2866 2021 constructum
2893 1971 2951 2022 et
2974 1966 3249 2022 Romana:
3271 1966 3438 2022 urbis
3459 1966 3748 2024 defensio-

469 2083 604 2123 nem
637 2065 967 2138 prmstat,et
997 2059 1332 2115 videntibus
1363 2076 1478 2115 non
1513 2060 1811 2115 modicum
1846 2060 1945 2114 sed
1979 2061 2200 2131 grande
2232 2061 2609 2131 miraculum,
2643 2063 2781 2136 quia
2812 2079 2947 2119 cum
2971 2080 3186 2136 magna
3215 2062 3523 2137 sapientia,
3539 2063 3742 2120 subtili

467 2163 777 2240 prudentia
806 2165 862 2215 et
891 2159 1197 2215 honestate
1232 2163 1527 2230 patratum
1555 2162 1663 2212 est.

538 2264 680 2319 517
732 2263 862 2333 Ipse
894 2274 1126 2331 quoque
1157 2274 1191 2312 a
1221 2257 1336 2311 Deo
1362 2260 1657 2328 protectus
1675 2260 1730 2310 et
1774 2254 2152 2311 beatissimus
2184 2274 2338 2328 papa
2367 2256 2555 2312 multa
2584 2274 2828 2329 corpora
2854 2262 3359 2331 sanctorum,quzc
3381 2257 3479 2314 diu
3511 2258 3744 2316 occulta

457 2363 758 2432 jacebant,
794 2373 1029 2411 summo
1062 2355 1258 2409 studio
1291 2369 1643 2424 summoque
1689 2353 1880 2408 cordis
1911 2353 2121 2408 affectu
2166 2354 2237 2408 ad
2271 2354 2550 2409 honorem
2583 2353 3007 2426 omnipotentis
3039 2354 3327 2410 Dei-infra
3357 2354 3538 2428 hujus
3570 2353 3740 2411 alma

463 2458 634 2514 Urbis
667 2455 880 2510 nitrnia
912 2452 1154 2506 mirifice
1186 2449 1576 2523 congregavit.
1594 2451 1740 2504 Nam
1771 2456 1828 2504 et
1850 2467 2092 2522 corpora
2115 2457 2453 2506 sanctorum
2477 2456 2802 2523 martyrum
2825 2457 3078 2524 quatuor
3097 2453 3515 2508 Coronatorum
3540 2451 3740 2509 solerti

462 2574 602 2612 cura
635 2551 934 2624 inquirens
960 2553 1188 2620 reperit.
1209 2548 1313 2602 Pro
1335 2565 1586 2618 quorum
1609 2547 1980 2602 desiderabili
2007 2566 2203 2603 amore
2226 2549 2551 2616 basilicam,
2571 2566 2698 2621 qua:
2721 2555 3059 2604 sanctorum
3086 2550 3274 2605 fuerat
3297 2549 3518 2604 nemini
3539 2567 3740 2606 cense-

385 2661 422 2713 5
460 2660 640 2719 erata,
674 2667 852 2722 quam
884 2649 1008 2720 ipse
1037 2648 1179 2701 dum
1215 2647 1284 2700 ad
1321 2645 1600 2718 pontificii
1635 2646 1926 2701 (lt-ductus
1956 2651 2045 2702 est
2074 2646 2295 2718 apicem
2331 2648 2790 2719 prudentissimo
2843 2648 3239 2703 moderamine
3274 2647 3440 2717 rexit,
3473 2665 3605 2720 quae
3639 2665 3742 2720 per

459 2751 680 2808 olitana
696 2745 992 2802 curricuta
1015 2748 1344 2815 temporum
1367 2747 1645 2814 quassata
1661 2742 1968 2798 vetustatis
1985 2745 2214 2798 defectu
2241 2748 2300 2798 et
2320 2761 2467 2816 pene
2487 2743 2674 2800 ruinis
2699 2745 2994 2800 confracta
3013 2743 3450 2817 diuantiquitus
3495 2744 3736 2800 videba-

457 2853 554 2905 tur
581 2851 639 2902 et
668 2841 1250 2914 convulsa,supernae
1271 2840 1502 2895 virtutis
1531 2845 1829 2896 unnuente
1858 2840 2168 2896 clementia
2193 2840 2250 2896 in
2282 2841 2737 2914 splendidiorem
2768 2841 3276 2916 pulchrioremque
3306 2846 3580 2898 statuma
3601 2841 3737 2898 fun-

453 2942 745 3002 damentis
794 2937 1140 3009 construxit,
1174 2943 1232 2993 et
1280 2939 1350 2993 ad
1402 2936 1638 2993 laudem
1687 2938 2109 3010 omnipotentis
2157 2937 2279 3008 Dei,
2313 2955 2517 2996 eorum
2568 2939 2971 2996 sacratissima
3001 2955 3244 3012 corpora
3285 2955 3422 2995 cum
3463 2937 3732 3007 Claudio,

453 3044 801 3108 Nicostrate,
843 3035 1272 3111 Symproniano
1321 3040 1497 3108 atque
1547 3035 1806 3092 Castorio
1853 3041 1912 3092 et
1963 3035 2288 3109 Simplicio,
2343 3053 2568 3094 necnon
2612 3038 2842 3108 Severo,
2895 3037 3224 3105 Severiano,
3257 3034 3634 3110 Carpophoro
3677 3041 3734 3093 et

346 3146 412 3201 18
447 3139 766 3205 Victorino,
799 3139 1052 3210 quatuor
1083 3135 1362 3190 fratribus
1386 3151 1400 3202 ;
1434 3133 1576 3190 item
1608 3134 1850 3201 Marius,
1874 3134 2126 3190 Audifax
2153 3139 2212 3191 et
2238 3135 2522 3203 Abacum,
2555 3152 2689 3192 cum
2717 3135 3025 3193 Felissimo
3053 3140 3110 3192 et
3137 3132 3730 3209 Agapite,Hippelyte

450 3257 585 3298 cum
613 3237 740 3294 suis
767 3234 1006 3292 familiis
1039 3235 1284 3288 numero
1315 3233 1515 3288 decem
1545 3237 1602 3288 et
1632 3237 1781 3300 octo,
1812 3231 2108 3304 Aquilino,
2143 3232 2352 3305 Aquila
2381 3237 2439 3289 et
2467 3233 2686 3303 Prisca,
2719 3233 2994 3290 Narcisso
3040 3237 3098 3290 et
3147 3231 3485 3299 Marcelino,
3517 3231 3726 3317 Felice,

449 3335 862 3407 Simetriequc,
895 3331 1158 3388 Candide
1205 3335 1382 3403 atque
1425 3329 1692 3395 Paulina,
1722 3329 2034 3386 Anastasio
2078 3335 2136 3386 et
2184 3330 2388 3400 Felice,
2418 3331 2722 3404 Apollione
2753 3335 2812 3388 et
2854 3331 3188 3398 Benedicto,
3218 3329 3503 3387 Venantio
3551 3333 3728 3402 atque

452 3436 658 3501 Felice,
693 3424 964 3504 Diegene‘
978 3433 1034 3486 et
1065 3427 1346 3495 Sibermli,
1382 3427 1548 3483 Festo
1599 3431 1654 3482 et
1699 3426 1970 3482 Marcello
2003 3431 2178 3500 atque
2208 3427 2578 3500 Superantio,
2613 3429 2978 3485 Pudentiana
3003 3431 3061 3484 et
3088 3427 3420 3499 Benedicto,
3455 3425 3642 3485 Felice
3671 3430 3728 3482 ct

445 3529 754 3598 Venantio,
784 3543 1008 3584 necnon
1042 3525 1230 3598 capite
1263 3523 1451 3580 sancti
1491 3523 1663 3593 Preti,
1697 3528 2032 3596 sanctasque
2061 3523 2322 3591 Caeciliae,
2356 3525 2543 3581 sancti
2577 3524 2913 3596 Alexandri,
2936 3524 3241 3598 sanctique
3271 3523 3415 3580 Sixti
3444 3526 3504 3579 et
3533 3522 3722 3579 sancti

341 3635 410 3689 15
446 3627 773 3688 Sebastiani
809 3630 984 3698 atque
1015 3623 1428 3681 sacratissimis
1459 3621 1703 3696 virginis
1731 3621 2007 3678 Praxedis
2039 3621 2259 3694 pariter
2284 3622 2395 3678 sub
2426 3639 2592 3678 sacro
2623 3621 2794 3678 altari
2821 3621 3143 3679 recondens
3180 3619 3502 3688 collocavit,
3523 3625 3582 3677 et
3609 3618 3725 3676 alia

450 3727 640 3786 multa
670 3741 921 3798 quorum
956 3721 1196 3778 nomina
1227 3721 1342 3777 Deo
1374 3725 1515 3777 sunt
1543 3720 1798 3793 cognita.
1815 3720 2004 3792 Super
2026 3720 2180 3792 quod
2203 3719 2379 3776 etiam
2401 3721 2474 3776 ad
2496 3719 2744 3794 gloriam
2767 3719 3054 3778 Creatoris
3076 3721 3227 3777 miro
3249 3735 3422 3793 opere
3443 3719 3725 3792 mirasque

443 3823 904 3902 pulchritudinis
935 3820 1224 3877 ciborium
1254 3837 1323 3876 ex
1354 3823 1593 3892 argento
1625 3819 2158 3891 purissimo,aureo
2191 3819 2683 3891 superinductum
2717 3819 3079 3887 colere,cum
3110 3819 3362 3892 gemmis
3391 3817 3648 3891 prasinis
3667 3821 3727 3873 et

442 3921 859 3998 hyacintliinis,
896 3937 1138 3992 pensan.
1170 3918 1352 3974 libras
1386 3923 1675 3973 trecentas
1703 3915 2018 3972 tresdecim
2048 3921 2106 3972 et
2135 3917 2335 3972 semis.
2371 3917 2479 3973 Ubi
2519 3934 2698 3990 supra
2727 3917 2942 3973 obtulit
2970 3916 3030 3972 in
3060 3917 3266 3972 eadem
3315 3915 3567 3972 ecclesia
3595 3914 3724 3971 vela

439 4024 621 4080 rubea
662 4038 789 4093 qua:
839 4019 1095 4092 pendent
1141 4016 1201 4072 in
1246 4016 1494 4071 circuitu
1525 4014 1726 4071 altaris
1765 4031 2010 4070 numero
2041 4018 2312 4086 quatuor.
2348 4015 2506 4070 Idem
2538 4032 2772 4088 quoque
2797 4015 3212 4072 sanetissimus
3245 4013 3459 4086 praesul
3491 4013 3626 4070 fecit
3659 4013 3719 4070 in

327 4125 400 4179 20
436 4119 686 4178 oratorie
717 4117 1005 4190 praedictae
1032 4116 1212 4171 beata:
1243 4113 1702 4186 Barbarae,quod
1733 4116 2139 4169 constructum
2171 4116 2260 4168 est
2291 4112 2444 4168 infra
2471 4113 2781 4169 ecclesiam
2815 4117 3160 4168 sanctorum
3189 4116 3443 4185 quatuor
3463 4111 3724 4168 Corona-

433 4226 652 4284 torum,
683 4231 959 4273 eoronam
1007 4214 1080 4269 de
1110 4216 1373 4285 argento,
1409 4228 1576 4283 pens.
1609 4211 1792 4267 libras
1821 4209 2154 4267 duodecim.
2188 4211 2424 4266 Necnon
2457 4209 2519 4266 in
2551 4210 2755 4266 eodem
2795 4209 3050 4267 oratorio
3088 4209 3304 4266 obtulit
3331 4208 3621 4282 gabathas
3650 4208 3721 4263 de

437 4321 678 4390 argento
709 4315 932 4379 decem,
966 4329 1210 4384 pensan.
1243 4309 1492 4366 libras...
1527 4309 1926 4366 Verumetiam
1960 4307 2020 4363 in
2052 4307 2454 4382 suprascripto
2487 4307 2741 4365 oratorio
2772 4307 2909 4364 fecit
2937 4312 3125 4364 vestes
3167 4309 3239 4364 de
3289 4307 3532 4363 fundato
3579 4310 3720 4365 tres.

431 4416 714 4472 habentes
743 4412 803 4468 in
845 4411 1042 4467 medio
1074 4425 1278 4465 cruces
1310 4425 1446 4463 cum
1477 4407 1854 4481 gammadiis,
1887 4412 1947 4462 et
1976 4405 2103 4462 vela
2133 4407 2464 4462 duodecim.

506 4512 658 4570 518
701 4509 1019 4566 Prasdictus
1049 4506 1226 4564 etiam
1259 4504 1609 4562 venerabilis
1640 4505 1902 4578 pontifex
1933 4503 2071 4559 fecit
2098 4503 2159 4560 in
2190 4503 2436 4560 basilica
2482 4503 2636 4559 beati
2687 4502 2974 4576 Stephani
3022 4503 3318 4576 pontificis
3360 4501 3454 4560 via
3510 4500 3715 4558 Latina

429 4608 704 4668 milliario
733 4606 902 4663 tertio
947 4610 1170 4662 vestem
1220 4604 1291 4660 de
1322 4603 1568 4659 fundato
1618 4619 1821 4672 unam,
1853 4619 1991 4659 cum
2036 4618 2208 4658 cruce
2257 4600 2318 4656 in
2369 4599 2582 4670 medio,
2617 4605 2674 4658 et
2701 4600 2828 4657 vela
2879 4619 3000 4658 sex.
3034 4600 3140 4658 Ubi
3173 4600 3386 4658 obtulit
3414 4604 3710 4674 patenum,

425 4715 483 4766 et
513 4707 754 4764 calicem
787 4709 1074 4762 sanctum
1111 4701 1408 4759 modicum
1443 4702 1514 4758 de
1545 4705 1808 4774 argento,
1843 4717 2088 4773 pensan.
2121 4699 2256 4755 libr.
2291 4715 2472 4755 unam
2504 4704 2562 4755 et
2587 4698 2788 4756 semis.
2821 4698 3048 4756 Obtulit
3101 4700 3278 4755 etiam
3327 4697 3710 4755 beatissimus

427 4805 642 4880 praesul
672 4805 730 4860 in
763 4801 1010 4859 ecclesia
1042 4800 1194 4857 beati
1225 4799 1511 4873 principis
1540 4798 1941 4871 apostolorum
1973 4795 2346 4853 tburibulum
2377 4797 2449 4852 de
2479 4801 2723 4870 argento
2753 4801 3033 4854 exaurato
3067 4796 3453 4870 apostolicum
3483 4794 3711 4870 legente

427 4921 642 4960 nomen
674 4899 898 4958 domini
933 4899 1143 4956 Leonis
1173 4897 1366 4971 quarti
1398 4914 1582 4970 papae,
1615 4913 1781 4969 pens.
1815 4895 1996 4951 libras
2027 4898 2298 4968 quatuor.
2328 4894 2438 4952 Ubi
2469 4893 2648 4950 etiam
2680 4893 2737 4950 in
2770 4895 3024 4952 oratorio
3071 4895 3229 4951 beati
3263 4893 3521 4968 Gregorii
3565 4910 3708 4950 con-

423 5001 666 5058 fesseris
695 5004 870 5072 atque
895 4997 1190 5072 pontificis
1221 4995 1355 5051 fecit
1385 5000 1606 5051 vestem
1640 4993 1710 5050 de
1739 4994 1983 5050 fundato
2015 5010 2150 5049 cum
2183 4991 2560 5066 gammadiis,
2595 4996 2652 5049 et
2682 5009 2916 5050 crucem
2946 5010 3016 5049 ex
3046 4997 3289 5066 argento
3319 4995 3474 5050 texto
3503 5007 3706 5048 unam.

424 5098 709 5156 Similiter
738 5096 818 5152 ibi
852 5097 977 5168 ipse
1008 5095 1066 5150 in
1099 5093 1350 5150 oratorio
1384 5091 1540 5148 beati
1571 5091 1830 5165 pasto-is
1861 5090 2137 5164 martyris
2175 5093 2398 5146 vestem
2439 5090 2566 5164 pari
2617 5091 2792 5148 modo
2844 5091 2980 5148 fecit
3025 5107 3228 5148 unam.
3260 5090 3496 5147 Necnon
3543 5093 3601 5146 et
3646 5087 3705 5144 in

420 5195 674 5252 oratorio
723 5195 904 5251 beatae
953 5193 1053 5250 Dei
1105 5191 1440 5259 Genitricis,
1471 5208 1600 5263 qua:
1648 5189 1888 5262 ponitur
1937 5189 2008 5244 ad
2055 5189 2390 5257 ambonem,
2425 5189 2630 5245 eodem
2681 5189 2856 5246 modo
2888 5189 3026 5245 fecit
3054 5193 3275 5245 vestem
3309 5205 3510 5245 unam.
3543 5187 3615 5243 Et
3644 5185 3702 5242 in

417 5295 668 5352 oratorio
699 5298 913 5350 sanctae
945 5298 1002 5347 et
1033 5289 1478 5362 superexaltatae
1509 5288 1702 5345 crucis
1737 5289 1874 5343 fecit
1902 5292 2123 5343 vestem
2147 5287 2326 5344 simili
2360 5288 2534 5344 modo
2561 5305 2764 5344 unam.
2799 5287 3036 5346 Necnon
3069 5293 3127 5345 et
3153 5287 3213 5344 in
3246 5287 3520 5356 oratorio,
3545 5285 3699 5359 quod

311 5393 381 5450 40
419 5393 658 5467 ponitur
689 5392 759 5447 ad
791 5390 1032 5458 fontem,
1068 5389 1204 5445 fecit
1233 5387 1506 5444 similiter
1531 5391 1750 5443 vestem
1785 5403 1984 5453 unam,
2017 5389 2076 5442 et
2101 5385 2227 5442 vela
2255 5386 2326 5443 de
2357 5385 2745 5460 quadrapulo.

490 5491 642 5547 519
685 5489 814 5560 Ipse
843 5503 980 5543 vero
1011 5485 1359 5542 venerabilis
1381 5490 1437 5541 et
1461 5483 1776 5558 praeclarus
1808 5483 2068 5557 pontifex
2099 5483 2232 5538 fecit
2261 5481 2322 5539 in
2353 5482 2598 5540 ecclesia
2628 5490 2967 5540 sanctorum
2993 5488 3248 5556 quatuor
3277 5484 3696 5540 Coronatorum

419 5604 597 5660 super
629 5585 811 5642 altare
845 5585 1068 5655 majore
1094 5589 1316 5640 vestem
1350 5583 1422 5638 de
1454 5582 1698 5638 fundato
1728 5598 1865 5637 cum
1892 5598 2063 5636 cruce
2085 5581 2145 5636 in
2171 5581 2367 5637 medie
2399 5586 2456 5637 et
2485 5582 2878 5654 gammadias,
2912 5587 2970 5639 et
2999 5583 3058 5638 in
3083 5599 3225 5656 gyro
3256 5580 3455 5637 listam
3477 5582 3550 5639 de
3575 5581 3700 5639 fun-

425 5684 558 5738 dato
610 5699 814 5739 unam.
848 5681 954 5738 Ubi
1006 5699 1187 5754 supra
1215 5681 1274 5736 in
1306 5678 1559 5736 oratorio
1608 5684 1820 5735 sanctae
1862 5678 2130 5734 Barbarae
2182 5678 2456 5736 similiter
2499 5679 2637 5736 fecit
2676 5685 2899 5738 vestem
2932 5681 3004 5737 de
3037 5681 3280 5737 fundato
3309 5696 3513 5736 unam.
3545 5680 3617 5736 Et
3642 5680 3697 5734 in

419 5781 670 5836 oratorie
703 5778 890 5835 sancti
923 5778 1069 5833 Sixti
1100 5779 1304 5834 eodem
1337 5777 1472 5832 fecit
1501 5781 1724 5833 vestem
1754 5777 2045 5833 unam.Et
2068 5775 2126 5831 in
2151 5777 2402 5834 oratorio
2425 5777 2612 5833 sancti
2634 5778 2854 5835 Nicolai
2873 5777 3148 5834 similiter
3161 5777 3296 5834 fecit
3325 5781 3547 5834 vestem
3564 5793 3695 5835 cum

346 5871 382 5926 5
421 5875 619 5944 aquila
664 5891 804 5930 una.
837 5875 1072 5930 Necnon
1103 5882 1161 5932 et
1189 5876 1248 5931 in
1278 5874 1524 5931 ecclesia
1561 5874 1765 5931 eadem
1817 5873 1954 5929 fecit
1997 5874 2287 5930 cortinam
2339 5875 2555 5933 lineam
2597 5893 2736 5935 cum
2774 5894 2947 5934 cruce
2995 5877 3056 5933 in
3106 5875 3319 5946 medio,
3353 5879 3410 5933 et
3459 5875 3520 5932 in
3557 5892 3694 5951 gyro

420 5966 620 6023 listam
651 5970 726 6023 de
758 5967 999 6024 fundato
1025 5970 1184 6027 miras
1214 5970 1658 6044 magnitudinis.
1696 5971 1814 6028 Piis
1843 5969 2129 6040 moribus,
2161 5970 2255 6027 his
2287 5972 2589 6046 sacrisque
2617 5979 2968 6049 perornatus
2996 5973 3271 6050 operibus
3299 5991 3456 6052 papa
3483 5972 3693 6032 obtulit

419 6060 483 6119 in
514 6062 728 6138 saepius
760 6068 1084 6126 memorata
1113 6083 1292 6141 quam
1321 6066 1508 6126 fretus
1539 6083 1738 6128 amore
1775 6067 2122 6128 fundaverat
2149 6067 2285 6130 aula
2313 6073 2592 6149 patenam
2622 6088 2693 6134 ex
2721 6078 2961 6152 argento
2990 6072 3334 6155 purissimo,
3366 6089 3546 6136 aureo
3583 6090 3687 6134 su-
