3922 6434
187 250 339 337 1317
946 246 1332 325 HISTORIA
1374 244 1477 306 DE
1520 244 1725 307 VITIS
1773 245 1962 306 ROM.
2010 244 2240 305 PON'I‘.
2275 277 2352 288 —
2388 246 2454 307 S.
2502 245 2648 305 LEO
2693 244 2796 307 IV.
3442 246 3599 307 1318

325 380 738 454 perinductam
770 378 981 445 colore,
1014 395 1148 435 cum
1180 379 1371 434 crucis
1404 383 1615 450 tropaeo
1647 376 2080 448 Salvatorisquc
2110 375 2320 448 efﬁgie,
2372 381 2703 448 sanctaequc
2759 376 2859 431 Dei
2910 376 3219 433 Genitricis
3267 383 3323 432 et
3370 384 3599 435 sancto-

327 494 463 535 rum
494 476 894 551 apostolorum
929 476 1173 551 pulchro
1204 476 1498 532 schemate
1528 477 1881 541 decoratum,
1921 492 2164 547 pensan.
2196 474 2378 529 libras
2428 478 2681 546 septem;
2717 474 2988 530 similiter
3043 474 3283 531 calicem
3336 480 3604 532 sanctum

219 578 285 633 10
327 593 589 648 auroque
622 575 925 649 perfusum
960 574 1489 647 Evangelistal'um,
1525 574 1832 627 hahcnlem
1871 573 2122 642 iconam,
2155 576 2209 627 et
2242 590 2495 640 crucem,
2530 591 2692 644 pens.
2730 572 2909 627 libras
2951 577 3231 644 quatuor;
3269 591 3493 630 necnon
3541 592 3608 631 ex

329 678 573 747 argento
604 671 923 745 purissimo
955 672 1304 727 cantharum
1338 676 1704 737 exauratum,
1729 669 1786 723 in
1819 686 1934 741 quo
1966 669 2333 741 signaculum
2364 669 2423 723 in
2454 668 2701 724 circuitu
2735 671 3078 742 depressum
3112 670 3370 726 cernitur
3399 671 3607 739 crucis,

332 788 469 826 cum
502 769 920 844 prophetarum
954 770 1281 842 efﬁgiebus,
1316 768 1760 840 beatissimique
1793 767 2069 839 Stephani
2103 766 2277 838 primi
2309 766 2584 839 martyris
2629 766 2835 836 icoua;
2867 772 3270 823 verumtamen
3322 773 3379 824 et
3428 768 3610 824 thuri-

332 869 542 926 bizlum
573 886 642 925 ex
671 873 912 941 argento
945 868 1339 923 mundissimo
1371 852 1761 939 apostolicum
1792 881 1974 920 unum
2006 882 2019 932 ;
2052 865 2335 937 gabathas
2368 866 2438 920 ad
2472 865 2719 921 nitorem
2751 864 2937 937 ipsius
2966 883 3073 921 ven
3096 866 3308 921 ‘randac
3360 866 3612 923 basilica:

339 969 650 1023 exauratas
681 968 956 1037 quatuor,
989 981 1154 1037 pens.
1190 964 1420 1036 pondus
1449 963 1700 1018 duarum
1734 962 1914 1017 semis
1945 961 2251 1016 librarum.
2486 995 2530 1027 ς

412 1064 564 1121 520
616 1062 714 1118 llis
752 1062 1031 1119 omnibus
1078 1061 1162 1117 ita
1209 1062 1412 1133 gestis,
1464 1060 1891 1116 confessionem
1944 1076 2079 1114 cum
2133 1076 2297 1115 sacro
2347 1058 2517 1115 altari
2566 1059 2857 1132 argenteis
2907 1060 3123 1116 tabulis
3155 1077 3399 1133 pcnsan.
3433 1062 3615 1118 libras

337 1160 659 1235 nonaginta
687 1164 745 1216 et
775 1163 892 1215 tres
924 1159 1235 1226 decoravit,
1267 1163 1722 1230 sanctorumque
1755 1157 2061 1227 efﬁgicbus
2093 1157 2444 1228 perornavit.
2479 1158 2666 1229 Super
2694 1158 2849 1230 quod
2882 1158 3054 1214 etiam
3105 1159 3318 1215 obtulit
3365 1177 3613 1234 reg-num

339 1262 411 1316 de
456 1263 695 1331 argento
745 1256 1065 1330 purissimo
1116 1273 1248 1312 cum
1301 1254 1744 1328 pretioissimis
1788 1254 2059 1327 gemmis,
2094 1254 2318 1310 habens
2365 1254 2424 1309 in
2476 1255 2667 1311 medio
2710 1272 2965 1325 crucem,
3010 1258 3165 1329 quod
3217 1275 3409 1331 usque
3457 1276 3614 1315 nunc

339 1374 516 1431 super
557 1356 761 1413 eodem
808 1355 1059 1427 pendere
1112 1353 1283 1410 altari
1331 1352 1711 1425 conspicitur.
1748 1352 1855 1407 Ubi
1907 1351 2082 1407 etiam
2132 1351 2346 1408 obtulit
2391 1352 2517 1408 vela
2565 1354 2636 1408 de
2687 1353 2928 1409 fundato
2973 1356 3364 1429 quadraginta
3392 1361 3449 1414 et
3479 1358 3614 1415 tria.

266 1460 303 1513 5
342 1458 471 1531 Ipse
500 1472 633 1511 vero
666 1452 880 1526 sapius
910 1456 1271 1508 memoratus
1301 1456 1359 1508 et
1389 1450 1705 1523 praeclarus
1736 1450 1984 1506 antistes
2035 1467 2287 1522 superno
2339 1449 2742 1507 inflammatus
2792 1469 2990 1508 amore
3037 1453 3248 1509 obtulit
3295 1455 3353 1510 in
3409 1473 3617 1513 mona-

343 1554 522 1611 sterio
552 1551 739 1609 sancti
773 1549 1035 1607 Silvestri
1068 1550 1342 1622 santique
1368 1549 1659 1606 Benedicti
1693 1553 1749 1603 et
1779 1553 1990 1603 sanctae
2024 1548 2417 1613 Scholasticaa,
2450 1550 2602 1621 quod
2656 1555 3031 1622 nuncupatur
3078 1552 3186 1607 sub
3220 1553 3393 1622 Lacu,
3428 1560 3619 1612 vestes

349 1653 421 1708 de
450 1650 693 1706 fundato
725 1653 863 1715 tres,
894 1652 951 1703 et
980 1646 1106 1704 vela
1151 1647 1421 1703 similiter
1464 1648 1533 1702 dc
1586 1647 1828 1702 fundato
1878 1651 2124 1718 septem.
2161 1645 2317 1701 Fecit
2364 1646 2539 1701 etiam
2591 1646 2759 1709 idem
2791 1647 3169 1704 beatissimus
3220 1668 3456 1722 prases,
3488 1657 3622 1725 post

346 1746 838 1821 depraedationem
871 1747 1294 1802 Saracenorum
1326 1744 1384 1800 in
1413 1743 1658 1801 ecclesia
1690 1743 1842 1799 beati
1891 1743 2043 1799 Petri
2096 1743 2343 1815 apostoli
2389 1744 2733 1801 cruciﬁxum
2784 1745 2944 1801 mira:
2997 1747 3445 1819 magnitudinis,
3479 1768 3621 1806 con-

346 1850 639 1903 structum
674 1861 808 1901 cum
840 1843 1093 1916 gemmis
1143 1842 1542 1915 hyacinthinis
1591 1842 1662 1897 de
1710 1845 1947 1914 argento
1997 1840 2334 1914 purissimo,
2371 1846 2736 1911 exauratum,
2772 1860 2937 1915 pens.
2971 1843 3105 1900 libr.
3140 1847 3530 1919 septuaginta,
3567 1854 3624 1905 et

240 1946 308 2001 10
346 1944 493 2000 alias
524 1959 792 2016 gemmas
822 1941 987 1997 albas
1020 1946 1267 2012 septem,
1302 1942 1585 2011 majorem
1616 1957 1817 1995 unam.

424 2041 569 2097 621
605 2040 686 2095 Ea
719 2039 882 2103 item,
915 2055 1041 2111 qua:
1073 2038 1225 2093 inter
1256 2042 1460 2093 caetera
1491 2055 1592 2110 per
1620 2037 1978 2094 sanctissimi
2015 2036 2282 2108 prmsulis
2313 2036 2585 2093 assiduas
2615 2056 2815 2110 preces
2846 2057 2913 2096 ac
2961 2039 3249 2114 lacrymas
3297 2061 3331 2099 a
3379 2044 3626 2101 Domino

348 2137 654 2195 exauditae
686 2136 1035 2191 duodecima
1065 2135 1374 2190 insistente
1405 2134 1723 2189 indictione
1756 2134 2101 2189 mirabiliter
2128 2138 2259 2190 acta
2288 2134 2374 2190 vel
2405 2140 2569 2207 gesta
2593 2140 2883 2204 sunt,non
2916 2138 3201 2195 inutiliter
3215 2144 3533 2213 agemus,si
3553 2145 3627 2199 ob

350 2242 631 2292 aeternam
665 2233 1010 2289 memoriam
1044 2232 1179 2288 huic
1212 2232 1370 2305 operi
1404 2231 1617 2287 clarius
1649 2231 1902 2287 inserere
1933 2232 2278 2287 studeamus
2313 2248 2326 2285 :
2362 2236 2427 2287 ut
2458 2238 2687 2304 quanta:
2720 2235 3048 2292 sanctitatis
3077 2237 3136 2292 in
3159 2238 3267 2294 hac
3299 2258 3631 2298 mrumnosa

353 2336 477 2390 vita
504 2333 594 2389 vir
622 2333 732 2388 iste
761 2330 1072 2397 exstiterit,
1095 2335 1412 2403 prazscntes
1441 2334 1615 2401 atque
1647 2329 1827 2385 futuri
1861 2330 2090 2385 facilius
2119 2314 2725 2404 agnoscanLDenique
2754 2338 2887 2404 post
2917 2336 3233 2393 nefandum
3252 2337 3629 2411 etlugubrcm

284 2437 322 2490 5
359 2432 641 2504 omnique
672 2429 905 2504 plenam
939 2428 1175 2484 miseria
1208 2430 1629 2484 Saracenorum
1663 2427 2371 2500 depraedationem,quam
2404 2428 2465 2484 in
2496 2429 2685 2501 primo
2715 2431 3105 2488 Ecclesiarum
3140 2436 3403 2491 omnium
3423 2438 3630 2510 capite,

366 2534 573 2588 sancta
601 2527 833 2585 Scilicet
857 2527 1122 2583 Romana
1150 2525 1665 2593 Ecclesia,hortatu
1696 2525 1982 2581 diabolico
2005 2526 2686 2598 peregerunt,voluerunt
2708 2528 2918 2584 iterum
2936 2529 3287 2602 ipsiSatanaa
3302 2533 3402 2588 ﬁlii
3421 2535 3637 2592 similia

366 2629 429 2685 in
461 2628 756 2683 Romanos
786 2625 932 2680 ﬁnes
965 2628 1023 2680 et
1047 2622 1350 2679 ecclesiam
1381 2622 1967 2694 beatissimiapostoli
1984 2623 2131 2677 Petri
2158 2629 2222 2677 ut
2238 2623 2375 2678 olim
2397 2624 2612 2679 damna
2630 2624 2925 2691 inferre,et
2942 2627 3410 2687 deindevictores
3429 2632 3638 2689 adloca

371 2725 589 2798 quibus
619 2723 835 2797 egressi
870 2722 1106 2777 fuerunt
1138 2738 1423 2787 remeare;
1459 2721 1559 2776 sed
1592 2738 1734 2776 cura
1759 2737 1825 2775 ac
1857 2721 2052 2776 studio
2086 2721 2303 2776 summi
2336 2722 2714 2794 prrefulgente
2743 2728 2917 2795 atque
2946 2724 3222 2797 vigilante
3249 2730 3501 2800 pastoris
3519 2730 3639 2787 haec

369 2822 611 2880 minime
641 2821 916 2894 perﬁcere
943 2819 1499 2892 potuerunt.’l‘amen
1533 2821 1597 2873 ut
1626 2817 1827 2873 ﬁdeles
1858 2819 1918 2872 in
1950 2819 2197 2876 Domino
2228 2818 2482 2890 amplius
2499 2820 2788 2876 ﬁdeliores
2810 2822 2943 2891 jure
2957 2824 3642 2902 existant,etilliussigna

257 2924 328 2978 10
367 2938 433 2977 ac
462 2919 793 2977 veneranda
822 2917 1107 2973 miracula
1135 2934 1203 2971 ex
1233 2916 1526 2972 veteribus
1558 2916 1782 2971 noviter
1796 2932 2101 2970 emanasse
2132 2933 2248 2970 non
2280 2916 2910 2989 dubitent,aprincipio
2925 2918 3290 2976 retinendum
3311 2924 3554 2995 estquid
3568 2927 3639 2981 de

367 3018 455 3075 eis
483 3017 679 3073 divina
709 3017 912 3072 eodem
944 3019 1203 3087 tempore
1230 3013 1634 3069 misericordia
1664 3012 2079 3069 miserabiliter
2103 3014 2242 3086 egit,
2276 3013 2633 3085 quantisque
2679 3014 2932 3071 miseriis
2981 3021 3156 3089 atque
3204 3018 3640 3079 calamitatibus

367 3133 512 3190 gens
542 3113 644 3171 illa
672 3113 948 3187 pestifera
979 3113 1185 3169 merito
1216 3112 1462 3184 protrita
1490 3111 1718 3182 dilapsa
1742 3114 1847 3166 est.
1884 3110 2273 3177 Quamobrem
2306 3109 2623 3181 pristinum
2655 3112 3099 3170 reminiscentes
3119 3114 3350 3173 lucrum
3380 3118 3466 3174 vel
3500 3137 3640 3193 prm-

374 3214 511 3268 dam
543 3230 723 3285 quam
756 3212 1033 3277 fecerant,
1067 3208 1457 3282 multiplicata
1487 3209 1700 3265 iterum
1727 3225 2126 3281 perversorum
2160 3206 2467 3263 hominum
2500 3225 2700 3277 manu,
2736 3209 3055 3283 multisque
3102 3228 3236 3269 cum
3269 3216 3517 3275 navibus
3564 3222 3638 3276 ad

374 3311 581 3367 urbem
611 3309 1061 3383 expugnandam
1094 3308 1419 3363 Romanam
1452 3305 1800 3361 duodecima
1826 3305 2146 3361 indictione
2174 3305 2403 3378 vigente
2428 3306 2624 3361 venire
2655 3306 2966 3363 crudeliter
2993 3309 3392 3370 decreverunt.
3418 3315 3644 3374 Multis-

269 3413 338 3467 15
377 3426 490 3482 que
520 3408 699 3465 etiam
726 3407 936 3463 diebus
965 3405 1025 3461 in
1056 3405 1208 3473 loco,
1239 3404 1342 3477 qui
1375 3404 1660 3459 Tozarum
1692 3403 1927 3469 dicitur,
1950 3404 2125 3474 juxta
2153 3402 2408 3458 insulam
2442 3404 2723 3460 Sardinia:
2771 3406 3053 3462 demorati
3104 3413 3263 3464 sunt.
3293 3412 3339 3465 A
3388 3429 3507 3485 qua
3554 3416 3641 3471 di-

377 3505 565 3581 gressi
597 3505 928 3561 Romanum
959 3508 1218 3576 portum,
1252 3502 1367 3558 Deo
1398 3500 1529 3557 illos
1558 3518 1674 3556 non
1704 3501 2037 3573 adjuvante,
2072 3499 2218 3557 inire
2246 3500 2438 3556 conati
2470 3504 2630 3558 sunt.

458 3603 609 3661 522
635 3606 894 3669 Quorum
926 3600 1166 3673 iniquus
1196 3616 1262 3655 ac
1291 3599 1579 3655 nefandus
1609 3598 1894 3654 adventus
1926 3599 2219 3654 Romanos
2250 3615 2366 3653 non
2400 3598 2771 3656 mediocriter
2798 3602 3025 3657 terruit.
3048 3603 3158 3660 Sed
3178 3606 3643 3677 quiaEcclesiam

379 3719 552 3758 suam
587 3701 736 3757 Deus
767 3698 1139 3771 omnipotens
1170 3713 1401 3768 semper
1430 3694 1767 3751 inviolatam
1799 3695 2196 3763 custodivit,et
2226 3696 2499 3768 deinceps
2522 3697 2813 3755 custodire
2833 3716 2950 3754 non
2972 3700 3209 3771 desinit,
3224 3705 3491 3762 excitavit
3506 3712 3648 3765 tunc

378 3801 534 3856 inter
562 3802 800 3855 caeteros
830 3796 1095 3852 omnium
1128 3792 2161 3866 Neapolitarum,Amalphitanorum,
2186 3795 2711 3867 Cajetanorumque
2742 3797 2938 3864 corda,
2963 3802 3028 3854 ut
3054 3816 3173 3855 una
3201 3817 3334 3857 cum
3369 3804 3651 3866 Romanis
3705 3800 3725 3814 ’

378 3901 585 3954 contra
616 3912 715 3952 eos
744 3894 1046 3967 insurgere
1078 3911 1143 3950 ac
1174 3893 1453 3948 dimicare
1482 3891 1709 3947 fortiter
1738 3891 2461 3948 debuissent.Moxetenim
2480 3891 2667 3949 alocis
2682 3895 3165 3969 prepriisegressi
3185 3902 3650 3963 anteSaracenos

305 3998 344 4052 5
381 3991 758 4066 inutiles,ipsi
778 4009 912 4048 cum
928 3993 1052 4048 suis
1072 3991 1317 4046 navibus
1336 3990 1763 4061 conjunxerunt
1776 3989 2174 4061 (a),suumque
2190 3988 2560 4061 repentinum
2574 3990 2886 4046 adventum
2899 3992 3240 4052 beatissimo
3262 3997 3427 4054 Leoni
3443 4009 3652 4073 quarto

382 4091 643 4166 pontiﬁci
676 4095 880 4146 notum
912 4090 1175 4144 iecerunt
1207 4106 1220 4144 :
1254 4093 1310 4144 et
1338 4088 1495 4160 quod
1528 4105 1589 4144 se
1617 4086 1691 4142 ob
1726 4086 1904 4142 ullam
1936 4103 2059 4141 rem
2090 4086 2319 4142 venisse
2348 4085 2525 4142 aliam
2556 4091 2697 4142 sunt
2726 4089 2993 4160 professi,
3027 4090 3138 4145 nisi
3188 4097 3251 4147 ut
3299 4095 3369 4150 de
3408 4100 3653 4170 paganis

384 4189 632 4246 Domino
664 4187 979 4244 auxiliante
1008 4186 1257 4242 victores
1286 4186 1789 4242 existerent.Tunc
1819 4185 2057 4240 demum
2088 4183 2437 4240 venerabilis
2466 4202 2619 4257 papa
2650 4184 2979 4257 aliquantos
2997 4203 3064 4242 ex
3078 4188 3164 4244 eis
3197 4190 3360 4260 prius
3377 4194 3448 4248 ad
3469 4212 3530 4250 se
3550 4196 3657 4252 Ro-

389 4305 548 4343 mam
582 4286 775 4342 venire
804 4283 1302 4357 praecepit,volens
1332 4282 1662 4355 specialiter
1686 4282 1834 4338 scire
1865 4283 1939 4338 ab
1972 4282 2057 4338 eis
2087 4282 2135 4338 si
2166 4299 2369 4337 eorum
2398 4280 2680 4354 paciﬁcus
2710 4290 2864 4340 esset
2898 4285 3181 4342 adventus
3209 4286 3299 4342 vel
3329 4291 3655 4357 non,sicuti

388 4390 445 4441 et
473 4386 695 4440 factum
724 4387 833 4440 est.
868 4383 1022 4439 Inter
1051 4400 1200 4455 quos
1231 4387 1371 4437 tunc
1404 4381 1559 4437 ﬁlius
1590 4380 1776 4453 Sergii
1806 4380 2070 4453 magistri
2104 4380 2491 4451 militum,qui
2522 4384 2647 4435 erat
2675 4380 2978 4438 ordinatus
3006 4399 3183 4455 super
3207 4386 3658 4455 exercitum,no-

283 4484 353 4539 10
392 4482 550 4538 mine
580 4479 888 4548 Caesarius,
921 4478 1173 4545 advenit,
1207 4496 1355 4550 quos
1386 4478 1635 4551 benigne
1662 4477 1723 4533 in
1751 4477 1968 4551 palatio
2002 4478 2377 4534 Lateranensi
2409 4476 2737 4550 suscipiens
2778 4495 3017 4534 causam
3061 4496 3164 4552 pro
3213 4497 3329 4553 qua
3374 4492 3661 4542 venerunt

391 4577 694 4650 inqusivit.
727 4576 815 4632 Illi
847 4580 1044 4632 autem
1076 4576 1148 4632 ob
1180 4574 1340 4631 aliud
1372 4593 1488 4631 non
1520 4575 1748 4632 venisse
1779 4575 1975 4631 testati
2007 4579 2166 4643 sunt,
2201 4574 2316 4631 nisi
2361 4576 2433 4630 ob
2481 4574 2590 4630 hoc
2636 4575 2793 4647 quod
2841 4592 3020 4649 super
3075 4576 3290 4649 legitur
3333 4587 3657 4642 exaratum.

392 4678 651 4744 Quarum
685 4675 817 4747 pius
847 4673 1202 4748 apostolicus
1228 4672 1503 4729 credulus
1532 4673 1723 4729 verbis
1754 4690 1889 4728 cum
1922 4689 2135 4746 magno
2166 4676 2524 4728 armatorum
2556 4673 2857 4745 procinctu
2888 4690 3021 4729 mox
3037 4676 3109 4730 ad
3123 4676 3412 4733 civitatem
3434 4678 3658 4736 Ostiam

393 4772 1071 4848 properavit,omnesque
1101 4770 1512 4844 Neapolitanos
1544 4771 1750 4844 grandi
1783 4774 1959 4842 atque
1989 4770 2202 4825 eximia
2233 4770 2535 4825 devotione
2548 4770 3335 4842 suscepit.Quiutsummum
3350 4776 3661 4847 praesulem

394 4873 842 4943 conspexerunt,
879 4870 1054 4942 pedes
1084 4870 1214 4941 ejus
1244 4868 1424 4924 humo
1456 4868 1731 4941 prostrati
1757 4867 2116 4924 venerabiles
2146 4871 2286 4922 sunt
2315 4866 2924 4941 osculati,gratiasque
2953 4869 3337 4942 omnipotenti
3369 4872 3663 4931 atithrono

288 4973 357 5028 15
395 4968 740 5037 retulerunt,
774 4967 876 5040 qui
908 4967 980 5022 ad
1011 4984 1072 5023 se
1102 4966 1515 5023 confortandos
1546 4965 1723 5022 talem
1754 4965 2005 5038 dirigere
2033 4964 2284 5021 decrevit
2311 4964 2653 5021 antistitem.
2687 4964 2796 5031 Qui
2828 4971 2892 5021 ut
2921 4965 3192 5024 meliores
3221 4968 3293 5025 de
3324 4968 3496 5025 Belial
3526 4971 3665 5030 ﬁliis

394 5068 642 5124 victores
673 5066 1387 5138 existerent,summopere
1410 5064 1701 5138 deprecati
1736 5068 1874 5121 sunt
1906 5067 1967 5119 ut
1998 5064 2069 5118 de
2100 5063 2225 5119 suis
2257 5062 2439 5119 sacris
2474 5062 2972 5137 manibuscorpus
2990 5064 3358 5122 Dominicum
3372 5067 3667 5140 percipere

397 5164 776 5221 meruissent.
810 5162 1033 5230 Quibus
1063 5180 1160 5219 ore
1190 5179 1297 5218 suo
1333 5162 1578 5219 missam
1611 5162 1671 5218 in
1703 5161 1947 5217 ecclesia
1978 5161 2156 5216 beate:
2184 5162 2383 5216 Aurem
2415 5161 2762 5227 decantavit,
2781 5166 2956 5234 atque
2987 5162 3239 5220 universi
3272 5181 3341 5219 ex
3387 5164 3568 5231 illius,
3602 5172 3669 5223 ut

402 5263 625 5339 dictum
660 5259 1059 5328 est,manibus
1090 5260 1563 5317 communionem
1598 5259 2079 5331 sumpserunt.Et
2107 5262 2421 5330 antequam
2452 5258 2575 5313 haec
2606 5258 3024 5330 ﬁerent,usque
3052 5260 3124 5315 ad
3155 5263 3456 5333 praefatam
3494 5262 3672 5320 eccle-

400 5361 552 5418 siam
584 5377 720 5417 cum
751 5358 987 5432 hymnis
1018 5376 1085 5415 ac
1115 5357 1334 5415 litaniis
1360 5357 1718 5429 canticisque
1747 5356 2078 5430 praecipuis,
2110 5355 2286 5412 simul
2318 5373 2453 5412 cum
2485 5356 2631 5428 ipsis
2660 5356 3057 5429 Neapolitanis
3088 5357 3319 5415 Christo
3355 5359 3672 5419 auxiliante

290 5462 362 5516 20
401 5458 699 5532 profectus
732 5456 913 5513 est.In
946 5473 1062 5529 qua
1096 5455 1273 5513 etiam
1305 5454 1468 5512 ﬂexis
1496 5453 1744 5528 genibus
1772 5453 2142 5510 Altissimum
2176 5454 2520 5525 deprecatus
2550 5459 2659 5524 est,
2686 5459 2974 5526 quatenus
3005 5454 3368 5514 orationibus
3398 5456 3522 5514 suis
3548 5458 3675 5532 ipse

399 5553 870 5611 Christianorum
897 5551 1099 5608 hostes
1130 5548 1190 5607 in
1221 5568 1434 5607 manus
1467 5550 1867 5606 resistentium
1898 5550 2127 5606 tradere
2159 5548 2516 5622 dignaretur.

477 5652 630 5709 528
662 5650 851 5723 Super
879 5667 1029 5723 quos
1057 5649 1235 5706 etiam
1270 5648 1474 5706 multis
1504 5665 1640 5705 cum
1671 5647 1946 5721 lacrymis
1976 5648 2129 5704 hanc
2160 5648 2483 5705 orationem
2513 5648 2744 5720 obtulit,
2778 5648 2977 5706 dicens
3009 5666 3022 5705 :
3056 5651 3217 5720 Deus,
3257 5654 3413 5726 cujus
3455 5652 3678 5709 dextera

405 5751 622 5807 beatum
650 5751 874 5804 Petrum
904 5748 1209 5820 apostolum
1230 5747 1603 5803 ambulantem
1633 5748 1690 5802 in
1718 5746 1996 5816 ﬂuctibus,
2046 5763 2115 5801 ne
2158 5755 2515 5816 mergeretur,
2545 5749 2739 5814 erexit,
2772 5756 2822 5804 et
2866 5749 3231 5821 coapostolum
3273 5752 3390 5824 ejus
3441 5751 3680 5806 Paulum

401 5848 562 5905 tertio
591 5847 1020 5917 naufraganlem
1047 5844 1112 5901 de
1134 5843 1408 5917 profundo
1432 5845 1648 5916 pelagii
1677 5843 1952 5913 liberavit,
1981 5842 2189 5899 exaudi
2209 5859 2308 5900 nos
2333 5847 2631 5917 propitius,
2662 5854 2714 5903 et
2757 5845 2999 5917 concede,
3030 5852 3094 5905 ut
3139 5848 3424 5906 amborum
3466 5849 3679 5905 meritis

1454 5949 1704 5997 NOTULE
1742 5947 2127 5997 MARGINALES
2169 5948 2493 5998 FABROTTI.

337 6034 417 6111 (a)
446 6034 911 6111 conjunxerunt,
943 6030 1002 6093 id
1028 6039 1129 6105 est,
1160 6034 1571 6111 pervenerunt.
