3922 6392
265 277 424 341 1323
1441 277 1814 340 ANASTAS]

2137 278 2559 343 l'l‘HECARIl.
3529 278 3686 343 1324

409 411 686 486 martyris
715 411 774 468 in
807 411 978 485 Sylva
1006 410 1268 467 Candida
1296 415 1516 466 vestem
1549 413 1619 467 de
1654 412 2245 479 fundato,liabentem
2278 414 2336 469 in
2370 414 2561 470 medio
2592 430 2826 471 crucem
2853 415 2926 472 de
2955 413 3319 488 periclysi,et
3347 415 3408 472 in
3438 414 3688 472 circuitu

409 511 482 567 de
511 509 788 578 blatthin,
821 509 1047 582 legente
1077 510 1148 565 de
1182 508 1417 565 nomine
1449 509 1648 564 domni
1687 509 1895 565 Leonis
1929 510 2121 582 quarti
2153 527 2337 583 papze.

481 607 628 664 581
667 606 826 664 Fecit
853 605 1029 662 etiam
1058 605 1244 663 isdem
1278 607 1659 663 beatissimus
1691 606 1905 679 praesul
1931 605 1991 662 in
2022 607 2267 664 ecclesia
2298 609 2452 664 beati
2499 608 2816 666 Clementis
2862 587 3134 683 martyris
3178 613 3354 682 atque
3392 609 3691 683 pontificis

408 705 694 780 gabathas
726 705 798 760 de
829 708 1068 778 argento
1098 704 1416 778 purissimo
1448 721 1696 762 numero
1727 711 1990 762 sexztres
2021 706 2261 778 quidem
2291 706 2564 778 ﬁlopares
2596 707 2764 780 signo
2793 707 3105 776 Christi,et
3121 708 3268 764 duas
3284 708 3462 764 etiam
3480 706 3689 764 simili-

408 804 643 860 tudines
671 801 1098 875 palmarum,et
1129 819 1309 858 unam
1341 802 1897 876 interrasilem,quaz
1924 807 2014 860 est
2045 804 2295 870 saxisca,
2312 822 2556 876 pensan.
2579 805 2754 861 simul
2774 805 2956 862 libras
2977 809 3250 878 quatuor.
3270 806 3458 862 Isdem
3483 804 3694 862 beatis-

412 901 600 958 simus
631 904 687 957 et
716 900 1032 973 praeclarus
1062 901 1322 973 pontifex
1344 901 1480 956 fecit
1499 901 1558 956 in
1582 901 1826 957 basilica
1856 901 2008 958 beati
2041 901 2194 958 Petri
2226 903 2476 974 apostoli
2510 903 2816 959 nutritoris
2838 903 2928 958 sui
2947 921 3118 959 arcus
3141 919 3276 958 cum
3305 903 3620 968 columnis,
3634 905 3694 958 et

337 1001 376 1056 5
410 997 551 1054 liliis
583 999 654 1055 de
680 1003 920 1072 argento
951 997 1270 1070 purissimo
1301 1003 1438 1067 tres,
1458 999 1960 1071 pensan.insimul
1992 999 2176 1055 libras
2201 1001 2842 1073 centumetduas.lpse
2872 1001 3110 1074 quidem
3138 1000 3489 1059 venerabilis
3503 1000 3694 1073 ponti-

409 1097 502 1153 fex
524 1096 660 1152 fecit
676 1095 738 1151 in
760 1095 1003 1152 basilica
1035 1096 1222 1152 sancti
1255 1096 1506 1166 Caesarii,
1541 1114 1668 1168 quae
1701 1097 1940 1170 ponitur
1969 1097 2027 1152 in
2053 1098 2388 1163 Terracina,
2418 1103 2640 1154 vestem
2673 1099 2743 1154 de
2775 1099 3140 1172 quadrapulo
3172 1105 3460 1166 ornatam,
3493 1098 3553 1154 in
3585 1097 3693 1154 cir-

408 1195 574 1252 cuitu
595 1195 666 1250 de
686 1193 961 1263 blatthin,
983 1194 1237 1251 habente
1267 1195 1327 1251 in
1363 1195 1556 1250 medio
1582 1212 1814 1251 crucem
1849 1197 1919 1251 de
1949 1195 2342 1268 chrysoclavo,
2379 1196 2606 1269 legente
2633 1197 2704 1252 de
2732 1197 2970 1252 nomine
3001 1197 3224 1252 domini
3253 1197 3462 1255 Leonis
3493 1195 3690 1269 quarti

406 1293 844 1368 papae.Necnon
865 1293 1001 1349 etin
1018 1293 1263 1350 basilica
1291 1293 1442 1350 beati
1477 1292 1627 1350 Petri
1659 1293 1905 1366 apostoli
1939 1293 2071 1350 fecit
2102 1311 2274 1350 arcus
2291 1295 2362 1350 de
2385 1299 2627 1369 argento
2654 1295 2974 1368 purissimo
2991 1311 3124 1352 cum
3144 1295 3436 1352 columnis
3465 1299 3523 1350 et
3549 1293 3692 1350 liliis

406 1409 654 1450 numero
683 1396 822 1460 tres,
856 1410 1019 1465 pens.
1055 1391 1238 1448 libras
1269 1393 1591 1464 sexaginta.
1628 1391 1781 1446 Fecit
1809 1396 1866 1446 et
1896 1391 1952 1446 in
1987 1391 2234 1448 ecclesia
2263 1395 2476 1448 sanctze
2509 1393 2610 1448 Dei
2642 1392 2954 1449 Genitricis
2977 1393 3195 1461 Mariae,
3215 1411 3342 1466 quae
3373 1393 3617 1466 ponitur
3633 1392 3695 1448 in

299 1494 368 1550 10
404 1491 635 1549 civitate
667 1489 991 1558 Portuensi,
1025 1494 1245 1546 vestem
1278 1491 1350 1546 de
1383 1490 1654 1562 spanisco
1689 1495 2170 1556 unam,ornatam
2205 1491 2266 1546 in
2297 1491 2548 1548 circuitu
2579 1493 2652 1548 de
2684 1493 3020 1560 fundato,et
3050 1492 3108 1547 in
3142 1492 3335 1548 medio
3368 1506 3601 1547 crucem
3619 1490 3694 1547 de

407 1592 688 1664 argento;
721 1587 995 1645 similiter
1023 1587 1149 1644 vela
1171 1588 1243 1644 de
1275 1589 1568 1661 spanisco,
1601 1592 1806 1644 ornata
1835 1588 1896 1643 in
1928 1587 2179 1644 circuitu
2211 1590 2282 1644 de
2315 1590 2556 1645 fundato
2585 1606 2830 1646 numero
2861 1589 3001 1646 tria:
3037 1589 3137 1646 sed
3168 1594 3226 1646 et
3256 1588 3491 1646 tabulas
3507 1588 3579 1644 de
3596 1605 3691 1644 ar-

405 1691 578 1762 gento
608 1685 1013 1754 exauratas,in
1027 1687 1213 1759 gradu
1245 1691 1381 1742 ante
1413 1685 1836 1742 confessionem
1867 1686 2021 1742 beati
2055 1686 2204 1742 Petri
2237 1687 2482 1760 apostoli
2518 1703 2764 1743 numero
2794 1691 3068 1760 quatuor,
3097 1693 3152 1743 et
3184 1703 3368 1761 agnos
3398 1685 3688 1758 duos,qui

404 1802 649 1859 pensan.
665 1783 1100 1840 librasinsimul
1116 1784 1510 1856 quadraginta
1525 1790 1582 1840 et
1599 1789 1871 1857 quatuor.
1893 1784 2140 1853 Obtulit,
2157 1785 2257 1840 ubi
2281 1803 2346 1840 su
2357 1803 2480 1858 pra,
2497 1803 2742 1842 coronas
2762 1785 3200 1859 porphyreticas
3222 1783 3384 1840 mirae
3397 1782 3692 1856 magnitu-

402 1883 560 1940 dinis
588 1888 826 1940 ornatas
854 1899 923 1938 ex
953 1899 1096 1937 auro
1127 1882 1450 1954 purissimo
1482 1899 1618 1938 cum
1651 1882 1944 1955 delphinis
1977 1882 2556 1957 duodecim,legente
2573 1885 2642 1939 de
2662 1883 2899 1940 nomine
2923 1884 3110 1957 ipsius
3133 1883 3370 1938 almifici
3395 1881 3686 1955 praesulis,

303 1984 367 2038 t5
404 1999 649 2054 pensan.
673 1980 834 2037 auris
855 1979 1036 2036 libras
1065 1984 1186 2036 tres
1214 1983 1272 2035 et
1302 1979 1751 2049 semis;necnon
1781 1985 1839 2036 ct
1871 1997 2043 2037 arcus
2069 1981 2140 2037 de
2170 1990 2408 2053 argento
2440 1981 2762 2054 purissimo
2793 1999 3038 2038 numero
3069 1982 3292 2049 decem,
3318 1981 3416 2053 qui
3442 1995 3685 2052 peusan.

402 2079 582 2137 simul
609 2079 672 2134 in
701 2095 889 2135 unum
919 2077 1101 2135 libras
1132 2081 1367 2134 centum
1399 2079 1736 2151 octuaginta
1761 2082 1820 2134 et
1853 2095 2029 2134 unam
2056 2096 2070 2135 :
2095 2084 2153 2136 et
2182 2079 2307 2135 vela
2335 2078 2510 2151 linea,
2536 2097 2662 2152 quae
2687 2081 2944 2152 pendent
2973 2079 3030 2134 in
3065 2077 3458 2147 arcubus,ubi
3485 2093 3687 2150 supra,

397 2181 604 2234 ornata
633 2177 692 2232 in
724 2177 976 2232 circuitu
1007 2177 1077 2232 de
1109 2176 1352 2232 fundato
1383 2194 1630 2232 numero
1661 2177 2052 2250 quadraginta
2083 2182 2232 2233 octo.

474 2277 633 2334 582
663 2276 864 2334 Dicere
897 2293 1053 2332 nunc
1079 2279 1212 2350 post
1241 2277 1512 2332 universa
1542 2293 1668 2348 quae
1700 2275 2077 2348 retroscripta
2102 2282 2241 2332 sunt
2271 2276 2433 2346 libet,
2465 2282 2812 2350 aeternaeque
2845 2277 3138 2332 memoriae
3170 2276 3560 2350 praesentibus
3583 2273 3690 2330 lit-

397 2374 541 2432 teris
570 2374 824 2431 enodare
853 2391 982 2447 quas
1013 2373 1100 2430 vel
1131 2377 1354 2446 quanta
1381 2373 1782 2446 permaximus
1803 2390 1870 2430 ac
1885 2374 2238 2432 venerabilis
2265 2375 2478 2448 praasul
2511 2375 2708 2433 solerti
2737 2376 2952 2449 pioque
2981 2375 3176 2431 studio
3209 2391 3314 2448 pro
3347 2371 3690 2430 defensione

399 2472 684 2530 universae
714 2472 923 2529 matris
952 2471 1242 2540 Ecclesiae,
1273 2471 1400 2528 zelo
1427 2471 1648 2528 scilicet
1676 2477 2066 2546 compunctus
2097 2472 2314 2545 divino,
2346 2473 2499 2529 infra
2527 2489 2848 2546 paucorum
2883 2472 3075 2545 spatia
3100 2477 3438 2546 temporum
3469 2470 3690 2544 perho-

395 2573 560 2628 neste
583 2586 650 2626 ac
670 2569 945 2626 nobiliter
964 2569 1271 2624 dedicavit.
1289 2569 1679 2635 Quamobrem
1713 2571 1855 2626 dum
1879 2570 2151 2627 universa
2165 2572 2562 2628 Romanorum
2595 2571 2890 2638 nobilitas,
2905 2569 3317 2643 propterillam
3338 2586 3516 2642 quam
3533 2571 3693 2641 jam-

323 2670 361 2725 5
398 2668 625 2724 dudum
665 2665 1097 2738 deprzedatione
1137 2666 1374 2722 nefandi
1407 2683 1473 2722 ac
1505 2667 1770 2723 malevdli
1805 2669 2077 2725 Saraceni
2107 2667 2428 2724 intulerant
2455 2668 2515 2722 in
2548 2666 2733 2722 nimia
2759 2665 3176 2723 lamentatione
3208 2665 3577 2731 consisteret,
3612 2680 3690 2720 ne

404 2765 679 2837 deinceps
711 2763 847 2834 (nisi
879 2763 1126 2820 ecclesia
1156 2764 1306 2820 beati
1341 2764 1491 2820 Petri
1523 2765 1770 2838 apostoli
1803 2767 1990 2822 muris
2021 2766 2280 2838 undique
2309 2765 2538 2821 munita
2567 2764 2742 2820 citius
2773 2765 2940 2834 foret)
2958 2764 3158 2838 pejora
3186 2763 3510 2820 valuissent
3527 2779 3690 2818 com-

403 2863 652 2931 mittere,
667 2861 853 2918 isdem
885 2861 1156 2918 amabilis
1179 2861 1434 2934 pontifex
1457 2880 1732 2936 magnam
1756 2882 1860 2937 pro
1883 2863 2160 2920 Romanis
2189 2861 2462 2919 omnibus
2480 2862 2652 2935 coepit
2669 2858 2881 2918 habere
2896 2863 3231 2937 angustiam
3257 2877 3272 2916 :
3295 2864 3352 2917 et
3369 2875 3487 2932 quo
3504 2859 3682 2915 modo

401 2961 489 3018 vel
507 2960 709 3018 ordine
725 2961 797 3016 ab
819 2976 1021 3016 eorum
1053 2960 1330 3016 cordibus
1361 2965 1594 3018 tantum
1625 2961 1915 3034 potuisset
1944 2978 2246 3018 rancorem
2277 2961 2397 3016 sive
2421 2961 2694 3016 timorem
2725 2963 2953 3017 auferre
2984 2959 3193 3016 anxius
3218 2957 3684 3031 cogitare.Cum-

402 3077 517 3134 que
539 3059 600 3116 in
620 3059 714 3116 his
735 3057 1033 3114 diuturnis
1055 3059 1258 3115 crebro
1278 3058 1580 3116 laboribus
1601 3061 1935 3128 desudaret,
1949 3061 2065 3116 Deo
2087 3059 2394 3126 revelante,
2411 3057 2754 3130 hujusmodi
2773 3058 3044 3132 protinus
3059 3055 3372 3113 consilium
3397 3054 3676 3128 sumpsit,

293 3161 362 3217 10
399 3162 467 3214 ut
496 3158 606 3214 hoc
637 3157 835 3230 ipsum
853 3173 958 3213 suo
977 3155 1187 3212 dilecto
1219 3173 1285 3213 ac
1316 3155 1551 3229 speciali
1577 3157 1696 3213 filio
1717 3158 1933 3214 domno
1967 3157 2234 3214 Lothario
2255 3156 2386 3212 luce
2407 3155 2628 3213 clarius
2649 3137 2939 3213 indicaret
2955 3157 3241 3230 Augusto,
3265 3159 3561 3227 quatenus
3576 3170 3682 3226 per

398 3255 578 3324 illius,
611 3254 859 3312 Domino
891 3259 1210 3323 annuente,
1242 3254 1602 3326 adjutorium
1635 3258 1812 3326 atque
1841 3254 2178 3326 consilium,
2213 3255 2507 3312 civitatem
2555 3253 2720 3311 illam
2765 3271 2942 3328 quam
2981 3255 3373 3328 praedecessor
3401 3253 3530 3324 ejus
3564 3251 3678 3308 Leo

398 3371 550 3428 papa
578 3353 790 3410 tertius
819 3369 958 3426 erga
982 3351 1288 3409 ecclesiam
1321 3351 1726 3425 praenominati
1757 3353 2003 3426 apostoli
2036 3354 2323 3410 adiﬁcare
2353 3357 2624 3426 cceperat,
2639 3358 2697 3410 et
2713 3355 2884 3426 cujus
2916 3352 3122 3410 multis
3143 3354 3272 3426 jam
3302 3351 3362 3407 in
3383 3351 3528 3407 locis
3543 3351 3679 3407 fun-

397 3455 675 3510 damento.
699 3455 977 3526 posuerat
999 3449 1154 3524 (licet
1185 3454 1316 3524 post
1345 3467 1521 3506 suum
1551 3450 2282 3525 transitumaquibusdam
2299 3452 2496 3508 ablata
2517 3453 2766 3508 fuissent
2795 3452 3255 3518 hominibus,ita
3269 3455 3332 3506 ut
3353 3467 3459 3508 nec
3478 3450 3676 3508 aditus

397 3555 722 3626 appareret,
737 3551 838 3608 ubi
870 3549 1034 3624 prius
1065 3547 1499 3605 inchoationem
1531 3550 1807 3622 praefatus
1828 3549 2116 3608 habuerat
2136 3552 2386 3626 murus),
2403 3551 2586 3608 sivita
2599 3568 2793 3608 comes
2815 3552 3067 3620 adesset,
3083 3551 3479 3608 desideratum
3502 3566 3673 3623 opus,

289 3654 362 3710 45
397 3651 626 3708 Christo
658 3649 1074 3718 solatiante,ad
1104 3649 1376 3705 effectum
1411 3652 1610 3721 posset
1639 3649 2108 3722 perducere.Hoc
2136 3650 2388 3723 denique
2418 3649 2724 3723 piissimus
2753 3666 2820 3706 ac
2850 3649 3264 3706 serenissimus
3293 3653 3482 3704 Cresar
3501 3664 3678 3721 agno-

397 3767 588 3819 scens,
603 3765 820 3823 magna
847 3753 939 3804 est
957 3747 1113 3804 illico
1142 3746 1346 3804 laetitia
1365 3752 1422 3804 et
1442 3745 1828 3804 exsultatione
1857 3747 2135 3821 repletus,
2151 3765 2483 3822 rogansque
2491 3749 2618 3821 jam
2639 3750 2824 3806 fatum
2841 3765 3216 3822 summopere
3233 3747 3673 3822 praesulem,pa—

393 3851 659 3919 tremque
678 3862 780 3919 per
798 3843 996 3900 omnia
1017 3844 1445 3916 spiritalem,ut
1475 3845 1822 3917 quantocius
1851 3847 1995 3902 tanti
2027 3847 2220 3919 operis
2252 3847 2556 3914 fabricam,
2590 3847 2793 3903 sedulo
2825 3847 3023 3904 labore
3054 3847 3473 3920 perliceret.Ad
3494 3863 3673 3919 quam

396 3943 524 4020 ipse
545 3960 679 4001 cum
703 3942 828 3998 suis
849 3942 1130 3999 fratribus
1151 3959 1268 3998 non
1291 3941 1552 4000 modicas
1567 3943 1791 4016 argenti
1804 3943 1984 4000 libras
1997 3943 2224 4013 direxit,
2241 3949 2327 4011 ut,
2343 3945 2496 4000 sicut
2509 3945 2735 4000 dictum
2757 3949 2864 4012 est,
2881 3949 3002 4001 tam
3017 3944 3345 4018 proﬁcuum
3359 3961 3506 4017 opus
3519 3943 3675 4000 inde-

393 4043 708 4100 liberatum
742 4039 984 4098 minime
1015 4041 1458 4096 remaneret.Ex
1475 4058 1590 4114 quo
1615 4042 1821 4098 nuntio
1857 4046 2173 4115 prmoptato
2205 4042 2419 4116 praesul
2451 4043 2784 4117 praecipuus
2809 4043 2966 4100 ultra
2995 4044 3236 4100 modum
3268 4043 3474 4099 hilaris
3493 4047 3582 4100 est
3597 4043 3676 4100 ef-

283 4144 358 4200 20
392 4141 600 4198 fectus.
634 4138 817 4212 Cmpit
845 4141 1040 4195 autem
1071 4155 1140 4194 ex
1170 4142 1310 4194 tunc
1342 4137 1412 4194 de
1444 4138 1720 4211 praedicto
1745 4141 1978 4212 negotio
2007 4139 2174 4197 valde
2203 4158 2333 4197 esse
2363 4140 2648 4198 sollicitus
2682 4158 2696 4198 :
2731 4157 3172 4215 convocansque
3193 4146 3438 4198 cunctos
3455 4145 3670 4198 sanctas

393 4239 496 4298 Dei
529 4237 731 4294 fideles
759 4235 1048 4304 Ecclesiae,
1081 4239 1288 4308 petens
1317 4235 1390 4292 ab
1421 4236 1507 4292 eis
1536 4253 1634 4292 ore
1664 4254 1770 4294 suo
1803 4237 2116 4295 consilium
2149 4238 2400 4312 qualiter
2449 4243 2613 4295 tanta
2661 4255 2966 4296 murorum
2997 4239 3110 4297 cito
3139 4238 3421 4296 valuisset
3451 4238 3673 4296 fabrica

391 4335 813 4403 consummari,
845 4338 986 4390 tunc
1017 4333 1293 4390 omnibus
1325 4333 1406 4388 ita
1433 4332 1624 4390 visum
1655 4339 1764 4403 est,
1799 4341 1864 4392 ut
1893 4337 1964 4393 de
1995 4336 2246 4410 singulis
2279 4337 2633 4405 civitatibus,
2664 4338 2996 4412 massisque
3027 4338 3284 4395 univeris
3312 4337 3586 4412 publicis,
3605 4354 3671 4394 ac

392 4433 768 4492 monasteriis
799 4450 902 4506 per
927 4431 1083 4488 vices
1113 4449 1253 4488 suas
1275 4431 1624 4506 generaliter
1653 4433 1924 4490 advenire
1956 4435 2210 4503 fecisset,
2243 4435 2397 4492 sicut
2425 4440 2482 4493 et
2513 4435 2731 4493 factum
2767 4440 2874 4493 est.
3637 4418 3644 4424 ’

465 4533 619 4591 583
649 4531 1042 4601 Quamobrem
1074 4531 1334 4586 secundo
1367 4529 1714 4604 praesulatus
1745 4529 1905 4588 illius
1927 4547 2080 4587 anno
2111 4531 2352 4604 praefata
2381 4531 2584 4588 civitas
2615 4533 2943 4590 aedificandi
2973 4532 3230 4606 sumpsit
3257 4530 3671 4588 exordium.Et

389 4633 451 4689 in
469 4635 630 4688 sexto
651 4627 1109 4687 consecrationis
1131 4646 1270 4697 suae,
1295 4631 1494 4701 utpote
1513 4629 1746 4702 magnis
1766 4645 1833 4684 ac
1856 4629 2228 4686 mirabilibus
2255 4629 2448 4686 omnis
2481 4635 2570 4687 cst
2599 4630 2836 4687 fabricis
2861 4631 3066 4687 civitas
3097 4631 3358 4704 undique
3389 4646 3670 4686 consum-

388 4733 568 4787 mata.
595 4729 862 4802 Cumque
892 4744 995 4800 per
1015 4725 1235 4782 multos
1259 4725 1488 4782 labores
1510 4730 1684 4799 atque
1705 4727 2024 4782 certamina
2043 4727 2366 4783 beatissimi
2388 4727 2656 4800 praesulis
2681 4732 2869 4784 totum
2891 4728 3344 4786 utdesiderabat
3361 4745 3666 4785 murorum

297 4806 314 4817 -
386 4845 536 4902 Opus
567 4826 926 4900 completum
957 4825 1460 4898 deliberatumque
1485 4824 1715 4887 fuisset.
1747 4825 1922 4900 ccepit
1952 4825 2338 4898 omnipotenti
2368 4825 2484 4882 Deo
2515 4825 2897 4883 multimodas
2925 4826 3046 4884 sive
3075 4827 3417 4884 innumeras
3446 4827 3666 4900 gratias

313 4931 351 4985 5
387 4926 694 5001 agere,qui
717 4943 857 4982 suas
879 4925 1254 4998 quotidianas
1277 4941 1478 4997 preces
1504 4940 1608 4997 pro
1633 4940 1780 4980 nova
1801 4923 2184 4980 aediﬁcatione
2206 4941 2510 4980 murorum
2533 4924 2807 4981 exaudire
2829 4929 2885 4981 et
2907 4925 3226 4998 adimplere
3247 4925 3524 4999 dignatus
3555 4931 3662 4983 est.

385 5027 531 5081 Nam
565 5028 844 5096 quantam
878 5021 1229 5096 qualemque
1258 5021 1584 5088 curam,vel
1617 5022 2214 5094 studium,simulque
2246 5021 2701 5080 sollicitudinem
2729 5023 2863 5096 pius
2877 5023 3275 5080 aclaudabilis
3296 5030 3662 5096 pastor,quo-

384 5138 573 5194 usque
604 5120 1287 5184 construcretur,diebus
1317 5120 1568 5192 singulis
1599 5138 1666 5176 ac
1696 5121 1969 5178 noctibus
1989 5120 2456 5190 habuit,nullius
2484 5121 2744 5178 hominis
2774 5121 2977 5196 lingua
3007 5122 3260 5178 breviter
3285 5138 3666 5196 enarrarepo-

383 5223 499 5276 test
524 5237 538 5288 ;
564 5224 620 5274 et
643 5219 781 5292 quia
803 5219 950 5275 nihil
973 5219 1131 5275 aliud
1159 5223 1287 5292 post
1310 5219 1505 5275 debita
1529 5235 1831 5274 sacrorum
1859 5218 2268 5274 mandatorum
2304 5219 2497 5276 ofﬁcia
2526 5222 2734 5294 agebat
2764 5225 2974 5294 praeter
3001 5219 3060 5275 id
3085 5221 3240 5294 quod
3273 5219 3546 5293 superius
3575 5237 3666 5278 ex-

381 5321 612 5375 aratum
644 5321 751 5382 est,
788 5334 986 5373 revera
1006 5335 1120 5373 non
1146 5317 1351 5391 frigus,
1377 5333 1567 5389 neque
1590 5317 1766 5373 ﬂatus
1794 5320 2121 5385 ventorum,
2144 5315 2234 5373 vel
2266 5317 2500 5390 pluviae,
2522 5323 2627 5374 aut
2645 5319 2796 5375 aeris
2813 5319 3055 5392 grandis
3073 5318 3159 5374 vel
3178 5317 3408 5375 modica
3428 5323 3665 5375 contur-

271 5414 342 5470 40
377 5414 558 5482 batio,
573 5415 808 5488 pigrum
835 5415 891 5470 in
916 5416 1108 5470 eundo
1132 5416 1202 5470 de
1224 5415 1316 5470 die
1338 5415 1394 5469 in
1421 5415 1574 5470 diem
1601 5414 1865 5486 quolibet
1888 5414 2060 5472 modo
2092 5416 2278 5472 facere
2307 5416 2518 5489 potuit.
2545 5418 2658 5473 Sed
2679 5418 2851 5474 modo
2874 5417 2989 5486 hic,
3017 5419 3189 5475 modo
3211 5418 3330 5474 illic
3354 5435 3456 5492 per
3475 5417 3661 5474 diver-

376 5528 474 5568 sas
503 5528 811 5568 murorum
847 5512 1100 5568 fabricas
1128 5511 1268 5584 vigil
1301 5528 1365 5566 ac
1399 5511 1685 5568 sollicitus
1718 5513 2102 5582 discurrebat,
2120 5517 2186 5570 ut
2217 5531 2392 5570 suum
2424 5515 2643 5571 bonum
2678 5516 3045 5589 propositum
3077 5533 3142 5572 ac
3173 5515 3533 5573 desiderium
3563 5533 3664 5589 per

377 5608 778 5682 apostolorum
811 5608 908 5682 pia
930 5609 1082 5666 Petri
1104 5608 1384 5681 Paulique
1416 5610 1698 5682 suffragia
1730 5610 2086 5683 Redemptor
2112 5617 2312 5668 noster
2340 5612 2713 5686 omnipotens
2744 5631 3108 5687 praepropere
3129 5613 3449 5687 adimplere
3465 5615 3661 5670 decre-

371 5705 574 5770 visset,
602 5707 778 5775 atque
800 5707 974 5762 modo
999 5723 1204 5764 omnes
1223 5707 1642 5779 conspicimus.
1671 5709 1834 5763 Tunc
1866 5710 2103 5764 demum
2133 5712 2558 5766 consummatis
2577 5711 2870 5784 simulque
2889 5712 3178 5786 perfectis,
3196 5717 3260 5768 ut
3280 5713 3484 5768 crebro
3501 5717 3662 5768 retu-

371 5799 578 5871 limus,
591 5815 752 5854 novaa
783 5802 1035 5859 civitatis
1068 5803 1356 5860 universis
1387 5805 1682 5876 operibus,
1701 5821 1854 5877 papa
1872 5806 2249 5863 beatissimus
2267 5813 2323 5862 ct
2341 5825 2444 5880 per
2468 5809 2668 5865 omnia
2685 5809 2815 5866 etin
2833 5810 3110 5867 omnibus
3141 5827 3374 5884 semper
3393 5808 3658 5867 laudabi-

375 5896 449 5954 lis
481 5901 550 5950 ut
576 5895 853 5965 praedicta
880 5899 1246 5972 civitas,quzc
1279 5919 1310 5956 a
1341 5901 1575 5974 proprio
1605 5903 1928 5959 conditoris
1961 5903 2051 5960 sui
2084 5905 2320 5961 nomine
2353 5907 2645 5964 Leoniana
2676 5909 3010 5981 vocabatur,
3044 5909 3458 5984 perpetualiter
3489 5909 3660 5966 firma

375 6009 444 6054 ac
463 5990 739 6051 roborata
767 5991 1128 6064 consisteret,
1137 5997 1320 6071 jussit
1350 6014 1486 6056 cum
1609 6016 1726 6076 gna
1747 6001 1929 6058 animi
1954 6002 2259 6060 devotione
2286 6004 2596 6080 cordisque
2611 6003 2834 6082 latitia,
2848 6011 2914 6068 ut
2933 6025 3138 6069 omnes
3154 6025 3291 6069 cum
3311 6024 3378 6069 eo
3399 6007 3659 6090 episcom
