3950 6400
389 313 497 374 279

1168 317 1262 374 ΑΙ)
1305 316 1741 373 ANASTASIUM
1791 311 2309 372 PROLEGOMENA
2361 313 2539 368 EDIT.
2594 310 3028 369 ROM.—VATIC.

3695 306 3800 366 $0

391 446 563 512 ptos:
633 455 777 514 quos
851 443 1002 499 inter
1051 443 1430 508 Breviarium,
1499 446 1563 498 ut
1627 444 1853 507 vocant,
1913 439 2123 500 anteA
2221 435 2275 492 T.
2323 437 2425 494 His
2481 441 2668 494 autem
2723 436 3020 494 codicibus
3069 439 3202 493 utor
3245 449 3312 492 eo
3336 433 3638 490 lubentius
3691 447 3802 506 quo

389 544 573 588 annos
619 531 852 587 circiter
888 531 1360 602 quadringentos,
1415 531 1600 600 quoad
1635 529 1864 600 assequi
1903 542 2043 598 pos-

393 633 544 686 sum,
582 625 896 676 exaratum.
930 622 992 675 In
1031 619 1135 676 illo
1177 620 1375 675 statim
1424 618 1716 674 observavi
1768 617 2041 672 lectiones

390 711 718 764 sanctorum
739 708 1096 779 pontiﬁcum,
1122 722 1247 778 qua
1266 707 1560 778 insignita
1577 711 1837 762 suntnon
1856 705 2042 762 solum

391 797 563 852 annis
589 797 916 853 eorumdem
947 797 1123 863 sedis,
1151 810 1346 853 verum
1372 797 1546 852 etiam
1579 793 2038 852 indicationibus

389 885 716 956 consulum,
747 887 850 957 qui
874 887 1100 942 eosdem
1116 899 1298 942 annos
1318 885 1644 958 signarunt.
1675 885 1894 939 Idcirco
1913 896 2044 939 cum

393 974 783 1030 meminissem
823 973 1164 1045 diligentia,
1189 986 1359 1043 quam
1403 978 1536 1028 ante
1559 972 1782 1043 aliquot
1824 984 2045 1026 menses

393 1061 717 1119 adhibuisti
768 1063 828 1118 in
875 1061 1122 1120 basilica
1151 1062 1336 1118 sancti
1366 1061 1550 1128 Pauli,
1581 1075 1694 1132 quo
1726 1067 1912 1116 tecum
1952 1059 2044 1115 bis

395 1151 704 1207 concedere
741 1151 887 1207 mihi
917 1151 1167 1222 contigit
1193 1149 1534 1206 observandi
1570 1162 1762 1217 causa,
1787 1149 2043 1218 judicavi

399 1237 548 1294 hanc
618 1239 886 1296 notitiam
954 1237 1196 1296 fortasse
1257 1237 1618 1310 profuturam
1677 1237 1831 1295 notis
1903 1250 2046 1308 quas

398 1329 647 1386 adornas
704 1329 765 1386 in
811 1330 1206 1386 Anastasium.
1265 1331 1450 1400 Quare
1505 1343 1538 1384 a
1602 1342 1690 1384 me
1737 1327 2050 1400 diligenter

399 1417 718 1490 descriptas
743 1419 959 1488 accipe,
989 1419 1305 1489 praesertim
1329 1419 1389 1474 in
1434 1417 1648 1474 litteris
1680 1430 2048 1472 numerorum

403 1507 718 1576 indicibus,
749 1512 807 1564 et
832 1507 892 1563 in
926 1507 1261 1564 nominibus
1291 1507 1614 1575 consulum,
1647 1505 1876 1562 etiamsi
1905 1504 2052 1560 cha—

403 1601 648 1654 racteres
677 1597 942 1654 codicum
977 1597 1126 1654 unde
1153 1610 1250 1652 eas
1269 1596 1550 1666 descripsi
1583 1597 1704 1650 sint
1743 1595 2050 1651 admodum

401 1685 636 1755 vetusti,
664 1699 768 1742 nec
804 1686 1246 1758 distinguantur
1276 1683 1846 1756 interpunctionibus
1888 1697 2054 1738 com-

2149 525 2496 598 diligentius
2522 532 2750 582 exactos
2795 525 2978 582 fuisse
2999 525 3262 594 judicare
3285 537 3386 593 par
3409 527 3496 578 est
3519 522 3590 577 ad
3621 535 3805 578 exem-

2154 613 2338 684 plaria
2363 615 2630 670 Ecclesia
2649 615 2949 684 Romana;
2983 618 3104 668 tum
3125 613 3261 683 quia
3285 611 3512 667 codices
3533 610 3603 666 ad
3633 624 3802 666 usum

2154 702 2502 758 cathedralis
2549 701 2804 758 ecclesia
2851 703 2911 757 in
2963 701 3191 773 regione
3240 697 3647 756 suburbicaria
3679 699 3804 754 sita

2150 793 2266 861 jam
2308 797 2430 848 tum
2480 791 2732 862 formati,
2765 792 2914 862 apud
2953 790 3208 848 eamdem
3239 787 3600 861 collegiatam
3652 801 3805 844 nunc

2154 881 2326 937 etiam
2346 881 2790 951 custodiuntur;
2817 887 2934 936 tum
2960 879 3092 950 quia
3113 877 3385 933 secundus
3404 889 3471 932 ex
3491 889 3618 932 man
3628 877 3809 934 uscri-

2157 969 2273 1038 ptis
2300 969 2616 1026 afﬁrmatur
2653 971 2951 1041 di3positus
2999 969 3296 1024 secundum
3340 967 3621 1020 rubricam
3661 968 3808 1020 Fra-

2154 1063 2299 1112 trum
2359 1061 2632 1114 Minorum
2683 1075 2828 1114 anno
2878 1057 3034 1127 4354,
3094 1059 3320 1128 vigente
3360 1057 3526 1112 illius
3579 1056 3810 1113 ordinis

2157 1148 2452 1219 instituto,
2503 1149 2599 1204 cui
2655 1147 2993 1218 seraphicus
3023 1149 3187 1203 Pater
3215 1151 3270 1202 et
3307 1146 3576 1202 conditor
3629 1146 3808 1217 legem

2158 1237 2390 1306 tulerat,
2418 1237 2591 1292 etiam
2625 1242 2964 1293 testamento
2996 1237 3296 1305 ﬁrmatam,
3328 1240 3392 1290 ut
3417 1236 3544 1304 ejus
3600 1233 3811 1305 regula

2161 1323 2508 1394 professores
2557 1332 2932 1382 sacrosancta
2957 1327 3222 1381 Romana
3251 1323 3518 1379 Ecclesia
3559 1335 3816 1379 consue-

2160 1413 2392 1468 tudines
2423 1428 2488 1469 ac
2533 1415 2684 1472 ritus
2712 1416 3165 1486 diligentissime
3211 1415 3594 1470 custodirent.

2229 1501 2282 1556 8.
2315 1503 2636 1559 Pramissis
2666 1503 3004 1560 notionibus
3051 1503 3324 1573 methodi,
3358 1503 3733 1573 expansionis
3759 1508 3817 1559 et

2162 1591 2388 1647 ordinis
2431 1606 2464 1648 a
2514 1606 2602 1648 me
2650 1593 2915 1648 servandi
2980 1592 3040 1648 in
3095 1592 3461 1662 proponendo
3503 1592 3816 1661 archetypo

2162 1679 2448 1752 CataIOgo,
2482 1681 2632 1736 serie
2655 1687 2712 1737 et
2735 1681 3110 1752 chron010gia
3150 1679 3485 1751 pontiﬁcum
3522 1681 3816 1735 Romano~

403 1779 639 1844 matum,
672 1783 776 1832 aut
810 1776 1028 1833 litteris
1048 1773 1419 1848 capitalibus,
1467 1788 1568 1830 seu
1597 1773 1958 1844 majusculis,
1991 1777 2054 1829 ut
2083 1775 2137 1837 B
2167 1784 2290 1826 rum
2320 1782 2388 1826 ex
2436 1770 2686 1840 picturis
2727 1771 3033 1826 Leonianis
3063 1769 3321 1826 basilica
3344 1769 3398 1824 S.
3448 1769 3633 1838 Pauli,
3661 1774 3719 1824 et
3751 1769 3814 1824 in

399 1869 622 1933 vocant,
669 1881 698 1915 ι)
729 1869 836 1922 etc.

471 1953 535 2008 In
578 1953 688 2011 ﬁne
739 1953 959 2011 codicis
984 1953 1223 2010 secundi
1257 1953 1520 2010 observat
1543 1952 1824 2023 adjectam
1868 1950 2052 2009 fuisse

399 2047 676 2114 epactam,
735 2042 962 2100 litteras
1009 2043 1418 2113 Dominicales,
1473 2048 1532 2098 et
1582 2054 1850 2098 numeros
1903 2041 2049 2112 cycli

399 2129 610 2188 solaris
664 2145 762 2202 per
824 2145 1008 2189 annos
1054 2131 1266 2204 viginti
1315 2139 1466 2200 octo,
1517 2133 1928 2186 consecuturos
1982 2141 2052 2185 ex

397 2231 550 2277 anno
622 2217 760 2278 4307
819 2220 889 2278 ad
963 2220 1462 2293 pranuntiandam
1531 2217 1889 2274 Dominicam
1954 2217 2052 2274 Se-

400 2309 772 2382 ptuagesima
814 2310 1062 2381 .aliaque
1132 2309 1277 2365 festa
1339 2307 1599 2364 mobilia.
1655 2305 1841 2374 Quare
1905 2321 2053 2376 pru-

399 2397 602 2454 denter
623 2399 822 2470 arguit
861 2398 1212 2466 scripturam
1257 2396 1480 2454 codicis
1532 2410 1655 2452 esse
1680 2396 2050 2452 vetustiorem

401 2499 554 2544 anno
585 2483 744 2543 i307.

473 2595 500 2628 α
531 2577 595 2630 In
629 2575 760 2644 ﬁne,
797 2575 1015 2645 inquit,
1061 2575 1237 2645 hujus
1263 2574 1484 2631 codicis
1513 2572 1794 2644 (secundi)
1841 2573 2054 2628 adsunt

401 2665 584 2720 notati
618 2663 768 2733 dies,
802 2664 862 2718 in
894 2675 1040 2734 quos
1069 2663 1368 2719 Dominica
1413 2661 1855 2733 Septuagesima
1898 2661 2056 2716 inci-

398 2750 534 2807 dere
607 2748 850 2806 debebat
913 2763 1014 2820 per
1063 2754 1190 2806 octo
1259 2749 1469 2822 viginti
1535 2763 1736 2815 annos,
1787 2749 2052 2820 sequenti

403 2840 571 2898 modo
589 2857 603 2896 :

471 2947 546 3002 Μ.
589 2946 628 3003 l.
669 2960 786 3004 ccc.
824 2947 907 3004 vii
937 2950 1192 3006 ——-xvi
1219 2962 1269 3004 a.
1313 2963 1370 3004 χ.
1406 2949 1594 3004 stante
1639 2947 1912 3004 Januario

472 3016 550 3092 Μ.
593 3017 632 3074 l.
663 3031 790 3092 _ccc.
832 3020 1084 3082 viii—-,-
1099 3021 1258 3078 xxvii
1285 3035 1336 3092 g.
1369 3019 1408 3075 f.
1441 3019 1522 3075 xi.
1548 3020 1802 3076 latrante
1821 3021 1915 3074 Fe-

476 3087 737 3160 bruario,
769 3095 878 3147 etc.

407 3194 510 3266 qui
541 3179 900 3252 characteres
921 3209 1032 3252 non
1060 3202 1198 3254 sunt
1227 3198 1480 3268 ejusdem
1513 3211 1718 3254 manus
1743 3211 1856 3269 qua
1882 3197 2058 3253 codex

409 3280 526 3340 fuit
552 3287 844 3354 exaratus,
873 3298 978 3342 nec
1002 3287 1195 3342 eodem
1234 3292 1553 3342 atramento
1591 3286 1841 3342 formati.
1871 3284 2059 3354 Quare

409 3371 566 3428 credi
617 3377 802 3443 potest
828 3373 1084 3430 codicem
1123 3373 1306 3432 fuisse
1358 3376 1640 3446 scriptum
1683 3380 1816 3430 ante
1843 3387 2058 3430 annum

411 3455 571 3516 4307.
601 3477 630 3511 »

479 3550 561 3606 De
587 3551 746 3608 tertii
769 3551 988 3608 codicis
1012 3557 1176 3609 atate
1201 3553 1400 3609 nullus
1424 3557 1512 3608 est
1539 3551 1846 3610 dubitandi
1877 3550 2058 3619 locus,

412 3650 544 3693 cum
613 3637 999 3696 observaverit
1054 3643 1144 3696 vir
1181 3641 1544 3697 clarissimas
1577 3645 1704 3710 post
1762 3637 1949 3694 ofﬁcia
1993 3638 2064 3692 de

414 3730 671 3798 tempore
702 3727 848 3784 hanc
869 3729 982 3802 legi
1019 3730 1380 3800 periocham:

491 3835 518 3867 α
559 3816 812 3887 Explicit
837 3818 1186 3875 breviarium
1231 3819 1548 3876 secundum
1599 3817 1888 3876 rubricam
1920 3816 2066 3872 Fra-

415 3908 569 3960 trum
591 3905 899 3976 Minorum,
918 3910 1200 3978 scriptum
1220 3922 1390 3964 manu
1410 3909 1643 3978 propria
1661 3906 1848 3978 Dopni
1869 3904 2062 3961 Jacobi

416 3992 657 4048 Joannis
673 3993 745 4050 de
764 3995 979 4052 Narnia
997 3995 1106 4054 sub
1118 3998 1508 4054 annoDomini
1526 3997 1684 4053 mille
1699 4011 1818 4052 ccc.
1845 3996 1984 4065 liiij.
2006 3992 2062 4050 7.

423 4092 616 4136 mense
634 4081 811 4138 Madii
836 4083 932 4140 die
955 4085 1112 4141 xxix.
1145 4086 1259 4141 Deo
1289 4087 1527 4158 gratias.

957 4193 985 4225 α
1023 4173 1220 4230 Amen.
1272 4176 1471 4230 Amen.
1508 4193 1533 4225 ι›

492 4261 702 4318 Prater
727 4262 830 4320 hos
855 4265 1082 4322 codices
1107 4265 1354 4335 scriptos
1371 4265 1704 4321 divinorum
1730 4263 2068 4334 oﬁiciorum,

425 4349 639 4408 ibidem
669 4355 884 4424 reperit
911 4362 1075 4412 vetus
1105 4355 1482 4425 Breviarium,
1515 4354 1766 4425 gothicis
1790 4353 2077 4413 characte.

2163 1859 2423 1915 addenda
2461 1859 2626 1916 illius
2671 1859 3159 1930 comprobatione,
3196 1860 3370 1929 petita
3422 1872 3490 1914 ex
3526 1858 3822 1929 Catalogis

2164 1948 2618 2020 probatioribus,
2666 1949 2816 2004 intra
2847 1955 2903 2004 et
2931 1953 3090 2004 extra
3122 1948 3346 2004 italiam
3387 1947 3721 2016 custoditis,
3765 1952 3826 2002 et

2165 2052 2263 2110 per
2286 2039 2592 2097 duodecim
2613 2044 2918 2096 consecuta
2943 2038 3152 2094 sacula
3184 2037 3252 2093 ad
3281 2051 3386 2094 nos
3407 2035 3772 2092 transmissis
3798 2053 3816 2104 ς

2165 2143 2385 2188 necnon
2433 2132 2709 2202 producta
2738 2131 2948 2188 notitia
2979 2129 3244 2186 codicum
3277 2127 3492 2198 quibus
3530 2126 3826 2197 ejusmodi

2165 2219 2314 2275 ratio
2370 2225 2689 2290 temporum
2751 2219 3147 2275 commendata
3211 2219 3282 2274 ad
3333 2231 3438 2274 nos
3495 2216 3825 2288 derivatur,

2165 2310 2344 2378 ipsam
2381 2310 2591 2364 seriem
2647 2307 2903 2364 basilica
2955 2307 3279 2378 expandere
3323 2309 3438 2377 jam
3489 2305 3826 2378 aggrediar.

2160 2395 2488 2453 Attribuam
2521 2397 2842 2465 unicuique
2870 2395 3130 2466 pontiﬁci
3180 2408 3350 2450 unam
3379 2409 3447 2450 ex
3472 2393 3701 2451 duabus
3733 2408 3834 2450 co-

2163 2485 2400 2552 lumnis,
2449 2485 2666 2554 quibus
2692 2485 2938 2555 singula
2969 2485 3190 2554 pagina
3221 2489 3504 2538 constant.
3537 2485 3598 2537 In
3641 2497 3834 2552 supe-

2164 2573 2308 2629 riori
2337 2574 2464 2643 ejus
2496 2579 2654 2643 parte
2677 2572 2971 2629 collocabo
3001 2571 3370 2642 epigraphem
3400 2570 3568 2627 illius
3591 2573 3834 2641 pontiﬁo

2163 2663 2250 2720 cis
2265 2675 2334 2718 ex
2358 2663 2600 2718 Paulina
2625 2661 2870 2717 basilica
2893 2661 2971 2718 ita
2999 2661 3342 2730 descriptam
3374 2659 3590 2715 litteris
3619 2662 3833 2730 capita-

2166 2753 2310 2807 libus
2338 2752 2610 2820 rotundis,
2666 2756 2768 2806 aut
2809 2751 3118 2821 inclinatis,
3174 2755 3240 2804 ut
3266 2749 3529 2819 capitales
3575 2749 3835 2802 rotunda

2167 2841 2426 2897 indicent
2445 2839 2802 2896 characteres
2825 2839 2884 2894 in
2917 2853 2981 2894 ea
3003 2838 3243 2894 basilica
3271 2837 3460 2892 adhuc
3479 2837 3830 2906 superstites

2166 2934 2224 2985 et
2253 2929 2482 3000 quidem
2520 2929 2579 2984 in
2607 2927 2782 2983 veteri
2819 2932 3120 2998 prototypo
3169 2925 3496 2993 Leoniano;
3538 2925 3829 2978 inclinata

2165 3033 2290 3071 vero
2333 3017 2614 3086 capitales,
2668 3029 2812 3086 quas
2858 3022 3064 3072 vocant
3106 3015 3442 3070 characteres
3466 3013 3670 3074 Italici,
3715 3013 3832 3067 de-

2084 3098 2134 3161 C
2171 3111 2490 3162 monstrent
2506 3105 2902 3175 supplementa
2925 3105 3088 3160 illius
3111 3101 3448 3174 epigraphis
3462 3101 3826 3171 vetustioris,

2169 3195 2348 3265 petita
2401 3208 2470 3250 ex
2510 3193 2726 3250 litteris
2773 3193 3194 3262 superstitibus
3247 3189 3419 3246 seriei
3483 3189 3830 3244 recentioris

2169 3282 2382 3337 ibidem
2431 3281 2672 3351 depicta
2701 3280 2810 3337 sub
2861 3280 3096 3336 Nicolao
3145 3279 3336 3334 tertio.
3385 3279 3624 3333 Lacuna
3667 3289 3827 3339 vero,

2169 3384 2412 3442 quarum
2461 3370 2858 3440 supplementa
2886 3382 2985 3438 per
3010 3374 3272 3424 neutram
3297 3381 3368 3422 ex
3407 3365 3528 3422 illis
3559 3364 3831 3420 seriebus

2169 3459 2394 3529 (Leonis
2423 3457 2734 3528 etNicolai)
2756 3457 2952 3513 haberi
2974 3461 3234 3528 possunt,
3259 3455 3490 3526 quando
3513 3452 3831 3522 utrobique

2171 3546 2493 3602 exciderint
2534 3547 2910 3614 characteres,
2929 3535 3278 3616 accipienda
3305 3555 3430 3598 esse
3457 3540 3734 3597 duximus
3757 3553 3834 3594 ex

2172 3635 2462 3706 Catalogis
2493 3635 2748 3705 regionis
2770 3633 3192 3690 suburbicaria
3220 3631 3412 3703 (liceat
3445 3629 3552 3686 hoc
3590 3628 3834 3683 nomine

2176 3727 2414 3793 quatuor
2453 3723 2586 3779 illos
2630 3723 2941 3794 appellare,
2969 3722 3069 3792 qui
3115 3719 3361 3790 integris
3389 3719 3446 3773 in
3477 3716 3836 3785 inscriptio—

2178 3811 2353 3866 nibus
2377 3825 2507 3867 cum
2559 3811 2800 3867 Paulina
2831 3811 2981 3865 serie
3015 3807 3327 3864 concordes
3358 3804 3570 3874 reperti
3597 3808 3739 3859 sunt
3773 3805 3836 3858 in

2175 3899 2453 3972 Farfensi,
2479 3901 2834 3970 Cavensique
2861 3897 3124 3962 ecclesia,
3157 3897 3215 3950 in
3257 3893 3496 3948 Lucensi
3523 3897 3581 3946 et
3608 3893 3667 3946 in
3690 3892 3842 3947 Ber-

2177 3989 2457 4060 gomate):
2505 4003 2629 4060 qua
2676 3988 3072 4058 supplementa
3097 3982 3438 4050 minusculis,
3483 3986 3548 4035 ut
3600 3986 3834 4048 vocant,

2177 4078 2578 4132 characteribus
2603 4077 2856 4131 rotundis
2892 4073 3202 4130 indicanda
3237 4083 3362 4126 esse
3398 4069 3682 4140 judicavi,
3718 4083 3838 4140 quo

2181 4166 2439 4236 apertius
2477 4164 2908 4236 signiﬁcaretur
2955 4161 3175 4218 lacuna
3237 4160 3491 4230 spatium
3539 4157 3622 4212 ibi
3676 4171 3838 4213 nunc

2183 4267 2498 4324 superesse,
2529 4253 2628 4309 ubi
2651 4253 2790 4308 olim
2823 4253 3046 4308 litteras
3070 4251 3365 4305 exstitisse
3395 4249 3540 4303 idem
3575 4247 3837 4317 spatium

2184 4345 2455 4416 declarat,
2483 4349 2542 4399 et
2564 4343 2882 4398 auctoritas
2911 4343 3161 4399 aliorum
3191 4339 3611 4408 Catalogorum,
3648 4336 3709 4390 in
3751 4349 3840 4392 re-

426 4443 612 4512 ribus,
644 4450 710 4500 ut
739 4451 962 4514 vocant,
991 4446 1336 4515 impressum
1367 4416 1624 4501 Venetiis
1651 4445 1720 4502 ab
1749 4446 1974 4503 Andrea
2001 4449 2072 4504 de
2098 4416 2156 4479 D
2185 4435 2367 4508 ιίριιίε
2408 4439 2794 4506 consentiens,
2835 4443 2892 4493 θῐ
2931 4435 3069 4492 ῒιυίο
3095 4433 3283 4504 spatio
3309 4431 3710 4490 convenientes
3732 4440 3837 4482 ³⁵·-

423 4533 758 4588 Torresanis
787 4533 857 4588 de
885 4533 1062 4590 Asula
1090 4534 1186 4589 die
1208 4531 1456 4590 201unii
1506 4531 1666 4605 4494,
1697 4534 1972 4606 in-folio;
2010 4537 2068 4591 in

423 4635 542 4692 quo
565 4634 695 4676 cum
727 4621 1098 4693 assignentur
1125 4622 1248 4678 sedi
1285 4623 1619 4694 pontiﬁcum
1657 4625 1815 4693 anni,
1851 4637 2070 4680 menses

427 4725 494 4768 ac
508 4710 658 4781 dies,
683 4716 742 4767 et
752 4709 1090 4782 plerumque
1111 4719 1496 4768 memorentur
1515 4713 1688 4768 etiam
1706 4714 2066 4784 consulatus,

426 4813 540 4858 non
565 4799 962 4870 discrepantes
988 4799 1060 4856 ab
1079 4803 1370 4872 expressis
1398 4801 1456 4856 in
1491 4801 1776 4872 Catalogis
1804 4802 2070 4859 Ecclesia

424 4889 710 4961 Romana,
759 4889 934 4961 hujus
981 4891 1154 4947 etiam
1213 4891 1479 4962 impressi
1532 4891 1752 4947 codicis
1792 4891 2070 4948 rationem

424 4977 741 5036 habendam
771 4993 895 5036 esse
918 4981 1084 5051 duxi,
1115 4981 1354 5051 ejusque
1378 4981 1774 5037 testimonium
1813 4994 1936 5036 esse
1959 4994 2074 5036 an—

423 5069 762 5126 nectendum
815 5069 1288 5140 praecedentibus.
1337 5077 1401 5127 ut
1438 5069 1759 5126 luculenter
1803 5076 2072 5139 appareat

423 5157 712 5215 laudatam
737 5157 1167 5232 chron010giam
1195 5157 1377 5216 fuisse
1401 5164 1731 5216 constanter
1749 5159 2070 5216 adhibitam

424 5251 482 5302 et
520 5245 772 5316 publicis
818 5249 1204 5306 monumentis
1236 5250 1528 5318 insertam,
1579 5255 1636 5306 et
1677 5249 2071 5305 ecclesiastico

426 5340 852 5392 auctoramento
896 5336 1180 5392 ﬁrmatam
1209 5338 1358 5407 (nam
1391 5339 1528 5394 talis
1553 5338 1873 5394 auctoritas
1899 5337 2072 5393 codi-

425 5419 594 5476 cibus
615 5422 685 5477 ad
713 5437 828 5478 rem
858 5424 1114 5480 divinam
1147 5427 1485 5496 proscriptis
1532 5433 1590 5482 et
1621 5427 1920 5496 impressis
1957 5439 2072 5494 pra

425 5508 649 5563 cateris
669 5510 993 5582 adhibetur)
1016 5527 1086 5569 ex
1101 5521 1306 5584 quarto
1325 5513 1543 5572 Christi
1569 5515 1782 5570 saculo
1806 5515 1875 5570 ad
1903 5513 2070 5569 ﬁnem

427 5595 640 5654 decimi
666 5597 882 5666 quinti.

2181 4529 2420 4600 signans
2441 4529 2664 4585 litteras
2709 4543 2836 4598 qua
2867 4527 3216 4582 inserantur.

2251 4622 2572 4692 Archetypo
2600 4620 2783 4692 igitur
2806 4619 3148 4676 documento
3169 4619 3342 4675 seriei
3367 4622 3424 4674 et
3441 4613 3834 4684 chronOIOgia

2183 4713 2540 4785 pontiﬁcum,
2581 4725 2650 4766 ex
2687 4710 3008 4781 parietibus
3033 4711 3086 4764 S.
3130 4708 3294 4764 Pauli
3343 4709 3422 4762 ita
3471 4707 3827 4775 deprompto,

2182 4802 2445 4873 suppleto
2462 4802 2844 4871 etrecognito,
2859 4800 3141 4856 addentur
3156 4797 3271 4854 alia
3289 4795 3552 4852 subsidia
3575 4793 3832 4866 regionis

2181 4891 2620 4960 suburbicaria,
2641 4904 2839 4960 nempe
2855 4888 3226 4958 chronologia
3242 4887 3300 4942 in
3318 4883 3829 4942 librisdivinorum

2182 4982 2498 5038 oﬁiciorum
2523 4988 2636 5037 tam
2662 4981 2901 5050 scriptis
2923 4993 2992 5035 ex
3007 4977 3218 5034 saculo
3244 4989 3372 5043 xm,
3401 4987 3572 5046 quam
3597 4974 3837 5044 impres-

2183 5072 2267 5126 sis
2293 5077 2425 5127 ante
2444 5071 2612 5126 ﬁnem
2643 5068 2854 5125 decimi
2881 5067 3096 5138 quinti,
3121 5077 3386 5135 expressa
3412 5076 3509 5132 per
3527 5075 3830 5118 numerum

2181 5173 2464 5215 annorum
2493 5160 2780 5214 mensium
2804 5170 2868 5212 ac
2889 5157 3140 5222 dierum,
3185 5159 3242 5210 et
3269 5167 3366 5223 per
3389 5151 3692 5208 consules:
3731 5150 3829 5206 ubi

2181 5261 2314 5303 vero
2363 5247 2685 5302 incidamus
2721 5245 2779 5300 in
2829 5243 3156 5314 pontiﬁcem
3207 5243 3375 5311 cujus
3420 5239 3702 5295 lectiones
3732 5243 3833 5294 aut

2183 5334 2391 5390 festum
2420 5335 2497 5390 iis
2523 5335 2580 5390 in
2600 5333 2900 5390 codicibus
2919 5345 3029 5387 non
3050 5331 3389 5400 reperiatur.
3415 5329 3536 5382 sive
3555 5327 3694 5382 anni
3719 5340 3830 5382 non

2184 5425 2518 5490 recitantur,
2579 5421 3050 5493 subrogabantur
3079 5417 3412 5474 testimonia
3439 5415 3829 5486 chronologia

2184 5512 2420 5568 collecta
2450 5525 2518 5568 ex
2543 5513 2683 5568 aliis
2711 5511 2998 5582 Catalogis
3023 5507 3460 5578 antiquioribus
3487 5510 3544 5561 et
3569 5505 3828 5576 castiga--

2176 5601 2453 5671 tioribus,
2477 5602 2794 5672 prasertim
2819 5614 2888 5656 ex
2909 5600 3032 5656 illis
3059 5611 3204 5670 quos
3224 5596 3434 5666 Pagius
3465 5592 3745 5664 produxit
3764 5605 3830 5648 ex
