3922 6400
203 360 363 431 1829
1011 366 1382 430 HISTORIA
1427 364 1532 429 DE
1580 364 1780 429 Vl'l‘lS
1824 362 2014 428 ROM.
2060 362 2293 426 PONT.
2321 397 2398 410 —
2427 363 2493 426 S.
2533 364 2683 427 LEO
2710 362 2829 449 11V.
3460 357 3617 421 {330

344 501 685 558 exeuratam
717 516 825 575 par
850 515 1059 567 unum,
1091 498 1318 573 legente
1349 497 1419 555 de
1449 498 1686 555 nomine
1711 497 1908 553 domni
1944 495 2153 552 Leonis
2184 496 2375 568 quarti
2410 513 2593 569 papae,
2627 493 3065 568 pensan.simul
3091 492 3150 550 in
3200 508 3386 549 unum
3434 491 3615 548 libras

343 603 602 672 quatuor
626 602 684 655 et
713 597 920 655 uncias
949 598 1228 671 quinque.
1255 597 1385 670 Ipse
1405 594 1656 669 insignis
1679 594 2008 668 prmsulque
2031 594 2359 667 praecipuus
2380 612 2514 650 cum
2538 594 2849 649 innumera
2871 594 3089 649 summi
3114 593 3339 648 decoris
3362 608 3534 664 opera
3554 591 3614 646 in

341 694 587 753 basilica
614 694 770 752 beati
802 695 951 751 Petri
987 693 1113 751 θα)ιί
1147 693 1419 765 clavigeri
1450 693 2207 767 perfecisset,portas,quas
2230 693 2595 747 destruxerat
2618 693 2905 747 Saracena
2927 691 3234 764 progenies
3258 693 3614 761 argentoque

340 792 616 861 nudarat,
650 791 849 861 erexit,
884 791 1205 865 multisque
1237 791 1528 864 argenteis
1558 790 1775 845 tabulis
1803 789 2059 844 lucitluis
2092 788 2520 862 salutiferisque
2552 789 2813 845 historiis
2852 789 3098 862 sculptis
3147 787 3526 852 decoravit,et
3551 785 3612 840 in

227 892 303 947 20
341 889 646 945 meliorem
679 888 931 962 speciem
964 906 1142 963 quam
1176 888 1398 961 pridem
1434 889 1664 944 fuerant
1692 887 2002 960 reparavit,
2035 892 2097 941 ut
2130 904 2333 941 omnes
2355 888 2455 959 qui
2480 887 2536 942 in
2557 886 3141 943 eamdemhasilicam
3163 885 3387 957 ingredi
3410 883 3615 940 volunt

338 984 546 1042 laudes
573 986 690 1043 Deo
720 985 1104 1058 omnipotenti
1140 991 1457 1058 sanctoque
1484 1003 1589 1041 suo
1622 983 1958 1057 praesulatui
1994 985 2267 1049 referant,
2302 991 2357 1041 et
2386 990 2697 1058 exposcant
2729 990 2793 1040 ut
2824 985 3009 1040 multa
3032 1000 3317 1039 annorum
3344 999 3460 1037 sua:
3483 981 3611 1035 vitae

340 1084 636 1140 curricula
664 1085 1072 1150 extendantur,
1107 1084 1204 1157 qui
1234 1085 1380 1139 tanti
1416 1083 1657 1155 fulgoris
1691 1086 2167 1155 opere,tantoque
2200 1082 2657 1156 pulchritudinis
2703 1084 2955 1156 pondere
2987 1082 3181 1137 aulam
3214 1068 3315 1136 Dei
3344 1083 3608 1151 argento,

340 1197 587 1255 pensan.
620 1181 811 1238 libras
833 1181 1210 1255 septuaginta
1239 1180 1481 1236 ornavit.
1502 1180 1606 1246 Qui
1641 1195 1913 1234 summus
1945 1179 2177 1251 Deoque
2206 1180 2478 1235 amabilis
2511 1198 2660 1253 papa
2692 1181 2749 1235 in
2784 1180 3015 1235 exordio
3048 1178 3135 1233 sui
3169 1176 3449 1251 pontiﬁcii
3477 1192 3612 1230 cum

341 1278 602 1352 porticus
631 1278 815 1353 partis
845 1278 997 1334 laeva:
1029 1279 1179 1335 beati
1213 1295 1328 1351 pra:
1361 1276 1545 1333 nimia
1572 1281 1860 1332 vetustate
1891 1277 2041 1333 Petri
2076 1277 2332 1333 basilicas
2359 1278 2686 1345 cecidisset,
2719 1277 2889 1334 celeri
2923 1277 3119 1334 studio
3150 1275 3484 1348 praeclarius
3517 1290 3608 1330 re-

228 1376 307 1432 25
342 1374 594 1431 novavit.

418 1472 565 1529 541
605 1472 754 1528 Nam
787 1475 843 1528 et
870 1470 1059 1545 ipsius
1089 1469 1393 1545 praecipuae
1425 1473 1585 1526 sarta
1615 1474 1766 1526 tecta
1807 1469 2063 1526 ecclesiae
2113 1472 2347 1544 magnis
2394 1471 2662 1528 trabibus
2711 1467 3057 1545 procacique
3097 1469 3341 1527 artificio
3381 1468 3619 1524 elevatis

340 1568 579 1627 lucitlus
609 1570 923 1626 renovavit.
956 1569 1061 1636 Qui
1092 1568 1266 1624 etiam
1300 1567 1613 1640 porticum,
1649 1584 1776 1640 quae
1807 1568 1994 1623 sancti
2022 1570 2261 1625 Andreze
2293 1570 2540 1626 cohaeret
2560 1568 2835 1637 ecclesiae,
2868 1586 3000 1625 cum
3029 1572 3363 1624 cerneretur
3383 1583 3613 1634 casura,

337 1666 400 1722 in
431 1666 644 1723 melius
674 1666 899 1722 noviter
927 1665 1292 1722 restauravit.
1327 1665 1439 1721 Sed
1479 1670 1538 1721 et
1585 1682 1901 1731 cameram,
1950 1682 2076 1739 qum
2126 1672 2260 1723 ante
2310 1672 2505 1740 portas
2554 1672 2860 1741 argenteas
2898 1668 3026 1739 jam
3075 1667 3241 1721 dicta
3290 1664 3434 1721 aula:
3487 1680 3617 1720 esse

339 1764 717 1837 conspicitur,
750 1764 981 1820 infinito
1014 1764 1198 1820 fretus
1226 1780 1423 1819 amore
1455 1780 1762 1827 renovans,
1795 1763 2105 1821 decoravit.
2141 1766 2212 1821 Et
2244 1765 2461 1821 multas
2494 1765 2599 1839 piae
2650 1766 3002 1839 operationis
3052 1766 3110 1820 in
3163 1764 3366 1819 eadem
3419 1765 3610 1834 specie

258 1863 301 1919 5
336 1861 614 1920 ecclesias
647 1862 801 1930 fecit,
834 1878 986 1935 quas
1015 1861 1064 1917 si
1098 1860 1402 1935 scripturae
1434 1861 1661 1917 tradere
1688 1860 2067 1929 voluerimus,
2097 1862 2300 1936 lingua
2330 1881 2567 1920 narrare
2600 1881 2713 1920 non
2746 1864 2997 1920 sufficiet
3019 1866 3075 1919 et
3097 1879 3201 1918 nec
3224 1861 3611 1918 scribentium

334 1960 615 2017 valebunt
644 1960 877 2017 articuli
910 1959 1220 2017 sustinere.
1253 1959 1399 2015 Cum
1432 1976 1569 2031 ergo
1602 1976 1705 2032 per
1734 1958 1993 2015 diversas
2024 1960 2121 2016 Dei
2156 1960 2433 2018 ecclesias
2465 1961 2651 2018 multa
2682 1963 2984 2035 perficeret
3003 1960 3261 2033 insignia
3282 1976 3456 2032 opera
3485 1959 3613 2031 ipse

335 2058 715 2115 beatissimus
746 2057 1002 2132 pontifex
1034 2057 1344 2130 porticum,
1380 2074 1506 2131 qua:
1538 2060 1672 2112 ante
1702 2056 2003 2112 basilicam
2033 2064 2247 2114 sancta:
2282 2060 2379 2115 Dei
2412 2060 2720 2116 Genitricis
2751 2060 3041 2126 consistit,
3066 2077 3193 2132 quae
3208 2060 3380 2130 juxta
3407 2057 3611 2112 basili-

334 2173 464 2213 cam
495 2155 683 2213 sancti
716 2153 1013 2212 Laurentii
1046 2156 1163 2211 sita
1191 2161 1279 2211 est
1309 2155 1449 2211 foris
1481 2171 1702 2222 muros,
1738 2153 1952 2211 clarius
1979 2172 2045 2210 ac
2079 2156 2309 2213 firmius
2341 2159 2656 2215 renovavit.
2682 2160 2745 2214 In
2781 2158 3026 2215 ecclesia
3052 2162 3245 2214 autem
3272 2160 3485 2212 sanctae
3508 2156 3610 2212 Dei

335 2253 668 2322 Genitricis,
700 2270 830 2326 quaa
861 2252 1101 2327 ponitur
1128 2252 1188 2307 in
1219 2251 1343 2307 vico
1376 2252 1727 2317 Sardonum,
1762 2251 2038 2308 milliario
2088 2254 2160 2309 ab
2210 2254 2355 2311 urbe
2406 2256 2593 2312 Roma
2638 2256 2962 2330 trigesimo,
2996 2258 3028 2312 4
3059 2255 3378 2312 catholicos
3428 2253 3611 2310 libros

224 2351 301 2410 40
336 2352 571 2424 obtulit,
604 2368 790 2408 unum
823 2350 1477 2424 Evangeliorum,alium
1501 2350 2433 2426 Regnorum,Psalmorum,atque
2457 2355 2897 2412 Sermonum.ln
2923 2353 3167 2411 ecclesia
3197 2352 3351 2410 beati
3374 2350 3612 2408 Martini

334 2449 689 2507 confessoris
716 2453 892 2523 atque
923 2448 1238 2522 pontificis,
1273 2448 1415 2505 foris
1445 2452 1670 2521 portam
1712 2448 1866 2503 beati
1914 2449 2066 2504 Petri
2113 2451 2384 2523 apostoli,
2417 2453 2553 2508 fecit
2602 2452 2841 2509 calicem
2889 2453 2960 2508 de
2990 2456 3228 2525 argento
3260 2467 3442 2506 unum
3476 2466 3612 2505 cum

336 2546 1219 2622 catenulis,pensan.libras!iet
1237 2546 1442 2602 uncias
1462 2547 1593 2602 2.Et
1621 2545 1681 2601 in
1714 2545 1960 2602 ecclesia
1988 2552 2326 2604 sanctorum
2355 2554 2610 2621 quatuor
2637 2554 3054 2606 Coronatorum
3089 2548 3227 2604 fecit
3255 2547 3613 2621 thymiama-

332 2645 481 2702 teria
509 2646 625 2703 duo
658 2662 727 2701 ex
757 2649 998 2718 argento
1032 2644 1448 2709 mundissimo,
1481 2659 1727 2716 pensan.
1756 2643 1890 2699 libr.
1922 2647 1958 2698 2
1987 2649 2044 2700 et
2074 2646 2309 2702 unciam
2342 2664 2543 2702 unam.
2578 2647 2768 2703 Simili
2803 2650 2975 2703 modo
3005 2652 3063 2702 et
3083 2647 3144 2700 in
3167 2644 3412 2701 ecciesia
3432 2645 3613 2700 beatas

333 2743 662 2801 Petronillaa
695 2742 828 2799 fecit
854 2746 1043 2799 vestes
1073 2743 1143 2798 de
1176 2743 1419 2797 fundato
1452 2746 1571 2797 tres
1602 2746 1659 2798 et
1685 2740 1812 2797 vela
1842 2742 2173 2809 duodecim,
2210 2749 2466 2816 quatuor
2494 2744 2734 2816 quidem
2766 2746 2834 2801 de
2866 2744 3194 2812 fundato,et
3224 2748 3341 2799 tres
3372 2742 3443 2797 de
3474 2758 3615 2814 spa-

219 2840 295 2898 45
331 2840 517 2906 nisco,
550 2843 608 2895 et
635 2838 789 2894 linea
821 2838 1103 2911 quinque.
1138 2838 1287 2894 Nam
1318 2843 1374 2894 et
1400 2839 1460 2893 in
1492 2837 1738 2894 ecclesia
1766 2844 1978 2895 sanctae
2011 2840 2111 2896 Dei
2145 2841 2455 2898 Genitricis
2478 2843 2695 2911 Marize,
2724 2859 2903 2915 quam
2927 2843 3052 2914 ipse
3074 2840 3451 2898 beatissimus
3473 2857 3614 2913 pon-

331 2938 471 2994 tifex
496 2955 531 2994 a
558 2937 963 2994 tundamentis
993 2954 1172 3009 supra
1193 2936 1454 2992 scholam
1488 2937 1782 2992 Saxonum
1816 2938 2041 2993 noviter
2067 2940 2416 3006 construxit,
2449 2939 2662 2999 obtulit
2691 2945 2883 2996 vestes
2904 2941 2975 2995 de
2996 2941 3238 2995 fundato
3259 2942 3462 3005 tres,et
3482 2936 3609 2994 vela

333 3034 612 3092 similiter
637 3035 707 3091 de
740 3034 983 3091 fundato
1014 3037 1287 3107 quatuor.

406 3134 559 3191 542
587 3132 729 3190 Item
762 3131 1144 3189 beatissimus
1177 3131 1435 3205 pontifex
1465 3132 1601 3189 fecit
1628 3131 1687 3188 in
1718 3131 1960 3188 basilica
1989 3132 2142 3189 beati
2175 3133 2329 3189 Petri
2362 3133 2608 3207 apostoli
2640 3151 2837 3189 cereos
2868 3134 3297 3205 deargentatos,
3317 3131 3415 3204 qui
3448 3134 3608 3187 stant

331 3230 390 3285 in
425 3227 785 3303 presbyterio
814 3245 1059 3285 numero
1086 3227 1293 3301 viginti
1325 3231 1381 3284 et
1409 3233 1654 3300 septem,
1688 3246 1933 3301 pensan.
1967 3229 2209 3285 insimul
2241 3230 2423 3287 libras
2463 3231 2872 3305 quadraginta.
2906 3231 3054 3286 Nam
3099 3234 3157 3286 et
3204 3229 3399 3285 trabes
3428 3230 3485 3284 in
3513 3230 3603 3285 in-

332 3342 539 3399 gressu
570 3330 629 3382 et
659 3325 719 3381 in
754 3324 944 3381 medio
975 3325 1319 3399 presbyterii
1349 3324 1645 3381 investivit
1670 3343 1738 3381 ex
1768 3330 2008 3399 argento
2048 3327 2386 3400 purissimo,
2420 3345 2663 3401 pensan.
2699 3327 2880 3384 libras
2928 3327 3230 3400 sexaginta
3273 3331 3331 3382 et
3380 3332 3605 3399 septem

332 3429 391 3480 et
421 3423 626 3479 uncias
655 3426 944 3480 tres.Cum
977 3427 1173 3478 autem
1201 3440 1466 3495 superna:
1491 3423 1609 3479 zelo
1632 3423 1829 3495 patrias
1850 3422 2128 3480 incensus
2152 3425 2431 3497 speciosis
2451 3424 2662 3480 Christi
2690 3443 2791 3497 per
2811 3425 3074 3480 ordinem
3098 3428 3331 3482 ornaret
3353 3425 3606 3482 metallis

256 3520 296 3576 5
333 3536 401 3576 ac
430 3519 791 3575 ornamentis
820 3517 1131 3587 Ecclesias,
1153 3524 1285 3592 post
1318 3518 1454 3575 fecit
1483 3518 1596 3575 alia
1627 3519 1811 3575 multa
1846 3521 1903 3575 in
1936 3522 2071 3577 aula
2087 3523 2238 3578 beati
2259 3524 2406 3579 Petri
2427 3523 2671 3596 apostoli
2693 3523 2974 3595 principis
2990 3540 3261 3579 coronam
3281 3540 3349 3578 ex
3365 3528 3604 3595 argento

333 3617 652 3690 purissimo
682 3634 883 3684 unam,
917 3634 1051 3673 cum
1081 3617 1368 3674 catenulis
1398 3617 1690 3690 argenteis
1720 3623 1992 3690 quatuor,
2018 3619 2327 3677 habentem
2353 3621 2663 3693 delphinos
2686 3621 3078 3693 quadraginta
3102 3625 3156 3677 et
3183 3621 3601 3693 duos,pensan.

332 3715 511 3772 simul
538 3714 719 3771 libras
748 3713 955 3789 viginti
986 3720 1044 3772 et
1071 3720 1209 3771 tres.
1244 3715 1348 3771 Hic
1380 3733 1614 3788 quoque
1644 3716 1920 3788 pontifex,
1941 3717 2151 3773 Christi
2175 3736 2407 3790 semper
2428 3718 2641 3774 auxilio
2666 3719 2847 3774 fretus
2869 3736 2935 3774 ac
2957 3717 3237 3774 divinitus
3258 3719 3602 3791 inspiratus,

330 3813 469 3869 fecit
496 3813 554 3868 in
588 3811 836 3869 circuitu
868 3813 1071 3870 altaris
1102 3813 1256 3870 beati
1288 3814 1438 3870 Petri
1472 3813 1718 3886 apostoli
1748 3814 1875 3871 vela
1906 3815 2090 3871 serica
2112 3816 2182 3871 de
2205 3817 2440 3888 prasino
2459 3814 3010 3889 quatuor,habentia
3030 3816 3262 3885 tabulas
3283 3817 3354 3872 de
3377 3816 3607 3890 chryso-

328 3910 511 3979 clavo,
545 3926 679 3966 cum
711 3910 901 3985 efﬁgie
930 3910 1245 3967 Salvatoris
1276 3915 1333 3967 et
1362 3911 1759 3983 apostolorum
1792 3911 1942 3968 Petri
1975 3917 2032 3968 et
2064 3913 2247 3982 Pauli,
2278 3919 2334 3970 et
2364 3914 2454 3968 sui
2488 3913 2674 3986 ipsius
2699 3912 2936 3969 almiﬁci
2960 3912 3310 3986 praesulis,et
3332 3915 3388 3969 in
3412 3915 3603 3972 medio

221 4009 303 4067 40
334 4024 539 4065 cruces
570 4010 628 4064 et
656 4009 1025 4083 gammadias
1056 4009 1127 4065 de
1158 4008 1530 4083 chrysoclavo
1561 4026 1696 4065 cum
1727 4008 2029 4075 orbiculis,
2063 4011 2122 4065 in
2154 4009 2371 4081 quibus
2392 4012 2532 4064 sunt
2558 4007 2846 4081 imagines
2877 4007 3275 4079 apostolorum
3298 4009 3459 4064 mira:
3481 4007 3607 4081 pul-

325 4104 682 4162 chritudinis
712 4106 1033 4173 decoratas,
1067 4123 1194 4179 quae
1224 4107 1284 4161 in
1316 4107 1524 4163 diebus
1555 4106 1719 4163 festis
1750 4108 1822 4163 ad
1856 4108 2124 4163 decorem
2158 4106 2374 4162 ibidem
2402 4106 2863 4178 suspenduntur.

403 4204 557 4261 543
588 4203 716 4260 Pari
748 4203 922 4260 modo
953 4204 1089 4261 fecit
1118 4204 1218 4260 ubi
1249 4220 1430 4278 supra
1458 4204 1573 4261 alia
1602 4204 1728 4261 vela
1758 4204 1892 4260 alba
1917 4203 2241 4260 holoserica
2275 4205 2469 4257 rosata
2498 4217 2633 4256 cum
2685 4198 2961 4255 cancellis
3008 4200 3282 4255 decorata
3330 4200 3603 4270 miriﬁce,

328 4300 565 4358 Pascha:
596 4302 1012 4357 obumbrantia
1036 4303 1464 4359 sacra.Necnon
1497 4307 1553 4359 et
1583 4302 1761 4359 aliam
1791 4318 2066 4358 coronam
2090 4300 2376 4356 minorem
2400 4298 2619 4355 ibidem
2642 4296 2855 4353 obtulit
2873 4314 3004 4352 cum
3026 4298 3309 4353 catenulis
3328 4301 3600 4370 quatuor,

329 4403 387 4455 et
410 4397 707 4473 delphinis
726 4399 924 4455 decem
942 4399 1253 4456 habentem
1273 4398 1463 4455 lilium
1481 4406 1539 4456 et
1560 4396 2303 4471 uncinum,pensan.libras
2324 4396 2688 4469 duas.Hujus
2712 4412 2968 4467 namque
2989 4395 3312 4451 beatissimi
3337 4396 3605 4468 praesulis

329 4496 565 4552 animus
597 4510 830 4568 semper
858 4499 973 4552 Deo
1003 4496 1244 4552 devotus
1266 4497 1525 4553 existens
1550 4497 1822 4569 pretiosis
1841 4497 1872 4553 J
1878 4514 1983 4553 esu
2000 4495 2215 4553 Christi
2234 4493 2510 4550 ecclesias
2527 4492 2886 4549 ornamentis
2902 4492 3122 4566 ingenti
3141 4493 3215 4548 ob
3233 4497 3454 4549 aeternae
3477 4494 3605 4550 vitea

254 4594 295 4650 5
329 4591 586 4650 salutem
619 4592 894 4648 decorare
925 4593 1199 4649 studebat
1228 4610 1424 4650 amore
1448 4611 1460 4647 :
1486 4595 1724 4667 et,quod
1760 4592 1961 4649 nullus
1992 4609 2409 4665 praecessorum
2434 4593 2562 4664 ejus
2584 4590 2926 4663 pontiﬁcum
2952 4591 3138 4646 facere
3158 4591 3473 4647 arbitratus
3496 4595 3605 4661 est,

327 4689 426 4746 hic
457 4692 660 4745 sancto
692 4688 894 4763 procul
923 4689 1101 4746 dubio
1135 4690 1357 4763 Spiritu
1381 4691 1809 4764 fervens,atque
1829 4690 2444 4764 compulsus,coronas
2467 4708 2534 4745 ex
2559 4706 2699 4745 auro
2724 4688 3117 4744 mundissimo
3140 4688 3372 4762 inclytis
3394 4690 3609 4746 Christi

326 4785 600 4843 videlicet
628 4790 686 4843 et
715 4791 1054 4843 sanctorum
1084 4788 1344 4844 vultibus
1375 4788 1753 4862 refulgentes,
1773 4789 1896 4845 fieri
1926 4789 1985 4844 in
2020 4788 2419 4863 apostolorum
2450 4785 2731 4860 principis
2760 4785 2911 4841 Petri
2941 4784 3186 4842 ecclesia
3206 4787 3377 4858 juxta
3405 4786 3606 4855 altare,

329 4883 445 4942 sub
476 4901 593 4956 quo
618 4884 747 4954 ejus
776 4884 1245 4941 sacratissimum
1278 4903 1492 4959 corpus
1525 4888 1861 4959 requiescit,
1896 4887 2098 4943 dextra
2128 4887 2387 4958 laevaque
2418 4885 2738 4958 pendentes
2766 4884 2915 4938 duas
2939 4900 3073 4939 cum
3098 4882 3383 4939 catenulis
3415 4885 3609 4941 aureis

327 4979 511 5037 bullis
542 4980 912 5053 gemmisque
942 4982 1195 5055 prasinis
1227 4984 1528 5039 decoratas
1558 4983 1828 5051 decrevit,
1862 4984 2146 5040 habentes
2178 4983 2420 5039 insimul
2452 4982 2762 5055 delphinos
2794 4981 3118 5054 sexaginta,
3151 4999 3394 5054 pensan.
3423 4982 3606 5040 libras

216 5078 291 5137 10
326 5072 559 5152 viginti.
597 5074 754 5134 Fecit
787 5080 846 5134 et
877 5080 1221 5136 cruciﬁxum
1254 5086 1597 5154 argenteum
1630 5081 1777 5136 miro
1808 5098 1979 5154 opere
2011 5083 2308 5155 depictum
2333 5081 2392 5136 in
2427 5081 2630 5136 eadem
2660 5078 3034 5150 ecclesia,qui
3070 5078 3128 5133 in
3160 5078 3303 5135 laeva
3332 5079 3607 5136 introitus

333 5178 503 5249 parte
532 5174 687 5231 inter
713 5175 1023 5234 columnas
1051 5194 1298 5251 magnas
1326 5178 1557 5250 positus
1588 5178 1807 5252 ingenti
1838 5179 2105 5251 splendet
2135 5178 2680 5246 decore,babentem
2729 5176 2909 5232 libras
2956 5169 3258 5249 sexaginta
3287 5180 3343 5232 et
3372 5177 3519 5232 duas
3550 5181 3609 5233 et

334 5271 667 5331 dimidiam.
701 5272 830 5346 Ipse
860 5288 1093 5347 quoque
1123 5275 1501 5333 beatissimus
1533 5277 1791 5348 pontifex
1822 5277 1955 5333 fecit
1984 5278 2041 5332 in
2074 5276 2326 5333 oratorio
2350 5274 2502 5330 beati
2528 5274 2766 5329 Andreae
2789 5273 3221 5346 apostoli,quod
3243 5273 3429 5330 sancti
3452 5275 3609 5330 Petri

335 5370 588 5427 cohaeret
615 5369 895 5440 ecclesiae,
928 5376 1148 5428 vestem
1180 5372 1424 5428 sericam
1457 5391 1636 5430 unam
1666 5374 1979 5430 habentem
2012 5374 2317 5430 historiam
2351 5370 2680 5444 aquilarum
2706 5388 2719 5439 ;
2750 5375 2807 5426 et
2836 5370 2895 5425 in
2935 5371 3147 5439 medio,
3180 5370 3442 5428 tabulam
3474 5388 3612 5428 cum

339 5467 738 5541 ehrysoclavo,
770 5466 831 5523 in
864 5485 981 5541 qua
1011 5470 1251 5542 depictas
1284 5470 1499 5527 Christi
1532 5476 1588 5527 et
1619 5470 2039 5544 discipulorum
2074 5472 2202 5542 ejus
2233 5470 2434 5526 dextra
2463 5467 2721 5541 lzevaque
2749 5466 3038 5541 imagines
3068 5468 3311 5541 fulgent,
3346 5473 3403 5525 et
3426 5468 3617 5542 ipsius

230 5564 302 5624 15
340 5563 579 5622 almifici
612 5564 902 5638 praesulis.
935 5571 1019 5622 Ac
1050 5566 1303 5623 similem
1339 5573 1470 5639 post
1499 5568 1679 5624 totius
1701 5568 1893 5641 operis
1918 5568 2353 5641 perfectionem,
2385 5570 2442 5621 et
2470 5565 2832 5622 ornamentis
2864 5565 3090 5622 decoris
3122 5565 3183 5622 in
3213 5567 3461 5623 ecclesia
3490 5585 3619 5624 san-

251 5652 279 5670 ”
340 5665 571 5719 ctorum
603 5666 857 5735 quatuor
883 5666 1303 5720 Coronatorum
1332 5673 1552 5721 vestem
1587 5666 1720 5721 fecit
1744 5667 1815 5721 de
1845 5666 2049 5721 eodem
2077 5666 2281 5732 serico,
2325 5680 2461 5720 cum
2507 5663 2710 5718 tabula
2757 5664 2828 5719 de
2871 5663 3270 5737 chrysoclavo,
3303 5664 3618 5722 habentem

342 5758 675 5831 historiam,
709 5776 812 5816 seu
843 5759 1195 5817 miraculum
1228 5763 1385 5834 quod
1413 5762 1698 5819 Dominus
1730 5762 1998 5819 Christus
2031 5764 2102 5819 de
2128 5762 2390 5836 quinque
2421 5778 2643 5834 panum
2677 5764 2735 5817 et
2764 5760 3017 5834 piscium
3049 5762 3347 5821 alimentis
3368 5764 3621 5821 duorum

342 5856 606 5931 quinque
635 5856 823 5915 millia
850 5857 1160 5915 hominum
1190 5861 1561 5916 abundanter
1591 5861 1832 5917 satiaris.
1868 5866 1958 5916 est
1984 5864 2279 5933 operatus.
3461 5866 3464 5874 λ

412 5948 570 6025 844
600 5955 762 6012 Inter
784 5952 908 6012 hac
937 5973 1072 6014 vero
1103 5974 1230 6030 qua:
1280 5958 1552 6031 superius
1600 5958 1821 6031 scripta
1868 5963 2009 6016 sunt
2053 5958 2225 6031 coepit
2256 5957 2459 6013 crebro
2489 5955 2829 6014 nominatus
2861 5960 3274 6018 sanctissimus
3306 5956 3515 6034 praesul
3545 5956 3616 6011 de

339 6046 596 6129 singulis
624 6052 1006 6115 ecclesiarum
1038 6056 1382 6126 rectoribus,
1412 6054 1679 6113 videlicet
1697 6054 2952 6131 episcopis,presbyteris,diaconibus,atque
2972 6058 3133 6115 omni
3154 6056 3610 6115 Christianorum
