3922 6390
253 349 411 414 1333
1047 350 1419 415 HISTORIA
1464 353 1569 414 DE
1612 351 1816 415 VITIS
1864 353 2051 415 ROM.
2097 353 2330 415 PONT.
2360 384 2440 399 -—
2471 354 2535 416 S.
2581 352 2732 417 LEO
2776 351 2877 416 IV.
3506 353 3660 419 1334

395 490 607 543 sancta:
634 485 733 542 Dei
757 484 1066 541 Genitricis
1098 485 1291 539 Μαι-ἰεῦ
1324 485 1379 539 in
1407 485 1655 550 Emilia,
1683 504 1807 558 qum
1838 488 1928 541 via
1962 486 2188 541 Aurelia
2219 491 2611 559 nuncupatur.
2634 491 2853 543 vestem
2877 488 2948 543 de
2980 487 3222 544 fundato
3252 504 3452 545 unam.
3486 488 3666 546 Simi—

395 585 526 639 liter
555 590 611 641 et
640 584 699 639 in
730 583 986 639 Ecclesia
1018 584 1202 638 sancti
1228 583 1529 654 Stephani,
1556 583 1653 638 ubi
1676 602 1874 656 supra,
1899 585 2114 640 obtulit
2143 584 2315 639 aliam
2349 590 2567 639 vestem
2592 586 2661 639 de
2686 586 2925 641 fundato
2956 603 3156 643 unam.
3186 587 3346 642 Idem
3377 603 3510 642 vero
3536 603 3672 659 prm-

393 684 583 739 clarus
629 687 688 738 et
736 682 1027 737 almiticus
1064 682 1295 754 prsesul,
1313 700 1565 754 superna
1589 689 1883 754 protectus
1900 685 2119 747 dextra,
2136 700 2319 755 usque
2342 683 2397 736 in
2421 684 2516 737 Dei
2539 700 2771 754 semper
2792 685 3025 739 servitio
3044 685 3274 741 sincero
3297 701 3672 757 perseverans

282 784 355 838 2O
393 782 607 847 animo,
632 785 761 853 post
786 779 1004 835 multas
1027 781 1211 835 bonas
1234 780 1510 845 actiones,
1539 780 1689 834 beati
1724 781 1982 835 Silvestri
2013 786 2065 835 et
2100 781 2329 835 Martini
2354 781 2871 853 ecclesiam,quam
2897 783 3149 837 domnus
3174 782 3415 855 Sergius
3448 782 3669 855 praede-

391 896 587 935 cessor
616 881 743 949 ejus
766 877 991 933 noviter
1018 878 1091 931 ab
1122 876 1259 931 imis
1290 878 1694 939 zedilicaverat,
1724 878 1926 932 multis
1950 878 2183 950 quidem
2221 878 2595 951 pulchrisque
2622 880 2912 934 decoravit
2943 898 3007 935 ac
3039 880 3299 953 depinxit
3331 880 3625 936 coloribus
3651 896 3665 937 :

392 979 565 1048 cujus
581 976 755 1031 etiam
790 974 1164 1047 pulchritudo
1187 992 1460 1045 magnam
1488 993 1673 1047 usque
1697 975 1867 1029 hodie
1889 976 2167 1030 humanis
2194 976 2377 1030 oculis
2406 977 2849 1031 admirationem
2876 982 3128 1049 prmstat.
3154 978 3300 1033 Nam
3323 983 3378 1033 et
3400 978 3667 1049 ejusdem

390 1074 716 1130 venerabile
748 1089 1097 1144 sacrumpue
1130 1072 1310 1127 altare
1340 1090 1405 1127 ex
1438 1078 1677 1144 argento
1711 1074 2000 1127 investivit
2045 1091 2109 1127 ac
2144 1073 2433 1129 decoravit
2465 1074 2803 1145 purissimo,
2837 1092 3078 1147 pensan.
3112 1074 3294 1131 libras
3342 1079 3579 1130 centum
3612 1078 3671 1131 et

395 1173 707 1228 sexdecim.

465 1272 617 1328 548
647 1270 1037 1337 Quamobrem
1060 1273 1191 1341 post
1215 1268 1458 1339 pulchra
1480 1286 1543 1322 ac
1570 1267 1887 1323 laudabilia
1912 1270 2271 1323 diversarum
2296 1269 2672 1325 ecclesiarum
2699 1270 2799 1325 Dei
2829 1269 3114 1343 opuscula
3135 1288 3261 1343 qua:
3292 1269 3504 1343 praesul
3534 1286 3666 1326 ma-

390 1369 641 1442 gnificus
670 1372 791 1423 tota
821 1367 1000 1421 animi
1034 1366 1333 1422 devotione
1365 1366 1604 1437 peregit,
1632 1384 1700 1420 ne
1724 1367 2087 1421 Christianus
2115 1366 2366 1439 populus
2388 1367 2643 1439 amplius
2669 1368 2726 1422 in
2751 1368 3234 1423 Centumcellensi
3261 1373 3451 1424 castro
3472 1367 3545 1423 ab
3567 1367 3668 1423 ho-

389 1467 579 1523 stibus
608 1466 914 1538 deperiret,
940 1464 1111 1519 sicuti
1146 1481 1295 1535 srepe
1323 1463 1443 1517 fieri
1468 1463 1711 1525 solebat,
1738 1464 1944 1518 effecit.
1972 1465 2117 1519 Nam
2152 1482 2253 1535 per
2276 1466 2664 1536 quadraginta
2686 1483 2870 1521 annos
2891 1466 3019 1538 ipsa
3040 1465 3240 1522 civitas
3262 1465 3447 1521 muris
3469 1465 3666 1521 diruta

399 1568 461 1622 et
487 1564 811 1621 habitatore
840 1562 1074 1635 proprio
1107 1562 1390 1617 destituta
1422 1562 2001 1633 manebat,moroque
2031 1562 2600 1627 bestiarum,relictis
2629 1563 2868 1619 sedibus
2898 1563 3149 1636 propriis
3179 1565 3251 1620 ob
3272 1563 3541 1619 timorem
3563 1564 3667 1619 Sa-

315 1667 355 1721 5
389 1666 825 1726 raecnorem,ut
847 1662 1171 1733 usquejam
1196 1660 1412 1714 factum
1450 1660 1653 1725 fuerat,
1680 1677 1782 1731 per
1806 1677 1986 1732 opaca
2007 1660 2284 1715 silvarum
2314 1665 2663 1733 montesque
2687 1661 3014 1733 incognitas
3035 1679 3145 1717 sua
3168 1660 3465 1718 domicilia
3483 1678 3671 1734 popu-

388 1762 503 1829 lus,
528 1762 627 1833 qui
660 1759 894 1815 relictus
916 1760 987 1813 ab
1019 1759 1105 1813 eis
1136 1759 1342 1819 fuerat,
1368 1758 1715 1812 aberrabat:
1745 1757 1799 1812 in
1835 1759 2051 1829 quibus
2077 1759 2254 1813 etiam
2287 1777 2402 1831 prze
2427 1758 2636 1813 timore
2668 1759 3037 1814 inimicorum
3060 1759 3268 1815 diebus
3298 1776 3362 1815 ac
3390 1759 3663 1815 noctibus

389 1877 496 1915 nec
528 1875 791 1931 soporem
824 1856 1028 1926 oculis,
1052 1871 1156 1910 nec
1189 1855 1367 1910 ullam
1394 1856 1563 1926 juxta
1594 1855 1914 1910 humanam
1948 1858 2432 1913 consuetudinem
2457 1856 2713 1930 quietem
2736 1856 2823 1912 vel
2849 1858 3142 1913 modicam
3172 1857 3384 1913 habere
3413 1861 3661 1930 poterat.

386 1959 652 2029 Cumque
682 1962 800 2012 tam
823 1956 957 2028 pius
977 1959 1029 2010 et
1054 1952 1368 2008 laudabilis
1393 1953 1602 2025 prmsul
1628 1954 1697 2007 de
1720 1954 1951 2009 illorum
1977 1955 2330 2025 gravamine,
2349 1960 2523 2027 atque
2548 1954 2895 2010 intolerabili
2921 1954 3169 2009 nimium
3196 1954 3487 2027 angustia,
3510 1954 3665 2010 ultra

388 2057 629 2113 modum
659 2060 717 2111 et
749 2054 1061 2127 plusquam
1095 2051 1247 2106 credi
1279 2056 1489 2123 potest,
1514 2052 1774 2123 quotidie
1804 2052 2154 2123 condoleret,
2190 2052 2392 2108 multis
2423 2070 2554 2108 cum
2598 2052 2873 2125 lacrymis
2906 2053 3268 2125 infinitisque
3295 2051 3661 2109 orationibus

276 2157 350 2211 10
386 2155 702 2211 Dominum
726 2168 919 2208 rerum
941 2150 1206 2205 omnium
1224 2148 1584 2203 conditorem
1605 2150 2028 2221 deprecabatur
2048 2152 2301 2217 assidue,
2318 2155 2382 2205 ut
2404 2150 2452 2205 ei
2470 2152 2619 2206 dono
2640 2152 2836 2224 gratia:
2854 2169 2971 2206 suae
2989 2152 3330 2224 dignaretur
3346 2151 3658 2207 ostendere

383 2270 502 2325 quo
532 2253 590 2307 in
624 2251 748 2306 loco
780 2267 882 2322 pro
913 2248 1099 2303 salute
1132 2253 1189 2301 et
1217 2245 1557 2302 liberatione
1589 2248 1792 2302 crebro
1816 2247 1952 2303 dicti
1975 2248 2288 2303 Christiani
2324 2248 2519 2321 populi
2543 2248 3059 2304 Ccntumcellensis
3083 2249 3286 2304 civitas
3318 2248 3535 2304 mutari
3559 2265 3664 2321 po-

382 2350 615 2407 tuisset.
640 2350 721 2404 Ad
753 2365 931 2419 quam
964 2347 1087 2419 ipse
1123 2347 1418 2417 profectus
1450 2344 1595 2405 loca,
1620 2361 1747 2418 qua:
1781 2344 1829 2399 ei
1864 2346 2148 2400 afﬁnitate
2179 2352 2345 2401 erant
2387 2348 2719 2418 conjuncta,
2746 2346 3008 2419 diligenti
3041 2364 3180 2401 cura
3210 2362 3275 2401 ac
3306 2346 3501 2402 studio
3531 2363 3662 2419 per-

387 2448 532 2504 vidit
559 2454 733 2519 atque
764 2445 1083 2517 conspexit.
1109 2444 1219 2498 Sed
1253 2443 1352 2499 ubi
1385 2443 1548 2497 locus
1574 2442 1881 2497 videbatur
1908 2443 2155 2499 idoneus
2186 2445 2253 2499 ad
2290 2445 2493 2499 urbem
2517 2445 2940 2512 aediﬁcandam,
2964 2461 3128 2516 aqua:
3152 2444 3458 2517 gestabant
3487 2461 3664 2516 penu-

396 2549 569 2617 riam,
601 2562 727 2617 quze
760 2542 1102 2599 hominibus
1135 2558 1366 2613 semper
1395 2541 1540 2595 satis
1571 2545 1657 2595 est
1690 2541 2039 2595 necessaria.

455 2645 607 2701 549
642 2640 969 2713 Peragratis
999 2640 1179 2711 igitur
1200 2640 1497 2703 omnibus,
1520 2642 1587 2693 ut
1616 2638 2017 2711 prmdiximus,
2042 2637 2206 2704 locis,
2234 2639 2496 2711 pervenit
2519 2642 2754 2695 tandem
2786 2640 2980 2696 divina
3011 2640 3236 2695 favente
3269 2626 3669 2696 misericordia

390 2743 462 2799 ad
485 2742 676 2797 locum
700 2739 988 2812 optimum
1012 2736 1297 2807 valdeque
1330 2735 1649 2802 munitum,
1673 2753 1851 2807 super
1872 2753 1986 2807 quo
2009 2754 2156 2791 suus
2182 2737 2436 2793 maxime
2458 2743 2547 2793 est
2571 2737 2806 2793 animus
2829 2738 3130 2804 dilatatus,
3145 2738 3284 2810 quia
3306 2742 3363 2793 et
3382 2753 3667 2810 aquarum

388 2842 616 2913 copiam
647 2839 719 2894 ad
754 2835 1035 2909 populum
1068 2834 1539 2900 confortandam,
1573 2837 1629 2887 et
1660 2837 1898 2887 cmteras
1948 2832 2231 2888 utilitates
2266 2833 2577 2900 humanas,
2612 2835 3060 2908 aquimolasquo
3110 2835 3392 2891 molentes
3422 2834 3669 2908 pleniter

383 2936 887 2997 subministribat.
905 2936 1124 2988 Tamen
1149 2948 1264 3003 quo
1297 2931 1469 2985 modo
1491 2930 1575 2984 vel
1600 2930 1802 2985 ordine
1834 2929 1942 2983 hoc
1973 2933 2029 2983 et
2060 2930 2257 2984 divina
2277 2932 2595 2986 ostenderit
2626 2932 2957 2999 clementia,
2982 2934 3227 3005 dignum
3250 2937 3339 2988 est
3357 2937 3424 2988 ut
3445 2933 3517 2988 ad
3544 2949 3667 2988 me-

307 3042 347 3096 5
385 3037 631 3094 moriam
664 3040 715 3089 et
748 3033 982 3089 laudem
1013 3029 1323 3086 venerandi
1357 3028 1650 3100 pontificis
1673 3028 1867 3081 omnis
1899 3024 2153 3097 populus
2181 3028 2382 3082 credat
2403 3029 2684 3084 veraciter
2709 3034 2765 3084 et
2795 3031 3291 3102 cognoscat,quod
3314 3030 3510 3085 divino
3534 3046 3669 3085 con-

385 3136 519 3192 silio
549 3138 605 3190 et
633 3131 903 3188 consultu
937 3146 1086 3202 opus
1118 3129 1219 3182 diu
1251 3126 1605 3199 exquisitum
1637 3126 1905 3180 effectum
1939 3128 2045 3179 est.
2078 3124 2253 3179 Nocte
2274 3125 2525 3197 denique
2551 3127 2804 3198 quadam
2831 3128 2970 3182 dum
3004 3126 3219 3183 lectulo
3250 3126 3674 3200 propriojuxta

384 3248 606 3289 morem
632 3228 944 3303 prmclarus
960 3227 1202 3297 jaceret,
1220 3224 1487 3288 antistes,
1504 3227 1561 3277 et
1580 3222 1648 3277 de
1670 3222 1904 3287 divinis,
1922 3225 1983 3275 ut
2006 3221 2172 3289 solet,
2189 3223 2490 3294 opusculis
2509 3224 2809 3297 cogitaret,
2829 3225 2899 3279 ad
2919 3224 3227 3296 praevisum
3247 3228 3303 3281 et
3322 3224 3660 3281 ordinatum

386 3332 499 3401 iam
535 3323 861 3396 locum,qui
892 3322 1239 3378 duodecimo
1261 3319 1798 3375 atlentumcellensi
1828 3319 1969 3373 urbe
1988 3318 2260 3374 milliario
2283 3320 2480 3387 distat,
2514 3322 2571 3375 in
2607 3322 2831 3378 somnis
2861 3324 3179 3394 perductus
3208 3328 3316 3391 est,
3342 3326 3398 3379 et
3423 3322 3666 3396 singula

381 3428 512 3483 loca
542 3424 774 3481 cuidam
798 3422 964 3477 Petro
987 3420 1271 3492 magistro
1296 3418 1547 3472 militum
1573 3416 1740 3489 quasi
1765 3434 1868 3489 per
1895 3417 2253 3488 corporalem
2276 3419 2644 3489 prazsentiam
2670 3420 2728 3474 in
2752 3419 2880 3492 ipsa
2901 3420 3245 3476 revelatione
3266 3437 3370 3493 per
3392 3420 3660 3477 ordinem

270 3530 345 3585 10
381 3521 823 3583 demonstravit,
847 3519 946 3574 ubi
976 3516 1250 3573 ecclesias
1284 3521 1341 3571 et
1374 3515 1470 3570 ubi
1506 3520 1704 3587 portas
1736 3532 1803 3569 ex
1836 3513 2150 3585 pontiﬁcali
2184 3516 2475 3586 adjutorio
2515 3518 2760 3572 fundare
2790 3524 2847 3573 et
2876 3522 3211 3573 construere
3242 3517 3560 3574 debuisset.
3592 3519 3665 3574 Et

388 3623 529 3695 quia
552 3637 665 3693 prae
694 3616 801 3673 loci
825 3616 1099 3688 angustia
1122 3631 1235 3669 non
1260 3613 1478 3668 ibidem
1505 3612 1618 3668 nisi
1643 3613 1769 3665 dua:
1798 3616 1974 3683 portae
1998 3614 2397 3667 construenda
2418 3618 2601 3680 erant,
2629 3614 2685 3669 in
2710 3613 2837 3686 ipsa
2859 3632 3071 3670 arcana
3091 3614 3438 3693 revelatione
3460 3613 3664 3688 digitis

382 3718 636 3794 propriis
665 3714 979 3771 adnotavit.
1002 3714 1172 3768 Mane
1198 3716 1397 3767 autem
1422 3712 1594 3775 facto,
1620 3727 1723 3781 pro
1746 3708 1974 3765 somnio
1995 3711 2147 3781 quod
2172 3711 2394 3766 viderat
2414 3728 2627 3783 magna
2653 3713 2825 3783 cmpit
2845 3712 3059 3768 habere
3080 3712 3422 3780 certamina,
3438 3717 3496 3768 et
3510 3699 3661 3785 pree-

381 3816 751 3875 nominatum
787 3817 1022 3867 Petrum
1053 3811 1125 3865 ad
1157 3827 1324 3864 suam
1359 3808 1515 3863 illico
1540 3807 1723 3878 jussit
1751 3807 1943 3861 venire
1985 3809 2378 3879 praasentiam,
2406 3810 2491 3864 cai
2527 3810 2813 3882 quidquid
2847 3810 2904 3865 in
2937 3812 3161 3867 somnis
3191 3812 3414 3867 viderat
3443 3810 3663 3880 retulit,

383 3915 717 3984 multosque
736 3915 793 3966 et
819 3909 879 3964 in
902 3912 1142 3981 argento
1163 3923 1472 3961 mancosos
1505 3905 1768 3977 praebuit,
1785 3909 1854 3959 ut
1881 3907 2169 3960 conducto
2202 3906 2414 3977 populo
2438 3907 2956 3963 Centumcellencis
2977 3908 3164 3973 urbis,
3188 3925 3323 3964 cum
3345 3908 3430 3965 eis
3454 3909 3662 3965 urbem

269 4019 345 4073 15
385 4012 762 4070 festinantius
792 4007 1068 4079 perficere
1099 4004 1416 4059 debuisset.
1445 4009 1527 4058 Ac
1553 4003 1668 4057 Deo
1689 4003 1927 4074 quidem
1959 4003 2195 4075 auspice
2224 4003 2305 4057 ita
2350 4021 2503 4059 nunc
2534 4005 2731 4060 omnia
2761 4006 3046 4061 aediﬁcata
3076 4006 3390 4074 nitescunt,
3414 4005 3569 4063 sicut
3597 4005 3658 4061 in

385 4125 591 4166 somno
623 4122 774 4179 papa
801 4086 1111 4157 laudabilis
1144 4117 1323 4155 manu
1356 4099 1590 4171 propria
1621 4099 1982 4169 designavit:
2007 4099 2101 4153 cui
2133 4115 2199 4154 ex
2231 4100 2465 4155 nomine
2499 4100 2731 4173 proprio
2761 4101 3058 4173 Leopolim
3092 4119 3306 4157 nomen
3346 4100 3656 4173 imposuit;

382 4210 453 4265 ad
485 4221 687 4279 quam,
711 4206 1023 4275 postquam
1047 4196 1320 4252 azditicari
1353 4200 1626 4268 coeperat,
1652 4197 1723 4251 ad
1746 4197 2053 4250 videndam
2078 4201 2135 4250 et
2155 4197 2639 4253 considerandam
2665 4198 2945 4254 fabricam
2968 4215 3102 4253 cum
3126 4215 3371 4254 suorum
3396 4197 3660 4253 fidelium

384 4301 763 4361 multitudine
792 4302 1056 4354 amanter
1082 4293 1517 4350 accessit.V‘lsis
1539 4292 1793 4365 denique
1819 4293 2000 4366 portis
2022 4298 2080 4348 et
2111 4292 2392 4361 ecclesiis,
2420 4295 2477 4349 in
2510 4296 2654 4368 ipsis
2678 4294 3010 4367 specialiter
3029 4295 3171 4351 locis
3194 4296 3346 4351 sicut
3377 4299 3670 4351 monstra-

385 4408 566 4465 verat,
590 4406 647 4455 et
679 4413 853 4453 suum
876 4395 1103 4451 Christo
1135 4396 1471 4464 protegente
1502 4391 1859 4445 desiderium
1884 4391 2290 4462 adimpletum.
2317 4392 2701 4465 omnipotenti
2726 4393 2970 4449 Domino
2994 4393 3215 4466 gratias
3246 4390 3452 4448 retulit
3485 4392 3656 4448 inﬁni

273 4506 348 4559 20
387 4499 607 4571 tas,qui
640 4497 689 4552 ei
722 4494 896 4550 talem
921 4491 1226 4548 ostendere
1256 4489 1449 4544 locum
1477 4488 1752 4559 dignatus
1776 4493 1880 4554 est,
1908 4489 1967 4543 in
1999 4505 2113 4560 quo
2143 4493 2199 4543 et
2230 4489 2481 4561 populus
2512 4490 2709 4547 salvus
2739 4491 3024 4558 existeret,
3046 4495 3104 4546 et
3124 4491 3197 4546 ad
3224 4489 3651 4547 abundantiam

387 4598 533 4654 inibi
566 4594 925 4651 ministraret
950 4589 1126 4644 etiam
1159 4587 1382 4659 lapides
1413 4591 1470 4641 et
1500 4591 2063 4657 arenam,quatenus
2095 4587 2220 4641 sine
2253 4586 2448 4642 labore
2497 4589 2896 4660 operariorum
2948 4588 3173 4645 noviter
3215 4591 3551 4645 constructa
3580 4587 3668 4644 fa-

386 4696 549 4752 brica
580 4695 961 4764 augmentum
993 4686 1290 4759 percipere
1322 4683 1624 4755 potuisset.

465 4791 617 4849 550
646 4788 892 4845 Gavisus
923 4802 991 4841 ex
1020 4784 1116 4839 bis
1147 4781 1423 4838 omnibus
1456 4781 1659 4835 urbem
1694 4780 1986 4851 Leopolim
2023 4782 2368 4853 saepedictus
2398 4785 2653 4856 pontifex
2689 4784 2907 4841 litaniis
2938 4790 2994 4841 et
3025 4785 3384 4841 orationibus
3415 4783 3666 4857 pedibus

391 4888 644 4965 propriis
673 4884 959 4949 circuivit,
983 4882 1290 4951 tribusque
1322 4879 1685 4932 orationibus
1707 4876 1765 4931 in
1790 4880 2031 4933 modum
2054 4880 2360 4936 Trinitatis
2386 4882 2796 4953 perpetualiter
2816 4884 3205 4950 consecravit;
3235 4883 3575 4949 missarum,
3599 4886 3670 4939 ut

389 4988 601 5047 solitus
632 4988 778 5048 erat,
801 4981 1061 5037 ofﬁcium
1105 4978 1215 5032 rite
1262 4974 1616 5047 persolvens,
1640 4979 1693 5029 et
1726 4992 1936 5047 aquam
1994 4977 2356 5033 benedictam
2409 4997 2512 5050 per
2557 4996 2757 5036 mnros
2804 4980 3017 5051 jactari
3065 4980 3424 5053 praecipiens.
3449 4980 3519 5034 Et
3547 4997 3665 5036 non

389 5084 681 5143 modicam
715 5078 990 5135 manibus
1021 5074 1272 5148 propriis
1305 5091 1418 5145 pra:
1451 5073 1670 5127 amoris
1698 5074 2104 5143 magnitudine
2133 5075 2401 5130 universo
2425 5076 2637 5148 populo
2662 5095 2859 5149 rogum
2883 5076 3182 5132 distribuit
3207 5094 3220 5132 :
3245 5075 3668 5132 commendans

314 5187 354 5241 5
390 5178 778 5252 omnipotenti
811 5175 1054 5231 Domino
1086 5171 1391 5245 populum,
1414 5174 1473 5224 et
1501 5171 1792 5253 civitatem
1822 5171 2100 5225 divinitus
2126 5174 2605 5238 demonstratam,
2629 5192 2701 5229 ne
2729 5192 2987 5245 unquam
3010 5175 3081 5230 ab
3112 5173 3381 5229 hostibus
3404 5172 3672 5245 capiatur

389 5279 479 5335 vel
512 5276 842 5333 invadatur.
867 5273 972 5328 His
1025 5270 1303 5327 omnibus
1336 5266 1705 5339 perpetratis,
1742 5268 1812 5322 ad
1847 5269 2043 5322 sedem
2076 5287 2245 5323 suam
2278 5287 2410 5325 cum
2442 5270 2665 5343 ingenti
2726 5271 2925 5327 laetitia
2980 5275 3037 5326 et
3093 5270 3409 5337 alacritate,
3443 5268 3672 5327 Christo

391 5374 731 5438 auxiliante,
763 5386 1032 5426 reversus
1055 5372 1162 5434 est,
1187 5367 1398 5436 dieque
1419 5364 1797 5435 superaddito
1821 5365 2046 5420 decimo
2081 5368 2285 5437 quinto
2316 5369 2510 5423 omnis
2535 5385 2839 5424 murorum
2863 5370 3120 5424 ambitus
3149 5367 3473 5440 completus
3495 5372 3673 5440 atque

392 5473 687 5547 perfectus
717 5474 823 5535 est,
847 5483 1000 5522 anno
1031 5463 1383 5537 praesulatus
1416 5462 1506 5515 sui
1539 5466 1759 5527 octavo,
1795 5462 2111 5517 indictione
2143 5466 2419 5521 secunda.

469 5570 616 5626 55‘!
648 5567 757 5622 Sed
782 5570 838 5620 et
866 5563 926 5618 in
956 5560 1219 5618 ecclesiis
1241 5576 1388 5630 quas
1419 5557 1635 5613 ibidem
1660 5559 1792 5613 fecit
1823 5561 2006 5614 multa
2032 5562 2178 5616 dona
2206 5562 2409 5616 obtulit
2441 5581 2453 5617 :
2482 5563 2538 5617 In
2567 5564 2807 5619 ecclesia
2826 5564 3095 5619 videlicet
3115 5564 3301 5619 sancti
3321 5562 3471 5619 Petri
3495 5564 3676 5637 gaba-

233 5693 256 5707 -
281 5649 305 5667 ii
394 5669 531 5724 thas
562 5684 631 5721 ex
653 5667 893 5735 argento
918 5659 1117 5714 fusiles
1142 5659 1412 5725 majores,
1439 5656 1805 5727 minoresque
1829 5664 2073 5729 septem,
2103 5677 2340 5729 pensan.
2368 5661 2583 5732 pariter
2604 5661 2783 5717 libras
2806 5661 3095 5718 sexdecim
3123 5666 3179 5719 et
3199 5663 3435 5719 unciam
3460 5679 3674 5732 unam;

398 5765 743 5823 cantharum
773 5761 1110 5815 exanratam
1143 5771 1343 5819 unam,
1370 5754 1586 5807 baueas
1617 5760 1924 5809 exauratas
1956 5760 2099 5821 tres;
2138 5757 2467 5813 tibulatoria
2499 5761 2743 5829 majora,
2778 5763 2833 5815 et
2864 5760 3092 5817 minora
3121 5762 3407 5834 quinque;
3443 5775 3677 5815 crucem

398 5881 468 5919 ex
501 5863 740 5932 argento
773 5858 1111 5912 deauratam
1147 5866 1485 5916 unam,cum
1520 5866 1754 5921 gemma
1786 5853 2076 5908 una.ltem
2112 5855 2284 5909 aliam
2320 5873 2549 5911 crucem
2575 5858 2645 5912 de
2670 5876 2811 5914 auro
2843 5877 3044 5925 unam,
3065 5861 3380 5916 habentem
3402 5858 3459 5912 in
3484 5856 3677 5912 medio

323 5964 362 6018 5
400 5954 829 6023 monocossim;
862 5956 920 6007 et
947 5950 1123 6007 aliam
1157 5965 1384 6004 crucem
1417 5964 1481 6001 ex
1516 5953 1778 6017 argento,
1812 5950 2190 6019 numeratim,
2221 5952 2527 6014 habentem
2563 5972 2827 6027 gemmas
2860 5958 3280 6031 quadraginta;
3316 5952 3680 6011 thuribulum

400 6069 647 6116 aureum
678 6054 1021 6110 exauratum
1054 6064 1261 6114 unum,
1290 6048 1548 6101 dextram
1584 6046 1872 6103 saxiscam
1918 6066 2116 6116 unam,
2153 6068 2397 6108 coronas
2438 6070 2647 6110 aureas
2679 6056 3013 6123 duodecim,
3040 6056 3352 6129 gabatham
3382 6064 3582 6118 unam,
3618 6049 3677 6101 et
