3922 6462
334 333 495 398 1335
1481 344 1883 411 ANASTASII

2221 344 2600 411 [ἭΕΟΚΒῙΒ
2618 356 2625 361 ’
2642 353 2651 363 ’
3599 348 3770 413 ιωθ

483 471 1101 531 struthiocamelorum
1135 492 1241 532 ova
1270 476 1407 535 duo.
1429 479 1617 552 Atque
1648 481 1784 537 fecit
1813 481 1872 536 in
1902 481 2106 537 eadem
2136 478 2384 536 ecclesia
2404 481 2533 551 jam
2564 479 2731 536 dictae
2756 479 3007 538 civitatis
3033 485 3223 540 vestes
3254 482 3474 541 sericas
3493 483 3688 540 duas:
3711 487 3773 540 et

476 571 694 642 quibus
728 589 903 627 unam
938 573 1115 629 habet
1146 573 1204 629 in
1237 575 1429 631 medio
1477 577 1742 633 tabulam
1773 578 1846 635 de
1876 577 2269 651 chrysoclavo,
2305 582 2363 633 et
2392 575 2510 633 alia
2556 576 2733 634 habet
2761 577 2822 634 in
2874 579 3067 635 medio
3098 582 3351 649 crucem,
3376 586 3433 637 ct
3461 579 3770 637 orbiculos

475 672 728 739 quatuor
753 686 886 724 cum
917 672 1303 742 gammadiis;
1338 677 1394 727 et
1411 672 1537 730 vela
1558 675 1630 731 de
1662 676 1903 731 fundato
1926 677 2125 732 decem
2145 681 2202 731 et
2223 679 2352 731 octo
2376 693 2390 731 :
2414 674 2759 731 crucifixum
2783 693 2852 732 ex
2873 680 3115 749 argento
3142 677 3483 751 purissimo,
3510 695 3764 751 pensan.

371 765 435 820 10
476 764 655 821 libras
681 769 736 821 7.
762 767 995 823 Necnon
1028 773 1085 823 et
1114 768 1173 823 in
1206 768 1451 826 ecclesia
1471 772 1659 827 sancti
1693 773 1926 839 Leonis,
1950 774 2048 830 ubi
2071 788 2250 846 supra
2280 771 2494 829 obtulit
2525 776 2796 845 patenam
2827 778 3165 832 exauratam
3189 792 3392 845 unam,
3418 776 3670 833 calicem
3695 776 3769 831 de

472 867 711 934 argento
744 881 953 931 unum,
975 871 1165 923 vestes
1192 868 1364 933 duas,
1390 886 1567 925 unam
1599 869 1838 942 quidem
1870 872 1942 927 de
1974 871 2238 937 fundato,
2266 873 2533 926 ornatam
2565 871 2624 925 in
2655 870 2907 927 circuitu
2956 873 3031 929 de
3055 872 3324 941 'olovero,
3350 872 3672 930 habentem
3703 872 3764 929 in

472 966 697 1031 septem
723 979 735 1015 :
761 962 1150 1020 Historiarum
1182 966 1534 1034 Salomonis,
1559 968 2081 1041 Antiphonarium,
2106 969 2454 1026 Psalterium
2476 972 2534 1025 et
2552 969 3115 1042 Sacramenta'rium,
3138 975 3438 1045 gestorum
3462 976 3519 1026 et
3545 987 3768 1027 sermo-

474 1075 599 1123 nes,
622 1060 720 1114 sed
754 1065 811 1115 et
842 1062 1223 1135 Evangelium
1252 1079 1388 1121 cum
1419 1066 1640 1123 tabulis
1670 1068 2001 1140 argenteis:
2025 1071 2202 1141 atque
2246 1066 2716 1124 sacratissimum
2747 1066 2848 1123 Dei
2880 1067 3082 1135 altare,
3108 1069 3266 1141 quod
3299 1085 3481 1142 supra
3510 1068 3764 1125 sanctis-

365 1155 436 1210 45
475 1156 693 1212 simum
727 1158 879 1214 beati
916 1160 1065 1216 Petri
1098 1163 1346 1234 apostoli
1379 1180 1591 1238 corpus
1621 1166 1890 1222 consistit
1929 1165 2220 1240 argenteis
2245 1164 2703 1238 dcauratis,quaz
2735 1165 2793 1220 in
2827 1165 3028 1221 dextra
3054 1170 3111 1222 et
3138 1165 3488 1239 laevaipsi'us
3518 1170 3761 1240 aposto-

474 1251 665 1310 lorum
699 1255 984 1328 principis
1016 1258 1192 1314 habet
1224 1261 1529 1333 miracula,
1554 1264 1883 1335 perornavit
1910 1264 2150 1320 laminis
2168 1263 2267 1336 (a),
2292 1268 2423 1336 qua
2453 1264 2674 1336 ingenti
2699 1263 3008 1336 splendore
3034 1269 3194 1320 nunc
3224 1268 3291 1320 ut
3319 1263 3447 1321 eali
3476 1270 3643 1321 astra
3670 1281 3763 1321 co-

473 1357 737 1416 ruscant,
771 1371 1017 1426 pensan.
1042 1373 1173 1412 vero
1205 1358 1384 1413 simul
1417 1358 1598 1415 libras
1627 1361 1967 1437 octuaginta
1995 1366 2253 1435 quatuor
2278 1366 2337 1417 et
2366 1361 2574 1418 uncias
2600 1360 2887 1434 quintum.

547 1450 700 1509 552
728 1454 915 1527 Atque
945 1459 1076 1527 post
1106 1459 1227 1512 tam
1259 1456 1564 1515 immensas
1611 1458 1967 1531 operationis
1997 1459 2273 1533 insignia,
2298 1459 2565 1532 factaque
2595 1458 2813 1525 divina,
2837 1459 2938 1515 Dei
2965 1458 3179 1515 aeterni
3229 1457 3541 1516 clementia
3568 1458 3758 1533 inspi-

470 1553 803 1623 rante,quae
834 1569 938 1624 per
966 1552 1196 1610 diversa
1215 1554 1345 1611 loca
1362 1556 1436 1612 ob
1467 1555 1718 1613 salutem
1735 1556 2201 1613 Christianorum
2232 1556 2358 1629 ipse
2388 1555 2801 1612 sanctissimus
2822 1562 2973 1629 papa
2996 1559 3088 1611 est
3114 1556 3753 1628 operatus,e'c¢tesiam,

471 1663 601 1719 quae
631 1648 864 1705 Domini
895 1668 1033 1707 voce
1064 1669 1244 1725 supra
1275 1654 1508 1710 firmam
1566 1659 1789 1727 petram
1825 1655 2072 1725 fundata
2099 1653 2391 1721 consistit,
2423 1657 2480 1710 et
2510 1654 2583 1710 de
2612 1653 2766 1710 beati
2799 1652 2955 1710 Petri
3010 1652 3409 1726 apostolorum
3470 1655 3755 1729 principis

470 1745 708 1802 nomine
738 1751 941 1804 sancto
972 1748 1228 1822 gloriosa
1257 1756 1545 1819 coruscat,
1583 1752 2007 1826 pretiosissima
2037 1751 2305 1809 omnium
2345 1750 2717 1807 metallorum
2747 1756 2957 1808 ornatu
2990 1767 3106 1823 prae
3138 1750 3321 1808 nimio
3352 1751 3557 1824 patriae
3583 1752 3755 1810 cmle-

391 1843 429 1897 5
468 1843 577 1900 stis
607 1861 807 1901 amore
836 1847 1098 1918 quotidie
1124 1864 1333 1905 ornare
1363 1864 1706 1922 procurans,
1732 1851 1948 1906 ibidem
1989 1866 2222 1924 quoque
2252 1849 2561 1907 tectorium
2603 1854 2947 1922 argenteum
2978 1848 3195 1922 inclyta
3218 1849 3558 1922 operatione
3586 1850 3753 1908 caela-

466 1944 618 2009 tum,
642 1946 701 1998 et
729 1959 908 2016 super
936 1950 1192 2017 quatuor
1212 1947 1389 2019 pedes
1419 1949 1749 2005 consistens
1770 1948 2029 2022 perfecit.
2056 1951 2120 2006 In
2151 1948 2324 2021 cujus
2360 1946 2631 2023 videlicet
2657 1948 3004 2003 summitate
3044 1945 3230 2003 leonis
3270 1952 3447 2020 caput
3477 1947 3749 2023 refulget,

467 2056 691 2112 pensan
748 2039 932 2099 libras
960 2042 1206 2115 triginta
1226 2061 1407 2102 unam
1438 2051 1497 2102 et
1524 2047 1732 2104 uncias
1763 2047 2037 2104 undecim
2061 2065 2076 2104 :
2099 2060 2325 2103 necnon
2360 2051 2420 2102 et
2449 2050 2741 2102 cerostata
2763 2050 3040 2119 quatuor,
3060 2056 3193 2119 quas
3223 2062 3257 2102 a
3286 2045 3461 2119 longo
3489 2050 3751 2120 tempore

467 2154 840 2195 summorum
873 2140 1218 2212 pontificum
1249 2140 1310 2197 in
1342 2142 1536 2199 medi‘o
1565 2145 1911 2219 presbyterii
1945 2145 2113 2202 festis
2142 2144 2523 2217 erigebantur
2554 2142 2782 2200 diebus.
2810 2145 2997 2217 Atque
3028 2143 3150 2200 hinc
3181 2144 3377 2217 sagaci
3402 2143 3651 2201 "arbitrio
3676 2145 3751 2202 de

467 2243 708 2312 argento
756 2238 1074 2311 purissime
1121 2240 1435 2310 investivit,
1461 2245 1636 2315 atque
1667 2247 1733 2299 ut
1760 2242 1817 2298 in
1852 2247 2197 2317 perpetuum
2252 2242 2472 2299 ibidem
2501 2244 2693 2297 erecta
2721 2245 2919 2298 essent
2974 2241 3301 2308 constituit,
3334 2242 3491 2315 quod
3549 2242 3750 2300 nullus

358 2335 431 2391 40
469 2336 966 2409 praedecessorum
997 2338 1126 2410 ejus
1158 2338 1346 2396 facere
1374 2339 1666 2413 cogitavit,
1689 2340 1970 2398 habentia
1998 2339 2176 2396 simul
2207 2340 2389 2397 libras
2410 2340 2841 2414 quinquaginta
2871 2345 2932 2397 et
2958 2341 3241 2415 quinque.
3265 2341 3374 2399 Ubi
3413 2354 3595 2415 supra
3616 2342 3751 2400 fecit

476 2437 535 2490 et
563 2438 850 2490 cerostata
879 2435 948 2491 de
968 2440 1212 2509 argento
1234 2438 1481 2509 majora,
1507 2454 1615 2511 par
1634 2452 1843 2507 unum,
1867 2450 2115 2512 pensan,
2134 2437 2316 2497 libras
2338 2438 2730 2513 quadraginta
2750 2442 2879 2496 octo
2897 2443 2957 2495 et
2979 2438 3185 2496 uncias
3205 2438 3427 2507 decem,
3449 2438 3510 2495 in
3532 2440 3749 2513 quibus

510 2533 716 2589 sedent
745 2532 995 2589 lucerna:
1015 2533 1274 2590 bimixtte
1296 2535 1367 2590 de
1390 2540 1628 2609 argento
1661 2535 1980 2609 purissimo
2010 2535 2272 2593 lucentes
2295 2536 2467 2608 juxta
2486 2536 2669 2593 altare
2690 2536 2911 2609 majus,
2931 2546 3181 2610 pensan.
3200 2535 3384 2595 libras
3404 2536 3585 2594 simul
3607 2555 3746 2612 qua~

476 2630 751 2703 draginta
778 2635 835 2686 et
866 2648 1069 2687 novem
1099 2649 1362 2689 :necnon
1408 2638 1465 2690 et
1506 2633 1622 2690 alia
1666 2638 1960 2690 cerostata
1987 2634 2368 2707 deargentata
2404 2639 2650 2707 septem,
2675 2643 2919 2707 pensari.
2940 2632 3126 2691 libras
3151 2634 3362 2707 viginti
3404 2635 3665 2709 quinque
3693 2641 3753 2693 et

474 2727 682 2784 uncias
711 2733 851 2785 tres.
873 2728 1001 2785 Pari
1029 2730 1204 2787 modo
1233 2735 1291 2787 et
1320 2730 1436 2787 alia
1463 2736 1688 2804 septem
1728 2736 1881 2788 tetra
1914 2732 2047 2788 fecit
2077 2736 2365 2788 cerostata
2394 2732 2580 2789 ferrea
2607 2731 2860 2804 desuper
2888 2731 2960 2787 de
3008 2737 3270 2804 argento,
3295 2745 3540 2805 pensas.
3569 2732 3751 2792 libras

366 2827 435 2882 15
475 2844 654 2882 unam
687 2831 745 2882 et
772 2827 1000 2899 viginti,
1022 2838 1078 2884 et
1108 2829 1316 2886 uncias
1343 2834 1483 2886 tres.
1509 2833 1697 2903 Atque
1727 2846 1906 2902 super
1944 2829 2141 2903 ipsum
2173 2829 2356 2887 altare
2387 2828 2521 2885 fecit
2550 2834 2771 2886 vestem
2799 2845 2944 2886 auro
2971 2833 3210 2897 textam,
3234 2829 3504 2886 eandidis
3533 2848 3637 2904 per
3661 2835 3751 2890 to-

471 2928 596 2980 tum
631 2925 966 2999 margaritis
1000 2925 1342 3000 fulgentem,
1366 2932 1422 2984 et
1454 2928 1513 2983 in
1544 2928 1746 2985 dextra
1778 2928 2033 3000 laevaque
2058 2926 2293 2984 tabulas
2322 2931 2651 3001 gemmatas
2682 2927 2994 2985 habentem
3026 2940 3160 2984 eum
3195 2928 3389 2986 aureis
3420 2944 3524 3003 per
3540 2930 3750 2989 circui-

471 3028 596 3079 tum
630 3023 930 3091 orbiculis,
956 3025 1173 3097 quibus
1202 3025 1435 3099 insigne
1464 3025 1655 3100 ipsius
1687 3024 1956 3098 praesulis
1984 3029 2073 3082 est
2101 3034 2315 3082 nomen
2348 3025 2731 3098 descriptum.

542 3122 695 3179 553
726 3121 858 3177 Jam
890 3126 948 3177 et
979 3123 1403 3180 monasterium
1437 3124 1626 3180 sancti
1659 3123 2082 3196 Martini,quod
2106 3122 2279 3196 longo
2300 3123 2465 3181 senio
2493 3127 2619 3179 erat
2638 3136 2938 3191 casurum,
2966 3122 3135 3181 miris
3156 3122 3465 3181 domorum
3489 3124 3750 3183 adificiis

475 3219 914 3286 restauravit,et
942 3220 1014 3276 ad
1047 3220 1328 3277 honorem
1360 3220 1661 3278 meliorem
1685 3238 1863 3295 quam
1895 3221 2058 3294 prius
2106 3221 2293 3277 fuerat
2325 3218 2592 3276 funditus
2621 3220 2939 3276 decoravit.
2972 3220 3036 3277 In
3067 3232 3184 3293 quo
3212 3224 3273 3278 et
3297 3225 3521 3278 vestem
3552 3222 3747 3281 albam

469 3321 727 3373 rosatam
748 3334 881 3373 cum
918 3316 1065 3374 rosis
1096 3317 1331 3387 obtulit,
1350 3323 1409 3374 et
1438 3318 1792 3376 Salvatorem
1818 3336 1955 3375 cum
1984 3317 2289 3392 apostolis.
2309 3322 2369 3374 et
2388 3318 2688 3391 Virginem
2718 3318 3011 3392 legentem
3040 3326 3255 3377 numen
3284 3320 3508 3377 domini
3541 3321 3748 3381 Leonis

470 3415 682 3488 quarti.
708 3415 847 3470 Item
880 3415 1007 3470 vela
1036 3416 1299 3488 quinque
1329 3416 1463 3473 alba
1492 3422 1705 3484 rosata,
1729 3420 1786 3473 et
1815 3434 2001 3472 unum
2030 3417 2268 3489 quidem
2301 3397 2526 3473 habens
2556 3417 2926 3489 gammadias
2954 3417 3258 3485 tredecim,
3282 3422 3340 3473 et
3358 3418 3654 3493 amigdala
3673 3421 3748 3480 de

393 3516 430 3570 5
469 3516 707 3586 argento
735 3518 1012 3568 exaurata
1040 3513 1174 3569 tria.
1218 3514 1283 3570 In
1316 3513 1562 3571 ecclesia
1609 3519 1945 3571 sanctorum
1977 3518 2230 3587 quatuor
2259 3514 2678 3571 Coronatorum
2715 3514 2851 3572 fecit
2875 3518 3101 3572 vestem
3131 3515 3202 3571 de
3250 3516 3492 3573 fundato
3541 3532 3744 3574 unam.

468 3611 750 3667 Prwterea
781 3611 935 3666 idem
964 3628 1237 3667 summus
1259 3616 1316 3667 et
1342 3612 1698 3668 orthodoxus
1721 3612 1980 3684 pontifex
2000 3610 2197 3667 divina
2216 3610 2602 3684 inspiratione
2625 3610 2899 3685 pulsatus
2919 3611 3054 3669 fecit
3073 3611 3133 3668 in
3156 3611 3398 3669 basilica
3418 3613 3573 3670 beati
3596 3614 3747 3671 Petri

467 3708 866 3782 apostolorum
898 3709 1181 3782 principis
1204 3709 1415 3766 calices
1444 3727 1513 3767 ex
1545 3716 1785 3784 argento
1815 3709 2273 3783 purissimo,qui
2298 3710 2555 3782 pendent
2585 3724 2763 3783 super
2783 3720 2987 3767 arcum
3019 3708 3424 3784 principalem,
3446 3729 3670 3769 necnon
3692 3718 3752 3771 et

464 3807 617 3863 intra
637 3806 945 3863 columnas
966 3808 1219 3879 majores
1246 3808 1448 3864 dextra
1466 3807 1724 3880 laevaque
1747 3824 1991 3864 numero
2014 3807 2353 3880 octuaginta
2382 3812 2523 3873 tres,
2545 3807 2830 3865 habentes
2862 3806 3102 3867 insimul
3131 3807 3315 3865 libras
3345 3810 3749 3885 quadringen-

465 3909 557 3960 tas
578 3904 969 3976 quadraginta
991 3910 1048 3960 et
1071 3922 1272 3961 unam.
1297 3905 1560 3978 ldipsum
1583 3923 1721 3962 vero
1742 3910 1875 3963 ante
1899 3905 2050 3962 sacri
2076 3905 2279 3962 altaris
2296 3904 2655 3962 vestibulum
2679 3905 2841 3962 mira
2859 3903 3323 3985 pulchritudinis
3336 3906 3479 3963 fecit
3495 3909 3747 3978 trabem,

354 4001 426 4057 40
465 4017 641 4074 quam
667 4004 798 4073 post
819 4000 958 4056 dirae
979 4002 1171 4073 gentis
1203 4003 1517 4059 nefandam
1540 4004 2033 4076 deprmdationem
2053 4019 2121 4059 ex
2152 4006 2395 4077 argento
2425 3999 2717 4075 decoravit
2748 4002 3088 4076 purissimo,
3106 4000 3166 4057 in
3197 4016 3317 4075 qua
3346 4018 3527 4059 sacra
3548 4021 3622 4061 ac
3649 4006 3747 4064 Dei

464 4096 823 4154 venerabiles
844 4098 1049 4154 sedent
1068 4099 1357 4173 imagines
1379 4118 1507 4174 quas
1533 4114 1697 4174 pens.
1723 4100 1905 4157 libras
1931 4100 2252 4174 sexaginta.
2273 4099 2501 4156 Obtulit
2520 4117 2757 4173 quoque
2780 4101 2834 4156 in
2858 4100 3105 4157 ecclesia
3122 4100 3274 4157 beati
3299 4101 3453 4159 Petri
3469 4106 3743 4176 apostoli.

461 4214 589 4270 quae
616 4196 853 4269 ponitur
882 4196 941 4252 in
975 4197 1209 4256 civitate
1242 4197 1498 4271 Leopoli,
1521 4198 1892 4255 thuribulum
1915 4198 1987 4255 de
2016 4202 2258 4270 argento
2277 4203 2554 4255 exaurato
2578 4206 2784 4255 unum.
2809 4198 2941 4254 Pari
2964 4199 3136 4255 modo
3163 4202 3222 4256 et
3249 4198 3310 4255 in
3331 4198 3583 4258 ecclesia
3613 4219 3741 4261 san-

459 4300 566 4351 ctae
588 4294 689 4349 Dei
710 4293 1020 4351 Genitricis
1052 4295 1413 4369 Mariamque
1435 4296 1551 4352 sita
1580 4300 1670 4352 est
1700 4295 1761 4351 in
1789 4297 1914 4353 vico
1940 4296 2283 4361 Sardorum,
2304 4295 2591 4367 gabathas
2614 4302 2748 4352 cum
2772 4295 3030 4353 canistro
3050 4282 3389 4370 dear-gente
3408 4304 3737 4369 exauratas,

457 4409 684 4467 pensan
724 4390 1024 4455 libras.....
1048 4392 1331 4450 Similiter
1358 4399 1416 4450 ct
1455 4394 1514 4450 in
1544 4392 1859 4451 venerabili
1890 4392 2244 4449 monasterio
2290 4392 2641 4462 Jerusalem,
2664 4393 2820 4466 quod
2845 4394 3016 4466 juxta
3042 4392 3349 4451 ecclesiam
3379 4394 3535 4453 beati
3585 4397 3735 4456 Petri

346 4494 419 4553 45
455 4490 704 4565 apostoli
738 4491 993 4564 ponitur,
1020 4491 1152 4547 fecit
1179 4496 1398 4547 vestem
1421 4491 1491 4546 de
1516 4491 1756 4547 fundato
1779 4508 1912 4547 cum
1936 4489 2236 4558 orbiculis,
2262 4490 2320 4546 in
2352 4490 2602 4547 circuitu
2630 4494 2900 4547 ornatam
2919 4506 3055 4547 cum
3079 4490 3215 4549 lista
3236 4493 3307 4547 d'e
3339 4491 3733 4566 chrysoclavo,

452 4604 589 4645 cum
619 4586 761 4643 velis
790 4605 859 4642 ex
890 4587 1129 4643 imizino
1157 4588 1410 4655 duobus,
1432 4589 1581 4645 etde
1602 4588 1845 4644 fundato
1866 4589 2077 4643 tribus.
2102 4588 2232 4661 Ipse
2260 4604 2396 4643 vero
2425 4605 2458 4644 a
2480 4588 2597 4644 Deo
2623 4592 2921 4661 protectus
2947 4587 3301 4645 venerabilis
3325 4593 3387 4646 et
3414 4589 3727 4663 praeclarus

452 4684 711 4761 pontifex
737 4685 869 4740 fecit
900 4685 1366 4758 propitiatorium
1398 4686 1548 4741 sacri
1582 4685 1784 4742 altaris
1807 4685 1959 4741 beati
1986 4685 2133 4741 Petri
2158 4684 2554 4757 apostolorum
2589 4685 2891 4760 principis,
2914 4684 3017 4742 ubi
3040 4685 3493 4743 sacritissimum
3515 4703 3725 4761 corpus

450 4786 583 4858 ejus
614 4782 864 4857 quiescit
893 4782 1337 4857 spanoclistum,
1362 4783 1588 4840 habens
1616 4783 1855 4856 quidem
1887 4782 2113 4856 argenti
2144 4782 2325 4839 libras
2355 4783 2725 4857 septuaginta
2746 4772 2807 4839 et
2832 4784 3002 4848 duas,
3023 4782 3152 4839 auri
3173 4798 3310 4840 vero
3330 4784 3686 4859 octuaginta.

522 4881 677 4939 554
708 4881 895 4953 Hujus
919 4896 1050 4935 vero
1072 4882 1436 4953 temporibus
1459 4882 1699 4954 quidam
1723 4881 1924 4937 Daniel
1952 4880 2234 4954 magister
2253 4880 2532 4949 militum,
2557 4880 2889 4954 iniquitatis
2907 4897 2974 4938 ac
2995 4880 3256 4937 stultitiae
3278 4881 3432 4939 mole
3448 4888 3720 4963 senatus,

438 4980 511 5036 ad
546 4977 925 5037 serenissima
957 4976 1156 5032 domni
1190 4978 1463 5034 Ludovici
1505 4979 1876 5053 imperatoris
1907 4978 2153 5053 vestigia
2197 4979 2545 5051 properavit,
2577 4979 2747 5053 eique
2778 4978 2966 5035 multa
3009 4976 3156 5035 falsa
3184 4983 3242 5041 et
3269 4979 3500 5036 inutilia
3527 4980 3720 5052 verba,

448 5094 576 5151 quas
606 5075 761 5132 credi
794 5072 956 5130 nullo
987 5075 1160 5130 modo
1209 5081 1467 5147 possent,
1491 5094 1670 5149 super
1698 5076 2042 5133 Gratianum
2100 5075 2637 5133 eminentissimum
2698 5076 3053 5151 magistrum
3081 5075 3365 5145 militum,
3388 5081 3446 5133 et
3475 5077 3721 5134 Romani

445 5172 647 5248 palatii
677 5171 980 5246 egregium
1011 5172 1364 5244 supcristam
1396 5190 1463 5229 ac
1495 5160 1919 5241 consiliarium,
1935 5174 2126 5230 dicere
2158 5190 2274 5231 non
2306 5173 2612 5229 dubitavit,
2634 5174 2783 5230 Nam
2815 5174 3103 5231 instanter
3130 5186 3266 5233 cum
3297 5175 3619 5232 accusabat
3647 5176 3718 5233 ob

368 5271 406 5327 5
442 5269 717 5328 falsitatis
741 5268 1044 5339 invidiam,
1078 5271 1281 5326 dicens
1312 5271 1648 5344 imperatori
1682 5289 1695 5327 :
1730 5273 2046 5329 Gratianus
2096 5272 2372 5329 Romanas
2421 5272 2585 5328 urbis
2614 5269 2935 5346 superista,
2962 5286 3137 5347 quem
3168 5284 3309 5348 erga
3334 5288 3442 5330 vos
3487 5272 3717 5331 fidelem

441 5385 574 5428 esse
604 5368 861 5437 creditis,
886 5366 1031 5424 mihi
1064 5367 1172 5424 soli
1206 5369 1265 5424 in
1296 5369 1470 5426 domo
1514 5386 1625 5426 sua
1664 5368 1916 5425 nimium
1974 5385 2153 5442 super
2183 5370 2437 5427 Francos
2466 5385 2853 5426 murmurans
2879 5369 3027 5426 dixit
3053 5375 3315 5428 secrete:
3340 5370 3489 5437 Quia
3519 5371 3716 5428 Franci

439 5463 590 5523 nihil
621 5465 790 5521 nobis
832 5465 969 5521 boni
1001 5465 1243 5533 faciunt,
1272 5482 1460 5539 neque
1510 5466 1865 5537 adjutorium
1899 5466 2187 5539 praebent;
2221 5466 2323 5523 sed
2357 5466 2545 5540 magis
2595 5482 2725 5540 quae
2773 5471 2975 5523 nostra
3004 5470 3146 5523 sunt
3170 5465 3456 5523 violenter
3480 5466 3715 5524 tollunt.

434 5567 630 5632 Quare
662 5579 768 5618 nos
797 5564 1154 5620 advocemus
1182 5563 1431 5631 Graecos,
1457 5568 1515 5618 et
1544 5580 1675 5618 cum
1709 5564 1794 5619 eis
1826 5565 2014 5619 foedus
2045 5563 2206 5636 pacis
2229 5569 2644 5637 componentes
2673 5566 3031 5621 Francorum
3062 5574 3257 5638 regem
3287 5568 3346 5621 et
3372 5568 3608 5639 gentem
3649 5565 3716 5625 de

422 5661 635 5717 nostro
671 5674 846 5730 regno
878 5664 934 5715 et
963 5660 1362 5716 «’orninatione
1384 5659 1745 5731 expellinus?
1767 5665 1888 5728 Quo
1912 5660 2110 5715 audito
2132 5678 2266 5715 mox
2287 5661 2600 5732 praedictus
2622 5661 2961 5735 imperator,
2980 5662 3271 5721 immenso
3300 5663 3494 5721 furore
3522 5678 3721 5722 accen-

318 5751 386 5807 10
422 5768 563 5817 sus,
601 5750 727 5809 sine
757 5754 968 5811 litteris
996 5756 1171 5812 eliam
1203 5757 1272 5811 ad
1308 5757 1703 5812 Romanorum
1737 5758 1973 5814 directis
2005 5756 2339 5829 pontificem
2372 5762 2429 5813 et
2460 5763 2752 5827 senatum,
2777 5761 3024 5817 Romam
3052 5760 3252 5818 venire
3279 5760 3556 5819 velociter
3583 5778 3716 5836 pro-

1484 5871 1735 5918 NOTULE
1778 5870 2161 5920 KARGINALES
2201 5870 2524 5919 FABIOTTI.

332 5941 405 6016 (α)
432 5940 639 6004 Forte
667 5934 1081 6004 luminaribus.
