3922 6430
127 330 274 404 ηαδ
802 320 1172 386 HISTORIA
1214 323 1316 388 DE
1361 321 1562 388 VI'I‘IS
1609 325 1798 388 ROM.
1848 327 2182 388 PON'I‘.-—
2211 323 2699 390 BENEDIC'I‘US
2742 326 2848 388 III.
3377 326 3534 390 1816

1287 542 1470 612 CVI.
1535 544 1719 612 BEN
1751 545 2165 614 EDIC'I‘US
2217 546 2351 614 Ill.

913 678 1078 724 anno
1105 678 1347 724 CHRISTI
1379 667 1520 738 855,
1556 681 1836 726 LO'l‘IlAluI
1868 684 1991 726 ων.
2028 669 2128 741 16,
2159 684 2462 729 Μιεηλιτιιε

1178 679 1347 724 nus'n
1379 667 1520 738 855,
1556 681 1836 726 LO'l‘IlAluI
1868 684 1991 726 ων.
2028 669 2128 741 16,
2159 684 2481 730 MICHAELIS
2511 685 2604 743 In,
2632 671 2727 729 i4.

329 867 486 930 εὖ.
514 865 861 923 Benedictus
909 865 1139 931 tertius,
1171 867 1404 922 natione
1451 868 1769 935 Romanus,
1804 885 1870 924 ex
1903 874 2064 942 patre
2115 870 2296 935 Petro,
2333 870 2485 926 sedit
2531 888 2716 927 annos
2767 871 2936 936 duos,
2972 884 3208 924 menses
3260 885 3381 936 sex,
3413 868 3542 924 dies

256 968 481 1023 decem.
515 966 729 1022 Beatus
775 965 864 1022 vir
920 965 1030 1020 iste
1079 964 1480 1020 dilectissimis
1509 965 1831 1023 visceribus
1879 968 2092 1036 editus,
2127 969 2349 1023 sidereo
2409 969 2634 1040 pollens
2692 985 2838 1033 rore,
2874 983 3260 1037 crescensque
3292 964 3540 1022 celerius

259 1063 590 1122 divinorum
623 1062 820 1118 studio
851 1062 1083 1134 apicum
1117 1063 1299 1135 patris
1341 1063 1411 1117 ad
1445 1064 1832 1119 erudiendum
1867 1065 2106 1120 arbitrio
2139 1065 2392 1120 traditur
2440 1067 2572 1132 Qui,
2600 1065 2773 1121 veluti
2809 1065 3052 1137 spongia
3083 1063 3367 1118 citissime
3399 1062 3542 1136 lym-

260 1161 442 1234 pham
463 1159 642 1233 capit,
663 1176 963 1218 sacrorum
988 1161 1068 1215 ita
1086 1160 1451 1216 voluminum
1477 1162 1682 1216 didicit
1702 1160 2005 1229 lectiones,
2028 1163 2480 1235 rudimentaque
2501 1164 2788 1235 cognovit,
2807 1162 3047 1234 accepit,
3069 1162 3400 1232 mentisque
3422 1177 3542 1216 sua;

191 1258 228 1316 5
259 1258 604 1315 fundatione
633 1256 848 1330 posuit,
872 1261 929 1312 et
958 1255 1352 1313 invisibilibus
1403 1258 1699 1314 radicibus
1746 1261 2103 1330 propagavit.
2129 1261 2517 1316 Celeberrima
2547 1262 2784 1332 quidem
2817 1278 2952 1316 cum
2984 1261 3055 1315 de
3102 1277 3168 1316 eo
3217 1259 3373 1315 fama
3401 1275 3544 1332 per-

260 1355 620 1429 vulgaretur,
652 1354 711 1410 in
745 1354 1134 1410 Lateranense
1181 1355 1602 1426 patriarchium
1635 1357 1995 1428 perducitur,
2029 1343 2309 1430 claroque,
2352 1357 2596 1414 locatur.
2629 1359 2768 1414 Erat
2816 1364 3013 1415 autem
3063 1357 3298 1429 sapiens
3344 1357 3541 1424 verbo,

262 1454 536 1514 doctrina
583 1451 918 1524 praeclarus,
947 1451 1177 1506 sobrius
1224 1453 1677 1519 conversatione,
1704 1453 1936 1526 loquela
1983 1456 2284 1526 paciﬁcus,
2309 1455 2535 1510 cunctis
2566 1456 2948 1530 compatiens,
2982 1454 3373 1527 omnibusque
3402 1453 3544 1510 obe-

267 1550 458 1619 diana,
478 1549 729 1622 denique
759 1549 1237 1621 benignissimus.
1265 1550 1406 1604 Cum
1440 1566 1573 1605 eum
1606 1550 1932 1606 intueretur
1962 1568 2111 1622 papa
2134 1553 2444 1624 Gregorius
2466 1553 2758 1609 almiﬁcus
2790 1554 3042 1627 peritum
3067 1552 3346 1608 doctrinis
3369 1555 3544 1623 atque

271 1650 855 1722 proﬁcuum,sanctae
872 1646 1036 1702 illum
1058 1647 1362 1703 constituit
1384 1648 1656 1703 Romanis
1679 1648 1944 1702 Ecclesia
1967 1649 2427 1718 subdiaconum;
2459 1648 2519 1704 in
2552 1666 2666 1721 quo
2688 1651 2892 1706 ordine
2915 1649 3083 1722 plura
3104 1666 3280 1705 sacras
3303 1664 3546 1704 conver-

168 1750 233 1803 10
269 1746 520 1803 sationis
537 1745 862 1802 certamina
885 1745 1108 1811 habuit,
1135 1762 1272 1800 nam
1302 1761 1535 1800 carnem
1559 1745 1692 1800 vicit
1715 1762 1781 1800 ac
1813 1745 2020 1800 mundi
2054 1746 2400 1818 principem,
2425 1752 2482 1801 et
2513 1747 2708 1802 omnia
2729 1749 2857 1819 eius
2879 1752 3225 1819 argumenta
3252 1745 3544 1818 nequissi-

263 1861 381 1900 ma.
405 1844 560 1900 Obiit
588 1844 796 1900 deinde
827 1844 1141 1915 Gregorius
1176 1843 1408 1915 przesul,
1437 1843 1823 1916 migravitque
1855 1844 1926 1898 ad
1962 1844 2558 1916 Dominum.Sergius
2600 1850 2797 1900 autem
2831 1845 3229 1916 gubernacula
3272 1846 3546 1900 Romanis

262 1942 527 2015 suscepit
557 1943 804 1998 antistes
825 1940 1114 2004 Ecclesia,
1139 1957 1325 2012 eoque
1357 1941 1628 1995 defuncto
1676 1941 2058 2012 apostolicam
2093 1942 2204 1997 Leo
2237 1959 2387 2014 papa
2418 1943 2615 1997 sedem
2663 1943 2942 2014 suscepit.
2968 1942 3214 2015 Oppido,
3244 1943 3342 2014 qui
3376 1941 3546 1997 illum

265 2058 373 2114 pro
403 2038 760 2095 felicissimis
791 2039 1020 2094 actibus
1049 2037 1300 2108 diligens
1331 2055 1584 2109 superno
1617 2045 2005 2109 compunctus
2038 2044 2184 2093 nutu
2217 2039 2435 2094 ccelesti
2478 2056 2611 2094 cum
2647 2039 2816 2096 titulo
2866 2040 3086 2112 ingenti
3138 2041 3548 2113 presbyterum

268 2137 631 2196 consecravit
659 2137 896 2192 honore.
917 2137 1099 2206 Cujus
1131 2135 1431 2191 beatitudo
1461 2135 1520 2190 in
1552 2141 1783 2191 tantum
1817 2135 1986 2208 longe
2034 2136 2261 2208 lateque
2309 2137 2537 2192 refulsit
2582 2143 2759 2209 atque
2808 2139 3145 2211 prwﬂoruit,
3175 2142 3241 2193 ut
3272 2139 3548 2193 omnibus

175 2238 240 2296 15
277 2234 660 2292 beatissimus
689 2234 863 2289 dictis
887 2239 943 2289 et
963 2251 1132 2305 opere
1153 2234 1462 2288 diceretur.
1483 2233 1789 2288 Evidenter
1820 2239 2015 2289 autem
2050 2234 2105 2288 in
2140 2251 2206 2289 eo
2239 2235 2438 2290 divina
2471 2251 2814 2307 permanere
2843 2235 3132 2308 sapientia
3164 2235 3549 2307 cognosceba-

274 2337 395 2399 tur,
419 2331 557 2405 quia
585 2331 872 2404 largitiuis
904 2331 1183 2403 purisque
1214 2332 1343 2402 ejus
1375 2347 1579 2386 omnes
1609 2331 1835 2386 fovebat
1867 2332 2195 2398 affectibus,
2227 2336 2284 2387 et
2327 2332 2454 2388 luce
2487 2332 2703 2388 clarius
2735 2335 3103 2405 perornabat,
3130 2333 3450 2404 caducique
3483 2349 3550 2388 ac

275 2429 585 2487 transituri
614 2429 817 2484 mundi
851 2429 1217 2485 delectabilia
1248 2431 1577 2502 respuebat,
1603 2436 1660 2485 et
1689 2430 1974 2502 quidquid
2010 2433 2284 2486 utebatur
2311 2433 2511 2503 egenis
2542 2438 2716 2500 atque
2747 2433 3103 2504 pauperibus
3134 2433 3429 2503 erogabat.
3453 2432 3554 2487 Je-

265 2527 464 2600 juniis
491 2542 625 2584 vom
645 2525 894 2592 validus,
918 2527 1180 2583 oratione
1208 2528 1486 2583 assiduus
1507 2527 1857 2598 persistebat
1890 2528 2245 2600 pervigilque
2278 2530 2335 2584 in
2360 2530 2460 2584 Dei
2484 2531 2744 2602 quotidie
2763 2531 3039 2586 laudibus
3061 2532 3554 2586 commorabatur.

354 2626 502 2684 857
543 2631 650 2682 Leo
677 2624 917 2697 quidem
951 2624 1049 2680 ubi
1084 2624 1191 2680 bac
1223 2624 1349 2680 luce
1380 2625 1718 2681 subtractus
1750 2626 1960 2697 praesul
1991 2627 2284 2693 occubuit,
2312 2644 2443 2682 mox
2473 2627 2666 2683 omnis
2697 2628 2887 2683 clerus
2917 2626 3096 2682 istius
3128 2628 3402 2682 Romanis
3427 2643 3560 2698 pro—

283 2728 451 2782 tecta;
481 2723 658 2792 sedis,
680 2722 1049 2794 universique
1081 2739 1367 2794 proceres,
1393 2728 1757 2794 cunctusque
1790 2730 2030 2779 senatus
2075 2741 2143 2779 ac
2193 2724 2446 2796 populus
2491 2727 2828 2799 congregati
2863 2730 3006 2781 sunt
3051 2725 3283 2780 Domini
3317 2725 3564 2780 clemen-

280 2821 425 2884 tiam
457 2825 781 2887 exorantes,
808 2825 873 2876 ut
895 2819 1227 2876 beatiﬁcum
1251 2819 1366 2875 illis
1387 2821 1663 2876 omnibus
1686 2820 2089 2878 demonstrare
2109 2822 2453 2893 dignaretur
2478 2827 2796 2894 pastorem,
2815 2823 2916 2895 qui
2940 2821 3174 2878 culmen
3199 2822 3563 2894 apostolatus

293 2935 495 2992 regere
521 2916 803 2978 valuisset
831 2916 1168 2987 tranquille.
1192 2917 1485 2973 Divinitus
1515 2917 1696 2989 igitur
1723 2918 1970 2974 aethereo
2001 2924 2142 2973 tunc
2186 2918 2409 2974 lumine
2453 2919 2824 2985 inflammati,
2859 2937 2976 2974 uno
3003 2935 3295 2975 consensu
3330 2933 3564 2990 unoque

207 3017 248 3074 ὅ
277 3031 420 3077 cum
452 3014 760 3074 conamine
791 3013 1169 3072 Benedictum
1209 3007 1312 3086 pro
1341 3014 1521 3070 tantis
1568 3015 1786 3086 quibus
1835 3013 2090 3086 pollebat
2117 3014 2301 3070 sacris
2333 3014 2611 3087 operibus
2651 3016 2987 3088 pontificem
3037 3015 3561 3089 promulgaverunt

277 3113 518 3188 eligere.
544 3111 703 3172 Illico
721 3129 857 3169 vero
883 3111 1059 3168 alacri
1088 3111 1360 3168 universa
1389 3112 1586 3168 studio
1635 3111 1801 3182 plebs
1831 3116 1889 3166 et
1917 3111 2115 3184 populi
2149 3117 2334 3167 cmtus
2371 3111 2588 3167 caelesti
2622 3112 2792 3169 titulo
2823 3117 3220 3186 properantes,
3241 3112 3360 3168 Deo
3391 3111 3560 3167 illum

283 3210 672 3284 omnipotenti
705 3213 769 3266 ut
795 3207 1004 3266 solitus
1037 3209 1225 3265 fuerat
1255 3209 1602 3264 invenerunt
1632 3209 1972 3264 fundentem
2006 3209 2349 3266 orationem.
2374 3210 2634 3281 Surgens
2664 3215 2856 3266 autem
2887 3216 2944 3266 et
2972 3210 3174 3283 populi
3206 3209 3562 3266 densissima

285 3327 536 3372 cernens
563 3307 803 3381 agmina
831 3323 954 3364 rem
986 3306 1272 3379 cognovit,
1296 3311 1353 3361 et
1383 3310 1576 3361 mente
1605 3306 1892 3377 concepit.
1927 3305 2150 3361 Interea
2181 3305 2384 3361 multis
2415 3323 2550 3363 cum
2597 3306 2871 3380 lacrymis
2901 3324 3091 3380 genua
3121 3308 3361 3363 flectens
3383 3307 3562 3363 flebili

285 3425 428 3467 voce
457 3423 663 3466 omnes
690 3406 1137 3480 deprecabatur,
1162 3404 1362 3461 taliter
1388 3404 1628 3459 dicens:
1654 3404 1779 3458 Non
1812 3421 1903 3459 me
1933 3420 1967 3458 a
1999 3420 2127 3458 mea
2146 3403 2450 3459 deducatis
2480 3402 2724 3460 ecclesia
2754 3422 2912 3478 rogo,
2938 3406 3080 3478 quia
3108 3406 3253 3461 tanti
3289 3404 3564 3462 culminis

169 3508 252 3565 .10
285 3524 408 3565 non
437 3505 668 3563 sufﬁcio
700 3505 992 3561 sustinere
1023 3520 1128 3559 nec
1159 3501 1419 3572 bajulare
1451 3517 1785 3574 gravamen.

358 3604 515 3662 I58
543 3602 631 3660 Illi
651 3619 784 3659 vero
805 3601 1140 3658 nullatenus
1161 3600 1595 3671 acquieverunt,
1617 3599 1717 3654 sed
1740 3598 2058 3654 virtutibus
2077 3614 2210 3653 eum
2233 3617 2301 3654 ex
2320 3599 2522 3654 eodem
2543 3599 2714 3656 titulo
2735 3600 3144 3656 abstrahentes
3166 3618 3301 3657 cum
3324 3599 3561 3674 hymnis

281 3709 342 3760 at
373 3701 624 3760 canticis
679 3699 1067 3773 spiritalibus,
1099 3696 1299 3770 ampla
1352 3695 1740 3752 exsultatione
1769 3700 1827 3751 et
1857 3694 2139 3750 ineffabili
2195 3696 2412 3768 gaudio
2442 3696 2503 3754 in
2536 3697 2955 3769 patriarcbium
3014 3699 3402 3754 Lateranense
3432 3715 3566 3770 per-

282 3803 591 3870 ducentes,
624 3798 945 3874 pontiﬁcali
977 3796 1144 3862 solio,
1179 3800 1244 3850 ut
1275 3811 1404 3850 mos
1432 3798 1522 3849 est
1582 3793 1949 3866 pontiﬁcum,
1996 3810 2261 3864 canaque
2302 3795 2660 3851 consuetudo
2691 3796 3071 3864 demonstrat,
3108 3799 3434 3870 posuerunt
3464 3796 3562 3866 (a).

284 3902 548 3957 Lstatur
575 3904 882 3973 propterea
909 3895 1079 3959 Urbs,
1112 3891 1368 3949 exsultat
1411 3890 1688 3956 Ecclesia,
1720 3891 2090 3962 congaudent
2134 3907 2323 3957 senes,
2353 3895 2707 3963 ovantesque
2760 3893 2989 3949 divinas
3043 3893 3424 3949 modulantur
3453 3893 3566 3948 vir-

206 4000 244 4054 6
281 3997 455 4071 gincs
481 3995 710 4062 Iaudes,
741 3995 1006 4052 ditantur
1048 4007 1353 4064 pauperes,
1386 3987 1820 4060 locupletantur
1865 3987 2090 4059 inopes,
2123 3987 2502 4044 consolantur
2530 3989 2761 4060 captivi,
2786 3995 3155 4063 consurgunt
3201 3991 3444 4057 debiles,
3477 3990 3568 4046 in-

281 4095 445 4152 ﬁrmi
477 4097 763 4150 sanantur
790 4090 1079 4163 celerique
1110 4089 1255 4161 pede
1286 4090 1667 4151 concurrunt,
1685 4085 1826 4157 quia
1853 4089 2092 4141 extensa
2128 4085 2187 4139 in
2224 4086 2309 4141 eis
2339 4085 2578 4161 tristitia
2607 4087 2817 4153 fuerat,
2844 4087 3393 4161 contemplabantur
3423 4105 3564 4143 con-

279 4194 442 4262 fusa,
466 4195 523 4248 et
551 4189 952 4262 tranquillitas
992 4185 1260 4259 florigera
1314 4183 1621 4240 videbatur
1649 4186 1860 4240 erecta.
1896 4181 1994 4238 llis
2024 4183 2221 4255 itaque
2262 4181 2534 4254 peractis,
2559 4183 2749 4239 clerus
2806 4188 2863 4240 et
2913 4189 3108 4241 cuncti
3165 4201 3432 4257 proceres
3467 4184 3566 4239 de-

278 4296 512 4358 ρωιυω
543 4294 958 4364 componentes
1015 4286 1270 4360 propriis
1318 4284 1596 4348 manibus
1655 4283 2099 4350 roboraverunt,
2130 4289 2187 4339 et
2218 4284 2579 4340 consuetudo
2610 4285 2803 4356 prisca
2832 4289 2896 4342 ut
2926 4286 3114 4359 poscit
3164 4282 3568 4340 invictissimis

283 4388 566 4450 Lotbario
596 4405 662 4447 ac
694 4387 982 4448 Ludovico
1012 4385 1453 4444 destinaverunt
1483 4382 1786 4454 Augustis.
1813 4386 2013 4454 Ipsum
2048 4385 2241 4437 autem
2275 4381 2370 4454 qui
2401 4382 2768 4438 deducebant
2796 4382 2974 4455 legati
2995 4385 3293 4440 decretum
3328 4383 3567 4438 fuerunt

173 4491 244 4546 ιο
281 4488 347 4546 hi
385 4505 398 4546 :
434 4486 709 4548 Nicelaus
738 4485 1005 4544 videlicet
1032 4481 1351 4555 Anagninis
1382 4480 1627 4538 antistes
1672 4479 1959 4547 Ecclesiae,
1983 4483 2040 4534 et
2071 4478 2394 4534 Mercurius
2444 4478 2724 4552 magister
2772 4479 3049 4536 militum.
3074 4479 3317 4535 Arsenio
3367 4479 3563 4551 Eugu-

278 4585 429 4648 bino
459 4585 734 4658 episcopo
765 4583 1066 4643 obviantes
1097 4578 1419 4636 adinvicem
1451 4577 1814 4634 confabulari
1843 4580 2145 4649 cmperunt
2173 4593 2186 4631 :
2222 4576 2322 4648 qui
2353 4575 2584 4632 callidis
2615 4593 2716 4632 eos
2747 4576 3119 4633 sermonibus
3150 4575 3362 4632 liniens
3391 4574 3569 4631 corda

285 4699 498 4744 eorum
529 4681 757 4741 mollire
785 4680 978 4755 cmpit,
1011 4677 1285 4749 beatique
1337 4675 1678 4731 ﬁdelitatem
1720 4675 1846 4748 jam
1881 4674 1981 4730 fati
2027 4673 2463 4730 declinaverunt
2493 4672 2679 4742 electi,
2713 4691 2848 4730 cum
2881 4674 3096 4747 quibus
3143 4673 3320 4730 etiam
3370 4672 3567 4730 consi-

283 4782 441 4840 lium
489 4780 720 4839 studuit
746 4780 1116 4844 conﬁrmare,
1151 4779 1218 4831 ut
1267 4772 1601 4846 depositum
1652 4771 2327 4842 anathematizatumque
2378 4770 2772 4837 Anastasium,
2797 4772 2953 4843 quod
2986 4772 3183 4828 divina
3225 4770 3567 4828 nullatenus

280 4878 664 4953 permittebat
693 4875 1022 4942 clementia,
1056 4871 1431 4947 pontiﬁcatus
1461 4869 1645 4928 infula
1676 4873 2074 4943 perornarent.
2107 4869 2326 4924 Euntes
2358 4867 2555 4940 itaque
2598 4867 2888 4924 Ludovico
2917 4869 3217 4924 decretum
3266 4867 3568 4940 benignis-

174 4977 247 5036 I5
285 4977 444 5037 simo
476 4976 688 5035 Cesari
718 4977 944 5043 dantes,
977 4969 1197 5044 duplici
1228 4987 1406 5042 quam
1439 4968 1739 5026 mentibus
1767 4967 2048 5040 gerebant
2079 4965 2400 5021 intentione
2432 4965 2676 5022 Romam
2707 4965 2918 5022 reversi
2953 4970 3109 5034 sunt,
3136 4966 3567 5036 adventumque

283 5075 613 5132 missorum
644 5073 984 5131 nuntiantes
1011 5067 1384 5142 imperalium
1415 5066 1693 5140 epistolas
1723 5066 1912 5122 eidem
1945 5063 2160 5135 insigni
2193 5061 2532 5118 obtulerunt
2559 5062 2762 5130 electo,
2789 5064 3004 5136 quibus
3033 5063 3282 5135 Augusti
3314 5063 3570 5118 contine-

281 5174 511 5234 bantur
538 5189 838 5245 responsa.
871 5169 978 5238 Qui
1010 5167 1171 5224 omni
1202 5165 1354 5223 clero
1387 5181 1452 5222 ac
1484 5163 1733 5236 rcipubl.
1758 5163 2004 5219 cratibus
2025 5160 2170 5216 diris
2192 5159 2746 5226 machinationibus,
2769 5160 3102 5229 consilium,
3127 5161 3282 5233 quod
3315 5159 3566 5232 Eugubii

279 5276 350 5329 ut
396 5269 769 5344 pratulimus
807 5285 942 5325 cum
997 5264 1241 5322 Arsenio
1294 5265 1648 5328 statuerunt,
1700 5259 2017 5332 adimplere
2074 5257 2376 5330 cupientes
2432 5255 2748 5312 dicebant:
2783 5257 3000 5314 Omnes
3055 5259 3114 5314 in
3165 5258 3394 5314 obviam
3454 5256 3567 5312 im-

276 5366 608 5442 perialibus
638 5367 815 5425 simul
845 5365 1153 5424 nobiscum
1198 5361 1354 5418 exire
1387 5361 1616 5418 studete
1657 5357 1887 5431 legatis,
1921 5361 2214 5429 quatenus
2243 5353 2490 5427 Augusti
2515 5353 2889 5424 jussionibus
2941 5355 3276 5413 obedientes
3321 5355 3568 5412 existere

169 5469 244 5528 20
279 5465 553 5524 valeatis.

354 5563 513 5622 559
542 5566 683 5620 Post
721 5562 947 5635 aliquot
994 5573 1227 5632 quoque
1273 5555 1398 5612 dies
1455 5554 1567 5627 ipsi
1619 5571 1767 5626 quos
1824 5550 2363 5625 prenuntiaverunt
2417 5545 2584 5604 missi
2639 5547 3056 5625 Hortam,quaa
3115 5551 3570 5626 quadragesimo

289 5660 580 5721 milliario
610 5679 644 5722 θ,
673 5662 859 5720 Roma
889 5659 1090 5729 distat,
1113 5656 1588 5728 properaverant.
1620 5653 1703 5708 Ex
1732 5651 1950 5724 quibus
1980 5649 2040 5704 in
2070 5665 2199 5705 eam
2231 5645 2601 5716 Adelbertus,
2635 5646 3085 5724 Bernardusque
3113 5650 3366 5724 ingressi
3396 5649 3575 5707 comi-

277 5765 377 5829 tes
410 5759 647 5828 quidam
697 5760 834 5818 olim
883 5759 1181 5821 damnato,
1225 5751 1469 5821 Arsenio
1525 5754 1768 5824 cogente
1825 5747 2116 5821 episcopo,
2142 5762 2204 5801 se
2244 5745 2675 5815 coniunxerunt
2731 5747 3068 5820 presbytero
3125 5749 3364 5806 nomine
3417 5750 3571 5804 Ana-

279 5857 494 5928 stasio,
529 5858 629 5931 qui
661 5857 720 5914 in
753 5861 954 5916 sancta
989 5853 1209 5929 synodo
1265 5851 1448 5906 beatae
1504 5847 1835 5922 presidente
1868 5848 2055 5903 Leone
2086 5842 2379 5899 me'noriaa
2410 5840 2658 5915 praesule
2713 5843 2822 5901 rite
2881 5849 3208 5904 secundum
3267 5863 3568 5905 sacrorum

1340 5963 1595 6010 RO’I‘ULE
1635 5961 2021 6008 IABGII‘IALFS
2063 5957 2384 6005 FABROTTI.

200 6055 292 6130 (α)
318 6055 470 6114 Hinc
495 6053 645 6112 clare
673 6053 843 6130 liquet
873 6052 1038 6109 Leoni
1066 6049 1134 6106 ιν
1159 6063 1272 6105 non
1297 6047 1562 6104 Joannem
1593 6043 1725 6101 VIII
1743 6045 2039 6117 feminam,
2069 6039 2161 6099 sed
2190 6038 2545 6098 Benedictum
2569 6043 2906 6102 successisse.
