3922 6392
377 279 532 342 1347
1528 286 1921 350 ANAS'I‘ASI

2257 286 2657 350 THEGARII.
3643 285 3806 352 1348

443 412 480 466 5
516 410 1016 484 promulgationes
1045 428 1334 468 canonum
1369 418 1934 488 excommunicatus,
1969 419 2270 492 depositus
2301 424 2359 475 et
2389 419 2764 476 anathemate
2813 417 3046 474 vinetus
3092 417 3320 474 fuerat:
3348 435 3462 474 non
3513 417 3808 478 habentes

521 511 698 565 Deum
760 528 874 582 prta
923 509 1128 576 oculis,
1163 510 1468 584 ipsiusque
1507 521 1796 586 prmcepta
1827 518 2182 572 confundere
2243 522 2308 572 ut
2356 516 2587 589 tyranni
2647 515 2974 588 cupientes,
3007 514 3305 572 evidenter
3361 516 3810 575 meditabantur

516 607 770 680 qualiter
799 608 1072 664 eumdem
1104 609 1356 680 ejectum
1389 611 2072 687 anathematizatumque
2121 614 2496 670 Anastasium
2543 613 2860 686 apostolico
2893 611 3150 670 culmine
3196 613 3572 670 sublevarent
3599 620 3808 673 contra

514 705 885 761 traditionem
945 705 1331 778 omniumque
1389 709 1721 766 sanctiones
1781 713 2147 783 pontificum,
2176 711 2552 784 virorumque
2611 710 2924 767 almorum.
2960 710 3125 766 Missi
3183 727 3437 784 quoque,
3471 728 3620 784 quos
3671 715 3806 786 jam

513 820 694 876 supra
723 804 1125 872 meminimus,
1155 806 1257 878 qui
1305 807 1642 879 imperatori
1675 813 1943 866 nostrum
1975 811 2275 867 decretum
2316 808 2726 883 benignissimi
2757 809 2829 866 de
2857 807 3142 866 electione
3193 808 3487 866 Benedicti
3537 826 3809 884 porrexe-

407 903 474 959 10
513 907 664 970 rant,
700 901 757 957 id
790 906 878 957 est
908 901 1182 959 Nicotaus
1213 905 1544 978 cpiscopus,
1577 911 1631 962 et
1667 907 1992 964 Mercurius
2023 909 2304 982 magister
2334 907 2616 974 militum,
2649 907 2950 963 mentibus
2981 907 3284 980 cognitum
3315 912 3664 980 conceptum
3696 909 3808 966 ba-

511 1000 715 1055 bentes
746 1000 1057 1056 consilium
1091 1019 1226 1056 cum
1275 1002 1405 1058 aliis
1451 1005 1807 1076 quibusdam
1842 1007 2086 1062 Romam
2119 1005 2340 1080 egressi
2371 1006 2683 1073 nobilium,
2713 1005 2774 1062 id
2824 1009 2913 1062 est
2957 1003 3234 1075 Gregorio
3265 1003 3809 1082 Cbristophoroque

513 1097 812 1170 magistris
869 1098 1149 1166 militum,
1201 1100 1430 1156 obviam
1465 1103 1632 1174 quasi
1689 1103 2058 1176 imperatoris
2088 1104 2298 1177 legatis
2329 1105 2570 1177 profecti
2603 1107 2762 1170 sunt,
2796 1103 3154 1176 Hortamque
3200 1104 3655 1176 properantibus
3702 1123 3808 1161 ur-

510 1197 665 1264 bcm,
701 1196 1000 1278 iidelitatis
1059 1203 1494 1255 sacramentum
1526 1202 1680 1272 quod
1717 1202 1971 1258 fecerant
2029 1202 2284 1258 almitico
2338 1202 2650 1258 Benedicto
2709 1200 3198 1275 parv'ipendentes
3253 1199 3805 1294 obliviscentesque’

510 1294 692 1351 electo
727 1295 1004 1351 damnato
1056 1313 1118 1351 sc
1166 1298 1618 1368 conjunxerunt,
1653 1300 2036 1372 depositoque
2084 1301 2423 1374 presbytero
2455 1299 2564 1355 hac
2595 1299 2705 1356 sub
2737 1297 3040 1355 occasione
3089 1297 3262 1354 multi
3311 1299 3694 1356 concedentes
3728 1303 3807 1358 ab

405 1395 471 1450 15
511 1393 654 1450 urbe
687 1392 958 1448 similiter
988 1399 1356 1468 peregerunt,
1384 1396 1706 1468 cogitantes
1753 1397 2276 1470 concilium,juxta
2307 1397 2451 1454 illud
2479 1397 2776 1470 prophetae
2820 1396 3075 1470 elogium
3101 1397 3199 1469 (α),
3225 1397 3379 1470 quod
3430 1414 3548 1454 non
3595 1404 3808 1472 potue-

510 1495 646 1548 runt
678 1491 958 1548 stabilire.
983 1491 1136 1548 Urbe
1186 1492 1396 1550 deinde
1453 1500 1732 1552 exeuntes
1763 1496 1834 1552 ab
1865 1497 2042 1553 llorta
2064 1497 2236 1568 juxta
2264 1496 2564 1553 basilicam
2600 1495 2752 1552 beati
2798 1494 2994 1551 Lencii
3054 1493 3331 1566 martyris
3389 1501 3807 1568 pervenerunt,

509 1591 866 1648 insultantes
899 1595 956 1646 et
985 1591 1306 1664 gloriantes
1336 1593 1395 1648 in
1427 1611 1538 1650 sua
1565 1593 1798 1660 virtute,
1829 1611 1963 1650 cum
1997 1594 2214 1667 quibus
2247 1595 2588 1651 Radualdus
2619 1591 2958 1649 Portuensis
2986 1591 3320 1664 episcopus,
3347 1592 3808 1667 Tudertineque

509 1689 676 1746 urbis
709 1689 929 1761 Agatho
961 1689 1206 1746 antistes
1263 1691 1526 1754 aderant,
1555 1691 1653 1764 qui
1689 1691 1839 1748 clam
1875 1693 2059 1748 Roma
2104 1692 2496 1748 discesserant
2546 1691 2710 1748 urbe.
2744 1693 2815 1748 Et
2861 1691 3052 1748 eidem
3102 1690 3598 1749 anathematizato
3645 1699 3811 1750 terra

508 1787 720 1844 irretiti
751 1787 1000 1859 caligine
1033 1805 1094 1842 se
1119 1787 1458 1858 junxerunt,
1495 1789 1791 1845 obscurati
1826 1807 2026 1857 sensu,
2061 1793 2256 1846 mente
2284 1794 2342 1846 et
2371 1789 2590 1846 anima.

583 1895 736 1952 560
759 1894 877 1950 lloc
901 1894 1026 1967 ipse
1048 1893 1148 1950 Dei
1169 1893 1428 1950 famulus
1451 1895 1698 1951 audiens
1721 1895 2068 1951 Benedictus
2089 1895 2330 1964 electus,
2346 1896 2412 1952 G.
2432 1896 2498 1952 G.
2525 1897 2934 1970 Majonemque
2948 1896 3310 1952 venerabiles
3332 1898 3803 1971 prudentesque,

509 1999 566 2049 et
595 1992 756 2048 omni
790 1992 1037 2048 scicntia
1068 1991 1274 2064 plenos
1304 1993 1632 2066 episcopos,
1653 1992 1798 2065 ipsis
1829 1993 2235 2066 imperialibus
2269 1993 2468 2049 missis
2498 2011 2634 2049 cum
2659 1993 2956 2067 aliquibus
2984 1995 3197 2053 litteris
3228 1996 3458 2052 studuit
3479 1998 3808 2063 destinare,

510 2110 660 2166 quos
691 2091 1198 2163 apprehendentes
1227 2092 1388 2147 Artio
1419 2091 1910 2147 anathematizato
1942 2095 2217 2147 monente
2248 2093 2585 2164 presbytero
2614 2092 2924 2149 vinxerunt
2947 2099 3005 2151 et
3034 2095 3380 2152 custodibus
3401 2097 3804 2164 tradiderunt,

510 2191 664 2264 quod
699 2207 803 2244 nec
835 2189 1067 2244 barbari
1101 2188 1348 2261 gentiles
1379 2187 1437 2243 in
1467 2187 1678 2260 legatis
1725 2189 2037 2260 perfecisse
2069 2189 2412 2244 audiuntur.
2449 2191 2829 2246 Postmodum
2881 2197 3076 2248 autem
3109 2193 3324 2265 sapius
3354 2194 3548 2249 dictus
3581 2193 3808 2250 Christi

437 2292 472 2344 5
513 2288 783 2342 minister
815 2287 1162 2341 Benedictus
1193 2285 1412 2341 electus
1440 2286 1762 2342 Adrianum
1793 2287 2085 2359 insignem
2132 2287 2603 2346 secundicerium
2653 2295 2868 2346 sanctae
2898 2292 3056 2348 sedis
3085 2292 3418 2365 apostolicae
3450 2291 3591 2362 illis,
3621 2296 3811 2366 atque

511 2384 855 2458 Gregorium
887 2385 1096 2439 ducem
1129 2384 1360 2440 obviam
1391 2384 1620 2440 direxit.

585 2494 728 2548 561
767 2491 960 2546 Altera
1012 2495 1205 2546 autem
1241 2489 1357 2556 die,
1385 2489 1667 2545 missione
1714 2491 2046 2561 fungentes,
2079 2491 2238 2548 omni
2298 2491 2451 2548 clero
2509 2498 2840 2566 cunctoquc
2897 2494 3127 2552 senatui
3159 2499 3216 2551 et
3245 2495 3519 2553 universo
3579 2495 3808 2569 populo

512 2590 934 2646 mandaverunt
964 2591 1028 2643 ut
1056 2587 1286 2643 obviam
1320 2587 1438 2642 illis
1468 2591 1632 2642 trans
1656 2587 1914 2642 Milvium
1944 2591 2178 2660 pontem
2201 2586 2574 2660 imperatoris
2596 2589 2970 2662 jussionibus
2991 2593 3160 2648 irent.
3174 2594 3340 2648 Tunc
3371 2609 3578 2650 omnes
3599 2593 3812 2650 dolum

509 2688 834 2743 nescientes
861 2685 1107 2742 Romani
1133 2703 1322 2758 neque
1347 2685 1635 2741 fallaciam
1661 2685 2096 2756 acquievcrunt,
2115 2683 2498 2758 Milviumque
2517 2691 2680 2743 trans
2702 2693 2936 2760 pontem
2960 2688 3171 2745 Urbem
3196 2689 3415 2762 egressi
3439 2689 3812 2747 unanimiter

509 2788 908 2858 perrexerunt.
935 2783 1390 2855 Proper-antibus
1423 2785 1659 2856 quidem
1693 2783 1762 2838 ad
1796 2781 2076 2854 martyris
2107 2783 2235 2853 jam
2268 2783 2366 2838 fati
2406 2783 2736 2853 basilicam,
2763 2785 2878 2858 ipsi
2904 2787 2979 2842 'de
3009 2786 3227 2859 quibus
3249 2787 3375 2858 jam
3409 2801 3592 2860 supra
3621 2787 3807 2861 legati

434 2886 472 2939 5
511 2882 912 2947 meminimus,
943 2880 1129 2936 eidem
1155 2881 1419 2953 deposito
1442 2881 2050 2952 anatliematizatoque
2072 2881 2409 2952 presbytero
2433 2882 2706 2956 episcopo
2723 2883 2916 2939 clerus
2934 2884 3210 2940 Romanae
3233 2883 3422 2956 plebis
3439 2900 3505 2940 ac
3527 2901 3810 2958 proceres

505 2979 904 3046 obviaverunt,
939 2995 1074 3034 cum
1107 2979 1326 3050 quibus
1357 2977 1574 3051 pariter
1601 2979 1934 3050 equitantes
1965 2994 2068 3050 per
2095 2977 2339 3034 Neronis
2369 2995 2643 3051 campum
2677 2979 2921 3036 Urbium
2956 2979 3084 3051 jam
3112 2979 3348 3035 moeniis
3377 2981 3804 3054 properabant.

504 3077 824 3133 Adrianum
849 3093 1079 3148 qusque
1101 3075 1393 3148 insignem
1418 3077 1910 3143 secunilicerium,
1929 3077 1999 3132 de
2031 3093 2144 3148 quo
2175 3094 2358 3150 supra
2378 3077 2710 3143 retulimus,
2731 3077 3012 3132 vallatum
3035 3077 3386 3134 custodibus
3407 3079 3807 3148 deducebant,

505 3175 851 3231 Gratianum
872 3190 1006 3230 vero
1027 3172 1178 3228 sacri
1212 3190 1390 3246 super
1414 3173 1587 3229 istam
1615 3174 1951 3246 patriarcbii
1983 3179 2158 3246 atque
2181 3173 2558 3230 Theodorum
2600 3175 2971 3230 scriniarium
3014 3174 3518 3248 apprehendentes
3537 3175 3809 3235 reclusos

507 3273 726 3330 lanceis
749 3271 1078 3350 retinebant
1097 3276 1154 3326 et
1172 3271 1462 3336 astrictos,
1479 3273 1632 3344 quod
1660 3271 2000 3328 nullatenus
2019 3274 2425 3345 Augustorum
2441 3273 2712 3344 jussione
2732 3276 3127 3345 praeceperant
3144 3287 3254 3328 nec
3271 3287 3473 3329 eorum
3497 3271 3809 3331 voluntate

397 3373 466 3430 ΙΟ
504 3372 886 3438 dictaverant,
905 3371 1006 3426 sed
1031 3369 1140 3426 hoc
1163 3368 1363 3425 infelix
1383 3369 1631 3442 depositi
1659 3371 2036 3443 praesumptio
2062 3372 2272 3444 agebat
2293 3371 2635 3444 presbyteri,
2653 3370 2753 3444 qui
2769 3371 3088 3426 virtutibus
3111 3371 3461 3427 Leonianam
3483 3387 3620 3427 eum
3642 3371 3798 3444 ipsis

506 3468 748 3525 Caesaris
780 3467 986 3541 legatis
1017 3466 1352 3539 ingrediens
1382 3467 1596 3523 Urbem
1629 3467 2029 3540 apostolorum
2061 3473 2297 3540 repente
2328 3485 2506 3540 quam
2539 3485 2655 3524 non
2691 3468 2971 3524 debuerat
3001 3467 3286 3541 principis
3319 3467 3561 3524 introire
3590 3468 3802 3525 basili-

504 3584 656 3638 cam,
689 3565 786 3622 Dei
821 3565 1248 3638 parvipendens
1268 3564 1590 3636 judicium,
1615 3565 1894 3621 audacter
1923 3565 2156 3633 invasit,
2183 3569 2458 3637 tantaque
2490 3581 2557 3621 ac
2587 3565 2726 3622 talia
2755 3565 3026 3622 infaustae
3047 3565 3404 3639 operationis
3432 3563 3590 3622 mala
3617 3581 3796 3638 pere-

505 3665 590 3738 git
620 3663 818 3737 qualia
841 3680 946 3719 nec
979 3664 1267 3719 Saracena
1295 3662 1354 3718 in
1389 3679 1457 3718 ea
1486 3664 1754 3734 pei’ﬁcere
1789 3680 2002 3720 manus
2023 3661 2399 3736 praesumpsit
2417 3662 2506 3720 vel
2527 3663 2816 3718 arbitrata
2837 3667 2948 3720 est.
2975 3663 3268 3737 imagines
3295 3663 3452 3720 enim
3481 3662 3805 3736 confringit

503 3763 741 3836 ignique
772 3761 1182 3828 concremavit,
1208 3765 1264 3817 et
1293 3761 1579 3833 synodum
1614 3779 1790 3834 quam
1825 3779 2004 3834 supra
2039 3761 2359 3817 sanctuarii
2386 3761 2604 3832 januas
2635 3761 2815 3818 beata:
2836 3761 3136 3818 memoeize
3173 3762 3283 3817 Leo
3310 3760 3469 3834 pingi
3497 3775 3649 3834 papa
3669 3761 3802 3832 jus-

397 3863 465 3918 15
501 3864 658 3917 serat
688 3859 996 3925 destruxit,
1024 3859 1373 3930 Dominique
1395 3859 1534 3914 Jesu
1559 3859 1772 3914 Christi
1794 3861 2040 3931 ejusque
2064 3876 2297 3931 semper
2325 3858 2586 3932 Virginis
2605 3858 2915 3914 Genitricis
2944 3858 3176 3914 iconam
3207 3857 3469 3932 bipenni,
3493 3859 3648 3930 quod
3672 3875 3794 3915 non

501 3959 802 4024 debuerat,
829 3957 899 4012 ad
937 3957 1054 4012 ima
1086 3957 1318 4026 dejecit.
1345 3974 1448 4030 pro
1481 3975 1596 4030 quo
1648 3957 1975 4014 detestabili
2017 3974 2189 4030 opere
2217 3957 2550 4014 orthodoxae
2582 3959 2773 4013 cuncti
2831 3957 3084 4014 cultores
3141 3957 3277 4014 ﬁdei
3333 3955 3625 4030 lacrymas
3655 3956 3796 4013 fun-

501 4057 706 4113 dentes
739 4055 1226 4128 ingemisccbant,
1249 4060 1307 4110 et
1335 4055 1577 4111 tristitia
1608 4055 1990 4128 replebant-ur
2015 4072 2083 4112 ac
2113 4073 2380 4112 maerore.

583 4165 735 4222 502
768 4162 870 4219 llis
901 4162 1096 4236 itaque
1128 4161 1378 4234 peractis
1416 4161 1614 4217 hostili
1635 4162 1850 4218 virtute
1909 4162 2034 4234 ipse
2058 4163 2227 4218 Rom.
2252 4162 2553 4234 depositus
2582 4161 2910 4236 ingreditur
2965 4161 3287 4236 presbyter,
3311 4160 3689 4234 celeriterque
3719 4163 3794 4218 ad

499 4264 889 4320 Lateranensc
934 4259 1267 4334 properavit
1297 4275 1433 4316 cum
1463 4259 1857 4332 iniquissimis
1879 4261 2008 4332 ejus
2041 4261 2417 4334 sequacibus,
2439 4264 2498 4318 et
2529 4259 2792 4318 simulari
2830 4261 3091 4335 potentia
3119 4259 3540 4334 patriarchium
3566 4259 3784 4317 mults-

499 4379 614 4435 que
644 4361 895 4418 telorum
937 4359 1251 4431 generibus
1283 4359 1502 4431 januas
1525 4359 1652 4429 ejus
1683 4359 1951 4431 aperiens
1973 4363 2256 4433 tyrannus
2273 4359 2451 4415 veluti
2475 4364 2757 4415 cruentus
2779 4375 2879 4415 eas
2907 4357 3186 4424 introivit,
3210 4357 3472 4430 solioque
3497 4357 3652 4431 quod
3687 4374 3793 4414 nec

503 4459 783 4516 manibus
814 4457 1100 4514 debuerat
1137 4460 1496 4513 contrectare
1528 4457 1762 4525 resedit,
1799 4461 1856 4512 et
1885 4458 2120 4513 cuidam
2170 4457 2638 4531 Balneoregiensi
2672 4457 2966 4531 episcopo,
2991 4457 3091 4530 qui
3139 4455 3505 4512 vocitabatur
3551 4455 3790 4512 nomine

421 4561 460 4615 5
497 4559 818 4625 Romanus,
849 4559 1074 4611 tantum
1109 4572 1243 4610 cum
1277 4572 1392 4610 non
1427 4571 1598 4627 opere
1627 4555 1830 4611 ferinis
1860 4555 2250 4612 obumbratus
2279 4555 2578 4613 mentibus
2610 4559 2964 4623 cerneretur,
2991 4553 3264 4627 praecepit
3283 4558 3351 4610 ut
3372 4552 3783 4612 beatissimum

499 4656 1089 4726 Benedictum,quem
1124 4653 1320 4709 omnis
1351 4653 1616 4710 Romana
1643 4657 1708 4710 ut
1741 4653 2110 4727 przetulimus
2139 4653 2304 4726 plebs
2331 4653 2604 4726 elegerat,
2628 4653 2947 4726 pontiﬁcali
2969 4669 3086 4726 quo
3107 4652 3401 4709 residebat
3418 4651 3656 4720 ejiceret
3686 4668 3779 4706 so-

497 4755 596 4812 lio.
622 4753 729 4821 Qui
760 4752 935 4809 etiam
967 4751 1318 4808 vestimenta
1351 4751 1727 4823 pontificalia,
1756 4752 1973 4824 quibus
2001 4751 2249 4808 indutus
2279 4755 2422 4820 erat,
2457 4755 2524 4806 ut
2555 4751 2843 4806 barbarus
2873 4749 3010 4806 tulit
3039 4755 3213 4824 atque
3242 4748 3604 4822 exspoliavit,
3630 4747 3789 4804 mul-

497 4854 692 4926 tisque
722 4868 857 4909 eum
889 4849 1124 4922 injuriis
1146 4849 1604 4922 verberibusque
1635 4849 1896 4922 replevit.
1921 4851 2088 4906 Tunc
2117 4849 2243 4923 ipse
2274 4849 2576 4922 depositus
2604 4848 2954 4905 Anastasius
2984 4849 3258 4904 eumdem
3290 4845 3790 4920 benignissimum

497 4949 873 5008 Benedictum
907 4947 1180 5014 electum,
1215 4947 1478 5002 humana
1509 4964 1626 5003 non
1657 4948 1757 5003 Dei
1787 4948 2001 5004 virtute
2039 4948 2404 5014 custodibus,
2439 4946 2540 5020 qui
2590 4947 2810 5003 arctius
2858 4963 2992 5003 eum
3043 4945 3532 5018 constringerent,
3555 4945 3787 5001 tradere

391 5053 459 5106 10
497 5048 743 5116 studuit,
769 5046 980 5103 Joanni
1016 5045 1240 5102 scilicet
1267 5045 1638 5117 Adrianoque
1669 5047 1895 5101 dudum
1928 5045 2422 5118 presbyteris,qui
2454 5061 2488 5100 a
2517 5045 2709 5100 Leone
2752 5043 3000 5117 praesule
3031 5060 3136 5116 pro
3166 5042 3402 5099 illorum
3436 5039 3786 5098 criminibus

497 5145 758 5204 damnati
791 5146 1020 5200 fuerant
1050 5147 1224 5216 atque
1257 5142 1504 5214 depositi
1533 5160 1602 5199 ex
1632 5143 1788 5200 omni
1825 5143 2170 5204 sacerdotali
2201 5144 2413 5200 otficio.
2443 5143 2573 5198 Mox
2604 5143 2877 5199 universa
2903 5141 3053 5198 Urbs
3086 5140 3316 5198 ululatu
3337 5139 3670 5213 amplisque
3701 5156 3786 5196 re-

499 5245 654 5318 pleta
685 5249 774 5300 est
806 5243 1060 5310 fletibus,
1086 5246 1142 5297 et
1171 5241 1332 5314 gravi
1363 5258 1665 5297 murmure
1698 5247 1978 5314 quassata
1998 5242 2252 5314 jacebat.
2285 5239 2444 5297 Illico
2467 5241 2705 5313 quidem
2728 5257 2932 5297 omnes
2963 5239 3216 5312 episcopi
3250 5239 3562 5310 clerusqus
3593 5255 3663 5293 ac
3685 5237 3783 5294 Dei

499 5342 752 5417 populus
785 5346 988 5397 sancta
1016 5344 1354 5396 sanctorum
1387 5339 1660 5412 ingressi,
1683 5343 1998 5396 tundentes
2037 5343 2274 5413 pectora
2306 5356 2414 5396 sua
2444 5339 2701 5412 profusis
2731 5338 3006 5413 lacrymis
3037 5339 3195 5394 intra
3219 5334 3578 5394 vestibulum
3610 5340 3671 5392 et
3699 5334 3780 5392 al-

497 5446 624 5498 tare
655 5440 776 5496 scio
821 5438 1118 5511 prostrati,
1143 5438 1440 5510 jacebant,
1466 5437 1565 5493 Dei
1597 5444 1832 5494 orantes
1867 5439 2234 5511 majestatem
2267 5442 2332 5494 ut
2363 5436 2512 5494 tanti
2543 5435 2757 5494 erroris
2806 5436 3054 5511 coligine
3085 5453 3194 5492 sua
3225 5452 3325 5492 eos
3351 5432 3557 5490 vitrice
3585 5434 3784 5490 dextra

390 5537 462 5593 45
498 5538 794 5594 liberaret.
819 5535 1092 5608 Septima:
1124 5540 1248 5591 tum
1285 5535 1437 5590 ferite
1470 5552 1682 5592 cursus
1712 5538 2118 5610 peragebatur.

569 5645 720 5701 563
743 5643 939 5698 Altera
959 5659 1091 5698 vero
1109 5643 1202 5698 die
1224 5641 1480 5714 praedicti
1505 5641 1759 5716 episcopi
1783 5660 1917 5699 cum
1946 5645 2218 5701 universo
2237 5644 2390 5700 clero
2409 5660 2474 5699 ac
2497 5641 2712 5716 populo
2735 5642 2792 5698 in
2815 5641 3134 5699 Emilianae
3167 5640 3340 5698 titulo
3363 5641 3776 5704 convenerunt,

497 5741 555 5797 in
575 5758 688 5814 quo
710 5739 887 5795 etiam
907 5739 1150 5811 Augusti
1173 5739 1385 5812 saepius
1409 5739 1546 5796 dicti
1568 5740 1742 5814 legati
1767 5742 2082 5798 frementes
2103 5759 2434 5815 magnaque
2455 5745 2748 5797 tumentes
2767 5741 3040 5816 superbia
3056 5741 3466 5815 pervenerunt,
3479 5740 3540 5795 et
3558 5736 3778 5811 impetu

1538 5936 1797 5986 NOTULE
1839 5938 2146 5988 FABHOTTI
2189 5937 2600 5988 κΔιιΘΙΝΑιεε.

427 6024 503 6100 (α)
529 6021 687 6085 Ρδαι.
720 6034 814 6078 xx.
