3922 6430
91 319 255 380 1349
771 319 1143 382 HISTORIA
1187 321 1290 382 DE
1335 319 1532 384 VI'l‘lS
1580 320 1640 381 ιιι

1964 320 2048 382 l'l‘.
2080 355 2158 366 —
2204 319 2692 384 BENEDICTUS
2737 320 2845 383 III.
3359 323 3513 386 1350

251 451 408 508 facto
437 450 794 516 abaidam,in
828 468 946 524 qua
974 451 1228 524 episcopi
1264 452 1578 524 psallentes
1601 453 3514 524 residebantcumclcro,lconesvelutiferocissimiconscenderunt,

248 548 581 620 erectisque
603 547 822 620 jaculis
851 567 951 605 eos
979 551 1344 604 conabantur
1373 551 1584 606 elidere
1617 552 1976 622 ensibusth
2008 551 2526 622 punire,dicentes:
2549 550 2992 622 Acquiescite,et
3006 555 3199 607 vestro
3231 569 3519 609 consensu

161 647 201 702 5
241 645 572 702 Pontilicali
619 647 967 703 Anastasius
1014 647 1260 702 culmini
1311 650 1680 720 subiogetur.
1719 649 1803 703 llli
1857 667 1988 703 vero
2041 655 2243 703 sancto
2278 649 2479 720 repleti
2527 649 2746 719 Spiritu
2782 649 3180 715 at'tirmabant,
3212 650 3516 706 dicentes:

241 744 559 816 Nunquam
594 743 655 800 in
687 745 1018 816 depositum
1051 750 1106 800 et
1141 745 1510 800 anathemate
1543 763 1575 801 a
1607 752 1810 800 sancto
1843 746 2090 818 przrsvle
2123 747 2409 817 beateque
2442 747 2660 818 synodo
2692 745 2952 800 vinctum
2986 747 3520 814 consentimus,sed

243 842 439 897 modis
468 842 744 897 omnibus
795 841 1108 914 abjicimus
1155 848 1211 898 et
1259 861 1292 898 a
1340 843 1442 898 Dei
1492 844 1738 898 coitibus
1778 861 2175 915 segregamus.
2212 843 2325 914 Ipsi
2384 843 2634 914 denique
2685 843 2986 898 furibundi
3034 844 3374 901 verberibus
3423 830 3524 901 eos

241 940 673 1012 tormentisque
702 940 976 996 dicebant
1006 957 1067 996 se
1096 940 1240 996 velle
1271 957 1369 995 eos
1401 941 1737 1012 punire,sed
1772 942 2151 996 beatissimus
2185 941 2402 1012 Deique
2435 941 2856 1012 omnipotentis
2888 941 3223 1006 antistes,et
3253 942 3354 1014 qui
3385 959 3522 998 cum

245 1037 393 1110 ipsis
426 1038 946 1105 aderant,terrores
974 1037 1061 1093 vcl
1095 1037 1287 1093 minas
1317 1055 1518 1093 eorum
1553 1038 2037 1110 parvipendentes
2069 1038 2401 1093 immobiles
2435 1039 3095 1110 perstiterunt.Quorum
3127 1040 3520 1095 constantiam

134 1137 208 1191 10
238 1136 368 1207 jam
401 1133 540 1190 dicti
573 1134 776 1192 Franci
811 1141 1114 1191 cernentes
1147 1136 1218 1190 ab
1249 1135 1333 1191 eis
1363 1135 1451 1190 ira
1481 1136 1880 1190 discesserunt
1909 1135 2132 1207 repleti,
2168 1141 2222 1191 et
2255 1136 2312 1189 in
2342 1137 2636 1207 quoddam
2669 1136 3004 1190 cubiculum
3049 1135 3236 1208 ipsius
3266 1137 3520 1192 basilicae

249 1237 391 1288 sunt
421 1232 696 1304 ingressi,
730 1231 1074 1304 diversaque
1103 1233 1349 1288 consilia
1391 1233 1846 1298 meditabantur,
1882 1233 1937 1286 in
1987 1234 2140 1304 quod
2189 1234 2364 1288 etiam
2415 1233 2584 1288 Ostia:
2637 1238 2693 1288 et
2742 1233 2948 1288 Albani
2998 1234 3243 1290 antistes
3290 1241 3520 1292 coactos

247 1330 874 1402 introduxerunt,quos
906 1330 1156 1386 molliori
1188 1347 1457 1386 sermone
1489 1329 1845 1402 blandisque
1878 1332 2150 1390 reducere
2177 1331 2614 1386 adulationibus
2644 1331 3113 1401 decertabant,et
3144 1333 3520 1403 postmodum

247 1427 475 1500 asperis
506 1427 1000 1500 promissionibus
1029 1429 1719 1500 circumdabant,quibus
1741 1427 1991 1482 stridula
2013 1428 2186 1482 etiam
2209 1445 2346 1483 voce
2375 1426 3020 1484 dicebantzNullatenus
3032 1428 3208 1483 vitam
3224 1431 3521 1502 possidere

248 1525 620 1597 potestis,sed
654 1525 888 1597 capitali
919 1526 1302 1596 subjacebitis
1334 1526 1765 1591 sanctioni,uisi
1797 1527 2253 1580 consecrationis
2285 1526 2587 1580 Anastasio
2619 1524 2866 1597 gratiam
2899 1525 3290 1582 dederitis.llli
3322 1532 3520 1585 autem

132 1623 211 1680 45
247 1627 386 1678 ante
416 1639 478 1678 se
507 1622 682 1677 morti
715 1623 945 1678 tradere
971 1624 1342 1695 proferebant
1372 1623 1862 1694 membratimque
1906 1639 1967 1677 se
2015 1622 2245 1689 laniari,
2280 1639 2457 1694 quam
2508 1621 2791 1694 deposito,
2825 1622 3196 1678 anathemate
3243 1625 3520 1681 damnato

248 1719 708 1776 consecrationis
739 1719 1065 1776 tribuerent
1094 1720 1924 1791 benedictionem.Arguebant
1941 1725 2137 1775 autem
2161 1721 2396 1776 eosdem
2411 1719 3030 1784 missos,etuniversas
3044 1721 3524 1779 demonstrabant

246 1834 428 1872 sacra:
455 1817 852 1890 responsionis
881 1819 1225 1891 scripturas,
1259 1819 1508 1890 qualiter
1560 1818 1897 1873 nullatenus
1948 1819 2221 1874 eumdem
2271 1819 2604 1890 depositum
2657 1819 2716 1872 in
2765 1818 2972 1873 ordine
3019 1835 3192 1890 quem
3247 1821 3524 1892 poscebat

247 1915 606 1971 constituere
636 1915 977 1972 valuissent.
1007 1917 1274 1973 Protinus
1303 1934 1436 1972 vero
1469 1917 1748 1972 secretius
1782 1916 2044 1988 linguam
2077 1934 2278 1972 eorum
2309 1915 2750 2003 eonl'abulanles
2783 1916 2944 1970 furor
2971 1915 3071 1988 qui
3105 1915 3160 1970 in
3191 1917 3276 1974 eis
3303 1919 3522 1975 exube-

247 2013 419 2067 rabat
452 2012 686 2083 minuit,
721 2014 1134 2086 mentibusque
1165 2032 1365 2069 eorum
1401 2015 1707 2069 videbatur
1735 2013 2036 2086 expulsus.

325 2110 476 2166 564
508 2109 704 2165 Tertia
731 2127 863 2165 vero
897 2111 1041 2166 feria
1070 2111 1399 2166 lucescente
1430 2129 1634 2166 omnes
1663 2111 1918 2182 episcopi
1952 2129 2084 2166 cum
2119 2110 2272 2166 clero
2303 2129 2367 2166 ac
2401 2110 2614 2182 populo
2649 2111 2706 2165 in
2759 2111 3001 2166 basilica
3031 2111 3362 2180 Salvatoris,
3396 2131 3524 2186 qum

247 2205 734 2261 Constantiniana
763 2207 1336 2279 i.licitur,c0ugregati
1372 2213 1598 2262 sunt.ln
1634 2226 1751 2279 qua
1780 2208 1972 2262 omnis
1997 2207 2252 2278 plebs,ac
2274 2207 3521 2279 populimultitudoextensavoceclamavit:

251 2304 626 2358 Benedictum
662 2303 1070 2359 beatissimum
1103 2323 1315 2377 papam
1348 2305 1640 2372 volumus,
1677 2307 1988 2377 ipsumque
2037 2305 2443 2359 desideramus
2475 2321 2486 2360 :
2521 2305 2680 2376 quod
2699 2305 2825 2376 jam
2859 2305 2958 2360 fati
2991 2305 3296 2362 audientes
3327 2306 3521 2379 legati,

243 2400 635 2457 mirabantur.
661 2401 939 2457 Videntes
971 2403 1165 2474 itaque
1197 2403 1335 2474 quia
1367 2403 1424 2457 in
1453 2403 1829 2458 Anastasium
1863 2402 2074 2456 Christi
2109 2403 2304 2458 unitas
2335 2401 2605 2473 almaque
2637 2402 2946 2457 concordia
2988 2401 3149 2458 nullo
3183 2403 3526 2460 ﬂectebatur

171 2500 210 2554 5
247 2497 572 2571 ingenio,in
605 2499 860 2570 quodam
894 2499 1232 2571 patriarcbii
1267 2500 1538 2555 cubiculo
1569 2501 1875 2571 episcopos
1907 2505 2385 2566 convocaverunt,
2421 2504 2595 2570 atque
2625 2498 2770 2554 alios
2801 2499 3131 2554 sacerdotes
3157 2517 3290 2555 cum
3324 2501 3478 2558 clero
3510 2519 3526 2558 :

252 2613 388 2652 cum
417 2595 634 2668 quibns
663 2596 926 2669 amplum
959 2597 1177 2670 agitare
1209 2598 1566 2653 studuerunt
1597 2599 2064 2663 conllictum;sed
2091 2605 2206 2652 tam
2230 2597 2634 2669 probabilibus
2649 2596 2963 2652 missorum
2978 2597 3283 2652 audaciam
3297 2616 3532 2672 supera-

247 2699 458 2750 verunt
489 2694 858 2750 sermonibus
891 2701 1064 2767 atque
1096 2695 1474 2762 doctrinis,ut
1499 2695 1758 2751 infausta
1789 2695 2024 2750 illorum
2050 2695 2262 2750 mentis
2287 2694 2559 2765 cogitatio
2579 2693 3076 2766 contemplaretur
3096 2697 3536 2769 contritaatque

254 2792 520 2847 confusa.
552 2792 668 2848 Hoc
701 2799 1004 2848 cernentes
1035 2793 1202 2848 missi
1237 2793 1670 2848 venerabilibus
1697 2794 1969 2850 dixerunt
2001 2793 2575 2864 episcopis:Accipite
2605 2799 2861 2848 vestrum
2893 2792 3235 2862 electum,et
3264 2794 3322 2850 in
3355 2812 3534 2868 quam

253 2889 430 2944 vultis
461 2889 764 2945 basilicam
797 2907 932 2945 eum
965 2890 1254 2945 deducite.
1289 2892 1357 2945 Et
1390 2891 1560 2946 modo
1607 2892 2004 2956 Anastasium,
2041 2907 2215 2962 quem
2265 2891 2598 2962 depositum
2648 2890 2864 2956 dicitis,
2899 2891 2970 2946 ab
3022 2891 3130 2947 hoc
3177 2892 3533 2962 patriarchio

147 2988 219 3043 40
256 2986 549 3059 ejicimus.
582 2988 842 3060 Tresque
875 3005 976 3060 per
1005 2987 1127 3043 dics
1149 2987 1446 3059 jejunium
1479 3005 1612 3044 cum
1644 2988 2008 3044 orationibus
2043 2987 2424 3053 celebremus,
2456 2992 2512 3041 ct
2541 2988 2918 3058 postmodum
2951 2987 3236 3059 quidquid
3277 3005 3534 3061 superna

251 3083 565 3140 clementia
590 3085 1081 3140 demonstraverit
1111 3085 1442 3157 impleatur.
1467 3085 1714 3141 Almiﬁci
1748 3103 1882 3140 vero
1915 3084 2171 3158 episcopi
2204 3083 2606 3139 clamaverunt
2636 3100 2649 3138 :
2684 3083 2965 3154 Ejiciatur
2995 3087 3193 3139 nostra
3220 3085 3531 3156 praesentia

250 3181 487 3237 invasor
515 3187 690 3254 atque
721 3182 1025 3255 depositus
1051 3183 1482 3249 Anastasius,et
1513 3183 1584 3238 ab
1616 3182 1723 3237 hoc
1757 3182 2080 3254 expellatur
2108 3181 2546 3253 patriarcbio,et
2573 3185 2715 3236 tunc
2743 3181 2991 3238 facimus
3007 3183 3163 3253 quod
3185 3179 3524 3240 hol‘tamini.

322 3278 472 3336 565
526 3277 684 3334 Illico
732 3279 1046 3352 pradictus
1098 3279 1442 3335 Anastasius
1493 3297 1707 3352 magna
1756 3297 1892 3335 cum
1933 3278 2296 3352 turpitudine
2346 3279 2416 3334 de
2464 3278 2817 3350 patriarchio
2865 3279 3086 3349 ejectus
3117 3285 3293 3350 atque
3323 3280 3529 3354 expul-

253 3393 358 3432 sus
414 3380 544 3445 est;
598 3381 663 3432 ut
715 3393 918 3432 omnes
969 3376 1351 3434 multimodas
1397 3377 1726 3434 orthodoxa:
1774 3377 2026 3432 cultores
2095 3377 2226 3432 ﬁdei
2273 3376 2518 3432 Domino
2577 3381 2776 3432 nostro
2823 3375 2964 3431 Jesu
3013 3375 3241 3432 Christo
3299 3378 3527 3450 persol-

252 3479 456 3530 verent
500 3480 715 3548 grates.
767 3474 1035 3547 Episcopi
1080 3475 1315 3547 quidem
1365 3491 1501 3530 cum
1549 3475 1820 3531 universo
1871 3473 2022 3530 clero
2075 3491 2138 3530 ac
2187 3475 2403 3547 populo
2451 3474 2858 3530 beatissimum
2913 3474 3262 3548 accipientes
3293 3477 3534 3533 Benedi-

256 3576 418 3629 ctum
467 3574 718 3644 ejectum
771 3573 842 3628 de
881 3574 1144 3641 basilica,
1196 3573 1256 3628 in
1326 3591 1445 3646 qua
1492 3571 1630 3628 cleri
1682 3576 2140 3640 commorantur,
2192 3573 2594 3640 deduxerunt;
2647 3571 2786 3644 quia
2837 3571 3053 3628 ibidem
3108 3572 3452 3630 custodibus
3497 3593 3533 3632 a

181 3673 218 3728 5
257 3671 580 3728 sevissimo
630 3671 818 3727 fuerat
865 3673 1173 3728 Anastasio
1223 3671 1560 3727 collocatus.
1613 3671 1718 3737 Qui
1769 3687 1903 3726 cum
1952 3669 2110 3724 omni
2159 3669 2457 3726 alacritate
2505 3673 2678 3742 atque
2726 3669 3113 3726 exsultatione
3159 3687 3292 3726 cum
3320 3670 3449 3744 ipso
3473 3673 3531 3728 in

255 3768 561 3824 basilicam
592 3768 930 3836 Salvatoris,
964 3787 1090 3843 qua:
1121 3769 1601 3826 Constantiniana
1631 3768 1864 3835 dicitur,
1897 3769 2437 3824 descenderunt.De
2468 3784 2586 3840 qua
2614 3772 2912 3834 exeuntes,
2945 3784 3080 3824 eum
3111 3785 3291 3842 super
3311 3787 3531 3842 equum

257 3871 518 3934 ovantes,
555 3865 614 3921 in
647 3883 762 3938 quo
797 3867 909 3922 Leo
942 3864 1152 3938 praesul
1203 3867 1401 3922 sedere
1448 3870 1846 3936 consueverat,
1880 3869 2218 3938 posuerunt.
2263 3869 2444 3932 Quem
2491 3865 2666 3920 etiam
2700 3882 2915 3938 magna
2943 3865 3534 3938 populipra‘cedente

255 3969 491 4020 caterva
547 3963 606 4019 in
658 3963 964 4019 basilicam
1013 3963 1114 4018 Dei
1161 3963 1491 4033 Genitricis,
1543 3981 1672 4036 quae
1721 3964 1792 4019 ad
1843 3963 2103 4034 Praesepe
2152 3963 2387 4030 dicitur,
2447 3963 2858 4018 deduxerunt:
2909 3961 2969 4017 in
3035 3980 3154 4036 qua
3186 3965 3436 4038 jejuuiis
3475 3971 3534 4022 et

257 4061 625 4118 orationibus
657 4061 846 4118 tribus
877 4061 1084 4117 diebus
1115 4061 1502 4134 noctibusque
1531 4066 1823 4129 vacantes,
1859 4077 2154 4116 summam
2189 4062 2552 4133 majestatem
2583 4046 2826 4116 Domini,
2846 4059 3051 4115 multis
3081 4078 3217 4118 cum
3255 4061 3532 4137 lacrymis

146 4160 219 4215 40
258 4159 596 4215 exorabant.

331 4256 486 4312 568
513 4255 866 4329 Expletoque
887 4257 1142 4328 jejunio,
1191 4272 1395 4312 omnes
1445 4257 1544 4330 qui
1584 4275 1645 4314 se
1694 4255 2182 4312 anathematizato
2232 4255 2611 4328 depositoque
2661 4255 3084 4326 conjunxerant
3121 4255 3316 4312 divino
3367 4245 3574 4313 com-'

256 4353 463 4427 puncti
513 4360 659 4414 nutu
708 4353 925 4426 Deique
976 4353 1366 4410 inflammanti
1417 4355 1628 4423 favore,
1683 4354 1740 4409 in
1781 4355 1908 4426 jam
1958 4354 2136 4409 fatam
2183 4353 2488 4408 basilicam
2521 4353 2579 4408 in
2612 4371 2728 4426 qua
2757 4352 3158 4422 beatissimus,
3189 4353 3526 4427 utpraetuli-

258 4469 416 4519 mus,
447 4451 794 4508 Benedictus
834 4455 976 4519 erat,
1013 4451 1322 4507 unanimes
1355 4456 1774 4518 convenerunt,
1824 4457 1883 4507 et
1927 4451 2307 4524 procedentes
2353 4449 2596 4524 vestigia
2650 4449 2838 4524 ipsius
2885 4449 3139 4506 osculari
3187 4456 3526 4524 coeperunt;

259 4548 363 4622 qui
423 4553 479 4604 et
524 4549 797 4605 dicebant
829 4565 842 4604 ε
874 4549 1232 4617 Erravimus,
1266 4553 1323 4604 et
1369 4549 1594 4606 lubrico
1643 4566 1678 4604 a
1725 4553 1780 4604 te
1829 4550 1975 4621 pede
2025 4547 2448 4616 discessimus;
2501 4549 2600 4603 sed
2651 4553 2851 4620 pastor
2889 4546 3068 4604 veluti
3121 4549 3531 4606 sanctissimus

180 4647 219 4702 5
257 4644 458 4702 ovium
512 4643 746 4718 suscipe
795 4643 1031 4717 agmina
1077 4662 1181 4717 per
1227 4662 1435 4701 nemus
1484 4645 1758 4713 errantia,
1811 4645 2114 4716 fessosque
2144 4643 2276 4700 sinu
2309 4643 2611 4716 agniculos
2659 4642 2885 4716 collige,
2937 4643 3171 4716 tuisque
3203 4661 3310 4700 nos
3331 4645 3534 4701 obum-

257 4743 366 4798 bra
395 4743 506 4798 sub
539 4742 667 4798 alis.
703 4741 976 4799 Protinus
1026 4742 1151 4814 ipse
1201 4760 1236 4798 a
1284 4742 1402 4799 Deo
1450 4748 1748 4815 protectus
1797 4743 2148 4798 Benedictus
2195 4741 2450 4797 extensis
2495 4740 2772 4807 brachiis,
2805 4741 2968 4813 puris
2999 4741 3295 4798 mentibus
3325 4742 3531 4798 corde-

259 4857 373 4913 que
422 4839 678 4914 benigno
729 4856 933 4896 omnes
984 4839 1256 4913 amplecti
1305 4839 1562 4906 sitiebat,
1611 4843 1668 4896 et
1737 4839 1954 4895 osculis
2003 4841 2374 4912 perornabat,
2422 4839 2640 4910 quibus
2689 4837 2866 4894 etiam
2919 4837 3194 4896 dicebat:
3248 4838 3530 4911 Gaudete,

257 4937 474 5012 inquit,
521 4937 914 5006 dilectissimi,
960 4942 1017 4994 et
1066 4938 1256 5012 magis
1299 4937 1602 5002 exsultate,
1653 4938 1794 5010 quia
1839 4936 2160 4992 Ecclesiam
2211 4954 2336 5008 quae
2388 4935 2572 4992 scissa
2621 4935 2810 4992 fuerat
2871 4935 3139 4992 Christus
3185 4936 3286 4992 Dei
3350 4936 3532 4992 Filius

201 5041 206 5046 ’
259 5053 368 5093 sua
417 5035 586 5092 unire
635 5035 848 5091 virtute
901 5035 1178 5108 dignatus
1223 5040 1330 5091 est.
1365 5036 1496 5091 Haec
1542 5036 1744 5091 dicens
1785 5040 1844 5090 et
1888 5033 1982 5090 his
2034 5033 2250 5090 similia
2291 5033 2635 5106 praedicans,
2669 5033 2847 5088 etiam
2877 5031 2989 5104 ipsi
3038 5033 3372 5106 imperiales
3421 5033 3530 5090 ibi-

157 5134 221 5189 10
260 5135 396 5189 dem
445 5136 842 5188 convenerunt
890 5131 1086 5205 legati,
1121 5133 1221 5205 qui
1271 5131 1609 5189 salubribus
1638 5133 1828 5190 verbis
1876 5149 1942 5188 ac
1992 5131 2359 5187 mollioribus
2389 5147 2524 5186 cum
2575 5132 2776 5186 eodem
2811 5130 3092 5186 secretius
3123 5129 3302 5185 electo
3332 5130 3530 5186 confa-

255 5227 636 5287 bulabantur.
671 5229 876 5284 Subito
907 5245 1041 5285 vero
1073 5245 1278 5284 omnes
1311 5229 1564 5301 episcopi
1599 5230 2026 5300 universusque
2057 5227 2248 5284 clerus
2280 5232 2456 5300 atque
2489 5227 2800 5282 innumera
2829 5225 3077 5282 Romani
3123 5225 3324 5298 populi
3379 5227 3534 5282 mul-

257 5327 448 5383 titudo
497 5343 566 5382 ex
615 5326 816 5382 eadem
849 5343 984 5383 eum
1017 5327 1374 5383 deducentcs
1406 5327 1670 5397 basilica,
1699 5343 1834 5382 cum
1867 5326 2102 5399 hymnis
2150 5329 2208 5380 et
2263 5325 2527 5380 canticus
2581 5323 2985 5398 spiritualibus
3015 5323 3075 5378 in
3115 5323 3533 5395 patriarchium

257 5426 654 5482 Lateranense
702 5423 1172 5496 introduxerunt,
1205 5429 1262 5481 et
1309 5425 1369 5480 in
1415 5424 1734 5498 pontiﬁcali
1785 5423 1929 5480 solio
1983 5425 2054 5479 de
2104 5439 2218 5495 quo
2268 5423 2491 5494 ejectus
2523 5423 2710 5478 fuerat
2739 5424 3076 5494 posuerunt.
3110 5419 3374 5492 Denique
3404 5423 3534 5478 uni-

256 5539 426 5579 versa
456 5520 978 5595 congratulabatur
1005 5521 1284 5590 Ecclesia,
1317 5527 1375 5578 et
1407 5523 1599 5578 omnis
1631 5521 1884 5596 populus
1915 5520 2128 5593 amplis
2157 5520 2397 5576 vocibus
2428 5519 2768 5575 resultabat.
2804 5518 3083 5574 Prmterea
3113 5517 3415 5575 Dominico
3445 5519 3537 5578 die

154 5623 222 5678 15
258 5618 524 5676 diluculo
554 5619 615 5674 in
647 5617 956 5675 basilicam
987 5619 1144 5676 beati
1173 5619 1325 5676 Petri
1356 5621 1627 5692 apostoli,
1661 5621 1735 5676 ab
1766 5619 2078 5692 episcopis,
2111 5618 2282 5686 clero,
2318 5616 2658 5689 proceribus
2688 5616 2976 5672 deductus
3006 5619 3113 5683 est,
3150 5619 3208 5671 et
3254 5615 3312 5670 in
3367 5633 3538 5674 cons-

257 5722 428 5792 pectu
463 5715 753 5782 omnium,
776 5716 1182 5790 imperialibus
1215 5717 1416 5774 missis
1445 5717 1841 5785 cernentibus,
1875 5717 1936 5771 in
1967 5714 2286 5788 apostolica
2315 5715 2472 5782 sede,
2505 5720 2571 5770 ut
2600 5731 2726 5770 mos
2775 5718 2864 5769 est
2909 5719 2967 5770 et
3013 5713 3257 5786 antiqua
3303 5715 3539 5773 traditio

255 5817 464 5884 dictat,
496 5819 875 5870 consecratus
907 5814 1330 5888 ordinatusque
1359 5819 1447 5872 est
1467 5815 1744 5888 pontifex.
1778 5813 2117 5870 Portuensis
2145 5829 2278 5869 vero
2311 5812 2623 5885 episcopus
2652 5811 2984 5884 prohibitus
3023 5811 3096 5868 ab
3143 5812 3408 5881 ecclesia,
3443 5830 3538 5870 or-

256 5914 625 5972 dinationem
652 5929 829 5984 quam
859 5912 1141 5969 debuerat
1169 5929 1348 5985 super
1376 5929 1514 5968 eum
1541 5910 1878 5970 nullatenus
1907 5913 2064 5982 fecit,
2097 5911 2253 5987 quod
2285 5909 2656 5972 anathemate
2685 5925 2814 5970 sese
2835 5910 3116 5985 junxerat
3145 5927 3213 5973 ac
3245 5911 3307 5970 in
3338 5911 3538 5990 perju-

253 6013 328 6074 rii
358 6009 702 6090 voraginem
731 6008 1021 6070 ceciderat
1050 6013 1226 6089 atque
1255 6009 1550 6070 manebat.
