3922 6414
164 324 329 421 i353
860 325 1225 385 HISTORIA
1274 325 1374 385 DE
1420 324 1621 385 VITIS
1668 325 1856 385 ΝΟΜ.
1904 325 2134 385 PONT.
2163 324 2754 386 —BENEDICTUS
2802 325 2907 384 Ill.
3434 325 3595 386 1354

318 470 531 523 unum,
558 454 903 511 cantharam
927 472 1127 523 uuam,
1152 454 1689 527 thymiamaterium
1714 472 1921 521 unum,
1943 471 2183 527 peusau.
2210 456 2387 512 simul
2416 454 2599 512 libras
2622 458 2896 529 quatuor.
2922 429 3061 510 I‘se
3082 453 3321 526 quidem
3352 453 3597 527 insignis

313 560 372 611 et
401 553 783 611 beatissimus
814 542 1073 628 pontifex
1120 542 1179 608 in
1230 572 1483 626 superno
1534 554 1873 609 fundamine
1900 556 2113 609 mentis
2137 554 2566 609 observantiam
2600 571 2839 626 ponens,
2870 537 3252 629 nillterrenis
3305 553 3599 625 finemque

313 653 695 719 habentibus,
717 652 816 708 sed
850 649 1257 724 spiritualibus
1289 652 1745 723 salubribusque
1796 653 2203 707 tantummodo
2236 654 2509 724 cperibus
2541 652 2955 715 delectabatur,
2980 638 3064 725 iet
3110 651 3170 706 in
3217 652 3444 709 cunctis
3474 671 3599 725 qua

320 750 533 807 salutis
564 748 705 806 sunt
731 748 993 823 quotidie
1026 748 1303 821 praclaro
1331 749 1546 825 intuitu
1574 750 1976 821 permanebat.
2965 724 3007 768 ’δ’

389 848 535 905 671
573 847 675 903 His
704 864 838 904 vero
866 847 1050 903 sacris
1082 847 1381 902 beneficiis
1410 852 1652 902 ornatus
1684 847 2081 919 apostolorum
2115 846 2386 920 principi,
2413 848 2726 921 populique
2750 847 3018 919 janitori,
3045 848 3258 903 obtulit
3282 849 3444 905 mira
3477 850 3605 922 pul-

315 945 672 1003 chritudinis
692 950 910 1002 vestem
934 961 1113 1001 uuam
1137 962 1278 1000 auro
1303 950 1726 1017 textam,0pcre
1751 946 2069 1017 decoreque
2091 947 2429 1016 fulgentem,
2446 946 2759 1000 almilicam
2783 947 3262 1001 Annuntiatiouis
3286 947 3599 1019 habentem

314 1043 624 1101 historiam
647 1048 705 1100 et
730 1042 1069 1117 hypapauti,
1086 1042 1336 1116 qualiter
1358 1043 1481 1115 ipse
1510 1042 1847 1115 unigenitus
1871 1043 1969 1098 Dei
1996 1043 2175 1098 Filius
2200 1042 2482 1115 templum
2506 1044 2809 1117 ingressus
2832 1046 3137 1100 doctorum
3161 1046 3217 1099 in
3244 1047 3438 1102 medio
3462 1048 3603 1103 resi«

318 1141 933 1198 debat.Verumtameu
956 1141 1141 1196 isdem
1165 1142 1481 1214 praedictus
1503 1145 1557 1195 et
1579 1140 1956 1196 beatissimus
1983 1141 2190 1213 praesul
2219 1141 2399 1196 nimio
2420 1159 2617 1197 amore
2640 1159 2949 1208 accensus,
2994 1143 3212 1214 Deique
3235 1143 3596 1202 adminiculo

218 1241 278 1317 ’5
317 1239 768 1308 suti‘ultus,feeit
798 1238 858 1294 in
889 1237 1132 1295 basilica
1160 1239 1313 1295 beati
1348 1255 1412 1293 ac
1442 1238 1655 1311 egregii
1691 1238 2085 1310 pradicatoris
2115 1238 2276 1293 Pauli
2299 1238 2547 1311 apostoli
2573 1256 2817 1312 regnum
2843 1241 2912 1295 de
2934 1258 3076 1296 auro
3107 1241 3429 1313 purissimo
3462 1261 3598 1316 spa-

317 1338 635 1397 noelistum
657 1354 790 1393 eum
818 1335 1105 1393 catenulis
1129 1337 1273 1402 suis,
1298 1335 1521 1391 habens
1543 1336 1603 1391 in
1628 1335 1818 1391 medio
1840 1352 2070 1392 erucem
2094 1354 2357 1402 auream,
2380 1337 2518 1391 item
2542 1338 2896 1409 Spaniseam,
2922 1356 3048 1411 qua
3076 1340 3333 1411 pendent
3359 1340 3595 1397 assidue

318 1454 496 1509 super
524 1436 789 1508 ejusdem
822 1433 1025 1503 altare,
1050 1452 1293 1507 pensan.
1319 1433 1500 1488 libras
1522 1433 1670 1488 duas
1692 1437 1750 1488 et
1782 1433 2018 1488 unciam
2040 1451 2239 1489 uuam.
2265 1434 2487 1489 Obtulit
2517 1451 2750 1507 quoque
2780 1436 2838 1491 iu
2861 1438 3066 1493 eadem
3098 1437 3338 1494 basilica
3359 1438 3596 1495 cantha-

318 1552 444 1592 ram
471 1536 542 1591 de
563 1538 804 1608 argento
837 1532 1229 1590 mundissimo
1250 1548 1451 1598 unam,
1475 1548 1718 1603 pensan.
1744 1530 1947 1587 uncias
1971 1548 2197 1587 novem.
2222 1536 2353 1604 Ipse
2373 1549 2503 1588 vero
2526 1531 2777 1604 insignis
2797 1539 2854 1589 et
2876 1535 3255 1591 beatissimus
3281 1552 3432 1609 papa
3456 1537 3595 1594 fecit

319 1650 522 1690 cruces
552 1635 860 1706 argenteas
891 1633 1135 1703 septem,
1160 1646 1287 1702 qua
1319 1645 1423 1701 per
1451 1626 1671 1683 olitaua
1714 1632 1981 1701 tempora
2010 1645 2113 1700 per
2139 1646 2344 1685 omnes
2374 1630 2692 1687 catholicas
2722 1631 3000 1688 ecclesias
3032 1650 3192 1689 more
3239 1633 3410 1690 solito
3440 1652 3594 1708 pra-

205 1734 278 1789 10
317 1731 623 1797 cedebant,
652 1733 710 1786 et
739 1728 877 1803 quia
906 1745 1022 1802 pra
1052 1725 1236 1782 nimia
1265 1730 1552 1781 vetustate
1583 1725 1888 1781 confracta
1921 1726 2153 1781 fuerant
2200 1727 2387 1782 isdem
2440 1727 2753 1800 praclarus
2785 1733 2841 1785 et
2872 1730 3284 1787 sanctissimus
3314 1731 3528 1804 prasul
3560 1750 3596 1789 a

224 1820 235 1837 ’
317 1829 543 1886 noviter
570 1825 921 1891 restauravit
950 1830 1007 1881 et
1035 1825 1092 1883 in
1124 1823 1441 1899 pristinum
1493 1828 1712 1880 statum
1744 1824 1955 1879 iterum
1996 1825 2242 1893 reduxit,
2290 1842 2415 1898 qua
2448 1843 2692 1897 peusan,
2725 1827 2906 1883 simul
2951 1826 3133 1884 libras
3164 1827 3595 1903 quinquaginta

318 1946 499 1985 unam
532 1932 590 1983 et
621 1925 819 1983 semis.
845 1925 1081 1981 Necnon
1114 1928 1171 1979 et
1202 1924 1260 1977 in
1290 1922 1534 1979 basilica
1564 1922 1750 1977 sancti
1773 1922 1989 1977 Christi
2024 1924 2295 1995 martyris
2345 1924 2496 1979 beati
2552 1924 3043 1998 Sebastiani,qua
3088 1927 3324 1998 ponitur
3353 1928 3411 1982 in
3444 1925 3593 1997 loco,

318 2025 420 2101 qui
450 2028 692 2082 vocatur
722 2024 1016 2085 Frascata.
1041 2020 1254 2079 obtulit
1283 2021 1438 2076 idem
1471 2025 1633 2093 pater
1663 2020 1931 2093 egregius
1960 2025 2181 2076 vestem
2214 2022 2283 2076 de
2317 2021 2559 2077 fundato
2592 2041 2771 2078 uuam
2804 2024 3119 2081 habentem
3152 2025 3211 2080 in
3239 2026 3430 2082 medio
3463 2044 3595 2082 cru-

318 2143 445 2183 cem
480 2142 615 2181 cum
647 2121 999 2199 gammadiis
1021 2121 1091 2177 de
1121 2118 1505 2193 quadrapulo.
1542 2117 1729 2173 Simili
1762 2118 1935 2173 modo
1968 2119 2103 2173 fecit
2134 2118 2192 2172 in
2228 2118 2469 2175 basilica
2499 2120 2650 2175 beati
2674 2127 2730 2176 et
2761 2122 2977 2194 egregii
3012 2122 3405 2194 pradicatoris
3434 2123 3596 2180 Pauli

206 2227 279 2281 15
318 2221 565 2297 apostoli
595 2225 814 2277 vestem
846 2219 1088 2275 rubeam
1121 2218 1191 2273 de
1223 2216 1464 2271 arodiua
1496 2217 1545 2281 1,
1569 2232 1703 2270 eum
1733 2214 2127 2288 ehrysoelavo.

392 2321 544 2377 512
574 2319 792 2377 Verum
823 2317 1000 2374 etiam
1032 2320 1090 2371 et
1130 2314 1188 2369 iu
1220 2313 1389 2369 titulo
1440 2312 1625 2368 sancti
1654 2312 1878 2385 Cyriaci
1928 2313 2201 2385 martyris
2235 2314 2365 2369 fecit
2394 2319 2611 2371 vestem
2661 2316 2731 2371 de
2780 2317 3022 2373 fundato
3071 2336 3272 2375 unam.
3306 2323 3438 2392 Ipse
3465 2337 3598 2376 vero

320 2419 700 2491 beatissimus
720 2417 978 2492 pontifex
1008 2413 1389 2470 exardescens
1412 2427 1609 2466 amore
1642 2411 1775 2465 fecit
1806 2410 1863 2464 in
1896 2410 2140 2465 basilica
2170 2412 2321 2467 beati
2344 2412 2493 2467 Petri
2526 2414 2772 2486 apostoli
2806 2416 3109 2472 nutritoris
3129 2418 3217 2473 sui
3252 2419 3501 2491 pharum
3533 2436 3600 2476 ex

320 2522 559 2591 argento
582 2534 767 2573 unum
795 2514 955 2571 mira
978 2508 1541 2585 magnitudinis,qui
1570 2524 1814 2580 pensan.
1839 2507 2111 2579 libras,et
2141 2510 2411 2565 uncias...
2432 2511 2537 2566 llic
2560 2530 2691 2567 vero
2721 2514 3097 2571 beatissimus
3119 2517 3377 2589 pontifex
3398 2517 3602 2572 divina

320 2614 705 2689 inspiratione
754 2611 1028 2686 repletus,
1059 2608 1195 2667 fecit
1226 2607 1284 2663 in
1311 2605 1556 2662 ecclesia
1588 2604 1739 2660 beati
1772 2605 1978 2660 Levita
2010 2606 2328 2674 Laurentii,
2358 2608 2499 2663 foris
2554 2626 2755 2665 muros
2813 2610 2994 2682 huius
3024 2613 3274 2670 civitatis
3305 2615 3599 2682 Romana,

245 2714 284 2771 5
320 2719 541 2769 vestem
571 2712 641 2767 de
672 2711 916 2767 fundato
948 2724 1149 2773 uuam,
1176 2722 1311 2761 eum
1353 2701 1747 2775 cbrysoclavo,
1783 2702 1943 2757 mira
1975 2704 2404 2775 magnitudinis
2435 2706 2791 2763 decoratam.
2826 2710 2937 2765 Sed
2986 2714 3046 2766 et
3096 2710 3284 2784 ipsius
3314 2712 3603 2785 pracipue

318 2814 480 2867 sarta
509 2813 665 2865 tecta
694 2806 951 2864 ecclesia
984 2803 1137 2860 beati
1182 2801 1333 2858 Petri
1363 2800 1610 2873 apostoli
1646 2800 1954 2857 nutritoris
1986 2800 2098 2872 sui,
2122 2801 2180 2855 id
2212 2806 2302 2857 est
2331 2820 2537 2858 navem
2587 2807 2891 2876 majorem,
2918 2812 2975 2862 et
3005 2808 3181 2864 aliam
3213 2826 3442 2878 navem,
3475 2826 3602 2882 qua

323 2924 505 2981 super
534 2922 747 2979 corpus
777 2905 907 2976 ejus
937 2907 1046 2970 est,
1070 2900 1301 2973 magnis
1323 2899 1592 2955 trabibus
1624 2898 1918 2970 impositis
1942 2915 2187 2953 numero
2210 2904 2432 2971 septem
2456 2902 2803 2974 procacique
2834 2905 3081 2961 artificio
3112 2905 3347 2961 elevatis
3367 2906 3604 2963 lueiﬂue

319 3003 636 3075 renovavit.
660 3003 729 3058 Et
757 3001 819 3056 in
850 2999 1022 3056 titulo
1055 2998 1209 3055 beati
1233 2997 1456 3070 Cyriaci
1488 2994 1760 3069 martyris
1791 2993 2003 3050 obtulit
2032 2995 2410 3068 Evangelium
2443 3014 2627 3053 unum
2655 3016 2723 3055 ex
2753 3005 2995 3072 argento
3026 3002 3343 3076 purissimo
3372 3003 3443 3058 ad
3475 3003 3603 3059 lau-

319 3101 456 3158 dem
478 3106 535 3158 et
554 3098 801 3173 gloriam
825 3097 1013 3172 ipsius
1034 3095 1312 3153 ecclesia.
1336 3094 1439 3150 His
1462 3093 1657 3164 itaque
1684 3091 1933 3164 peractis
1959 3094 2234 3164 praefatus
2258 3093 2636 3151 beatissimus
2655 3112 2809 3167 papa
2827 3097 3009 3153 nimio
3033 3115 3229 3154 amore
3250 3099 3603 3156 constrictus

207 3203 279 3258 10
320 3200 383 3255 in
415 3197 661 3255 ecclesia
690 3198 869 3254 beata
900 3195 1002 3251 Dei
1029 3192 1341 3251 Genitricis
1369 3207 1717 3264 semperque
1739 3189 1998 3262 Virginis
2038 3189 2233 3245 Maria
2275 3191 2525 3246 domina
2562 3196 2941 3265 nostra,qua
2974 3195 3214 3267 ponitur
3241 3200 3407 3253 trans
3438 3197 3604 3254 Tibe-

318 3297 456 3364 rim,
478 3296 745 3353 absidam
778 3295 1061 3366 majorem
1094 3290 1282 3365 ipsius
1313 3288 1589 3355 ecclesia,
1613 3288 1673 3341 in
1708 3287 1895 3343 ruinis
1918 3287 2193 3358 positam,
2215 3288 2439 3344 uoviter
2467 3291 2642 3361 atque
2664 3308 2698 3346 a
2716 3290 3119 3349 fundamentis
3146 3293 3366 3350 faciens
3382 3296 3456 3351 ad
3478 3313 3602 3353 me-

326 3397 528 3455 liorem
559 3393 742 3453 erexit
762 3397 1005 3450 statum.
1026 3392 1334 3448 Fenestras
1371 3405 1505 3445 vero
1527 3387 1725 3443 vitreis
1758 3385 2051 3442 coloribus
2085 3386 2331 3457 ornavit,
2355 3390 2411 3442 et
2441 3386 2669 3458 pictura
2696 3389 2908 3446 musivi
2946 3390 3256 3448 decoravit.
3280 3393 3515 3449 Necnon
3545 3397 3605 3451 et

319 3495 612 3570 porticum
643 3497 818 3568 atque
847 3489 1256 3563 baptisterium
1288 3504 1424 3543 eum
1456 3484 1790 3550 secretario,
1814 3483 2012 3539 omnia
2041 3487 2099 3539 et
2126 3484 2185 3538 in
2219 3483 2494 3540 omnibus
2526 3490 2683 3541 sarta
2710 3490 2865 3543 tecta
2884 3488 3108 3545 uoviter
3137 3490 3451 3546 renovavit.
3477 3491 3602 3548 Cte-

324 3592 641 3649 meterium
661 3606 797 3646 vero
824 3589 978 3646 beati
1014 3585 1193 3644 Marci
1223 3584 1576 3642 confessoris
1606 3587 1780 3655 atque
1812 3580 2128 3654 pontificis,
2152 3582 2307 3654 quod
2340 3582 2578 3655 ponitur
2603 3583 2742 3639 foris
2773 3590 3001 3657 portam
3030 3586 3298 3659 Appiam,
3321 3589 3382 3643 in
3414 3588 3602 3644 ruinis

207 3693 284 3751 45
313 3692 443 3764 jam
475 3690 755 3763 positum,
779 3686 1019 3745 omnino
1052 3682 1424 3745 restauravit.
1445 3682 1679 3738 Necnon
1709 3679 1846 3736 etin
1872 3678 2117 3735 ecclesia
2135 3680 2437 3735 beatorum
2462 3680 2616 3737 Petri
2639 3685 2696 3737 et
2719 3682 3039 3739 Marcellini
3061 3689 3407 3759 martyrum,
3430 3676 3602 3759 cujus

324 3792 547 3845 tectum
571 3788 699 3860 jam
727 3788 1015 3843 vetustate
1042 3783 1298 3858 positum
1329 3780 1589 3836 vicinum
1622 3778 1804 3834 ruina
1834 3777 2139 3845 existebat,
2164 3777 2444 3850 depositis
2474 3778 2891 3835 vetustissimis
2941 3782 3209 3839 trabibus
3242 3787 3301 3839 et
3328 3782 3460 3841 aliis
3492 3770 3609 3843 imi

322 3886 553 3961 positis,
587 3884 812 3941 noviter
839 3882 1037 3956 ipsum
1069 3884 1289 3937 tectum
1318 3882 1491 3951 atque
1522 3876 1813 3949 porticum
1854 3875 1914 3930 in
1947 3875 2192 3931 circuitu
2226 3875 2425 3931 omnia
2455 3876 2676 3932 noviter
2705 3879 3074 3936 restauravit.

397 3983 548 4041 518
583 3983 647 4038 In
679 3980 925 4037 basilica
949 3994 1183 4054 quoque
1206 3979 1333 4049 jam
1365 3976 1580 4048 sapius
1600 3975 1739 4030 dicti
1763 3973 1981 4047 egregii
2004 3973 2260 4029 doctoris
2282 3973 2486 4029 mundi
2510 3975 2660 4030 beati
2686 3974 2847 4030 Pauli
2871 3977 3118 4049 apostoli
3141 3978 3329 4034 isdem
3362 3980 3606 4057 antistes

322 4078 739 4138 sanctissimus
761 4077 1113 4134 Benedictus
1140 4073 1354 4149 praesul
1377 4073 1757 4148 pulcherrimi
1782 4073 2006 4129 decoris
2038 4076 2157 4128 rete
2180 4072 2399 4128 factum
2435 4073 2583 4128 miro
2605 4090 2777 4146 opere
2805 4078 2993 4129 totum
3017 4092 3085 4130 ex
3104 4076 3357 4148 gemmis
3376 4062 3604 4144 alvabe4

323 4179 406 4236 ris
429 4182 485 4236 et
504 4177 683 4235 bullis
716 4177 930 4244 aureis,
956 4174 1264 4232 conclusas
1283 4172 1458 4229 etiam
1487 4171 1804 4244 auripetias
1828 4171 1887 4225 in
1921 4188 1983 4227 se
2013 4170 2237 4227 habens
2268 4170 2863 4240 smaltitas,videlicet
2892 4173 3100 4244 majori
3133 4191 3379 4230 numero
3400 4175 3605 4248 viginti

324 4293 529 4344 uuam,
552 4292 688 4331 eum
719 4272 853 4330 aliis
884 4260 1493 4346 pariteriminoribus;
1531 4285 1757 4325 necnon
1791 4272 1849 4324 et
1879 4268 2223 4324 amendulas
2253 4285 2462 4324 aureas
2484 4285 2726 4324 numero
2759 4269 3054 4339 undecim,
3079 4273 3136 4325 et
3155 4286 3421 4344 gemmas
3443 4272 3608 4347 chry-

246 4378 285 4435 5
322 4373 588 4433 soclavas
619 4372 940 4447 pendentes
970 4386 1217 4426 numero
1251 4369 1473 4435 decem,
1508 4384 1725 4440 magno
1766 4382 1964 4423 amore
1994 4366 2270 4439 praeepit
2310 4366 2458 4435 fieri,
2489 4371 2546 4422 et
2576 4384 2757 4439 super
2780 4373 3291 4425 sacrumsanctum
3323 4369 3503 4426 altare
3532 4371 3606 4427 ad

324 4452 605 4528 honorem
633 4468 896 4543 Apostoli
925 4469 1172 4524 offerens
1202 4466 1452 4539 pendere
1473 4465 1656 4537 jussit
1683 4464 1938 4521 assidue.
1960 4463 2177 4520 Verum
2218 4464 2395 4520 etiam
2438 4464 2686 4521 athereo
2717 4470 3104 4538 compunctus
3135 4470 3283 4522 nutu
3317 4484 3598 4541 magnam

325 4573 544 4627 sancta
574 4566 851 4636 ecclesia,
876 4571 942 4622 ut
970 4565 1217 4624 idoneus
1243 4562 1460 4620 Christi
1492 4562 1786 4630 minister,
1814 4578 2016 4617 curam
2038 4562 2210 4618 corde
2236 4562 2555 4636 purissimo
2586 4562 2985 4620 indesinenter
3007 4581 3235 4638 gerens,
3260 4569 3482 4622 textum
3505 4567 3612 4623 sei-

322 4662 461 4724 1i‘eet
490 4670 548 4723 et
574 4665 914 4732 voluminis,
936 4664 996 4721 in
1029 4681 1145 4737 quo
1176 4666 1448 4719 constant
1473 4678 1619 4718 vera
1664 4659 2093 4733 praedicationis
2124 4660 2307 4730 Pauli,
2330 4659 2595 4717 videlicet
2624 4661 2897 4734 apostoli,
2929 4667 2986 4718 et
3034 4662 3282 4719 aliorum
3314 4665 3607 4737 apostolo-

326 4781 463 4822 rum
489 4763 761 4836 Epistola
803 4767 981 4834 atque
1029 4754 1449 4835 prephctarum
1481 4758 1886 4816 ordinabiliter
1915 4759 2245 4814 constituta
2275 4757 2574 4827 lectiones,
2604 4775 2728 4831 qua
2760 4776 2794 4815 a
2823 4759 3283 4816 subdiaconibus
3331 4760 3609 4833 leguntur

214 4864 285 4921 10
322 4879 428 4936 per
456 4863 697 4917 cunctas
716 4841 1103 4916 ecclesiarum
1136 4858 1417 4915 stationes
1449 4874 1611 4914 more
1642 4856 1831 4925 solito,
1859 4873 2098 4912 sursum
2132 4855 2192 4911 in
2224 4856 2473 4912 amboue
2504 4861 2739 4929 raptum
2770 4856 2858 4913 vel
2890 4858 3184 4929 perditum
3212 4874 3248 4913 a
3278 4863 3481 4915 saneta
3510 4875 3609 4916 ee-

325 4958 508 5015 elesia
535 4957 719 5014 fuisse
747 4956 1099 5030 percipiens,
1122 4940 1330 5028 captus
1358 4972 1575 5028 magna
1592 4954 2038 5035 vehementique
2060 4953 2449 5010 sollicitudine
2471 4953 2586 5009 tale
2608 4953 2851 5028 dignum
2879 4954 3149 5011 similiter
3166 4954 3440 5011 volumen
3467 4973 3611 5030 pra-

326 5072 535 5129 parare
565 5056 815 5122 studuit,
838 5055 900 5110 in
930 5071 1048 5126 quo
1091 5057 1320 5110 Graeas
1350 5058 1405 5109 et
1435 5052 1673 5115 Latinas
1731 5051 2030 5119 lectiones,
2056 5068 2205 5123 quas
2236 5050 2329 5106 die
2366 5051 2623 5107 Sabbato
2682 5056 2882 5109 sancto
2942 5052 3195 5123 Pascha,
3226 5053 3523 5126 simulque
3552 5057 3612 5111 et

326 5156 539 5208 sancto
562 5152 931 5208 Pentecostes
962 5149 1305 5208 subdiaconi
1359 5149 1551 5222 legere
1584 5148 1743 5205 soliti
1784 5152 1922 5204 sunt
1970 5147 2305 5220 Scripturas
2336 5148 2577 5221 adjungi
2612 5148 2903 5220 praeepit,
2930 5148 3208 5221 miraque
3252 5150 3610 5222 operationis

327 5249 550 5305 tabulis
579 5248 871 5322 argenteis
902 5249 1177 5306 decenter
1205 5249 1498 5304 adornans
1530 5249 1743 5302 sancta
1773 5245 2027 5302 ecclesia
2061 5245 2334 5301 Romana
2364 5244 2613 5302 libenter
2641 5245 2871 5302 obtulit.

403 5344 558 5401 574
589 5345 778 5417 Hujus
810 5342 1175 5419 temporibus
1207 5340 1477 5411 Michael,
1509 5342 1667 5398 filius
1687 5341 1993 5414 Theophili
2026 5342 2399 5414 imperatoris
2420 5342 3075 5416 Coustantiuopolitana
3101 5345 3265 5401 urbis
3296 5345 3615 5418 imperator

325 5442 401 5498 ob
434 5458 694 5498 amorem
730 5441 1128 5515 apostolorum
1160 5439 1324 5497 misit
1354 5441 1425 5497 ad
1458 5441 1694 5497 beatum
1727 5441 1960 5496 Petrum
1993 5439 2327 5512 apostolum
2361 5441 2581 5497 donum
2614 5458 2717 5513 per
2746 5458 2987 5496 manum
3021 5442 3221 5496 Lazari
3254 5442 3527 5499 monachi
3556 5446 3617 5499 et

326 5538 583 5612 pietoria
615 5539 761 5597 artis
792 5538 976 5596 nimie
1006 5540 1243 5607 eruditi,
1266 5555 1476 5612 genere
1502 5556 1637 5595 vero
1660 5538 1891 5605 Chazai,
1914 5537 1973 5593 id
2008 5542 2096 5593 est
2125 5537 2505 5610 Evangelium
2536 5539 2608 5593 de
2637 5556 2778 5594 auro
2818 5538 3136 5611 purissimo
3185 5556 3321 5596 cum
3368 5538 3615 5597 diversis

325 5635 626 5709 lapidibus
659 5636 933 5709 pretiosis
960 5654 973 5693 :
1010 5636 1251 5693 calicem
1280 5653 1414 5692 vero
1445 5635 1718 5692 similiter
1747 5636 1817 5691 de
1848 5652 1988 5691 auro
2033 5639 2091 5691 et
2138 5635 2434 5709 lapidibus
2466 5636 2921 5709 circumdatum,
2953 5636 3193 5693 reticulo
3226 5639 3515 5710 pendente
3546 5640 3619 5696 de

248 5735 290 5791 5
327 5735 580 5806 gemmis
611 5733 761 5790 albis
791 5733 1065 5807 pretiosis
1094 5734 1255 5790 mira
1287 5733 1747 5806 pulchritudinis
1769 5735 2129 5800 decoratum,
2152 5738 2209 5790 et
2228 5733 2355 5790 vela
2385 5734 2501 5789 duo
2527 5734 2596 5789 de
2627 5734 2874 5803 olovero,
2901 5752 3036 5791 cum
3059 5752 3233 5793 cruce
3262 5738 3334 5793 de
3364 5737 3614 5808 olovero,

327 5835 388 5889 et
414 5830 555 5889 lista
586 5831 863 5889 similiter
891 5832 964 5888 de
994 5832 1392 5905 chrysoclavo,
1416 5834 1474 5887 et
1504 5848 1682 5903 parva
1713 5832 2074 5904 coopertoria
2116 5831 2302 5905 ipsius
2335 5831 2554 5899 calicis,
2581 5832 2735 5888 sicut
2784 5850 2912 5891 mos
2944 5833 3275 5892 Graecorum
3309 5839 3416 5892 est.
3442 5836 3618 5892 Simi-

329 5927 464 5985 liter
491 5934 549 5985 et
576 5934 797 5985 vestem
829 5930 901 5986 de
932 5947 1197 6003 purpura
1227 5928 1517 6002 imperiali
1549 5930 1775 5985 munda
1804 5947 1981 6003 super
2010 5930 2191 5987 altare
2223 5931 2418 6003 majus
2448 5947 2516 5987 ex
2546 5931 2707 5988 omni
2739 5937 2906 6005 parte
2936 5950 3071 5989 eum
3116 5933 3363 5991 historia
3393 5938 3449 5990 et
3478 5950 3616 5988 ean-

326 6026 490 6098 eellis
519 6033 578 6084 et
610 6025 769 6110 rosis,
790 6027 862 6088 de
903 6026 1300 6105 chrysoclavo,
1323 6042 1553 6100 magna
1601 6026 2063 6100 pulchritudinis
2110 6029 2471 6102 deoruatam,
2501 6030 2678 6089 etiam
2707 6033 2765 6091 et
2794 6030 2990 6092 velum
3022 6032 3093 6091 de
3122 6031 3376 6113 stauraci
3408 6022 3613 6101 unum,

234 6178 257 6189 -
326 6139 463 6188 cum
494 6140 668 6187 cruce
697 6124 769 6187 de
799 6124 1175 6205 ehrysoclavo
1205 6129 1265 6188 et
1290 6124 1504 6189 litteris
1534 6127 1607 6189 de
1638 6143 1781 6190 auro
1811 6126 2047 6191 Graecis.
2917 6134 2923 6140 ·
3182 6124 3189 6131 ’
3222 6114 3225 6117 ’
3308 6123 3331 6131 ··

505 6224 773 6291 ΡΑτιιοι.
818 6224 1129 6292 CXXVIII.

3216 6228 3293 6291 43
