3922 6400
1438 311 1856 374 ANASTASII
1900 310 2553 376 BIBLIOTHECARII.
3558 314 3715 379 1164

502 449 654 509 588
685 446 903 505 Eodem
931 448 1193 518 tempore
1224 458 1377 517 papa
1402 441 1717 517 predictus
1748 447 1838 499 ter
1867 444 1939 500 ad
1971 444 2263 517 synodum
2294 443 2419 501 suis
2449 443 2660 502 litteris
2689 460 2827 502 eum
2856 444 3102 516 vocavit,
3134 448 3193 503 et
3224 444 3321 505 ille
3349 446 3549 506 venire
3578 457 3720 506 con'

429 555 700 607 temnens
731 564 766 603 a
794 549 996 601 sancta
1026 543 1247 616 synodo
1273 540 1687 597 communione
1718 540 1983 615 privatus
2013 542 2354 598 est.Deinde
2384 543 2621 616 papiam
2654 559 2904 617 pergens
2936 544 3309 617 imperatoris
3342 547 3589 605 auribus
3609 548 3723 605 Lu-

430 647 612 704 dovici
646 644 887 701 Caesaris
918 640 1249 698 molestiam
1281 639 1898 712 intulit,solamenque
1931 640 2299 696 mundanum
2332 640 2799 713 quaesivit.Tunc
2818 642 3102 716 largiente
3127 642 3187 700 in
3210 649 3475 718 Augusto
3493 645 3716 719 legatos

432 744 775 821 praecipuos,
810 758 945 797 cum
978 738 1095 795 illis
1126 738 1413 810 superbiae
1448 737 1703 811 repletus
1734 742 1964 793 tumore
1996 738 2243 794 Romam
2277 739 2558 811 pervenit.
2595 740 2707 797 Sed
2765 739 3027 813 pontifex
3080 740 3295 810 almus,
3328 743 3471 816 quia
3516 748 3720 801 contra

362 848 396 902 5
429 857 731 900 sacrorum
763 853 1056 895 canonum
1087 835 1320 909 regulas
1351 835 1857 892 excommunicato
1890 834 2003 908 ipsi
2036 834 2211 908 legati
2242 837 2847 907 communicaverunt,
2866 838 3117 912 benigne
3137 856 3238 896 eos
3260 841 3578 915 redarguit.
3595 842 3720 900 Illis

435 946 629 998 autem
666 955 793 1010 quae
824 939 1067 1008 egerunt
1097 934 1472 1005 deflentibus,
1488 934 1677 989 eidem
1700 932 2140 1006 archiepiscopo
2161 952 2195 989 a
2216 934 2332 990 Deo
2365 936 2802 992 conservandus
2831 952 2984 1009 papa
3012 936 3305 1009 mittebat,
3326 943 3391 994 ut
3421 939 3482 995 in
3514 940 3716 996 Kalen.

437 1035 780 1096 Novembris
811 1036 883 1091 ad
917 1033 1204 1108 synodum
1223 1049 1391 1105 aqua
1412 1032 1604 1088 fuerat
1631 1032 2177 1088 excommunicatus
2207 1037 2556 1101 occurreret,
2573 1033 2926 1107 plenamque
2956 1034 3417 1094 satisfactionem
3449 1038 3722 1096 ostende-

438 1141 546 1201 ret,
579 1151 805 1190 necnon
838 1137 897 1188 et
926 1130 1105 1187 tantis
1135 1130 1713 1203 praevaricationibus
1755 1130 1934 1184 ﬁnem
1967 1129 2314 1203 imponeret.
2350 1130 2453 1186 Ille
2502 1136 2699 1189 autem
2746 1131 2959 1200 noluit,
2991 1132 3095 1189 sed
3146 1137 3466 1192 retrorsum
3515 1136 3721 1194 abiens

437 1233 698 1290 recessit.
730 1233 801 1288 Et
832 1247 963 1287 ecce
994 1228 1362 1285 Emilienses
1392 1245 1459 1284 ac
1487 1232 1789 1285 senatores
1820 1227 1985 1284 urbis
2018 1228 2304 1285 Ravenna
2335 1246 2472 1285 cum
2502 1229 2813 1286 innumero
2848 1229 3066 1304 populo
3088 1233 3160 1288 ad
3185 1232 3432 1307 vestigia
3452 1234 3721 1308 praesulis

331 1333 400 1391 40
438 1332 619 1404 hujus
641 1330 793 1385 beati
818 1328 1064 1385 Romani
1085 1344 1221 1383 cum
1251 1325 1527 1401 lacrymis
1556 1330 1935 1399 pr0perantes
1967 1327 2353 1399 rogabant,ut
2370 1328 2442 1383 ad
2461 1327 2847 1385 imitationem
2870 1328 3105 1386 Domini
3141 1332 3322 1387 nostri
3341 1332 3482 1389 Jesu
3504 1333 3722 1391 Christi

440 1448 545 1504 pro
578 1428 1016 1501 recuperatione
1045 1442 1247 1483 eorum
1264 1442 1381 1481 non
1398 1424 1817 1497 dedignaretur
1844 1423 2143 1497 proﬁcisci
2166 1424 2836 1499 Ravennam,quatenus
2865 1426 3146 1501 inspectis
3177 1430 3455 1488 omnibus
3474 1431 3547 1488 ad
3564 1449 3724 1490 sum-

441 1545 602 1584 mam
632 1544 731 1583 eos
765 1526 1109 1599 perduceret
1136 1524 1487 1580 libertatem.

515 1626 667 1683 589
702 1627 903 1697 Itaque
935 1640 1038 1696 per
1085 1626 1272 1678 semet
1319 1620 1701 1677 beatissimus
1748 1638 1901 1694 papa
1950 1621 2289 1677 Ravennam
2319 1622 2720 1695 proﬁciscens,
2752 1639 2889 1680 cum
2921 1624 2992 1681 de
3021 1625 3151 1698 ejus
3182 1627 3433 1684 adventu
3464 1627 3725 1687 Joannes

443 1722 919 1795 archiepiscopus
949 1720 1333 1794 cognovisset,
1350 1736 1537 1791 usque
1554 1719 1793 1791 Papiam
1817 1718 2095 1775 continuo
2118 1719 2191 1775 ad
2214 1719 2587 1792 imperatoris
2610 1738 2782 1779 aures
2807 1723 2998 1779 denuo
3031 1722 3431 1782 molestandas
3456 1725 3568 1783 iter
3583 1727 3728 1784 arri-

442 1822 592 1895 puit.
625 1822 776 1877 Tum
809 1818 1023 1892 praesul
1052 1818 1312 1892 optimus
1344 1818 1620 1873 omnibus
1654 1816 2608 1885 Ravennensibus,Emiliensibus
2630 1824 2687 1876 et
2703 1820 3290 1892 Pentapolitanis,res
3320 1840 3470 1896 quas
3496 1824 3726 1883 Joanne

444 1917 882 1991 archiepiscopo
904 1922 962 1973 et
991 1917 1266 1990 Gregorio
1299 1916 1475 1972 fratre
1507 1917 1637 1987 ejus
1666 1915 2032 1987 rapientibus
2063 1915 2405 1984 amiserant,
2439 1915 2759 1973 clementer
2788 1917 3066 1986 restituit,
3097 1923 3158 1976 et
3173 1922 3584 1995 praeceptionis
3604 1941 3725 1981 sua

371 2022 407 2077 5
445 2020 697 2089 decreto,
722 2033 849 2089 quae
872 2014 1214 2071 retrancidit
1233 2018 1333 2083 (a),
1359 2012 1749 2070 confirmavit.
1775 2012 2016 2068 Praefato
2047 2019 2243 2068 autem
2275 2012 2736 2088 archiepiscopo,
2762 2018 2829 2071 ut
2852 2016 3201 2088 praedictum
3230 2022 3340 2086 est,
3354 2020 3727 2092 perveniente

445 2117 707 2189 Papiam,
742 2114 1008 2171 concives
1037 2114 1302 2185 ejusdem
1334 2111 1498 2168 urbis
1528 2128 1649 2167 una
1677 2127 1810 2167 cum
1835 2110 2112 2166 Liutardo
2142 2111 2416 2184 episcopo
2447 2129 2554 2168 suo
2578 2129 2612 2169 a
2644 2113 2904 2170 Romano
2934 2114 3207 2187 pontiﬁce
3234 2124 3572 2175 consecrato
3589 2136 3728 2177 cum

446 2214 809 2272 audivissent
839 2213 993 2285 quod
1017 2228 1303 2268 asummo
1325 2211 1600 2284 pontiﬁce
1632 2208 2174 2266 excommunicatus
2206 2209 2361 2265 idem
2391 2214 2546 2267 esset
2574 2211 3145 2285 archiepiscopus,in
3162 2217 3327 2271 tanta
3356 2232 3419 2272 se
3449 2218 3729 2275 custodias

447 2310 1032 2385 circumspectatione
1063 2309 1433 2377 dediderunt,
1450 2314 1636 2365 utnec
1652 2308 1710 2363 in
1729 2307 1855 2364 suis
1885 2306 2159 2363 domibus
2191 2324 2327 2363 eum
2359 2308 2825 2381 reciperent,nec
2856 2309 3198 2369 hominibus
3227 2313 3358 2385 ejus
3388 2320 3734 2387 paterentur

449 2411 673 2485 aliquid
701 2410 1059 2475 venundare,
1074 2426 1146 2464 ne
1165 2424 1268 2481 per
1282 2406 1396 2464 tale
1410 2405 1830 2464 commercium
1861 2405 2071 2462 saltem
2104 2405 2416 2464 locutionis
2447 2424 2649 2464 eorum
2670 2407 3008 2465 viderentur
3025 2426 3154 2468 esse
3184 2412 3606 2486 participes,ac
3626 2432 3735 2488 per

342 2513 411 2567 10
447 2510 559 2566 hoc
590 2505 1217 2565 excommunicationis
1249 2510 1448 2561 notam
1475 2504 1861 2561 incurrerent.
1896 2503 2098 2560 Potius
2127 2508 2326 2560 autem
2357 2521 2493 2561 cum
2526 2505 2597 2561 de
2626 2506 3042 2563 assistentibus
3084 2506 3273 2580 ipsius
3303 2510 3733 2586 archiepiscopi

448 2607 679 2679 aliquos
709 2622 813 2677 per
842 2604 1065 2676 plateas
1094 2603 1431 2660 incedentes
1460 2602 1765 2671 vidissent,
1781 2602 2143 2659 clamabant:
2163 2603 2262 2659 Isti
2283 2603 2353 2658 de
2374 2602 2493 2659 illis
2519 2603 3038 2662 excommunicatis
3058 2609 3352 2673 sunt,non
3380 2607 3517 2666 licet
3538 2610 3739 2668 nobis-

447 2721 583 2761 cum
604 2702 724 2759 illis
745 2701 1000 2759 misceri.
1024 2703 1189 2758 Tunc
1211 2701 1416 2757 videns
1437 2717 1498 2757 se
1519 2700 1676 2757 idem
1704 2699 2182 2774 archiepiscopus
2204 2700 2520 2757 voluntatis
2539 2718 2657 2757 sua
2683 2717 2787 2773 per
2800 2700 2909 2757 hoc
2927 2719 3042 2758 non
3061 2719 3233 2775 posse
3249 2705 3740 2766 machinamenta.

447 2802 744 2875 perﬁcere,
778 2800 1098 2855 identidem
1132 2815 1193 2854 se
1225 2800 1297 2855 ab
1329 2798 1683 2872 imperatore
1713 2798 1979 2869 adjuvari
2010 2796 2293 2871 poposcit.
2327 2797 2429 2854 Cui
2461 2798 2533 2854 ad
2565 2796 2687 2853 hmo
2719 2814 2822 2871 per
2850 2798 3284 2857 internuntium
3332 2804 3580 2860 mandat
3608 2808 3739 2863 Au-

446 2904 659 2973 gustus
680 2898 908 2954 dicens:
933 2898 1123 2953 Vadat
1143 2900 1199 2952 et
1220 2898 1376 2952 fastu
1401 2894 1671 2952 elationis
1695 2896 1959 2968 deposito
1982 2900 2145 2952 tanto
2166 2912 2228 2951 se
2245 2895 2516 2951 humiliet
2532 2895 2817 2968 pontiﬁci,
2832 2896 2926 2952 cui
2947 2900 3004 2953 et
3029 2914 3157 2964 nos,
3171 2903 3228 2954 et
3249 2900 3444 2956 omnis
3460 2902 3736 2961 Ecclesia

340 3000 410 3055 45
447 2996 800 3071 generalitas
828 2995 1163 3062 inclinatur,
1189 3000 1246 3051 et
1278 2994 1620 3050 obedientize
1652 3011 1718 3051 ac
1750 2992 2133 3065 subjectionis
2160 2991 2309 3049 colla
2339 2992 2668 3063 submittat,
2704 2993 2844 3067 quia
2881 2995 3038 3068 quod
3088 2996 3251 3068 cupit
3281 2996 3452 3055 aliter
3482 2999 3736 3059 minime

447 3095 724 3168 consequi
749 3094 980 3168 poterit.
996 3097 1259 3165 Cumque
1289 3092 1766 3165 archiepiscopus
1788 3092 1907 3147 haec
1928 3090 2265 3158 audivisset,
2285 3090 2509 3147 anxiari
2530 3093 2721 3164 erepit.
2740 3093 2810 3148 Et
2826 3091 3043 3149 iterum
3066 3093 3423 3166 importunis
3453 3098 3735 3170 precibus

448 3194 672 3266 legatos
704 3192 1038 3265 imperiales
1067 3195 1342 3265 expetens
1376 3191 1622 3247 Romam
1653 3188 2129 3263 pervenit.Quem
2162 3194 2366 3245 contra
2396 3190 2776 3247 beatissimus
2792 3207 2944 3263 papa
2961 3190 3082 3247 haec
3104 3208 3732 3266 cognoscens,omnem

452 3291 610 3348 illius
633 3291 1029 3363 arrogantiam
1050 3295 1335 3362 tanquam
1355 3304 1700 3344 aranearum
1721 3286 1838 3342 tela
1859 3285 2208 3359 despiciens,
2223 3286 2283 3342 in
2299 3304 2416 3360 qua
2436 3287 2602 3361 prius
2624 3287 2915 3344 sententia
2929 3289 3119 3345 fuerat
3147 3292 3535 3364 perseveravit
3553 3297 3734 3366 atque

452 3388 776 3446 immobilis
798 3389 1151 3445 fuit.Tamen
1166 3388 1386 3443 eisdem
1397 3384 1819 3457 Augustalibus
1832 3384 2031 3441 missis
2046 3402 2197 3458 papa
2209 3385 2626 3442 sanctissimus
2648 3402 2864 3460 magna
2888 3403 3023 3443 cum
3045 3389 3499 3446 mansuetudine
3519 3389 3727 3463 hujus-

336 3491 410 3546 20
447 3488 672 3545 cemodi
706 3504 886 3559 agens
916 3486 1148 3543 locutus
1180 3489 1269 3541 est
1300 3502 1313 3540 :

519 3586 672 3642 590
705 3586 763 3642 Si
795 3584 1043 3641 dilectus
1066 3583 1224 3640 ﬁlius
1254 3587 1452 3639 noster
1480 3583 1734 3638 domnus
1761 3581 2079 3654 imperator
2107 3580 2278 3637 istius
2308 3582 2556 3639 Joannis
2597 3581 3022 3657 archiepiscopi
3072 3588 3238 3641 actus
3269 3588 3328 3642 et
3358 3601 3550 3644 mores
3576 3586 3729 3645 bene

444 3687 838 3757 cognosceret,
862 3683 987 3756 ipse
1008 3700 1125 3739 non
1149 3681 1340 3738 solum
1364 3698 1467 3753 pro
1492 3680 1589 3736 illo
1614 3697 1720 3737 nos
1741 3680 1985 3735 minime
2008 3680 2316 3753 flagitaret,
2340 3681 2441 3736 sed
2462 3679 2641 3737 etiam
2664 3683 2729 3735 ut
2749 3697 2811 3737 se
2832 3681 3146 3756 corrigeret
3169 3683 3240 3739 ad
3263 3700 3370 3741 nos
3385 3700 3522 3742 eum
3543 3684 3723 3742 etiam

444 3800 511 3839 eo
539 3782 773 3837 nolente
805 3780 1236 3854 diriget.Tune,
1256 3779 1408 3836 sicut
1438 3779 1563 3852 ipse
1588 3779 1859 3852 egregius
1890 3795 2041 3851 papa
2072 3777 2643 3845 decreverat,multis
2670 3778 2727 3833 in
2762 3796 2945 3835 unum
2973 3779 3265 3854 episcopis
3293 3781 3729 3855 provinciarum

445 3879 927 3935 convenientibus
958 3878 1148 3935 eidem
1180 3877 1620 3950 archiepiscOpo
1652 3876 1986 3940 destinavit,
2021 3880 2085 3931 ut
2114 3892 2310 3931 coram
2341 3876 2581 3931 veniens
2613 3877 2684 3932 de
2715 3893 2776 3933 se
2807 3875 3214 3950 plenissimam
3263 3879 3731 3938 satisfactionem

367 3980 404 4034 5
441 3978 794 4043 ostenderet,
812 3981 867 4031 et
886 3992 1015 4048 quae
1046 3976 1463 4048 praevaricatus
1494 3975 1683 4029 fuerat
1705 3973 1894 4029 satius
1924 3973 2283 4029 emendaret.
2298 3973 2462 4038 Quod
2485 3973 2965 4048 archiepiscopus
2997 3975 3335 4046 audiens,et
3354 3994 3418 4034 se
3438 3995 3473 4034 a
3492 3979 3731 4036 nemine

442 4074 707 4148 adjuvari
740 4090 909 4147 posse
942 4073 1329 4146 conspiciens,
1345 4073 1405 4127 in
1429 4071 1714 4144 angustia
1745 4070 2003 4126 lamenta
2024 4074 2081 4126 et
2108 4070 2303 4125 nimia:
2326 4070 2724 4128 tribulationis
2742 4089 2803 4128 se
2822 4072 3071 4129 contulit
3099 4073 3310 4143 victus,
3325 4078 3383 4131 et
3402 4092 3550 4148 quos
3573 4080 3736 4149 pote,

440 4179 532 4230 rat
561 4190 696 4229 cum
728 4172 1003 4245 lacrymis
1034 4170 1406 4243 implorabat,
1424 4167 2030 4225 dicenszMiseremini
2063 4168 2649 4240 mei,peto,misereri
2679 4170 2902 4227 mei.Et
2931 4170 3301 4228 clementiam
3335 4172 3554 4229 summi
3578 4191 3725 4247 pre-

441 4272 690 4339 sulis,ut
711 4270 824 4326 mei
849 4270 1218 4336 misereatur,
1234 4267 1548 4340 exposcite.
1572 4266 1719 4333 Quia
1749 4283 1881 4322 ecce
1912 4270 2154 4338 paratus
2184 4283 2319 4322 sum
2342 4267 2416 4322 ad
2437 4267 2637 4323 omnia
2664 4284 2791 4340 quae
2824 4270 3165 4342 praeceperit
3194 4271 3726 4344 peragenda.0uod

441 4369 707 4426 nonnulli
726 4369 991 4424 videntes
1007 4371 1061 4423 et
1080 4366 1386 4422 audientes
1409 4382 1643 4421 summo
1676 4365 2004 4420 referebant
2033 4364 2377 4430 antistiti,et
2394 4365 2794 4437 responsionis
2824 4365 3005 4436 illius,
3023 4384 3175 4440 quas
3204 4366 3571 4425 lamentabili
3587 4386 3727 4426 voce

337 4472 405 4525 10
441 4469 619 4524 dabat
640 4466 1046 4539 suggestiones
1070 4466 1141 4520 ad
1165 4464 1456 4536 liquidum
1481 4464 1864 4536 exponebant.
1883 4462 2662 4535 Tunccompatientissimus
2685 4480 2856 4537 papa,
2871 4464 3326 4538 Dominum,qui
3344 4470 3596 4523 mortem
3610 4484 3726 4525 non

438 4566 564 4622 vult
594 4565 934 4638 peccatoris,
957 4563 1246 4631 imitatus,
1279 4561 1683 4619 misericordia
1712 4563 1908 4616 motus
1938 4560 2244 4632 praefatum
2276 4560 2784 4634 archiepiscopum
2815 4562 2888 4617 ad
2920 4561 3273 4619 humilitatis
3300 4562 3454 4619 viam
3484 4565 3723 4622 tandem

440 4679 784 4719 conversum
806 4662 1104 4734 suscipere
1126 4660 1396 4716 decrevit.
1422 4661 1587 4716 Tunc
1612 4658 1710 4714 ille
1730 4657 2041 4714 confestim
2062 4657 2430 4729 apprehensa
2458 4657 2662 4714 charta
2690 4658 3188 4731 repromissionis,
3213 4663 3272 4715 et
3284 4659 3609 4732 juramenti
3628 4659 3721 4717 sui

439 4760 785 4832 scripturas,
820 4776 967 4832 quas
996 4763 1258 4830 tempore
1289 4756 1746 4813 consecrationis
1777 4773 1895 4812 suae
1927 4755 2286 4827 imperfectis
2318 4755 2716 4828 confusisque,
2753 4759 2820 4811 ut
2843 4755 2904 4810 in
2936 4755 3021 4812 eis
3050 4755 3377 4825 videbatur,
3402 4757 3724 4830 repleverat

438 4856 814 4924 dictionibus,
832 4855 1067 4927 propria
1094 4872 1275 4910 manu
1306 4854 1589 4919 scribens,
1606 4855 1775 4925 juxta
1805 4851 2289 4908 consuetudinem
2322 4851 2837 4907 antedecessorum
2868 4868 3110 4908 suorum
3142 4852 3493 4926 composuit.
3508 4854 3577 4909 Et
3606 4855 3716 4911 do-

330 4951 400 5007 45
437 4969 767 5024 mum,quae
789 4951 1002 5007 dicitur
1020 4950 1333 5022 Leoniana,
1348 4950 1408 5005 in
1427 4966 1545 5022 qua
1565 4948 2173 5022 beatissimnspraesul
2187 4965 2322 5004 cum
2345 4947 3389 5023 episc0pis,presbyteris,proceribus
3401 4954 3459 5007 et
3472 4951 3718 5024 optima-

437 5052 596 5105 tibus
628 5050 834 5105 multis
864 5050 1198 5105 astantibus
1228 5047 1540 5113 residebat,
1576 5048 1935 5113 conscendit,
1969 5046 2393 5119 praedictasque
2425 5046 2774 5119 scripturas,
2806 5063 2956 5119 quas
2986 5047 3202 5103 fecerat
3229 5064 3408 5120 super
3429 5046 3716 5105 viviﬁcam

439 5164 671 5203 crucem
695 5146 925 5202 Domini
949 5146 1131 5202 nostri
1153 5147 1293 5202 Jesu
1316 5144 1549 5211 Christi,
1575 5150 1751 5217 atque
1782 5145 2050 5201 sandalia
2078 5147 2228 5217 ejus,
2253 5148 2307 5200 et
2334 5160 2512 5217 super
2540 5162 2773 5201 sacrum
2806 5150 3061 5219 quatuor
3089 5150 3427 5203 sanctorum
3456 5147 3719 5220 Evange-

438 5244 651 5299 liorum
683 5243 940 5299 codicem
963 5244 1178 5316 posuit,
1202 5248 1259 5299 et
1278 5243 1387 5299 has
1410 5260 1588 5298 manu
1616 5247 1841 5310 tenens,
1865 5242 2193 5298 innumeris
2215 5242 2315 5314 qui
2339 5247 2729 5299 convenerant
2749 5243 3148 5311 audientibus,
3171 5244 3332 5301 clara
3352 5260 3489 5301 voce
3510 5248 3716 5317 sponte

425 5340 648 5413 juravit
669 5358 729 5396 se
752 5341 1027 5397 omnibus
1059 5341 1265 5397 diebus
1293 5340 1423 5396 vitae
1458 5358 1576 5397 suae
1610 5341 1971 5397 observando
2003 5340 2313 5414 integriter
2339 5346 2538 5398 tenere
2569 5346 2743 5414 atque
2774 5342 3069 5414 perﬁcere,
3103 5342 3255 5398 sicut
3284 5340 3344 5397 in
3376 5341 3566 5415 ipsius
3597 5359 3714 5398 suis

323 5438 394 5491 20
433 5438 832 5509 responsionis
853 5438 1263 5495 continebatur
1282 5442 1456 5510 atque
1477 5437 1780 5511 legebatur
1800 5437 2290 5510 scripturis.Quas
2303 5437 2479 5494 etiam
2498 5438 2554 5493 iu
2570 5442 2886 5511 conspectu
2907 5437 3174 5494 omnium
3196 5455 3292 5495 ore
3304 5438 3540 5512 proprio
3554 5436 3712 5512 legit,

430 5550 783 5605 summoque
813 5534 1047 5606 praesuli
1070 5533 1440 5589 tradidit.llis
1461 5534 1542 5589 ita
1564 5534 1856 5606 peractis,i
1866 5551 1967 5606 pse
1989 5534 2241 5608 insignis
2263 5540 2321 5590 et
2342 5535 2672 5607 praecipuus
2692 5534 2950 5607 pontifex
2970 5534 3030 5590 in
3054 5534 3359 5591 basilicam
3372 5533 3712 5603 Salvatoris,

426 5646 552 5700 quae
576 5629 1057 5686 Constantiniana
1085 5631 1472 5701 dicitur,cum
1493 5632 1772 5687 omnibus
1804 5633 2096 5704 episcopis
2127 5637 2185 5688 et
2218 5638 2427 5689 cuncto
2458 5632 2611 5689 clero
2640 5632 2820 5689 altero
2845 5631 2939 5688 die
2960 5630 3409 5701 descendit;ubi
3429 5648 3712 5688 asumma

425 5723 921 5794 pontiﬁcejussus
936 5732 1292 5797 praenotatus
1312 5727 1786 5802 archiepiscopus
1808 5730 2160 5797 adfuit,etde
2175 5730 2419 5787 crimine
2442 5730 2726 5787 haereseos
2739 5747 2854 5803 quo
2869 5729 3335 5802 impetebaturse
3348 5729 3709 5802 expurgavit.

426 5821 609 5883 Quem
643 5823 1042 5877 communioni
1062 5824 1185 5893 ipse
1208 5842 1358 5895 papa
1381 5826 1657 5893 restituit,
1682 5832 1739 5882 et
1761 5833 1826 5883 ut
1847 5844 2148 5883 sacrarum
2173 5829 2488 5884 missarum
2514 5829 2801 5885 solemnia
2822 5828 3140 5885 celebraret
3159 5825 3455 5884 licentiam
3478 5826 3528 5883 ei
3545 5826 3707 5883 beni-

1491 5938 1743 5987 NOTULA‘J
1786 5941 2172 5988 MARGINALES
2213 5943 2536 5989 FABROTTI.

358 6005 436 6075 (α)
466 6005 789 6062 retradidit.
