3922 6414
179 362 346 424 1373
952 357 1321 419 HISTORIA
1367 358 1467 417 DE
1512 355 1717 416 VITIS

2054 353 2230 413 ONT.
2260 384 2332 393 —-
2364 347 2749 409 NICOLAUS
2796 343 2845 405 Ι.
3447 342 3603 403 13Ἶᾶ

328 491 594 566 puit.Pro
615 490 788 563 cujus
814 488 992 546 etiam
1023 488 1280 546 infausta
1310 488 1645 560 nefariaque
1674 486 2126 559 prmsumptione
2160 482 2389 555 penitus
2412 472 3535 551 amputandasanctitatisstudiojussit,
3549 476 3605 528 et

251 591 294 648 5
329 608 436 665 pro
469 606 612 663 pace
643 589 743 646 Dei
771 587 1027 644 Ecclesia
1060 588 1172 661 ipsi
1195 589 1321 660 jam
1351 588 1468 643 fato
1496 584 1762 659 praecepti
1796 585 2062 651 diacono,
2100 588 2163 636 ut
2196 597 2298 635 nec
2331 580 2443 634 tale
2472 578 2614 650 quid
2647 592 2909 648 unquam
2928 575 3485 643 tentaretperagere,
3502 587 3605 625 nec

330 688 601 745 eamdem
633 688 831 743 sedem
866 685 1286 757 Placentinum,
1320 686 1438 741 sive
1468 685 1681 739 viveret
1715 683 2054 750 Senfrcdus,
2087 681 2206 735 sive
2240 682 2564 733 moreretur
2593 676 2923 747 episcopus,
2959 674 3217 743 repetere
3232 672 3608 741 praesumeret

330 785 420 843 vel
452 785 726 858 recipere.
758 784 1037 841 Omnium
1071 802 1324 857 namque
1357 783 1606 855 insignis
1640 782 1794 836 idem
1826 785 2001 851 atque
2036 777 2349 851 prmclarus
2380 775 2637 847 pontifex
2670 773 2883 846 pietate
2914 769 3200 841 magistra
3231 766 3502 821 miserias
3539 782 3606 821 ac

333 883 716 941 necessitates
747 882 1090 956 praevidens,
1125 882 1355 937 cunctis
1386 881 1704 937 clementer
1731 878 2139 949 compatiendo
2174 875 2343 931 celeri
2373 872 2755 929 subveniebat
2784 868 2982 942 egenis
3015 864 3254 932 intuitu,
3307 867 3364 919 et
3412 862 3607 919 imita-

333 981 493 1037 tione
522 980 753 1037 Domini
788 980 973 1036 nostri
1003 980 1143 1036 Jesu
1175 979 1409 1049 Christi,
1443 978 1543 1051 qui
1576 978 1647 1033 ad
1683 976 2089 1032 redimendum
2120 974 2448 1029 humanum
2481 986 2665 1043 genus
2699 984 2728 1024 e
2760 966 3000 1023 sublimi
3031 964 3331 1021 descendit
3362 962 3435 1018 ad
3469 961 3607 1017 infi-

221 1079 296 1136 40
335 1095 458 1146 ma,
488 1078 547 1134 in
579 1077 794 1151 populo
824 1077 1055 1134 labores
1088 1078 1419 1134 sustinebat
1449 1077 1736 1149 ingentes.
1854 1150 1861 1155 _

284 1168 289 1171 ’
442 1177 589 1234 001
628 1176 983 1234 Clandornm
1016 1181 1374 1249 quapropter
1400 1180 1578 1247 atque
1609 1154 1916 1243 caecorum,
1953 1188 2177 1227 necnon
2209 1175 2267 1225 et
2296 1167 2540 1224 diversis
2570 1165 2758 1239 pmnis
2788 1158 3198 1219 affectornmin
3213 1154 3607 1233 porticubeati

335 1273 488 1330 Petri
517 1274 763 1348 apostoli
786 1274 1116 1347 jacentium
1148 1274 1219 1329 ad
1248 1290 1411 1329 oram
1438 1272 1713 1346 Tyberini
1748 1270 2006 1327 fluminis
2039 1271 2110 1325 ad
2144 1269 2306 1324 sitim
2338 1266 2715 1323 auferendam
2750 1280 2865 1318 non
2897 1276 3068 1334 posse
3098 1273 3336 1331 gressus
3366 1252 3604 1327 conspi-

334 1371 498 1428 ciens
525 1372 782 1439 tendere,
816 1389 882 1428 ac
914 1373 1276 1428 diversarum
1308 1372 1573 1443 gentium
1605 1388 1733 1442 qua:
1761 1370 2021 1441 undique
2052 1385 2155 1441 pro
2187 1365 2506 1423 sceleribus
2537 1360 2857 1436 apostolica
2886 1357 3091 1414 limina
3116 1353 3366 1429 propriis
3382 1356 3607 1426 expete-

334 1469 497 1538 bant,
549 1469 860 1526 utilitatem
892 1452 1171 1525 divinitus
1218 1469 1543 1536 attendens,
1572 1468 1777 1540 jussit,
1812 1466 2052 1521 minime
2084 1464 2309 1537 corpori
2344 1480 2449 1519 suo
2484 1477 2753 1533 parcens,
2784 1459 3033 1514 formam
3065 1453 3470 1527 aquaeductus,
3504 1447 3606 1523 qui

254 1568 298 1624 5
336 1566 540 1624 multis
571 1585 606 1624 a
631 1567 996 1641 temporibus
1023 1572 1239 1633 ruerat,
1272 1571 1329 1622 et
1357 1568 1427 1622 ad
1462 1568 1698 1623 beatum
1731 1567 1965 1622 Petrum
1997 1563 2327 1637 apostolum
2355 1563 2426 1618 ob
2457 1561 2566 1616 hoc
2599 1576 2751 1631 aqua
2781 1575 2897 1613 non
2929 1554 3273 1618 ducebatur,
3306 1549 3367 1604 in
3397 1545 3605 1603 melio-

336 1680 459 1721 rem
508 1680 686 1736 quam
735 1665 925 1720 fuerat
967 1664 1285 1720 certamine
1317 1662 1756 1735 quamplurimo
1789 1661 2041 1718 revocari
2078 1665 2336 1716 statum:
2372 1659 2453 1713 ita
2489 1662 2551 1712 ut
2582 1674 2697 1711 non
2730 1653 2923 1711 solum
2952 1648 3293 1707 hominibus
3324 1640 3607 1718 profuerit

335 1760 654 1830 debilibus,
704 1762 801 1817 sed
854 1761 1031 1818 etiam
1078 1762 1354 1817 omnibus
1403 1761 1711 1817 ecclesiam
1744 1760 1899 1816 beati
1932 1759 2217 1833 principis
2248 1756 2643 1829 apostolorum
2678 1751 3034 1809 adeuntibus
3064 1746 3423 1820 praecipuum
3456 1755 3605 1814 opus

335 1858 642 1929 exstiterit,
694 1860 848 1916 sicut
894 1858 1180 1915 hactenus
1229 1860 1301 1914 ad
1349 1860 1616 1915 decorem
1654 1859 1957 1914 Leonianae
1987 1858 2151 1913 urbis
2184 1856 2512 1912 luculenter
2540 1851 2899 1924 conspicitur
2927 1864 2993 1903 ac
3022 1846 3290 1902 habetur.
3328 1842 3609 1897 Praeterea

336 1955 665 2014 Ostiensem
714 1958 920 2014 urbem
970 1974 1148 2029 quam
1196 1957 1295 2013 diu
1348 1975 1414 2013 ac
1448 1958 1740 2013 memoriae
1774 1960 1848 2027 (α)
1883 1958 2090 2011 beatus
2121 1972 2273 2027 papa
2304 1952 2637 2025 Gregorius,
2671 1966 2743 2005 ne
2774 1964 2918 2022 gens
2946 1945 3149 2017 iniqua
3178 1943 3603 1999 Saracenorum

224 2054 297 2110 10
335 2054 621 2127 populum
648 2054 879 2112 Domini
910 2054 970 2111 in
1000 2055 1250 2112 circuitu
1281 2061 1510 2129 caperet
1544 2061 1645 2111 aut
1678 2055 2060 2125 interimeret,
2094 2056 2165 2109 ad
2200 2053 2450 2110 salutem
2485 2049 2806 2105 multorum
2839 2046 3263 2107 construxerat,
3308 2039 3369 2094 in
3414 2033 3603 2092 ruinis

325 2153 625 2225 jacentem
662 2153 1047 2226 inspiratione
1078 2171 1333 2226 superna
1364 2160 1556 2210 tactus
1586 2154 1807 2209 fortiori
1840 2154 2201 2225 ﬁrmiorique
2233 2150 2452 2207 fabrica
2481 2145 2819 2205 reaadificari
2842 2145 2951 2200 iste
2965 2129 3603 2208 sanctissimusprazsul

327 2250 512 2322 jussit
540 2255 597 2308 et
625 2251 685 2307 in
716 2251 928 2308 melius
960 2252 1325 2318 restauravit,
1360 2252 1657 2324 portisque
1688 2253 1865 2307 etiam
1896 2256 1951 2307 et
1983 2250 2244 2305 turribus
2277 2246 2613 2305 fortissimis
2645 2243 2919 2300 muniens
2948 2242 3250 2313 promptos
3276 2235 3348 2290 ad
3380 2229 3601 2288 bellain

334 2363 403 2404 ea
435 2348 703 2406 homines
727 2349 1139 2417 collocavit,ita
1172 2355 1236 2405 ut
1266 2350 1603 2406 nullatenus
1636 2349 1971 2421 alienigenae
2004 2349 2193 2422 gentis
2226 2347 2482 2402 incursio
2515 2346 2585 2400 de
2615 2347 2820 2399 caetero
2852 2339 2934 2395 illi
2966 2336 3153 2410 possit
3178 2329 3604 2399 dominari,aut

337 2444 676 2503 concivibus
706 2448 835 2519 ejus
866 2448 1083 2504 damna
1112 2447 1171 2502 in
1203 2447 1401 2519 aliquo
1434 2448 1568 2518 nisi,
1600 2449 1756 2520 quod
1790 2447 1960 2513 absit,
1998 2464 2099 2518 per
2129 2445 2415 2501 desidiam
2445 2441 2693 2516 operari.

445 2545 600 2601 008
634 2544 860 2601 Interea
890 2546 1117 2602 meritis
1148 2545 1472 2601 beatissimi
1507 2546 1685 2617 hujus
1715 2545 1775 2601 in
1795 2546 1932 2601 orbe
1947 2562 2186 2617 prorsus
2201 2541 2965 2611 exuberantibns,operante
2978 2523 3600 2607 potentiasummiDei,

338 2641 440 2714 qui
471 2643 734 2715 quotidie
763 2660 903 2699 suos
933 2660 1036 2715 per
1065 2642 1316 2699 famulos
1347 2644 1516 2716 signa
1543 2649 1601 2699 et
1633 2643 1926 2699 mirabilia
1956 2660 2170 2716 magna
2202 2643 2361 2712 facit,
2395 2657 2493 2696 rex
2524 2638 2909 2711 Bulgarorum
2932 2628 3388 2689 Christianitatis
3405 2621 3606 2681 etﬁdei

341 2744 556 2796 sancta
588 2740 883 2797 doctrinas
913 2758 1239 2814 agnoscens
1270 2742 1487 2798 meruit
1517 2740 1883 2814 baptizari,et
1915 2741 2017 2814 qui
2049 2742 2212 2813 prius
2242 2744 2519 2796 creatura:
2553 2736 2809 2793 serviens
2840 2732 3111 2789 saeviebat
3129 2721 3609 2790 crudelitate,hu-

329 2838 434 2910 jus
463 2838 824 2911 tempsribus
852 2839 1107 2897 Creatori
1139 2838 1289 2896 colla
1318 2840 1672 2896 submittens
1704 2839 1903 2912 ampla
1934 2840 2108 2912 coepit
2138 2838 2417 2911 religione
2442 2838 2675 2909 jubere,
2707 2846 3037 2906 magnaque
3067 2845 3213 2884 usus
3243 2828 3333 2882 est
3370 2823 3604 2895 pietate.

257 2938 298 2994 5
335 2937 502 2993 Tunc
532 2936 605 2993 ad
637 2936 795 2993 hunc
824 2936 1177 2994 catholicum
1208 2942 1266 2994 et
1289 2955 1419 2994 vere
1450 2938 1759 3011 praesulem
1791 2938 2179 2994 orthodoxum
2211 2936 2586 3009 legatossuos
2604 2917 3608 3001 menssangustoindictionexxvde—

336 3033 599 3100 stinavit,
625 3035 894 3107 donaque
926 3052 1042 3091 non
1073 3052 1249 3108 parva
1278 3040 1401 3091 tam
1432 3034 1652 3092 sanctis
1683 3035 1827 3091 locis
1856 3052 2034 3106 quam
2066 3035 2255 3090 eidem
2289 3049 2524 3088 summo
2553 3028 2812 3103 pontifici
2845 3024 3110 3089 contulit,
3134 3033 3456 3093 suggerens
3476 3014 3607 3085 ejus

331 3131 688 3204 apostolatui
719 3133 860 3205 quid
893 3149 954 3189 se
984 3133 1172 3189 facere
1203 3132 1501 3190 salubrius
1532 3137 1843 3205 oporteret,
1875 3131 1963 3188 vel
1996 3131 2136 3204 quid
2168 3148 2307 3203 erga
2333 3128 2629 3201 reliquum
2660 3124 3036 3198 Bulgaricum
3069 3118 3262 3175 adhuc
3308 3112 3605 3186 baptismo

333 3247 501 3288 sacro
531 3234 826 3287 carentem
859 3230 1165 3303 populum,
1198 3235 1264 3287 ut
1292 3231 1424 3287 fidei
1457 3236 1824 3287 sacramenta
1853 3230 2197 3303 perciperet,
2232 3229 2323 3300 agi
2358 3227 2611 3283 deberet.
2632 3224 2794 3291 Quod
2809 3218 3186 3278 beatissimus
3199 3211 3607 3282 audienspapa

335 3344 554 3401 magna
584 3327 841 3400 repletus
869 3328 1069 3385 laetitia
1096 3328 1300 3386 laudes
1331 3329 1561 3385 Christo
1592 3328 1845 3385 reddidit
1875 3328 2122 3401 amplas,
2156 3331 2214 3383 et
2246 3343 2379 3383 cum
2410 3324 2571 3381 omni
2602 3322 2715 3380 sibi
2729 3304 3608 3378 divinituscommissaEcclesia

222 3427 302 3482 40
336 3426 662 3501 gratulans,
696 3425 930 3483 inﬁnita
958 3429 1248 3499 praeconia
1278 3427 1395 3483 Deo
1418 3432 1637 3495 nostro,
1661 3426 1762 3499 qui
1785 3426 2120 3483 novissimis
2142 3425 2234 3482 his
2248 3422 2849 3496 temporibustantum
2864 3410 3385 3479 fecitmiraculum,
3401 3406 3608 3461 devota

337 3528 535 3580 mente
563 3523 815 3598 supplici
847 3541 1081 3597 quoque
1111 3542 1248 3581 voce
1278 3525 1531 3581 resolvit.
1566 3530 1743 3581 Porro
1775 3525 1982 3597 legatis
2013 3525 2278 3596 ejusdem
2304 3525 2431 3595 jam
2464 3520 2700 3576 nomine
2731 3515 3031 3574 Michaelis
3064 3506 3355 3583 Bulgarici
3387 3502 3541 3576 regis
3573 3517 3608 3557 a

340 3625 546 3678 sancto
577 3638 730 3695 papa
761 3622 1027 3694 receptis,
1054 3621 1371 3679 honoriﬁce
1402 3623 1555 3695 apud
1589 3640 1649 3678 se
1680 3640 1779 3679 eos
1811 3622 2069 3679 retinnit.
2104 3624 2175 3678 Et
2205 3621 2441 3677 interim
2475 3618 2631 3676 sedis
2645 3614 2973 3691 apostolica;
2987 3600 3607 3676 missos,Paulnmsci-

338 3718 475 3775 licet
502 3718 993 3793 Populoniensem
1025 3724 1084 3775 et
1114 3720 1458 3776 Formosum
1490 3720 2129 3793 Portuensem,magna2
2145 3718 2472 3775 sanctitatis
2485 3699 3607 3789 episcopos,statuens,hosquemonitis

354 3816 656 3874 mellitluis
687 3821 863 3890 atque
887 3817 1171 3874 doctrinis
1202 3818 1519 3886 instruens,
1556 3819 1627 3873 ad
1659 3819 2089 3890 praedicandam
2122 3818 2281 3891 genti
2314 3816 2397 3872 illi
2430 3833 2527 3872 eos
2558 3815 2639 3870 ire
2653 3812 2922 3869 decrevit.
2938 3800 3606 3880 Cumquibnsqnoniam

238 3917 310 3974 15
346 3932 451 3989 per
478 3913 851 3990 Bulgaricum
885 3932 1130 3988 regnum
1160 3915 1271 3972 iter
1302 3933 1489 3989 usque
1518 3916 2084 3990 Constantinopolim
2110 3920 2263 3972 terra
2291 3920 2461 3972 tenus
2483 3912 2762 3978 tenditur,
2784 3905 3144 3981 ntquidqnid
3159 3901 3606 3961 desanctaCon-

347 4011 872 4086 stantinopolitana
898 4012 1176 4081 Ecclesia,
1210 4013 1345 4069 licet
1363 4016 1490 4086 jam
1522 4031 1625 4086 per
1653 4014 1949 4070 Orientem
1980 4015 2089 4070 hoc
2120 4014 2316 4087 ipsum
2344 4013 2499 4068 idem
2522 4028 2674 4085 papa
2687 4006 2866 4066 semel
2881 3996 3607 4077 etbisapostolicislitteris

345 4109 711 4184 divulgatum
741 4111 1034 4179 habuerit,
1062 4112 1217 4184 apud
1248 4128 1312 4167 se
1344 4113 1641 4167 decretum
1673 4112 1964 4181 existeret,
1999 4112 2187 4168 eidem
2220 4128 2322 4184 per
2351 4127 2490 4167 suos
2519 4104 3024 4181 legatosEcclesiae
3037 4106 3242 4158 notum
3255 4100 3488 4163 faceret,
3503 4096 3609 4151 Do-

344 4212 549 4265 natum
582 4209 924 4282 episcopum
956 4208 1305 4277 Ostiensem,
1342 4213 1706 4281 Leonemque
1734 4211 2138 4283 presbyterum
2172 4213 2384 4265 sanctae
2419 4202 2994 4271 RomanaaEcclesiae,
3010 4214 3230 4255 necnon
3246 4195 3606 4253 etMarinum

342 4310 558 4364 sancta:
588 4306 749 4363 sedis
778 4306 1093 4362 diaconum
1125 4306 1454 4380 apostolicae
1488 4307 1701 4363 missos
1734 4308 1973 4364 idoneos
2003 4325 2163 4379 aeque
2177 4296 3261 4376 direxit,utilliBnlgariaepopulnmad
3274 4294 3448 4349 fidem
3463 4309 3609 4373 conf

227 4406 304 4461 20
340 4406 649 4470 verterent,
697 4408 755 4461 et
804 4404 913 4461 iste
952 4404 1093 4477 quid
1122 4404 1211 4461 vel
1243 4404 1495 4476 qualiter
1525 4404 1845 4477 apostolica
1874 4406 2042 4462 sedes
2073 4406 2142 4461 de
2175 4406 2378 4461 eadem
2408 4398 3053 4473 ConstantinOpolitana
3081 4394 3467 4451 deliberatum
3499 4389 3606 4445 ha-

341 4501 571 4558 buisset
597 4501 858 4559 Ecclesia
885 4502 1077 4558 modis
1107 4504 1384 4559 omnibus
1416 4504 1749 4559 nuntiaret:
1785 4505 1940 4576 quod
1971 4503 2030 4558 in
2064 4501 2298 4559 nomine
2312 4501 2694 4558 Dominicum
2708 4495 2998 4569 adjutorio
3011 4491 3195 4550 sancti
3210 4484 3603 4546 PetrietPanli

340 4599 565 4656 factum
595 4603 703 4656 est.
737 4600 850 4657 Sed
881 4601 1138 4673 praefatis
1168 4600 1346 4657 Paulo
1378 4606 1433 4657 et
1467 4602 1743 4658 Formoso
1771 4601 2202 4658 venerabilibus
2234 4599 2524 4673 episcopis
2554 4598 2614 4653 in
2647 4594 2921 4670 Bulgaria
2940 4590 3326 4655 morantibus,
3344 4587 3606 4643 Donatus

342 4697 694 4754 reverendus
725 4698 1057 4771 episcopus,
1092 4699 1320 4772 Leoqne
1353 4700 1674 4773 presbyter,
1708 4704 1765 4755 et
1796 4700 2061 4755 Marinus
2092 4698 2422 4771 apostolicae
2436 4692 3028 4752 sedisministerdum
3041 4681 3603 4754 Constantinopolim

310 4836 317 4841 ι
339 4794 427 4852 ire
455 4794 690 4863 vellent,
720 4811 852 4852 ecce
883 4796 1035 4853 inter
1056 4797 1202 4853 fines
1215 4797 1499 4871 Bulgariae
1512 4797 2408 4871 Constantinopolitanorumquc
2421 4793 2736 4868 quemdam
2750 4789 3121 4846 Theodorum
3134 4783 3267 4840 illas
3277 4778 3607 4838 custodien—

226 4895 304 4951 25
338 4897 459 4950 tem
487 4892 854 4961 invenerunt,
886 4893 987 4979 qui
1018 4910 1117 4950 eos
1148 4894 1302 4950 ultra
1326 4912 1440 4950 non
1476 4894 1700 4950 dimisit
1730 4896 1910 4962 abire,
1944 4895 2085 4967 quin
2115 4895 2309 4967 potius
2341 4891 2668 4964 innumeris
2700 4906 2799 4945 eos
2829 4888 3113 4942 denotans
3146 4880 3400 4953 injuriis,
3462 4877 3604 4933 adeo

337 4995 516 5047 tanta
546 4991 704 5048 sedis
732 4990 941 5065 legatis
970 4992 1194 5049 abusus
1222 4997 1310 5049 est
1341 4997 1407 5048 ut
1438 4993 1614 5049 etiam
1648 5011 1953 5066 equorum,
1988 4993 2047 5048 in
2081 4993 2297 5065 quibus
2329 4990 2630 5066 sedebant,
2648 4985 3199 5060 capitapercuteret,
3241 4979 3601 5049 diceretque:
3693 5029 3697 5032 ,

337 5092 663 5162 Imperator
689 5093 891 5146 noster
915 5106 1018 5146 vos
1047 5090 1408 5147 necessarios
1440 5108 1581 5147 sane
1611 5108 1727 5147 non
1759 5091 1952 5149 habet.
2100 5064 2115 5065 ί
2593 5064 2603 5074 ⁸

446 5188 600 5244 σω
631 5187 744 5243 Sed
794 5187 951 5244 idem
1000 5188 1319 5261 imperator
1364 5188 1575 5262 legatis
1628 5190 1783 5263 regis
1833 5189 2217 5263 Bulgarorum
2266 5188 2347 5244 ita
2394 5188 2578 5243 fertur
2624 5183 2878 5241 dixisse:
2928 5178 3053 5236 Nisi
3101 5194 3206 5250 per
3271 5172 3604 5247 Bulgariam

334 5283 505 5341 missi
548 5283 705 5342 sedis
752 5285 1084 5359 apostolica
1131 5286 1453 5344 venissent‘
1512 5304 1617 5343 nec
1666 5287 1873 5344 faciem
1921 5304 2135 5355 meam,
2186 5303 2291 5357 nec
2343 5285 2588 5341 Romam
2638 5281 2848 5338 diebus
2891 5278 3019 5333 vitae
3049 5293 3168 5333 suae
3198 5273 3478 5329 viderent.
3513 5269 3604 5325 Illi

330 5399 467 5440 vero
515 5399 621 5456 per
666 5383 1056 5458 quadraginta
1103 5384 1227 5442 dies
1277 5385 1395 5440 illic
1443 5385 1785 5453 residentes,
1834 5389 1899 5441 ut
1947 5387 2343 5458 cognoverunt
2393 5382 2533 5455 quia
2579 5382 2688 5437 hoc
2736 5380 3054 5452 imperator
3100 5375 3430 5431 Graecorum
3477 5368 3603 5424 ﬁeri

326 5482 609 5554 jusserat,
658 5486 824 5556 terga
869 5486 1191 5549 verterunt,
1241 5487 1298 5540 et
1344 5484 1589 5540 Romam
1639 5484 1759 5540 haec
1808 5485 2011 5540 eadem
2063 5482 2399 5538 nuntiantes
2448 5480 2632 5537 coacti
2682 5476 2896 5535 reversi
2921 5479 3080 5533 sunt.
3110 5474 3285 5529 Porro
3311 5487 3346 5525 a
3374 5483 3589 5541 praeno-

254 5580 295 5636 5
330 5577 554 5635 minato
598 5595 733 5653 rege
780 5579 1167 5653 Bulgarorum
1218 5580 1520 5653 apostolici
1571 5581 1736 5637 missi
1790 5586 1983 5637 mente
2033 5581 2212 5637 alacri
2263 5595 2595 5652 magnaque
2641 5575 2898 5648 suscepti
2950 5573 3254 5630 devotione
3307 5568 3608 5639 cmperunt

333 5675 695 5733 salutaribus
726 5677 967 5734 edocere
995 5677 1281 5750 populum
1315 5678 1574 5747 monitis,
1608 5684 1663 5734 et
1692 5696 1727 5734 a
1755 5678 2001 5735 minimo
2032 5696 2217 5751 usque
2251 5679 2322 5733 ad
2357 5677 2681 5733 maximum
2715 5690 2880 5730 sacro
2914 5672 3072 5728 fonte
3104 5687 3238 5726 cum
3270 5669 3385 5724 Deo
3418 5663 3606 5740 gratia

332 5764 669 5847 abluernnt,
718 5792 1070 5848 omnemque
1117 5775 1297 5831 ritum
1343 5777 1685 5833 Christiana:
1737 5777 1894 5846 fidei,
1948 5777 2100 5833 sicut
2147 5794 2181 5833 a
2230 5774 2606 5832 sanctissimo
2637 5789 2789 5846 papa
2819 5770 3091 5826 instructi
3126 5769 3376 5832 fuerant,
3410 5765 3469 5819 in
3497 5779 3603 5819 con

330 5870 704 5928 suetudinem
752 5873 1138 5947 Bulgarorum
1187 5874 1576 5930 tradiderunt.
1624 5875 1927 5932 Gloriosus
1976 5880 2175 5931 autem
2222 5873 2602 5947 Bulgarorum
2653 5888 2751 5926 rex
2799 5869 2932 5924 fidei
2965 5871 3130 5925 tanta
3158 5866 3332 5939 coepit
3361 5864 3603 5935 ﬂagrare

1379 6007 1627 6055 NOTULE
1665 6008 2054 6057 MARGINALES
2096 6008 2413 6056 FABROTTI.

219 6065 304 6141 (α)
342 6064 487 6128 diva
516 6067 833 6130 memorie.
