3922 6416
304 343 459 406 1⁸375
1451 347 1865 408 ANAS'I‘ASII
1911 348 2034 408 BIB
2049 346 2567 408 LIOTHI‘ICARII.
3570 353 3728 416 i376

440 477 686 536 monitis
715 477 896 553 hujus
927 477 1006 554 pii
1043 478 1229 537 Patris
1263 477 1496 537 illectus
1527 480 1879 550 constantia,
1914 486 1978 536 ut
2011 497 2217 538 omnes
2247 497 2281 536 a
2306 497 2414 538 suo
2443 497 2623 555 regno
2655 478 2881 554 pellens
2911 479 3295 558 alienigenas,
3351 483 3728 558 prelatorum

336 578 404 634 10
441 577 897 651 apostolicorum
948 578 1322 635 solummodo
1377 579 1790 652 prtedicatione
1839 597 1983 636 usus
2017 579 2358 646 missorum,
2393 580 2632 653 pascuis
2661 580 2791 636 vitaa
2822 585 3048 637 aeterna:
3071 581 3296 655 jugiter
3325 584 3484 640 refici
3517 601 3732 658 nempe

443 677 782 745 decreverit,
834 694 1139 750 unumque
1189 695 1258 734 ex
1306 677 1400 734 his
1431 679 1776 734 Formosum
1808 679 1927 733 vita
1956 683 2012 734 ct
2043 678 2310 761 moribus
2340 678 2683 752 episcopum
2715 677 2828 734 sibi
2858 680 2985 735 dari
3019 681 3527 755 archiepiscopum
3557 700 3728 757 expe-

442 773 618 830 tierit.
651 777 816 832 Tunc
847 776 1061 831 iterum
1094 775 1318 848 legatos
1351 793 1489 831 suos
1524 778 1768 832 Romam
1800 777 2029 846 direxit,
2066 782 2122 832 et
2151 776 2306 832 inter
2337 777 2452 832 alia
2481 777 2820 833 beatissimo
2853 795 3016 851 papae
3044 779 3102 834 id
3157 779 3354 852 ipsum
3404 798 3727 855 suggerens

441 873 516 928 ab
563 873 691 944 ejus
737 875 1046 930 sanctitate
1084 892 1188 948 pro
1219 875 1609 931 instructione
1640 875 1830 949 gentis
1862 875 2024 931 illius
2055 877 2426 948 presbyteros
2456 875 2791 948 postulavit.
2821 879 2953 948 Ipse
2977 894 3112 933 vero
3143 877 3361 934 talibus
3384 896 3535 953 papa
3565 897 3732 936 com-

441 972 622 1044 pertis
671 971 838 1029 valde
883 973 1122 1046 gavisus
1164 978 1274 1041 est,
1329 977 1386 1028 et
1434 973 1697 1029 inﬁnitas
1745 974 1860 1030 Deo
1904 973 2108 1030 laudes
2139 974 2486 1046 rependens,
2521 991 2635 1030 non
2668 975 2840 1048 pauci
2873 974 3106 1031 numeri
3139 959 3337 1032 coram
3371 994 3433 1034 se
3461 979 3732 1052 probavit

336 1070 404 1125 15
441 1070 834 1142 presbyteros,
867 1075 924 1126 et
953 1088 1100 1143 quos
1133 1071 1342 1144 dignos
1375 1073 1589 1144 reperit
1621 1071 2050 1144 praedicationis
2081 1071 2270 1145 gratia
2300 1072 2360 1128 in
2393 1071 2728 1145 Bulgariam
2762 1073 2993 1144 direxit,
3027 1091 3161 1130 cum
3193 1075 3413 1147 quibus
3462 1075 3730 1132 Domini-

441 1182 578 1222 cum
627 1168 882 1235 Trivem,
933 1174 990 1225 et
1037 1169 1442 1226 Grimoaldum
1497 1169 2004 1225 Polimartienscm
2054 1169 2361 1242 episcopos
2410 1170 2764 1226 destinavit:
2819 1175 2878 1226 at
2925 1171 3064 1244 quia
3122 1171 3320 1245 ipsum
3382 1173 3727 1231 Formosum

437 1263 667 1337 plebem
717 1265 1011 1323 dimittere
1062 1267 1174 1322 sibi
1225 1267 1495 1323 criditam
1543 1285 1656 1323 non
1708 1268 2012 1340 oportebat
2051 1268 2418 1341 episcopum,
2451 1285 2520 1324 ex
2542 1268 2635 1325 his
2666 1269 3020 1342 presbyteris
3052 1270 3126 1326 ad
3153 1269 3728 1345 archiepiscopatum

438 1362 538 1436 qui
571 1363 786 1438 dignus
814 1365 1172 1422 inveniretur
1202 1366 1262 1421 in
1295 1365 1531 1422 nomine
1563 1365 1794 1422 Domini
1827 1367 2064 1422 tandem
2097 1365 2432 1440 eligeretur,
2459 1371 2515 1423 et
2544 1367 2668 1423 sedi
2701 1368 3137 1442 consecrandus
3167 1368 3500 1442 apostolica:
3532 1369 3730 1428 mitte-

439 1466 602 1518 retur
2945 1440 2969 1455 .

546 1562 700 1618 οιο
733 1560 886 1617 Inler
933 1561 1056 1617 haec
1099 1561 1338 1635 quidem
1389 1563 1596 1618 statuit
1642 1560 2024 1618 beatissimus
2073 1577 2245 1634 papa,
2297 1561 2838 1635 solertissimusque
2883 1562 3158 1619 vitiorum
3189 1554 3497 1634 corrector,
3532 1569 3591 1622 et
3621 1562 3726 1622 Dei

445 1659 658 1730 cultor,
703 1664 771 1716 ut
816 1661 1263 1733 penetrantibus
1311 1660 1458 1733 ipsis
1508 1660 1843 1733 Bulgariam
1892 1659 2202 1732 episcopis,
2265 1659 2498 1725 Paulus,
2542 1661 2715 1732 cujus
2759 1661 3034 1734 superius
3067 1661 3416 1718 memoriam
3449 1664 3719 1734 fecimus,

438 1759 907 1832 Populoniensis,
937 1759 1182 1832 ipseque
1214 1759 1590 1816 Grimoaldus
1618 1759 1874 1832 episcopi
1909 1759 2194 1831 Bulgariaa
2227 1759 2516 1832 quidquid
2549 1759 2621 1814 ad
2656 1759 2922 1815 divinum
2948 1759 3343 1818 ministerium
3379 1779 3484 1835 pro
3510 1762 3724 1820 instru-

437 1857 630 1914 ctione
677 1859 872 1931 gentis
921 1858 1082 1914 illius
1125 1858 1464 1930 pertineret,
1497 1859 1817 1926 efficerent,
1847 1862 1906 1913 et
1936 1857 2152 1930 saepius
2183 1857 2376 1912 dictus
2408 1858 2744 1926 Formosus,
2777 1861 2954 1931 atque
2987 1859 3334 1917 Dominieus
3362 1861 3726 1920 venerabiles

362 1957 400 2012 5
437 1955 693 2030 episcopi
743 1956 957 2013 iterum
1003 1955 1569 2030 Constantinopolim
1620 1973 1724 2029 pro
1775 1955 2095 2012 schismate
2143 1955 2225 2011 ibi
2274 1959 2493 2022 exorto,
2525 1956 2598 2012 de
2628 1972 2744 2028 quo
2765 1957 2894 2029 jam
2926 1955 3044 2014 late
3074 1957 3358 2028 disserui,
3389 1959 3725 2032 proficisce-

437 2059 659 2112 rentur.
691 2055 802 2112 Sed
835 2057 976 2112 dum
1002 2055 1124 2112 haec
1154 2060 1486 2130 agerentur,
1520 2055 1620 2112 Dei
1645 2055 1872 2128 judicio
1899 2053 2241 2110 Michaelem
2273 2053 2607 2111 Graecorum
2639 2053 3054 2126 imperatorem
3085 2055 3231 2112 ultio
3255 2055 3720 2130 dignaperculit,

435 2158 494 2210 et
521 2155 776 2210 nefanda
805 2169 946 2211 nece
978 2155 1244 2228 peremit.
1277 2155 1607 2228 Imperante
1641 2159 1837 2215 autem
1871 2152 2087 2210 Basilio
2117 2153 2176 2208 in
2209 2151 2736 2226 Constantinopoli,
2769 2153 3051 2225 quoniam
3090 2153 3278 2211 voluit
3325 2159 3478 2212 Deus
3531 2154 3721 2228 ipsius

437 2252 623 2309 sancti
667 2252 964 2326 pontificis
1003 2254 1178 2326 juges
1227 2253 1478 2320 labores,
1512 2269 1661 2325 quos
1688 2269 1790 2325 pro
1821 2255 2025 2307 sancta
2053 2250 2704 2323 Constantinopolitana
2733 2267 2946 2324 passus
2973 2251 3084 2308 fuit
3112 2251 3397 2321 Ecclesia,
3436 2269 3573 2309 cum
3606 2254 3722 2310 fine

436 2351 574 2408 boni
605 2352 798 2425 operis
827 2369 1258 2418 consummare,
1294 2351 1446 2408 sicut
1474 2351 1632 2407 fama
1662 2368 1723 2406 se
1753 2351 1982 2417 habuit,
2016 2349 2258 2406 Photius
2284 2349 2615 2422 neophytus
2645 2366 2714 2406 ac
2745 2350 2980 2407 invasor
3008 2357 3074 2406 ut
3103 2351 3368 2408 moechus
3388 2351 3642 2425 pellitur,
3665 2356 3724 2408 et

331 2451 398 2506 10
427 2450 601 2522 juxta
645 2451 944 2508 decretum
993 2451 1152 2507 sedis
1205 2449 1537 2524 apostolicae
1586 2449 1952 2522 partriarcha
1983 2449 2247 2521 Ignatius
2278 2447 2925 2521 Constantinopolitano
2958 2448 3224 2506 redditur
3253 2440 3488 2507 throno.
3520 2451 3724 2523 Neque

436 2547 595 2604 enim
648 2547 744 2604 hic
792 2547 1124 2604 divinorum
1175 2552 1483 2604 exsecutor
1529 2564 1772 2620 operum
1823 2545 2130 2620 piissimus
2179 2550 2238 2603 et
2289 2545 2614 2602 catholicus
2661 2563 2834 2618 papa,
2867 2562 2995 2618 qua;
3027 2563 3138 2604 sua
3171 2551 3330 2615 sunt,
3365 2547 3466 2604 sed
3496 2565 3564 2605 ea
3593 2565 3722 2620 quis

435 2644 538 2700 Dei
569 2648 710 2700 sunt
737 2645 928 2716 primo
959 2643 1084 2701 loco
1115 2645 1313 2717 posuit
1342 2649 1399 2700 et
1428 2645 1714 2718 quaesivit.
1745 2646 1816 2700 Et
1845 2661 1981 2700 cum
2010 2644 2303 2717 adjutorio
2334 2643 2523 2700 sancti
2553 2642 2705 2699 Petri
2739 2642 2893 2699 bella
2921 2643 3156 2700 Domini
3197 2659 3432 2701 summo
3482 2645 3724 2718 dispen-

436 2740 687 2797 sationis
730 2740 1044 2798 libramine
1089 2740 1436 2814 spiritaliter
1481 2741 1732 2815 praaliari
1785 2741 2028 2798 curavit.
2081 2741 2356 2798 Praelatos
2403 2741 2698 2814 siquidem
2739 2757 3006 2815 quosque
3035 2757 3109 2797 ne
3139 2741 3410 2798 subditos
3439 2739 3722 2799 laederent

434 2853 651 2912 magna
697 2839 1026 2912 provisione
1074 2841 1409 2907 moderans,
1460 2844 1528 2896 ut
1577 2845 1745 2913 pater
1792 2839 2177 2906 commonuit,
2229 2843 2288 2896 et
2316 2842 2384 2896 ut
2413 2839 2661 2912 subjecti
2693 2839 2952 2913 prelatis
2981 2839 3295 2896 subessent
3317 2839 3492 2911 juxta
3516 2840 3722 2897 unius-

327 2933 398 2990 45
436 2937 724 3009 cujusque
766 2937 1072 3010 privilegia
1119 2938 1494 3012 pastoraliter
1541 2955 1774 3011 quoque
1824 2939 2100 2994 decrevit.
2122 2937 2306 3010 Cujus
2349 2937 2450 3010 qui
2501 2941 2773 2994 sanctum
2822 2937 3087 2994 studium
3131 2936 3257 2992 vult
3287 2929 3626 3010 agnoscere,
3657 2935 3718 2993 in

433 3033 697 3106 epistolis
744 3035 891 3106 suis,
943 3052 1093 3109 quas
1142 3037 1290 3093 bene
1337 3035 1585 3093 libratae
1634 3053 1738 3110 per
1785 3035 1994 3092 mundi
2026 3040 2222 3110 partes
2254 3035 2484 3104 direxit,
2517 3034 2649 3091 luce
2678 3033 2896 3091 clarius
2925 3034 3192 3092 invenire
3218 3033 3471 3092 valebit:
3503 3036 3724 3108 quippe

435 3131 538 3204 qui
591 3131 850 3190 animam
899 3151 1070 3190 suam
1122 3135 1182 3190 in
1233 3134 1510 3191 manibus
1561 3134 1685 3192 suis
1734 3134 1950 3207 posuit,
2005 3134 2107 3207 qui
2155 3133 2319 3190 nulla
2361 3133 2478 3190 nisi
2509 3132 2767 3190 coelestia
2795 3131 3111 3206 cogitabat,
3143 3131 3246 3205 qui
3268 3129 3534 3205 jejuniis,
3565 3131 3725 3205 vigi-

436 3229 532 3286 liis
582 3234 640 3288 et
690 3231 1055 3288 orationibus
1105 3237 1274 3290 nocte
1324 3251 1390 3290 ac
1440 3233 1534 3290 die
1581 3250 1818 3301 vacans,
1869 3250 1976 3289 nec
2024 3233 2288 3306 requiem
2334 3231 2563 3305 corpori
2594 3247 2702 3288 nec
2733 3230 3003 3288 membra
3031 3229 3211 3286 dabat
3240 3227 3454 3302 sopori.
3489 3229 3636 3284 Nam
3669 3226 3724 3284 si

437 3333 652 3385 cuncta
679 3345 808 3403 quae
839 3329 1053 3386 Christi
1085 3330 1276 3404 gratia
1325 3331 1534 3404 plenus
1581 3331 1899 3387 virtutibus
1929 3334 2104 3404 atque
2136 3331 2250 3386 ﬁde
2280 3328 2612 3386 sanctitatis
2644 3345 2820 3402 opera
2849 3327 3050 3402 gessit,
3085 3330 3143 3383 et
3169 3325 3436 3384 moribus
3481 3325 3724 3398 vitaque

325 3424 400 3482 20
437 3421 638 3483 docuit
665 3431 724 3484 et
751 3427 1032 3502 implevit,
1061 3429 1282 3486 chartis
1310 3429 1564 3486 inserere
1593 3429 1885 3497 volumus,
1918 3428 2083 3501 prius
2120 3428 2368 3485 fortasse
2411 3427 2758 3484 membrana
2785 3442 2963 3500 quam
2997 3440 3190 3482 sermo
3220 3422 3472 3492 deficiet,
3494 3425 3720 3480 Tamen

431 3519 752 3598 antequam
785 3527 857 3583 ad
889 3527 1067 3584 finem
1097 3529 1224 3584 vita:
1257 3527 1418 3584 illius
1449 3527 1667 3601 stylum
1695 3532 2014 3597 vertamus,
2049 3527 2122 3583 ad
2156 3543 2226 3582 ea
2255 3543 2384 3599 quae
2415 3525 2636 3582 sanctis
2665 3523 2809 3581 locis
2839 3521 3088 3580 contulit
3117 3521 3446 3579 redeamus.

541 3621 690 3680 0“
738 3623 842 3681 Hic
889 3625 1072 3699 igitur
1116 3626 1384 3699 egregius
1435 3643 1588 3699 papa
1635 3626 1710 3681 ob
1759 3641 2021 3682 amorem
2071 3623 2356 3697 principis
2388 3622 2788 3696 apostolorum
2823 3621 2976 3678 Petri
3005 3619 3257 3694 apostoli
3289 3617 3594 3675 nutritoris
3624 3617 3721 3674 sui

436 3721 573 3778 fecit
603 3723 664 3779 in
695 3723 939 3780 basilica
967 3725 1097 3797 ejus
1130 3741 1358 3797 pannos
1388 3729 1510 3780 tam
1542 3723 1767 3780 scilicet
1797 3724 1870 3779 de
1903 3722 2180 3791 stauraci,
2213 3739 2393 3795 quam
2424 3726 2483 3778 et
2513 3722 2586 3777 de
2616 3720 2884 3792 fundato,
2913 3717 3004 3775 vel
3035 3717 3170 3774 aliis
3199 3716 3465 3791 pulchris
3509 3715 3721 3773 variis-

436 3838 550 3894 que
599 3820 893 3878 coloribus
940 3839 1256 3881 numero...
1311 3822 1419 3890 Qui
1473 3823 1670 3878 trabes
1701 3823 1955 3894 majores
1985 3821 2046 3877 in
2077 3820 2442 3894 presbyterio
2473 3818 2856 3892 respicientes
2886 3833 3093 3874 omnes
3121 3816 3182 3872 in
3211 3831 3352 3889 gyro
3382 3813 3716 3888 complevit,

436 3935 564 3992 quis
596 3918 740 3975 illud
771 3918 1098 3976 luculenter
1125 3925 1339 3977 ornant
1367 3917 1664 3992 decusque
1695 3923 1933 3992 augent,
1967 3923 2024 3976 et
2053 3919 2312 3992 amplius
2341 3918 2491 3974 mira
2521 3934 2630 3974 sua
2660 3915 3068 3989 magnitudine
3099 3915 3243 3971 dant
3269 3913 3580 3981 honorem;
3613 3912 3718 3969 ubi

361 4017 398 4072 5
435 4015 634 4084 etiam,
661 4019 815 4090 quod
848 4017 1050 4075 nullus
1080 4024 1212 4092 post
1230 4018 1686 4076 devastationem
1721 4019 2144 4074 Saracenorum
2175 4033 2347 4089 agere
2378 4016 2550 4072 nixus
2581 4019 2689 4082 est,
2715 4031 2919 4071 arcum
2947 4012 3084 4069 fecit
3112 4016 3476 4086 argenteum,
3509 4015 3566 4066 et
3592 4027 3718 4067 me-

433 4113 550 4171 lius
579 4132 758 4188 quam
787 4115 926 4173 olim
958 4117 1145 4174 fuerat
1176 4135 1352 4190 super
1377 4116 1844 4174 excellentiorem
1874 4116 2102 4172 trabem
2133 4132 2261 4188 quae
2293 4119 2382 4171 est
2412 4119 2546 4170 ante
2577 4112 2881 4186 cyborium
2910 4111 2970 4167 in
3002 4110 3198 4167 medio
3229 4109 3448 4184 posuit,
3467 4126 3716 4182 pensan.

431 4212 682 4272 libras...
731 4219 789 4272 et
828 4219 950 4272 tres
994 4215 1286 4289 imagines
1336 4220 1662 4290 argenteas,
1693 4233 1814 4272 una
1844 4215 2092 4288 ﬁguram
2123 4211 2355 4270 Domini
2387 4211 2725 4276 Salvatoris,
2761 4209 2992 4266 duabus
3021 4225 3156 4264 vero
3187 4205 3531 4280 angelorum
3563 4204 3719 4262 scul-

434 4311 554 4385 psit
583 4311 826 4386 efﬁgies,
860 4329 927 4370 ac
956 4313 1072 4370 illis
1102 4331 1310 4370 novem
1340 4313 1474 4371 libr.
1510 4315 1636 4370 auri
1671 4314 1961 4369 deaurans
1993 4311 2325 4385 subposuit,
2360 4327 2614 4384 quarum
2645 4325 2766 4364 una
2795 4324 2963 4381 pens.
2995 4305 3180 4362 libras
3204 4303 3566 4377 octuaginta,
3601 4302 3718 4360 alia

433 4408 617 4466 libras
661 4412 1054 4485 septuaginta,
1105 4413 1279 4469 tertia
1325 4429 1456 4468 vero
1502 4429 1667 4486 pens.
1712 4412 1894 4468 libras
1924 4410 2198 4468 similiter
2227 4408 2618 4482 septuaginta.
2653 4407 2926 4478 Fecitque
2951 4404 3173 4461 ibidem
3210 4418 3444 4458 crucem
3475 4415 3715 4457 auream

331 4507 399 4562 10
437 4524 619 4564 unam
651 4510 924 4581 pretiosis
954 4510 1205 4584 gemmis
1233 4515 1521 4579 ornatam,
1556 4528 1798 4584 pensan.
1833 4509 2085 4566 libras...
2120 4513 2178 4565 et
2207 4508 2266 4564 in
2293 4507 2634 4565 summitate
2665 4505 2930 4577 ejusdem
2960 4519 3090 4559 eam
3123 4517 3296 4558 arcus
3321 4499 3564 4574 llocavit,
3613 4497 3717 4554 ubi

436 4621 542 4677 pro
573 4605 960 4678 amplitudine
991 4607 1217 4663 decoris
1247 4609 1376 4678 ejus
1410 4611 1583 4680 atque
1613 4605 1955 4680 spcciminis
1985 4605 2266 4678 appendit
2295 4617 2574 4660 coronam
2605 4617 2847 4658 auream
2897 4615 3101 4666 unam,
3154 4613 3360 4655 cruces
3407 4598 3716 4668 argenteas

435 4703 604 4771 duas,
637 4702 848 4761 calices
877 4711 1183 4779 argenteos
1211 4707 1380 4774 duos,
1413 4710 1470 4762 et
1499 4710 1741 4778 staupos
1771 4708 2076 4777 argenteos
2109 4704 2276 4760 duos.
2308 4703 2485 4758 Porro
2522 4700 2583 4756 in
2615 4698 2927 4773 purpureis
2955 4695 3374 4758 marmoribus,
3405 4711 3535 4766 quae
3578 4696 3717 4749 ante

437 4817 651 4874 corpus
683 4802 838 4859 beati
868 4803 1022 4860 Petri
1053 4803 1300 4878 apostoli
1329 4821 1506 4877 rugas
1537 4807 1842 4877 argenteas
1875 4803 2150 4870 retinent,
2182 4802 2384 4858 dextra
2411 4799 2668 4871 laevaque
2694 4798 2842 4854 duas
2873 4811 3077 4853 cruces
3108 4797 3416 4867 argenteas
3461 4790 3714 4848 otl‘er'ens

435 4899 654 4972 posuit,
683 4917 848 4972 pens.
883 4900 1034 4957 lib...

539 4998 694 5055 012
725 5002 789 5053 In
823 4977 1176 5071 patriarchio
1209 4999 1498 5073 siquidem
1529 4999 1908 5055 Lateranensi
1941 4999 2185 5055 domum
2217 4994 2680 5070 pulcherrimam
2709 4991 3004 5064 nimisque
3035 4991 3310 5047 decoram
3342 4985 3468 5044 ﬁeri
3508 4984 3715 5058 jussit.

437 5097 508 5150 Et
537 5096 858 5152 oratorium
887 5102 1099 5154 sanctae
1131 5098 1230 5154 Dei
1263 5097 1572 5154 Genitricis
1598 5097 1718 5153 illic
1749 5102 2118 5163 construens,
2148 5099 2340 5152 vestes
2368 5099 2426 5150 et
2457 5095 2868 5166 competentes
2882 5093 3127 5146 ornatus
3157 5104 3262 5162 pro
3311 5089 3539 5143 aeterna:
3586 5083 3718 5139 vita:

437 5210 637 5249 amore
665 5193 924 5250 luciﬂuis
948 5195 1096 5251 votis
1126 5195 1252 5268 ipse
1284 5194 1663 5252 beatissimus
1693 5195 1957 5268 pontifex
1984 5192 2217 5250 obtulit.
2250 5193 2412 5248 Idem
2445 5191 2619 5249 etiam
2651 5207 2685 5246 a
2714 5190 2830 5246 Deo
2859 5191 3162 5262 protectus
3191 5189 3249 5242 e‘t
3278 5181 3496 5241 cmlesti
3529 5181 3721 5255 gratia

443 5291 923 5348 circumvallatus
955 5291 1146 5349 multa
1176 5310 1380 5349 casum
1409 5293 1700 5349 minantia
1723 5293 2019 5362 renovavit
2047 5292 2173 5348 loca
2203 5294 2564 5357 sanctorum,
2596 5293 2653 5345 et
2679 5285 2924 5345 diversis
2954 5284 3217 5343 ecclesiis
3237 5283 3722 5339 diversamunera

363 5389 401 5443 5
437 5388 706 5460 contulit,
733 5394 791 5446 et
811 5391 1122 5447 commoda
1147 5390 1476 5447 luculenter
1505 5390 1761 5447 adauxit.
1795 5391 1864 5447 Et
1894 5391 1954 5446 in
1985 5389 2220 5463 cyborio
2249 5387 2746 5445 Constantiniana
2777 5383 3034 5442 basilicas
3063 5383 3320 5456 optimos
3350 5381 3422 5436 de
3453 5376 3641 5447 sifori,
3663 5379 3721 5433 et

437 5487 507 5542 de
539 5487 782 5543 fundato
812 5492 1066 5561 quatuor
1095 5507 1318 5561 pannos
1339 5490 1638 5562 appendit.
1673 5489 1890 5544 Deinde
1920 5488 2082 5562 regni
2105 5487 2386 5544 caelorum
2418 5485 2708 5560 clavigero
2741 5483 2898 5558 paris
2918 5483 2979 5538 in
2995 5479 3229 5552 cyborio
3244 5475 3475 5535 numeri
3489 5491 3717 5549 pannos

439 5585 692 5655 optimos
722 5585 954 5642 obtulit.
991 5587 1052 5642 In
1083 5586 1328 5643 ecclesia
1357 5587 1612 5643 doctoris
1625 5587 1888 5660 gentium
1904 5587 2176 5644 similiter
2187 5587 2342 5642 fecit.
2359 5587 2422 5641 In
2438 5583 2686 5640 ecclesia
2700 5586 2915 5639 sanctae
2930 5581 3030 5637 Dei
3044 5576 3357 5636 Genitricis
3371 5575 3443 5631 ad
3459 5575 3718 5645 Praesepe

437 5681 562 5749 pari
612 5683 802 5750 modo,
853 5688 1078 5739 aeternae
1126 5702 1229 5757 pro
1271 5684 1671 5741 retributionis
1703 5685 1958 5758 praemiis
1990 5685 2128 5757 egit.
2163 5685 2232 5740 Et
2263 5684 2321 5740 in
2355 5682 2603 5740 ecclesia
2633 5681 2824 5739 sancti
2859 5677 3153 5736 Laurentii
3185 5674 3399 5733 Christi
3431 5670 3712 5745 martyris

441 5773 581 5832 foris
612 5792 812 5835 muros
842 5778 1034 5848 Urbis,
1053 5799 1215 5853 aeque
1247 5799 1472 5854 pannos
1502 5783 1756 5854 optimos
1786 5787 2040 5855 quatuor
2065 5783 2124 5838 in
2138 5781 2371 5856 cyborio
2384 5781 2564 5838 dedit.
2581 5779 2998 5853 Hujusquippe
3019 5774 3172 5832 beati
3192 5759 3562 5848 temporibus
3582 5786 3723 5843 prae-

331 5864 399 5919 10
436 5871 584 5928 sulis
613 5877 776 5927 tanta
807 5875 1042 5933 ubertas
1071 5883 1129 5933 et
1155 5861 1418 5937 victuum
1450 5880 1616 5952 copia
1647 5881 1888 5949 exstitit,
1923 5885 1988 5936 ut
2017 5897 2252 5936 omnem
2285 5879 2630 5936 memoriam
2662 5877 2836 5934 famis
2866 5872 3489 5946 decessorissuifacta:
3512 5867 3722 5926 diebus

442 5965 562 6021 haec
592 5966 866 6022 oblivioni
892 5972 1148 6028 traderet
1172 5976 1554 6032 abundantia.
1590 5978 1693 6034 Hic
1724 5978 1858 6034 fecit
1896 5976 2325 6034 ordinationem
2356 5993 2537 6034 unam
2569 5994 2674 6052 per
2703 5992 2968 6032 mensem
3006 5973 3307 6039 Martium,
3351 5968 3724 6042 presbyteros

446 6066 692 6132 septem,
718 6062 994 6122 diaconos
1024 6072 1296 6139 quatuor,
1328 6072 1631 6143 episcopos
1662 6091 1764 6144 per
1794 6074 2024 6131 diversa
2053 6074 2182 6131 loca
2230 6091 2476 6132 numero
2509 6074 2812 6147 sexaginta
2855 6073 3138 6146 quinque.
3167 6069 3496 6142 Postquam
3524 6067 3724 6124 autem
