3922 6426
369 312 526 374 I379
1534 310 1952 373 ANASTASII
1994 310 2620 374 BIBLIO'I‘HECABII
3640 319 3796 381 I380

364 445 466 520 2i,
492 449 550 501 et
579 444 723 520 imp.
758 445 838 500 lin
877 445 967 511 22,
994 442 1176 520 totius
1219 441 1351 520 Eccl
1397 445 1551 520 past.
1583 441 1784 520 lin_23,
1817 459 2022 520 omnes
2052 445 2108 511 Α
2206 448 2353 520 illum
2379 443 2507 520 581,
2548 443 2629 500 (in
2659 444 2714 516 5,
2747 444 2962 503 Salvat.
2987 462 3115 520 qua
3147 447 3408 506 Cesarea
3450 465 3592 508 nom
3624 466 3795 510 sum-

365 518 569 572 eadcm
601 513 876 585 dicimus,
907 513 1200 586 sapimus.
1227 514 1309 586 (in
1340 513 1470 580 edd,
1493 517 1634 586 tunc
1664 517 1784 586 tam
1817 515 2019 570 eodem
2134 514 2253 586 psit
2283 531 2315 569 a
2347 515 2584 570 nomine
2613 513 2837 574 cruces.

365 588 824 660 archiepiscopo.
858 584 938 660 [in
971 584 1076 660 ξ24,
1112 584 1357 642 refertis.
1396 586 1487 660 (iri
1508 585 1600 660 25,
1631 585 1882 660 satiatis,
1917 602 2019 641 un.
2135 584 2154 586 ”
2200 589 2349 660 ᾼζιιηι
2377 589 2505 660 587,
2536 588 2617 660 (in
2644 589 2702 655 5,
2732 605 2836 660 per
2864 588 3112 646 miliam.

359 660 450 714 τίη
477 655 599 730 ead,
631 655 825 715 exivit.
857 655 1177 712 Ecclesiam
1217 660 1415 712 autem
1453 656 1578 723 Dei,
1609 664 1673 712 ut
1700 657 1782 712 lin
1810 657 1867 725 9,
1889 674 2023 712 num
2200 657 2342 749 [nium
2641 661 2710 749 6,
2731 655 2860 731 quae
2892 660 3238 749 retradidith

360 749 472 804 seq.
587 729 590 730 ⁷
2201 729 2344 784 Num
2371 730 2498 799 591,
2531 731 2614 786 lin
2646 729 2872 798 16,‘nec
2914 749 3160 790 morem.
3193 733 3276 792 (in
3303 735 3396 805 25,
3429 738 3665 794 nectare
3694 752 3790 794 sa-

371 805 576 882 “Num
753 799 952 882 linJO,
985 803 1247 882 vocatur.
1281 800 1362 882 (in
1393 798 1480 866 Η,
1515 799 1905 882 decoraverat.
1939 801 2020 855 lin
2128 799 2309 882 tiatis.
2371 871 2472 882 *Μ
2539 873 2576 882 Π
2644 877 2670 882 _
2883 873 2920 882 η
3011 879 3019 882 Α
3159 875 3170 882 Α
3264 877 3276 882 Α
3345 877 3383 882 υ
3426 877 3439 882 _
3622 879 3635 882 Α

360 872 452 942 I3,
483 873 810 954 speciebus.
840 871 1320 954 Hujusdenique
1333 870 1698 942 temporibus
1728 870 2020 954 gloriosus
2164 872 2342 954 “Num
2368 871 2498 940 596,
2531 873 2614 929 lin
2641 877 2697 943 2,
2731 873 3124 948 appellantem
3155 875 3216 932 in
3251 877 3480 950 judicio
3511 895 3574 937 se
3603 879 3792 954 depo-

360 962 460 1002 rex
490 942 802 1016 Bulgarius
841 959 976 1016 cum
1032 945 1154 1016 toto
1210 942 1320 1016 sibi
1383 958 1561 1014 regno
1593 942 2016 1016 commissoad
2128 943 2329 1000 situm.

359 1012 834 1091 praedicationem
891 1014 1021 1091 ejus
1079 1012 1412 1091 baptisatus
1453 1012 1568 1079 est,
1600 1018 1777 1091 atque
1825 1013 2017 1091 archi-
2197 1020 2348 1072 Num
2374 1015 2505 1091 597,
2543 1015 2629 1091 (in
2654 1015 2713 1091 _I,
2749 1016 3228 1091 IgiturAHlothar.

359 1084 700 1160 episcopum
741 1086 989 1158 ipsemet
1029 1084 1318 1160 expetivit.
1357 1089 1487 1160 Ipse
1517 1084 1717 1160 autem
1747 1085 2016 1160 beatissi-
2194 1091 2342 1160 Num
2369 1087 2496 1160 598,
2537 1087 2622 1143 lin
2647 1089 2702 1150 2.
2736 1084 2982 1146 cdnsilio
3031 1107 3176 1146 usus
3208 1107 3365 1147 sum.
3399 1090 3490 1148 lin
3519 1093 3610 1160 16,
3640 1111 3788 1149 uxo-

359 1135 1007 1242 §:t;'§aaa'i~ex‘si;.js
1035 1135 2016 1242 magnag2qmz;g.1qagjsi§-
2124 1135 2702 1231 mastgia;
2731 1135 2990 1218 £53725.
3035 1135 3365 1236 Iéfiigm‘:
3392 1135 3610 1232 iga“:
3626 1135 3787 1222 ίῑῑῑὲδ

357 1230 505 1286 tium
525 1227 886 1296 invasorem,
909 1232 967 1282 et
997 1227 1380 1300 neophytum.
1405 1234 1468 1282 ut
1495 1227 1789 1282 mmchum
1822 1228 1904 1309 eje

355 1305 414 1381 et
439 1302 624 1381 juxta
672 1301 849 1356 ritum
883 1303 1114 1381 sanctae.
1144 1299 1424 1381 [inmanes
1469 1298 1736 1381 Ecclesiae
1787 1299 1866 1353 ibi

1915 1227 2012 1295 cit,
2124 1246 2276 1302 papa
2305 1245 2456 1283 cass.
2587 1227 2605 1231 “
3202 1227 3235 1236 ”

1921 1316 2014 1354 ar-
2188 1303 2330 1381 1_V_um
2514 1301 2596 1381 (in
2625 1305 2712 1381 17,
2740 1319 2878 1381 qua;
2907 1320 3067 1360 nunc
3096 1304 3461 1381 intentando.

356 1370 796 1445 chiepiscopum
817 1370 1142 1445 constituit.
1168 1370 1270 1424 Hic
1297 1371 1432 1425 fecit
1460 1370 1886 1445 ordinationem
1912 1387 2016 1443 per
2193 1377 2340 1428 Num
2367 1373 2494 1445 600,
2533 1372 2617 1428 lin
2645 1377 2701 1441 8,
2737 1370 2798 1430 in
2829 1375 2915 1430 eis
2943 1392 3161 1432 nuscas
3189 1375 3313 1432 ubi.

355 1442 634 1522 mensem;
652 1442 991 1522 Decembtjs
1024 1458 1224 1522 unam,
1258 1451 1318 1522 tu
1341 1459 1476 1522 nam
1500 1442 1627 1512 6l2,
1659 1443 1741 1522 lin_
1774 1443 1858 1497 11.
1884 1442 1928 1522 _’
2191 1448 2339 1522 dum
2527 1446 2609 1522 {in
2637 1446 2692 1522 2,
2717 1445 2932 1522 Christi
2963 1447 3023 1502 in
3057 1447 3396 1522 Frascaram
3428 1449 3616 1522 princ.

425 1521 576 1592 Nam
604 1514 952 1592 6_12_,lin_13
999 1518 1054 1568 et
1087 1514 1193 1592 Δ14,
1227 1517 1284 1592 et
1313 1513 1499 1592 princ.
1535 1530 1581 1568 r.
1609 1511 1680 1592 ex
1729 1511 1837 1592 hac
1883 1512 2012 1568 luce
2192 1514 2336 1570 Num
2361 1515 2488 1580 604,
2531 1516 2610 1572 lin
2659 1517 2714 1586 3,
2746 1515 2940 1574 innoc.
2974 1517 3310 1592 recepisset.
3358 1511 3448 1576 liii
3488 1523 3548 1592 7,
3579 1537 3779 1579 coram

353 1587 529 1658 migr.
584 1587 657 1642 ad
706 1585 1046 1658 Dominum.
1079 1585 1203 1650 Quo
1255 1585 1550 1639 defuncto.
1599 1585 1684 1640 (in
1738 1587 1818 1651 17,
1871 1601 2010 1656 apo-
2121 1602 2356 1642 summo
2387 1603 2552 1658 praes.

354 1655 510 1723 stoIi,
545 1663 604 1714 et
633 1656 882 1714 cessavit
927 1655 1302 1728 episcopatus
1351 1673 1537 1712 annos
1583 1658 1637 1724 8,
1691 1655 1925 1712 menses
1952 1659 2008 1724 7,
2189 1661 2336 1714 Num
2363 1655 2490 1726 605,
2525 1660 2609 1715 lin
2638 1659 2729 1727 14,
2763 1676 2829 1716 co
2903 1678 3006 1733 pro
3037 1677 3200 1734 pace.

353 1731 478 1786 dies
508 1730 562 1785 9.
2193 1731 2337 1784 Num
2365 1730 2492 1789 607.
2525 1731 2606 1786 lin
2650 1733 2704 1789 8.
2747 1678 3015 1788 hagetur.
3057 1731 3213 1789 Nihil

395 1731 478 1786 ies
508 1731 562 1785 9.
2193 1731 2337 1784 Num
2365 1731 2492 1796 607,
2525 1731 2606 1786 lin
2650 1733 2704 1797 8,
2747 1731 3015 1788 habetur.
3038 1731 3454 1791 Nihilominus
3487 1735 3646 1792 Host.
3693 1735 3779 1792 lin

865 1837 1101 1947 faniam
1129 1851 1199 1890 ex
1227 1835 1416 1947 codice.
1441 1833 1690 1947 Caucasi.
1801 1943 1816 1947 _
2017 1819 2066 1884 Β
2118 1797 3129 1947 θίᾶὲξξῐὲδὲ,ίῧξιρὶῗῐὶἓὲξᾶἓξάἱΐο

419 1945 563 2000 Num
588 1945 716 2012 577,
741 1943 825 2000 lin
854 1943 944 2009 l3,
976 1957 1283 1998 coruscare
1313 1941 1496 2013 Cujus
1524 1945 1718 1997 ortatu
1748 1943 1842 1997 ad.
1902 1949 1912 1957 '
2184 1943 2328 1998 Num
2355 1944 2482 2009 612,
2517 1945 2598 2001 lin
2625 1947 2681 2013 6,
2701 1941 3013 2019 appendit.
3048 1946 3238 2004 Nichil
3267 1947 3571 2006 hominus.

1626 2224 1849 2297 CVIII.
1907 2224 2334 2296 ADRIANUS
2385 2225 2470 2296 ΙΙ.

1128 2418 1293 2464 ANNO
1337 2418 1576 2464 CHRISTI
1617 2403 1762 2480 867,
1808 2417 2090 2464 Luoovim
2132 2418 2206 2476 II,
2250 2418 2364 2478 xu,
2405 2417 2613 2463 mrsu.
2659 2418 2872 2464 BASILII
2920 2403 2978 2464 1.

561 2725 715 2782 618
743 2722 1057 2789 Adrianus,
1089 2721 1326 2778 natione
1357 2722 1679 2790 Romanus,
1704 2739 1772 2778 ex
1803 2725 1967 2795 patre
1996 2721 2226 2790 Talaro,
2259 2721 2670 2796 postepiscopo
2697 2721 2954 2797 regionis
2983 2721 3188 2793 tertias,
3212 2723 3364 2780 sedit
3392 2741 3578 2782 annos
3597 2725 3772 2798 quin-

487 2841 621 2898 que.
646 2821 750 2879 Hic
780 2839 849 2878 ex
878 2819 1271 2894 proximitatis
1323 2819 1664 2894 genealogia
1694 2821 1876 2876 beata:
1934 2821 2355 2879 recordationis
2385 2822 2578 2894 quarti
2611 2821 2893 2896 Stephani
2921 2825 2980 2878 et
3007 2820 3193 2896 Sergii
3237 2820 3497 2894 junioris
3527 2822 3768 2896 pontiﬁ-

486 2939 622 2980 cum
653 2919 1035 2984 descendens,
1063 2918 1202 2973 dum
1230 2918 1398 2974 miris
1427 2917 1672 2990 polleret
1703 2918 1930 2976 actibus
1951 2919 2344 2976 avenerandaa
2377 2919 2672 2975 memoriae
2703 2923 2914 2992 quarto
2945 2918 3222 2992 Gregorio
3241 2917 3398 2976 sedis
3429 2919 3766 2993 apostolica

484 3017 732 3096 praesule
762 3015 1128 3074 subdiaconii
1176 3015 1422 3072 sortitus
1471 3020 1562 3071 est
1609 3015 2030 3073 ministerium.
2059 3017 2280 3074 Deinde
2307 3033 2442 3074 vero
2473 3015 2533 3072 in
2565 3015 2944 3074 Lateranensi
2990 3016 3345 3090 patriarcbio
3393 3015 3769 3077 familiariter

408 3122 446 3177 5
483 3121 828 3190 assumptus
851 3113 1230 3171 laudabiliter
1249 3118 1628 3170 conversatus
1651 3115 1723 3170 ad
1747 3116 2067 3188 regendum
2092 3114 2332 3171 titulum
2358 3115 2548 3172 sancti
2570 3115 2749 3172 Marci
2771 3115 3122 3172 confessoris
3142 3114 3358 3172 Christi
3377 3119 3554 3190 atque
3574 3116 3767 3190 ponti-

481 3218 608 3274 ficis
637 3215 940 3289 presbyter
967 3211 1274 3269 ordinatus
1329 3216 1450 3268 tam
1505 3211 1944 3284 inculpabiliter
1973 3213 2194 3287 deguit,
2219 3219 2340 3270 tam
2370 3213 2616 3270 viriliter
2672 3212 3050 3281 ministravit,
3071 3217 3138 3270 ut
3165 3230 3281 3270 non
3339 3217 3571 3270 tantum
3603 3213 3768 3271 sicut

481 3317 670 3372 factus
702 3313 1024 3386 presbyter,
1053 3311 1154 3367 sed
1187 3310 1340 3366 sicut
1369 3310 1605 3366 futurus
1635 3310 1914 3382 pontifex,
1940 3316 2268 3368 reverenter
2298 3311 2370 3368 ab
2403 3311 2678 3368 omnibus
2703 3310 3012 3369 coleretur.
3037 3311 3339 3384 Siquidem
3371 3315 3430 3368 et
3458 3311 3520 3367 in
3550 3327 3617 3368 eo
3638 3315 3770 3368 erat

479 3419 539 3474 in
571 3415 800 3473 Christo
829 3414 1076 3486 eiusque
1107 3411 1416 3480 Genitrice,
1443 3412 1598 3484 apud
1631 3413 1800 3484 cujus
1844 3430 2101 3486 prmsepe
2123 3411 2371 3486 jugibus
2400 3413 2765 3470 orationibus
2805 3413 3206 3480 incumbebat,
3230 3417 3397 3469 tanta
3427 3412 3662 3482 fiducia,
3695 3418 3770 3469 ut

478 3516 628 3572 bene
659 3511 878 3568 faciens
910 3528 1026 3566 non
1057 3510 1348 3577 deﬁceret,
1374 3526 1479 3565 nec
1510 3509 1836 3581 quidquam
1869 3509 2250 3578 discriminis,
2275 3516 2488 3566 cuncta
2517 3527 2646 3583 quas
2684 3511 2902 3568 habere
2931 3515 3160 3584 poterat
3197 3509 3618 3568 discretissime
3645 3510 3768 3568 lar-

366 3617 440 3674 iO
477 3615 662 3688 giens,
686 3609 984 3666 incurrere
1015 3607 1374 3664 formidaret.
1399 3608 1547 3663 Nam
1579 3624 1713 3663 cum
1765 3607 1857 3663 die
1903 3608 2160 3678 quadam
2199 3609 2352 3664 inter
2381 3609 2887 3682 compresbyteros
2918 3625 3058 3666 suos
3087 3625 3156 3666 ac
3185 3607 3560 3666 sanctissimo
3609 3625 3769 3682 papa

479 3710 682 3785 Sergio
713 3705 1279 3765 consuetudinaliter
1299 3705 1554 3762 denariis
1575 3705 1967 3778 quadraginta
1987 3706 2276 3780 perceptis
2296 3707 2510 3763 domus
2541 3724 2661 3763 suae
2691 3710 2890 3779 portas
2912 3710 3206 3763 revertens
3228 3706 3456 3782 ingredi
3477 3705 3668 3775 vellet,
3696 3723 3767 3764 ac

477 3827 595 3884 prae
625 3805 1004 3864 multitudine
1026 3803 1629 3878 peregrinorum,qusa
1661 3803 1738 3858 ibi
1776 3802 2130 3860 ﬁducialiter
2159 3821 2320 3860 more
2351 3803 2522 3862 solito
2542 3804 2701 3862 velut
2729 3805 2800 3861 ad
2821 3803 3098 3862 horreum
3129 3820 3445 3862 commune
3466 3804 3765 3862 conﬂuxe-

479 3910 587 3963 rat‘
611 3905 854 3962 omnino
876 3903 1178 3976 nequiret:
1206 3902 1611 3958 misericordia
1635 3905 1832 3957 motus
1854 3902 2111 3974 cquestri
2137 3903 2214 3976 (α)
2236 3921 2342 3959 suo
2373 3902 2593 3970 retulit,
2619 3902 2700 3959 nil
2733 3903 2858 3959 sine
2898 3901 3077 3959 tantis
3106 3901 3391 3959 fratribus
3421 3901 3482 3959 in
3511 3900 3764 3959 tantillis

478 4003 736 4062 denariis
768 4002 881 4058 sibi
913 4017 1041 4058 esse
1072 4017 1404 4056 commune.
1425 3999 1689 4072 Cumque
1720 3999 1817 4055 ille
1847 4001 2044 4072 neque
2064 3999 2246 4056 tertiae
2277 3999 2430 4074 parti
2459 4018 2785 4074 pauperum
2807 3999 3072 4074 singulos
3101 3999 3372 4057 denarios
3394 4017 3570 4073 posse
3601 4000 3764 4056 suffi-

366 4105 440 4164 15
475 4119 606 4162 cere
637 4100 950 4168 intulisset,
975 4099 1033 4155 in
1056 4099 1290 4166 virtute,
1317 4097 1610 4170 inquiens,
1637 4097 1989 4170 Christi,qui
2019 4083 2092 4154 de
2121 4098 2382 4172 quinque
2413 4099 2667 4172 panibus
2686 4103 2743 4156 et
2763 4099 2992 4155 duobus
3022 4097 3282 4171 piscibus
3305 4097 3570 4171 quinque
3593 4097 3762 4156 milia

475 4199 783 4259 hominum
817 4198 1072 4264 satiavit,
1095 4215 1210 4252 non
1243 4195 1495 4269 singulis
1525 4195 1812 4269 singulos,
1843 4197 1944 4252 sed
1969 4201 2166 4252 ternos
2189 4196 2438 4271 singulis
2464 4196 2736 4253 denarios
2756 4195 3028 4270 erogabo.
3051 4197 3120 4252 Et
3148 4195 3272 4252 haec
3293 4195 3496 4252 dicens
3517 4195 3761 4254 forinse-

473 4317 578 4356 cus
611 4303 787 4372 portsa
819 4296 1160 4362 succedens,
1184 4311 1250 4350 ac
1279 4294 1350 4350 de
1383 4311 1561 4350 manu
1612 4294 1900 4368 equestris
1941 4293 2034 4351 sui
2082 4293 2412 4368 suscipiens
2442 4295 2767 4369 peregrinis
2797 4294 3028 4350 cunctis
3075 4293 3512 4367 egredientibus
3556 4298 3760 4352 ternos

473 4395 780 4472 sigillatim
813 4393 1084 4451 denarios
1113 4392 1394 4464 erogavit,
1449 4392 1511 4448 In
1545 4409 1662 4465 qua
1691 4393 2117 4449 redundatione
2147 4409 2282 4448 cum
2325 4393 2640 4449 miraretur
2668 4396 2942 4466 equester
2970 4409 3087 4448 non
3118 4390 3309 4448 solum
3342 4390 3625 4448 defecisse
3654 4392 3756 4449 de-

471 4495 692 4561 narios,
715 4491 980 4566 quinimo
1013 4489 1394 4564 superfuisse,
1419 4488 1680 4546 liberalis
1701 4491 2004 4564 presbyter
2033 4490 2135 4563 qui
2165 4495 2510 4564 supererant
2529 4491 2772 4546 domum
2803 4490 3090 4563 recipiens
3121 4488 3486 4546 multitudini
3517 4487 3755 4546 familia

360 4596 433 4652 2O
472 4610 591 4650 suae
621 4596 820 4648 ternos
853 4587 1242 4645 nihilominus
1275 4588 1632 4661 pcrsonatim
1685 4605 1963 4645 nummos
1993 4587 2242 4662 largitus
2273 4593 2382 4644 est.
2416 4590 2489 4646 At
2519 4606 2653 4646 cum
2703 4605 2804 4646 sex
2860 4589 3063 4644 itidem
3097 4591 3512 4662 superessent:
3537 4587 3754 4645 Videas

469 4707 648 4764 quam
681 4689 874 4762 Iargu-
913 4691 970 4744 et
1001 4704 1178 4760 quam
1209 4687 1407 4743 suavis
1436 4687 1514 4744 sit
1542 4685 1700 4742 omni
1709 4685 2157 4758 potentissimus
2182 4687 2490 4756 Dominus,
2516 4686 2616 4760 qui
2648 4687 3039 4761 quadraginta
3061 4686 3455 4760 quantitatem
3486 4702 3757 4745 nummo-

467 4807 601 4846 rum
633 4792 689 4844 et
718 4786 998 4843 fratribus
1029 4785 1250 4842 nostris
1278 4801 1384 4858 per
1411 4789 1608 4842 ternos
1639 4784 1958 4853 distribuit,
1983 4789 2039 4840 et
2070 4784 2213 4840 mihi
2247 4790 2464 4854 ternos,
2491 4785 2717 4858 tibique
2745 4789 2946 4843 ternos
2977 4801 3146 4858 (equa
3175 4785 3321 4842 forte
3351 4783 3622 4840 servavit.

539 4889 696 4944 614
725 4887 861 4942 Erat
891 4889 1168 4956 praterea
1223 4886 1397 4939 tantae
1455 4881 1876 4956 hospitalitatis
1907 4881 2302 4957 et'largitatis,
2327 4888 2392 4939 ut
2421 4901 2536 4940 non
2567 4883 2860 4940 immerito
2892 4884 3061 4941 beato
3091 4883 3201 4940 Job
3233 4882 3310 4956 (ὁ)
3330 4881 3392 4938 in
3440 4880 3535 4938 his
3564 4881 3756 4939 valeat

467 4983 816 5058 comparari,
845 5000 980 5040 nam
1013 4983 1086 5038 ab
1119 4981 1369 5037 infantia
1399 4981 1576 5037 crevit
1633 4999 1767 5038 cum
1800 4999 1866 5038 co
1898 4982 2221 5050 miseratio,
2240 4986 2296 5038 et
2325 4983 2396 5038 de
2429 4986 2594 5039 utero
2625 4981 2832 5039 matris
2863 4999 2999 5039 cum
3056 4982 3185 5056 ipso
3216 4997 3452 5056 egressa
3481 4985 3592 5037 est.
3622 4980 3752 5038 Non

467 5083 830 5156 despiciebat
851 5083 1399 5154 praetereuntem,eo
1422 5079 1577 5152 quod
1605 5097 1721 5135 non
1743 5079 1984 5136 haberet
2004 5079 2440 5150 indumentum,
2455 5082 2628 5152 cujus
2647 5079 2832 5138 latera
2852 5079 3135 5137 nimirum
3153 5080 3351 5137 ovium
3371 5077 3754 5136 calefaciebat

463 5180 798 5248 velleribus,
823 5195 930 5234 nec
958 5176 1282 5256 hugcellam
1309 5177 1548 5249 quidem
1577 5194 1746 5234 suam
1770 5179 2114 5234 comedebat
2135 5176 2318 5246 solus,
2343 5195 2477 5234 cum
2499 5177 2652 5234 hanc
2682 5195 2817 5234 eum
2840 5177 3081 5252 pupillis
3102 5182 3160 5234 et
3179 5177 3378 5253 egenis
3398 5177 3748 5234 comederet.

390 5281 428 5336 5
463 5279 690 5352 Quippe
710 5277 810 5350 qui
834 5274 1040 5332 oculus
1061 5279 1217 5331 esset
1235 5291 1385 5330 caeco
1407 5279 1463 5330 ct
1481 5291 1584 5348 pes
1605 5275 1962 5348 probabatur
1981 5274 2228 5332 existere
2253 5275 2484 5343 claudo,
2500 5280 2660 5346 et,ut
2689 5276 2926 5350 scriptis
2940 5276 3227 5332 virtutum
3249 5277 3378 5349 ejus
3405 5273 3750 5348 multiplici-

462 5381 556 5434 tas
579 5376 880 5442 referatur,
904 5378 1068 5446 pater
1089 5377 1215 5429 erat
1245 5389 1590 5446 pauperum,
1607 5377 1662 5429 et
1683 5373 1877 5430 cordis
1895 5373 2082 5430 viduae
2106 5373 2453 5443 censolator,
2469 5373 2687 5431 ostium
2713 5374 2843 5446 ejus
2863 5374 3187 5431 viatoribus
3212 5373 3466 5447 patebat,
3489 5388 3600 5429 nec
3628 5375 3751 5429 erat

464 5473 668 5532 clausa
689 5474 878 5546 janua
898 5471 1112 5527 domus
1140 5470 1330 5542 ipsius
1351 5469 1655 5543 quippiam
1678 5471 2114 5544 postulantibus
2137 5473 2210 5528 ab
2233 5489 2322 5542 eo,
2345 5476 2413 5528 ut
2442 5473 2514 5530 ab
2546 5471 2708 5530 omni
2729 5471 2985 5529 clericali
3009 5473 3218 5547 gradu,
3237 5472 3310 5528 ab
3333 5471 3496 5528 omni
3524 5474 3751 5528 senato-

463 5573 550 5628 rio
581 5575 639 5627 et
660 5567 926 5642 populari
954 5569 1415 5625 concordissimo
1435 5573 1608 5636 coetu,
1638 5569 1791 5625 sicut
1812 5575 1944 5642 post
1966 5575 2215 5627 mortem
2237 5569 2431 5644 quarti
2452 5587 2614 5644 papas
2637 5570 2870 5638 Leonis,
2893 5570 2977 5627 ita
2998 5574 3130 5644 post
3149 5569 3377 5626 obitum
3396 5567 3557 5626 tertii
3579 5569 3751 5624 Bene-

464 5667 602 5722 dieti
626 5665 921 5738 pontiﬁcis
941 5667 1010 5738 (c)
1033 5664 1231 5721 subire
1262 5683 1565 5722 summum
1588 5666 1976 5740 pontificium,
1997 5667 2110 5724 nisi
2133 5667 2259 5742 ipse
2280 5667 2527 5725 diversis
2551 5669 2917 5742 argumentis
2938 5673 2994 5726 et
3014 5667 3324 5742 exquisitis
3354 5664 3746 5724 excusationi-

356 5757 427 5812 iO
465 5762 577 5818 bus
595 5761 918 5817 verecunde
948 5762 1420 5836 subterfugisset,
1445 5767 1768 5837 cogeretur.
1793 5764 1906 5822 Sed
1929 5782 2062 5821 cum
2089 5765 2420 5839 apostolicae
2443 5765 2738 5823 memoria:
2761 5765 3175 5823 sanctissimus
3195 5781 3350 5840 papa
3367 5762 3646 5820 Nicolaus
3665 5778 3749 5820 re-

462 5857 576 5914 bus
593 5855 938 5912 excessisset
955 5858 1316 5927 humanis,et
1331 5861 1441 5917 iste
1457 5861 1990 5934 impraesentiarum
2005 5862 2243 5919 tertium
2261 5863 2537 5937 quintum
2554 5864 2976 5938 etvigesimum
2994 5879 3220 5922 annum
3234 5860 3744 5932 transiret,omnes

1499 5993 1750 6040 NOTULE
1792 5993 2178 6042 IABGINALES
2221 5995 2548 6059 ~l-‘ABBO'I‘TI.

391 6069 470 6152 (α)
499 6067 786 6148 equestri,
804 6067 1170 6148 dispensatori
1195 6090 1314 6137 suo.
1389 6079 1469 6154 (ὁ)
1497 6081 1614 6142 Job.
1646 6098 1846 6146 una.
1923 6083 1992 6165 (c)
2019 6084 2156 6145 Nota
2184 6087 2389 6146 iterum
2413 6084 2772 6147 Benedictum
2800 6089 2968 6149 Leoni
2993 6087 3080 6149 IV
3102 6086 3408 6150 succede".
