3922 6422
164 400 322 463 1381
909 395 1281 458 HISTORIA
1329 396 1433 456 DE
1475 393 1677 455 Vl'l‘lS

2037 394 2189 454 )N'l‘.
2214 427 2292 439 —
2326 394 2731 459 ADRIANUS
2778 395 2855 458 II.
3430 402 3586 464 1382

312 530 479 589 urbis
510 530 785 587 Romanae
818 529 1105 593 concives,
1136 526 1315 583 simul
1346 530 1403 582 et
1433 526 1514 593 hi,
1550 542 1697 598 quos
1731 524 2094 581 extrinsecus
2140 530 2281 581 tunc
2325 527 2529 582 adesse
2561 527 2907 600 contigerat,
2942 532 3064 585 tam
3095 546 3382 604 pauperes
3411 549 3587 606 quam

314 629 683 696 divites,tam
717 626 1002 683 clericalis
1031 626 1170 681 ordo
1203 642 1379 697 quam
1415 630 1692 678 cunctum
1728 623 1925 695 populi
1962 622 2194 695 vulgus,
2221 624 2411 679 omnis
2439 624 2660 679 scilicet
2684 626 3291 699 mtatis,professionis
3321 634 3378 686 et
3398 648 3590 699 sexus,

314 730 721 799 contemptum
752 724 1028 782 omnibus
1059 721 1533 779 excusationibus
1557 721 1873 776 Adrianum
1906 720 2258 785 desiderant,
2274 722 2595 777 Adrianum
2614 723 2735 777 dari
2758 723 2869 778 sibi
2886 724 3196 795 praesulem
3217 744 3284 783 ac
3301 734 3593 800 pastorem

205 826 279 883 45
317 828 613 898 exoptant.
637 821 966 894 Nullusque
989 822 1047 876 in
1070 820 1251 877 totius
1272 819 1444 876 Urbis
1466 819 1832 892 amplissimo
1865 818 2055 890 spatio
2089 824 2352 890 repertus
2378 823 2486 890 est,
2502 820 2613 875 nisi
2639 820 2727 875 vel
2748 838 2809 877 se
2831 821 2917 877 vel
2940 840 3115 878 suum
3148 841 3440 898 quemque
3463 842 3596 899 pro-

316 921 447 979 vehi
475 920 779 991 voluisset,
794 920 894 993 qui
925 936 1040 975 non
1067 918 1388 973 Adrianum
1421 917 1746 990 promoveri
1771 917 1841 971 ad
1870 916 1979 971 hoc
2003 916 2234 971 cnlmen
2270 916 2611 974 medullitus
2651 922 2965 990 exoptaret.
3000 920 3284 977 Proceres
3300 940 3434 980 vero
3463 923 3600 981 licet

318 1020 508 1077 soluto
529 1019 589 1075 in
611 1020 761 1075 duas
783 1022 978 1090 partes
1011 1034 1250 1089 corpore
1276 1016 1614 1071 viderentur
1640 1030 1767 1070 esse
1801 1014 1993 1077 divisi,
2027 1032 2143 1069 una
2174 1018 2369 1069 tamen
2403 1020 2597 1071 mente
2625 1017 2867 1088 parique
2900 1017 3052 1072 circa
3082 1018 3237 1075 hunc
3270 1020 3600 1094 flagrabant

318 1116 840 1190 ardore,quoniam
863 1132 1103 1172 causam
1127 1113 1432 1170 divisionis
1454 1130 1656 1168 eorum
1676 1130 1797 1167 non
1822 1112 1932 1167 nisi
1957 1112 2175 1167 nimius
2198 1113 2255 1167 in
2273 1118 2504 1168 tantum
2522 1114 2712 1168 virum
2731 1115 2977 1169 faciebat
3001 1116 3306 1174 charitatis
3328 1119 3595 1188 affectus,

318 1217 462 1272 dum
495 1215 579 1272 sic
609 1214 894 1271 alterutra
923 1231 1061 1287 pars
1092 1212 1203 1269 sibi
1236 1212 1491 1284 przeferri
1526 1210 1786 1282 gestiret,
1821 1215 1886 1266 ut
1913 1210 1962 1265 si
1997 1210 2153 1265 hunc
2206 1211 2389 1266 altera
2438 1229 2573 1283 pars
2618 1212 2914 1283 deligeret,
2947 1230 3084 1285 pars
3131 1213 3316 1271 altera
3363 1217 3598 1289 penitus

205 1315 280 1370 20
319 1313 637 1384 dubitaret,
660 1328 767 1368 nec
798 1316 923 1368 erat
954 1311 1032 1367 ibi
1061 1309 1212 1384 parti
1237 1309 1403 1365 alteri
1436 1308 1723 1363 retinendi
1749 1310 1825 1380 (α)
1847 1308 2139 1375 voluntas,
2178 1308 2292 1363 nisi
2334 1308 2469 1380 quia
2496 1309 2851 1381 opinabatur
2876 1326 3003 1365 eam
3037 1328 3143 1367 sua
3171 1312 3230 1367 in
3263 1312 3444 1370 alium
3463 1319 3601 1372 vota

321 1410 592 1483 dirigere,
618 1408 939 1483 praesertim
969 1424 1103 1463 cum
1135 1406 1308 1462 multi
1341 1406 1785 1471 monachorum,
1811 1405 2073 1478 plerique
2098 1406 2504 1477 religiosorum
2528 1409 2897 1463 sacerdotum
2922 1425 2987 1464 ac
3011 1410 3268 1466 fidelium
3290 1411 3595 1484 laicorum,

324 1506 556 1564 coalitus
585 1505 821 1563 emissis
848 1503 1395 1567 visionibus,mu1to
1418 1504 1545 1574 jam
1578 1508 1839 1574 tempore
1867 1504 2188 1558 Adrianum
2225 1504 2486 1559 futurum
2515 1504 2851 1575 pontificem
2877 1522 2990 1561 non
3014 1506 3203 1563 solum
3237 1508 3596 1581 dubitarent,

321 1621 523 1660 verum
554 1603 730 1660 etiam
762 1602 981 1676 apertis
1010 1602 1251 1657 vocibus
1281 1601 1729 1673 proclamarent.
1766 1605 1924 1655 Inter
1972 1618 2121 1671 quos
2173 1601 2415 1672 quidam
2462 1601 2783 1657 Adrianum
2814 1602 2874 1658 in
2908 1604 3043 1659 sede
3072 1606 3391 1678 apostolica
3423 1608 3599 1680 pallio

322 1701 588 1758 humeris
613 1702 867 1757 obducto
898 1698 1245 1757 reclinatum
1276 1698 1689 1755 videbant2alii
1713 1716 1845 1753 eum
1871 1716 2004 1753 cum
2040 1699 2376 1771 apostolicis
2408 1699 2611 1756 infulis
2645 1701 2857 1757 missas
2888 1701 3600 1762 celebrantemznonnulli

207 1800 286 1855 25
323 1815 486 1855 more
519 1798 835 1871 apostolico
857 1797 917 1853 in
942 1797 1186 1853 basilica
1208 1797 1581 1853 Lateranensi
1605 1814 1811 1853 aureos
1838 1814 2073 1868 erogare
2098 1814 2110 1851 :
2140 1796 2403 1869 plerique
2426 1798 2485 1853 in
2509 1815 2679 1870 equo,
2704 1800 2873 1871 cujus
2897 1800 3158 1857 sessione
3187 1804 3601 1863 sanctissimus

321 1913 474 1970 papa
490 1894 765 1951 Nicolaus
788 1896 857 1950 ad
887 1898 1158 1950 sanctum
1186 1899 1418 1949 Petrum
1446 1911 1693 1966 pergens
1717 1912 1860 1949 usus
1886 1894 2094 1959 fuerat,
2117 1911 2250 1949 cum
2276 1911 2411 1949 cum
2446 1895 2767 1967 pontificali
2799 1896 2976 1967 pallio
3005 1897 3348 1971 impositum
3382 1919 3600 1973 praece-

324 1993 599 2049 dentibus
628 1990 990 2048 axiomatieis
1022 1995 1078 2047 et
1104 1991 1600 2062 subsequentibus
1625 1990 1865 2062 reliquis
1888 1991 2075 2045 turbis
2108 1991 2168 2046 in
2202 1991 2416 2047 Urbem
2452 1991 2639 2047 redire
2671 1993 3211 2067 patriarchiumque
3242 1997 3442 2054 subire
3472 2015 3606 2055 con-

323 2094 654 2164 spexerant.
686 2089 903 2145 Verum
935 2088 1035 2145 ubi
1068 2088 1442 2145 evidentibus
1475 2087 1709 2143 indiciis
1739 2087 1897 2143 hunc
1930 2089 2203 2143 eumdem
2237 2093 2487 2159 utraque
2517 2093 2683 2161 parte
2728 2089 2898 2163 dirigi
2931 2090 3162 2160 claruit,
3190 2096 3354 2149 tanta
3377 2094 3437 2150 in
3467 2112 3602 2152 eum

327 2187 528 2243 unitas
549 2191 607 2243 et
627 2187 959 2243 animorum
982 2190 1038 2242 et
1061 2203 1369 2258 corporum
1399 2185 1528 2252 fuit,
1561 2189 1625 2240 ut
1656 2202 1839 2241 unum
1872 2184 1932 2240 in
1963 2185 2048 2241 eis
2079 2202 2215 2257 erga
2245 2187 2518 2241 eumdem
2568 2186 2791 2242 domini
2841 2190 3202 2246 sacerdotem
3234 2208 3334 2248 cor
3361 2197 3419 2249 et
3448 2211 3603 2251 unus

219 2287 295 2342 30
333 2284 580 2359 spiritus
599 2284 791 2341 inesse
804 2284 1078 2341 omnibus
1092 2284 1412 2352 videretur;
1438 2284 1517 2339 ita
1539 2287 1603 2339 ut
1623 2283 1772 2355 lapis
1788 2282 2107 2355 angularis,
2123 2283 2281 2339 salva
2294 2285 2654 2341 reverentiaJ
2660 2302 2761 2340 esu
2777 2285 2992 2342 Christi
3004 2287 3234 2343 Domini
3247 2291 3428 2346 nostri
3440 2332 3453 2357 ,
3469 2308 3608 2364 quo-

337 2384 473 2439 dam
497 2383 670 2439 modo
692 2382 878 2455 possit
898 2381 1109 2438 vocari.
1125 2381 1410 2447 Quoniam
1438 2397 1539 2453 per
1552 2385 1712 2436 osten
1722 2381 1966 2449 sionem,
1984 2381 2100 2435 imo
2114 2381 2529 2453 profectionem
2544 2400 2733 2450 suam,
2749 2382 3329 2443 solvensinimicitias
3342 2388 3606 2446 cordium

338 2479 477 2537 fecit
496 2485 742 2554 utraque
764 2497 972 2537 unum.
987 2479 1254 2537 Collectis
1278 2480 1456 2552 igitur
1476 2479 1750 2535 omnibus
1777 2484 1895 2533 tam
1919 2478 2209 2551 episcopis
2231 2496 2365 2534 cum
2389 2480 2659 2535 universo
2680 2480 2852 2548 clero,
2870 2498 3045 2553 quam
3065 2483 3423 2555 primoribus
3434 2486 3607 2544 Urbis

341 2595 476 2635 cum
508 2578 1048 2635 obsecundantibus
1077 2577 1188 2634 sibi
1216 2577 1469 2650 populis,
1503 2577 1576 2632 ab
1606 2576 1851 2633 ecclesia
1880 2582 2092 2631 sancta:
2125 2576 2225 2631 Dei
2252 2577 2562 2633 Genitricis
2593 2594 2937 2650 semperque
2966 2579 3207 2653 virginis
3238 2582 3454 2652 Maria,
3482 2601 3607 2657 quas

339 2675 667 2750 appellatur
694 2677 767 2732 ad
800 2677 1079 2747 Praesepe,
1113 2676 1360 2747 rapitur,
1390 2674 1663 2741 trahitur,
1697 2679 1753 2729 et
1783 2676 1854 2730 ad
1888 2675 2279 2730 Lateranense
2307 2675 2726 2746 patriarchium
2759 2677 3025 2732 certatim
3057 2695 3125 2751 ac
3157 2695 3192 2734 a
3220 2696 3525 2751 procerum
3556 2686 3614 2739 et

230 2776 304 2831 35
341 2773 530 2848 plebis
550 2772 933 2830 multitudine
955 2772 1482 2845 deportatur.Quod
1505 2772 1807 2827 audientes
1828 2776 1967 2827 tunc
1981 2771 2147 2827 missi
2170 2772 2453 2845 principis
2474 2773 2716 2829 molesle
2734 2750 3236 2848 tulere,indignati
3258 2778 3481 2835 scilicet
3496 2798 3612 2837 non

340 2872 498 2946 quod
531 2875 762 2927 tantum
781 2870 973 2927 virum
996 2869 1217 2925 nollent
1247 2870 1605 2942 pontificem,
1629 2886 1805 2941 quem
1838 2868 2119 2923 nimirum
2154 2869 2323 2924 anxie
2354 2870 2692 2942 cupiebant,
2714 2871 2816 2925 sed
2849 2873 3002 2942 quod
3034 2889 3097 2927 se
3124 2873 3267 2929 dum
3295 2881 3613 2947 praesentes

342 2973 563 3036 essent,
586 2968 829 3042 quirites
861 2985 978 3024 non
1006 2967 1518 3036 invitaverint,nec
1548 2971 1758 3039 Optata:
1791 2984 1824 3021 a
1854 2983 1916 3021 se
1948 2964 2131 3021 futuri
2164 2965 2432 3037 praesulis
2461 2965 2729 3022 electioni
2760 2967 3041 3024 interesse
3074 2972 3611 3040 consenserint.Qui

341 3071 580 3140 accepta
610 3067 835 3124 ratione
856 3066 1009 3139 quod
1030 3082 1147 3121 non
1167 3065 1415 3138 Augusti
1450 3081 1627 3120 causa
1657 3064 2167 3135 contemptus,sed
2197 3062 2377 3117 futuri
2399 3062 2677 3134 temporis
2706 3063 2814 3118 hoc
2845 3064 3133 3121 omissum
3163 3066 3341 3124 fuerit
3371 3070 3611 3127 omnino

341 3169 675 3238 prospectu,
709 3181 783 3221 ne
812 3162 1078 3219 videlicet
1117 3161 1341 3235 legatos
1389 3161 1721 3235 principum
1752 3162 1811 3215 in
1843 3160 2123 3216 electione
2172 3160 2568 3216 Romanorum
2601 3159 2917 3232 preesulum
2949 3179 3078 3218 mos
3106 3167 3476 3237 exspectandi
3511 3185 3615 3240 per

229 3265 304 3320 40
341 3260 686 3334 hujusmodi
718 3260 981 3317 fomitem
1012 3259 1374 3328 inolesceret,
1392 3275 1625 3315 omnem
1650 3276 1768 3314 sum
1792 3257 2003 3313 mentis
2025 3256 2486 3330 indignationem
2513 3257 2851 3314 medullitus
2873 3259 3166 3331 sedavere,
3181 3278 3246 3317 ac
3262 3263 3335 3318 ad
3358 3263 3617 3323 salutan-

343 3360 487 3416 dum
518 3359 767 3415 electum
798 3358 975 3414 etiam
1001 3357 1114 3430 ipsi
1145 3356 1449 3413 humiliter
1479 3373 1791 3412 accessere.

416 3456 568 3514 015
602 3459 864 3528 Cumque
923 3454 1341 3528 patriarchium
1405 3455 1795 3510 Lateranense
1853 3453 2255 3518 escenderent,
2316 3456 2491 3524 atque
2552 3453 2988 3522 descenderent,
3021 3456 3198 3513 tantis
3257 3457 3614 3518 clamoribus

345 3556 629 3612 universae
652 3552 837 3627 plebis
862 3557 928 3609 ut
949 3552 1060 3609 sibi
1087 3552 1188 3608 diu
1209 3552 1573 3608 desideratus
1592 3550 1680 3606 vir
1698 3552 1768 3607 ad
1793 3552 2254 3606 consecrandum
2277 3550 2513 3606 daretur
2528 3550 2885 3608 clamitantis
2906 3552 3128 3610 obsessi
3154 3559 3312 3625 sunt,
3328 3561 3395 3612 ut
3415 3558 3616 3616 nullus

343 3668 548 3709 eorum
570 3650 865 3724 loquentis
887 3667 1085 3705 secum
1110 3649 1341 3721 collegae
1364 3649 1455 3706 sui
1477 3650 1651 3705 verba
1672 3654 1869 3721 posset
1891 3649 2254 3703 audire.Erat
2275 3649 2429 3703 enim
2454 3665 2689 3704 cernere
2711 3649 2975 3722 singulos
2988 3651 3140 3707 circa
3153 3657 3615 3713 consecrandum

346 3749 681 3824 pontificem
745 3752 964 3803 tantam
1026 3746 1357 3803 dilectionis
1420 3747 1741 3802 efficaciam
1795 3745 2113 3819 possidere,
2148 3750 2427 3817 quantam
2487 3762 2595 3801 nec
2641 3746 2856 3802 vidisse
2903 3765 3010 3804 nec
3046 3748 3311 3806 visurum
3351 3769 3616 3825 unquam

268 3850 308 3906 5
346 3847 480 3921 quis
502 3846 870 3903 zestimasset.
895 3844 1153 3917 Denique
1174 3862 1379 3901 omnes
1400 3843 1557 3900 hunc
1583 3844 1849 3900 certatim
1872 3860 2069 3899 coram
2092 3843 2313 3899 eisdem
2336 3842 2546 3916 legatis
2573 3860 2793 3915 rapere,
2813 3848 2872 3901 et
2891 3846 2963 3901 ad
2994 3863 3297 3904 summum
3315 3849 3621 3908 Pontifica-

345 3950 445 4001 tus
467 3944 689 4017 apicem
722 3943 1159 4016 provehendum
1183 3941 1431 4009 trahere,
1457 3959 1523 3997 ac
1554 3941 1721 3997 anxie
1753 3940 2091 3996 nitebantur
2121 3946 2369 4013 portare,
2403 3941 2514 3995 nisi
2548 3941 2850 3998 blanditiis
2904 3950 3241 4001 senatorum
3273 3952 3330 4003 et
3358 3949 3619 4006 consiliis

346 4041 782 4115 aliquantulum
806 4040 989 4096 sedati
1015 4039 1549 4105 fuissent.Quorum
1565 4039 1831 4095 omnium
1846 4038 2253 4094 unanimitatis
2278 4038 2631 4094 desiderium
2647 4040 2893 4096 audiens
2907 4042 3236 4100 Ludovicus
3249 4044 3621 4105 Christianis-

348 4141 537 4197 simus
566 4140 903 4212 imperator,
926 4154 1284 4211 cognoscens
1304 4137 1479 4193 etiam
1505 4135 1755 4209 qualiter
1774 4137 1834 4191 in
1857 4154 1922 4192 eo
1947 4137 2245 4191 decretum
2268 4136 2390 4191 suis
2416 4137 2948 4209 subscriptionibus
2983 4139 3419 4211 roboraverunt,
3452 4144 3619 4202 valde

348 4238 585 4312 gavisus
605 4242 713 4293 est.
736 4237 806 4292 Et
827 4240 891 4292 ut
912 4241 1113 4291 tantus
1150 4234 1383 4291 Domini
1434 4234 1692 4291 famulus
1723 4234 2069 4306 cunctisque
2101 4234 2377 4306 gentibus
2406 4234 2676 4289 videlicet
2700 4239 2817 4290 tam
2854 4236 3133 4293 Romanis
3166 4256 3342 4310 quam
3373 4240 3620 4299 diversis

236 4339 310 4394 40
349 4335 589 4393 advenis
611 4334 977 4390 desideratus
997 4338 1053 4389 et
1074 4331 1478 4389 desiderabilis
1501 4331 1841 4387 Christianae
1864 4331 2018 4404 plebi
2048 4332 2456 4404 praeﬁceretur,
2481 4331 2824 4388 medullitus
2855 4334 3248 4406 exoptavitzet
3278 4353 3413 4392 mox
3442 4337 3622 4410 impe-

349 4432 554 4489 rialem
578 4432 840 4488 scribens
861 4430 1440 4504 epistolam,cunctos
1454 4430 1748 4485 Romanos
1760 4430 1915 4501 quod
1929 4429 2173 4502 dignum
2190 4433 2348 4484 tanto
2370 4429 2682 4501 elegissent
2703 4431 2893 4487 officio
2915 4431 3223 4504 praesulem
3246 4432 3617 4507 collaudavit,

348 4549 453 4605 per
472 4548 652 4604 quam
671 4529 938 4586 videlicet
957 4529 1231 4597 innotuit,
1256 4526 1400 4583 nulli
1425 4527 1729 4600 quippiam
1754 4527 1977 4600 prmmii
2003 4528 2121 4583 fore
2143 4544 2211 4583 ex
2235 4526 2669 4584 consecratione
2690 4526 3139 4601 ipsius,quoquo
3163 4531 3336 4587 modo
3348 4507 3623 4604 pollicen-

350 4631 657 4696 dUm,cum
670 4627 795 4701 ipse
807 4626 957 4682 hanc
971 4643 1085 4683 non
1101 4643 1343 4682 suorum
1359 4625 1863 4698 suggestione,sed
1882 4625 2279 4681 Romanorum
2303 4625 2499 4698 potius
2520 4625 2908 4682 unanimitate
2929 4632 3259 4684 commotus
3278 4630 3621 4688 ardentissi-

348 4744 444 4784 me
464 4728 703 4800 cuperct
719 4724 1023 4797 provenire
1045 4740 1059 4779 :
1084 4723 1338 4779 maxime
1369 4740 1504 4778 cum
1545 4723 1707 4778 reddi
1748 4739 1875 4794 quae
1924 4722 2120 4779 ablata
2164 4724 2414 4791 fuerant,
2440 4740 2554 4778 non
2585 4723 2801 4778 auferri
2825 4725 2896 4780 ab
2928 4723 3186 4781 Ecclesia
3217 4727 3501 4796 Romana,
3530 4729 3623 4786 vel

238 4826 312 4882 45
349 4823 614 4897 deperire
644 4821 949 4895 quippiam
981 4838 1044 4878 se
1073 4821 1290 4877 diceret
1311 4835 1526 4875 amare.
1551 4824 1752 4891 Itaque
1785 4820 2023 4876 Sabbati
2056 4820 2306 4892 peractis
2336 4819 2444 4874 rite
2474 4819 2855 4888 orationibus,
2884 4820 3099 4893 vigiliis
3128 4826 3185 4877 et
3213 4821 3619 4897 eleemosynis,

349 4920 653 4978 Dominico
685 4919 1009 4976 secundum
1040 4935 1263 4975 morem
1318 4918 1473 4973 idem
1529 4917 1879 4973 venerabilis
1940 4919 2212 4973 sacerdos
2243 4918 2314 4972 ab
2346 4916 2724 4973 universitate
2756 4918 2829 4973 ad
2861 4917 3166 4975 ecclesiam
3224 4921 3412 4976 sancti
3472 4922 3620 4978 Petri

350 5017 747 5092 apostolorum
761 5016 1044 5091 principis
1056 5017 1268 5073 ductus
1282 5032 1433 5071 nono
1446 5014 1670 5070 decimo
1693 5014 1936 5071 Kalend.
1951 5015 2061 5071 Jan
2072 5014 2367 5070 uariarum
2390 5014 2705 5070 indictione
2719 5015 2741 5070 -Ι
2757 5059 2770 5083 ,
2788 5032 2940 5071 anno
2963 5017 3186 5088 praefati
3205 5018 3452 5089 Augusti
3466 5019 3621 5075 deci-

348 5134 448 5173 mo
479 5132 652 5183 nono,
688 5131 793 5187 per
819 5114 1123 5188 episc0pos
1155 5112 1692 5183 reverendissimos,
1728 5112 1949 5169 scilicet
1979 5113 2212 5168 Petrum
2247 5112 2588 5178 Gavensem,
2624 5112 2875 5168 Leonem
2909 5113 3074 5169 Silvae
3107 5113 3623 5179 Candidae,deinde

350 5215 523 5271 tertio
554 5213 681 5271 loco
713 5214 1007 5270 Donatum
1033 5211 1381 5280 Ostiensem,
1418 5211 1552 5285 quia
1609 5210 1918 5284 episcopus
1974 5210 2326 5267 Albancnsis
2378 5210 2621 5277 obierat,
2654 5211 2971 5266 Formosus
3026 5228 3158 5268 vero
3217 5213 3558 5270 Portuensis
3589 5231 3624 5271 a

236 5315 312 5369 20
348 5311 690 5369 beatissimo
711 5310 946 5367 Nicolao
968 5310 1040 5365 ad
1062 5308 1532 5382 pradicationem
1554 5309 2067 5365 etinstructionem
2084 5308 2466 5381 Bulgarorum
2481 5307 2811 5364 destinatus
2825 5309 3624 5376 exstiterat,benedictionem

352 5410 572 5468 summi
595 5409 971 5482 pontificatus
992 5409 1063 5464 ad
1085 5405 1539 5464 consolationem
1559 5406 1826 5463 videlicet
1846 5406 2168 5462 multorum
2192 5411 2404 5463 sanctae
2427 5407 2526 5461 Dei
2550 5405 2817 5462 Ecclesiae
2839 5405 3115 5474 filiorum,
3131 5389 3625 5480 quifactiosorum

349 5508 658 5582 tyrannide
678 5506 921 5563 liberius
944 5505 1114 5562 solito
1137 5504 1405 5560 saviente
1426 5504 1579 5560 inter
1597 5505 1774 5560 unius
1800 5505 2217 5574 decessionem,
2242 5508 2301 5562 et
2332 5504 2571 5560 alterius
2603 5503 3081 5581 subistitutionem
3113 5505 3406 5578 pontificis
3437 5507 3625 5565 diver-

352 5606 437 5664 sis
462 5606 788 5680 agebantur
812 5602 1053 5671 exsiliis,
1085 5601 1379 5673 variisque
1409 5601 1816 5657 afficiebantur
1846 5601 2256 5669 incommodis,
2291 5602 2587 5674 suscipere
2618 5601 2832 5657 meruit
2859 5601 2920 5657 in
2952 5601 3187 5658 nomine
3218 5603 3471 5661 Domini.

423 5705 578 5761 θη
609 5701 911 5775 Siquidem
934 5700 1006 5756 ad
1032 5699 1426 5757 celebritatem
1450 5698 1643 5755 missae
1667 5700 1854 5771 ipsius
1878 5704 2001 5755 tam
2024 5699 2383 5756 incredibilis
2407 5698 2629 5755 exstitit
2651 5698 3339 5769 multitudo,utcertatim
3358 5703 3429 5759 de
3446 5718 3627 5762 manu

352 5804 482 5876 ejus
512 5801 789 5859 omnibus
817 5798 1254 5856 communicare
1285 5797 1609 5853 nitentibus
1639 5797 2057 5870 Theutgaudus
2105 5798 2476 5854 Trevirorum
2524 5797 3021 5872 archiepiscOpus,
3054 5803 3110 5855 et
3137 5799 3447 5858 Zacharias
3474 5803 3625 5858 Ana-

352 5901 572 5975 gninus
601 5896 1371 5973 episcopus,quiaadomno
1401 5894 1635 5951 Nicolao
1666 5895 1989 5951 sacerdotio
2024 5895 2300 5952 denudati
2333 5894 2507 5951 etiam
2539 5896 2954 5956 communione
2985 5903 3315 5972 caruerunt,
3332 5897 3627 5973 simulque

1402 6026 1651 6080 NOTULE
1691 6028 2073 6080 ιΑιιϐωΑιΕε
2115 6029 2436 6080 FABRUTTI.

282 6098 363 6171 (α)
387 6098 549 6172 forte,
576 6091 878 6156 reticendi.
