3922 6404
321 301 474 363 1383
1471 304 1883 363 ANASTASI]
1933 303 2586 365 BIBLIOTHECARII.
3591 304 3752 386 1384

463 432 827 504 Anastasius,
843 433 944 506 qui
963 434 1188 490 dudum
1208 451 1242 489 a
1260 438 1462 502 Leone,
1481 435 1907 508 Benedictoque
1939 436 2316 508 pontificibus
2347 435 2706 509 presbyterio
2739 434 3074 492 denudatus
3098 433 3252 492 inter
3278 434 3459 524 laicos
3476 451 3749 524 commu-

389 534 426 588 5
465 533 660 588 nicare
690 531 898 588 solitus
929 536 1072 598 erat,
1094 531 1547 587 ecclesiasticam
1581 534 2054 588 communionem
2091 534 2199 588 sub
2233 550 2492 606 congrua
2522 532 2921 589 satisfactione
2953 533 3296 606 receperint.
3311 511 3498 620 Igitur
3517 551 3656 591 mox
3671 537 3744 592 ad

461 629 880 703 patriarchium
915 631 1303 685 Lateranense
1335 647 1599 687 reversus
1629 636 1738 698 est,
1773 636 1829 688 et
1861 633 2346 688 consuetudinem
2370 633 2441 688 ab
2464 650 2686 705 eo,qua
2717 633 3080 688 diversorum
3109 632 3418 689 xeniorum
3451 633 3746 692 hincinde

461 727 882 783 confluentium
913 726 1175 800 (retentis
1207 727 1398 784 solum
1427 746 1554 800 quae
1589 729 1794 785 usibus
1826 747 2163 785 mensarum
2198 731 2536 786 sufﬁcerent
2563 729 2873 802 reliquiis),
2907 723 3092 805 pretia
3123 729 3459 804 capiuntur,
3493 730 3746 812 exclusit

462 827 682 894 dicens,
717 842 830 880 non
865 841 992 880 esse
1025 825 1188 897 pium
1222 825 1376 898 quod
1411 827 1592 899 gratis
1625 827 1950 899 accipimus
1984 827 2166 900 pretio
2194 830 2624 897 venundare,et
2654 828 2952 884 chariores
2980 827 3197 884 habere
3229 827 3614 886 rationalibus
3633 827 3721 886 fra

455 924 648 979 tribus
678 923 1108 979 irrationabiles
1138 941 1435 992 nummos,
1469 942 1573 998 pro
1606 925 1822 998 quibus
1853 926 2068 982 Christi
2096 927 2388 998 pretiosus
2417 931 2506 982 est
2551 943 2726 983 cruor
2781 927 3028 996 effusus,
3063 928 3165 983 sed
3219 927 3741 1002 parvipendantur,

353 1022 420 1077 10
458 1021 669 1093 inquit,
686 1021 1083 1092 obsecro,hasc
1116 1023 1391 1094 pudenda
1420 1023 1741 1095 pretiorum
1775 1024 2220 1092 commercia,et
2237 1025 2389 1096 quod
2409 1025 2594 1098 gratis
2615 1023 3170 1099 accepimus,gratis
3191 1025 3737 1100 juxtapraeceptum

454 1118 686 1174 Domini
713 1118 1126 1192 largiamur,et
1155 1119 1478 1176 oblationes
1510 1121 1722 1177 Christi
1754 1139 1888 1178 cum
1910 1123 2038 1194 ejus
2069 1122 2403 1194 hospitibus
2433 1139 2499 1178 ac
2531 1122 2807 1196 inopibus
2837 1121 3184 1195 partiamur,
3205 1127 3443 1197 propter
3463 1140 3612 1196 quos
3629 1123 3737 1181 has

455 1216 625 1272 nobis
654 1217 833 1272 tribui
864 1217 1144 1274 divinitus
1176 1217 1414 1276 scimus.
1450 1221 1490 1275 E
1520 1219 1764 1292 vestigio
1793 1219 1965 1276 etiam
2000 1220 2370 1276 Dominicum
2404 1225 2461 1276 et
2491 1219 2894 1276 Grimoaldum
2926 1219 3254 1294 episcopos,
3286 1237 3434 1294 quos
3465 1220 3738 1278 decessor

455 1331 596 1370 suos
615 1317 690 1386 (α)
705 1320 920 1371 sancta:
942 1315 1361 1372 recordationis
1382 1335 1534 1390 papa
1555 1317 1829 1374 Nicolaus
1849 1318 1909 1372 in
1935 1318 2262 1391 Bulgariam
2286 1318 2536 1391 patriam
2559 1317 2642 1374 ire
2664 1322 3099 1391 praeceperat,et
3119 1335 3154 1374 a
3175 1335 3236 1374 se
3261 1321 3318 1374 in
3342 1319 3469 1392 ipso
3487 1317 3734 1396 articulo

453 1412 546 1468 sui
569 1413 868 1470 discessus
889 1413 1236 1484 absolverat,
1251 1414 1471 1488 quique
1485 1415 1748 1472 videntes
1765 1416 1909 1471 tanti
1935 1416 2121 1472 Patris
2143 1415 2371 1472 obitum
2392 1415 2478 1472 ire
2500 1415 2873 1482 distulerant,
2889 1416 3093 1472 eadem
3118 1417 3432 1490 fungentes
3446 1414 3734 1490 legatione

347 1511 416 1566 15
453 1511 684 1578 direxit,
716 1517 775 1568 et
803 1512 1092 1585 quasdam
1121 1512 1686 1586 epistolarum,quas
1716 1513 1814 1570 ille
1844 1514 2162 1570 mittendas
2193 1513 2506 1587 delegerat,
2521 1517 2588 1569 ut
2616 1531 2680 1570 se
2709 1515 2974 1586 ejusdem
3003 1513 3323 1571 voluntatis
3340 1517 3398 1570 et
3413 1505 3598 1571 studii
3615 1514 3732 1572 fore

453 1611 804 1678 ostenderet,
839 1627 946 1666 suo
978 1611 1214 1666 nomine
1247 1611 1470 1666 titulari
1502 1611 1960 1684 praecipiens,'in
1991 1615 2281 1684 quantum
2313 1616 2634 1686 tempestas
2665 1611 2940 1669 ﬂuctuosi
2987 1611 3272 1688 temporis
3325 1611 3731 1686 permittebat,

451 1707 706 1780 piissimi
738 1708 924 1765 Patris
950 1712 1148 1764 votum
1180 1709 1314 1781 pius
1343 1709 1526 1766 haeres
1559 1708 1844 1782 implevit.

523 1816 671 1871 011
708 1814 810 1871 His
841 1817 911 1870 ab
948 1816 1087 1870 urbe
1116 1815 1400 1882 dimissis,
1435 1817 1716 1873 continuo
1750 1816 2001 1885 exsules,
2037 1817 2302 1874 Gaudere
2353 1834 2488 1873 eum
2545 1816 2815 1874 videlicet
2857 1815 3245 1874 Veltriensem
3275 1820 3334 1874 et
3361 1815 3727 1890 Stephanum

450 1913 808 1984 Nepesinum
841 1913 1237 1986 episcopos,et
1251 1915 1540 1970 Joannem
1571 1919 1959 1986 cognomento
1989 1915 2626 1988 Hymmonidem,quos
2651 1914 3069 1988 procacissima
3100 1913 3324 1972 falsitas
3355 1913 3728 1972 serenissima

447 2013 710 2084 Augusto
731 2011 1010 2067 incusans
1036 2013 1208 2068 domo
1230 2013 1534 2085 patriaque
1566 2013 2010 2086 proscripserat,
2045 2014 2116 2068 ab
2147 2015 2413 2085 Augusta
2443 2013 2894 2069 mansuetudine
2922 2011 3127 2069 multis
3157 2011 3539 2086 epistolarum
3559 2013 3728 2069 docu-

449 2109 666 2165 mentis
697 2107 990 2182 requirere
1023 2110 1270 2177 studuit,
1301 2111 1524 2179 diccns,
1561 2127 1620 2166 se
1652 2111 1872 2166 bonum
1904 2111 2174 2166 Ecclesia:
2207 2111 2306 2166 Dei
2341 2115 2635 2183 pastorem
2662 2110 2845 2166 videri
2878 2129 2995 2167 non
3048 2127 3244 2184 posse,
3274 2111 3388 2166 nisi
3415 2128 3550 2168 oves
3579 2127 3726 2192 quas

374 2210 410 2266 5
450 2208 650 2264 fideles
683 2213 896 2263 sanctae
947 2208 1215 2265 Ecclesia:
1248 2209 1501 2265 infidelis
1533 2209 1618 2264 vir
1648 2227 1750 2281 per
1783 2227 1952 2264 suam
1987 2209 2424 2282 subreptioncm
2458 2209 2902 2282 proscripserat.
2931 2208 3265 2282 recepisset.
3300 2211 3424 2276 Qua
3454 2207 3726 2283 religiosa

449 2307 826 2378 suggestione
858 2307 1186 2362 laetificatus
1221 2309 1522 2379 Augustus
1557 2325 1672 2361 una
1705 2324 1836 2361 cum
1871 2307 2374 2362 Christianissima
2403 2309 2671 2380 conjuge,
2709 2325 2824 2362 non
2885 2307 3078 2362 solum
3139 2324 3259 2373 eos,
3293 2307 3531 2384 propter
3577 2323 3724 2380 quos

448 2421 721 2460 summus
755 2404 1013 2477 pontifex
1044 2406 1302 2471 miserat,
1339 2405 1655 2459 honorifice
1691 2407 1760 2458 ad
1798 2405 2008 2459 Urbem
2047 2405 2512 2460 remisitzvcrum
2549 2406 2722 2460 etiam
2759 2422 3142 2478 quoscunque
3174 2405 3396 2477 privata
3425 2403 3722 2461 simultate

445 2509 726 2576 tanquam
763 2520 892 2558 reos
923 2501 1308 2574 imperatoria:
1341 2503 1687 2574 majestatis,
1723 2507 1780 2558 et
1815 2503 1870 2556 in
1905 2503 2221 2575 ergastulis
2272 2502 2516 2575 quilibet
2573 2507 2848 2574 truscrat,
2885 2507 2950 2558 ut
2980 2507 3422 2570 reverterentur,
3453 2504 3725 2577 praecepit

447 2601 692 2658 absolvi.
3579 2590 3584 2598 ’

518 2707 670 2781 618
703 2707 838 2762 Post
867 2705 988 2762 haec
1020 2723 1292 2762 summus
1318 2705 1577 2780 pontifex
1605 2707 1909 2763 basilicam
1929 2707 2568 2781 Nicolaitanam,quam
2599 2706 3012 2764 sanctissimus
3043 2724 3194 2780 papa
3221 2705 3496 2766 Nicolaus
3527 2724 3561 2766 a
3589 2707 3722 2766 fun-

446 2805 738 2862 damentis
778 2805 921 2860 adeo
981 2803 1307 2859 luculenter
1334 2821 1468 2858 cum
1503 2803 1689 2859 tribus
1719 2806 2163 2876 aquaaductibus
2196 2805 2524 2861 fabrefactis
2557 2810 2939 2874 exstruxerat,
2973 2810 3038 2861 ut
3066 2822 3272 2861 omnes
3305 2809 3720 2862 Lateranenses

444 2903 718 2960 basilicas
749 2903 838 2958 sui
874 2902 1309 2974 pulchritudine
1341 2903 1841 2974 superaret,juxta
1864 2909 2062 2958 votum
2097 2902 2420 2960 decessoris
2450 2903 2540 2958 sui
2575 2903 2819 2976 picturis
2850 2901 3025 2959 variis
3057 2903 3565 2976 decoravit.Cujus
3595 2903 3721 2976 ipse

443 2999 898 3058 conversationis
925 2999 1193 3073 exempla
1221 3000 1304 3056 sic
1333 2999 1712 3057 solertissime
1745 3002 2199 3073 sequebatur,ut
2229 3003 2300 3057 ab
2341 3002 2612 3057 hostibus
2643 3000 2830 3057 sancti
2859 3000 3257 3075 Nicolai,quia
3285 3001 3560 3058 omnibus
3590 3003 3719 3074 ejus

367 3105 404 3158 5
441 3106 570 3157 acta
601 3099 836 3172 penitus
867 3099 1181 3170 infringere
1213 3097 1569 3167 nitebantur,
1603 3098 2002 3154 Nicolaitanus
2031 3103 2088 3155 et
2117 3099 2470 3157 scriberetur
2500 3104 2557 3154 et
2586 3099 2818 3172 publice
2849 3099 3161 3156 diceretur.
3196 3100 3453 3166 Quorum
3493 3098 3718 3156 scilicet

441 3199 722 3266 hostium,
737 3197 878 3269 quia
899 3196 1212 3252 nonnullos
1235 3196 1626 3270 parturientes
1649 3197 2026 3268 injustitiam,
2043 3202 2390 3268 conceptum
2411 3196 2670 3252 dolorem
2689 3198 2979 3252 etl'usuros
3001 3214 3131 3253 esse
3148 3213 3525 3272 cognoscens,
3541 3213 3720 3271 penes

441 3316 502 3355 se
523 3296 700 3353 veluti
723 3295 1013 3352 zizanium
1036 3294 1187 3350 inter
1208 3295 1524 3359 frumenta,
1542 3312 1727 3366 usque
1758 3295 1832 3350 ad
1861 3295 2218 3350 maturitatis
2251 3299 2484 3368 tempus
2515 3294 2941 3367 dispensatorie
2973 3295 3280 3364 retinebat,
3302 3311 3530 3350 rumore
3562 3293 3722 3350 falla-

439 3397 584 3454 citer
609 3397 956 3467 exsurgente
986 3392 1272 3448 creditum
1305 3397 1414 3459 est,
1449 3393 1604 3464 quod
1637 3392 1834 3448 omnia
1865 3393 2188 3448 decessoris
2221 3393 2311 3447 sui
2344 3398 2494 3460 acta,
2527 3409 2654 3464 quae
2687 3390 2784 3448 ille
2815 3392 2934 3448 zelo
2966 3391 3162 3476 divino
3194 3397 3484 3462 sanxerat,
3518 3391 3718 3449 hostes

437 3512 572 3553 vero
603 3495 732 3566 ejus
761 3493 833 3548 ad
866 3490 1132 3564 proprios
1161 3489 1364 3546 libitus
1394 3489 1780 3575 infamabant,
1816 3489 2097 3546 voluisset
2125 3489 2464 3564 infringere.

510 3601 664 3658 619
697 3600 860 3655 Unde
888 3596 1101 3654 accidit
1128 3600 1192 3652 ut
1221 3614 1425 3653 omnes
1457 3597 1920 3653 Occidentalium
1980 3597 2285 3670 regionum
2345 3597 2604 3670 episcopi
2666 3596 2964 3654 solemnes
2996 3614 3064 3654 ac
3089 3595 3442 3654 honorificas
3497 3597 3722 3656 litteras

437 3699 772 3756 emittentes
793 3695 1124 3770 religiosam
1157 3695 1286 3766 ejus
1318 3694 1684 3762 memoriam,
1718 3699 1920 3766 utpote
1952 3695 2284 3750 orthodoxa:
2315 3700 2372 3750 et
2399 3712 2544 3751 verre
2575 3694 2959 3768 philosophia
2991 3695 3285 3768 pontificis
3315 3694 3715 3767 excolendam,

437 3813 670 3854 summo
693 3794 952 3867 pontiﬁci
968 3793 1192 3867 jugiter
1220 3793 1662 3848 inculcarent.A
1685 3793 1855 3864 cujus
1877 3791 2145 3848 videlicet
2179 3793 2539 3848 sanctissimi
2570 3792 2810 3848 Adriani
2843 3809 3005 3866 papae
3028 3792 3292 3868 collegio,
3309 3811 3443 3850 cum
3470 3811 3574 3866 per
3592 3795 3719 3852 dies

435 3895 661 3966 aliquot
691 3893 930 3966 quidam
963 3892 1318 3957 Graecorum,
1349 3895 1405 3945 et
1436 3890 1684 3946 aliarum
1717 3891 1980 3964 gentium
2015 3908 2317 3946 servorum
2351 3891 2452 3946 Dei
2483 3909 2584 3962 per
2615 3891 2673 3946 id
2705 3895 2938 3962 tempus
2989 3890 3184 3946 Romae
3236 3892 3622 3960 morantium,
3655 3909 3718 3949 se

361 3995 398 4050 5
437 3989 702 4049 clanculo
731 3989 1200 4061 suspendissent,
1234 3993 1398 4044 sexta
1428 3988 1571 4044 feria
1603 4006 1706 4043 axx
1739 3988 1893 4043 idem
1928 3989 2340 4044 sanctissimus
2384 3989 2630 4044 antistes
2677 4004 2778 4044 eos
2821 3988 3143 4043 secundum
3197 3990 3716 4059 consuetudinem,

433 4087 762 4147 refectionis
793 4087 1001 4161 gratia,
1035 4087 1206 4143 solito
1238 4087 1435 4158 plures
1466 4102 1710 4141 numero
1743 4085 2099 4142 convocavit.
2135 4088 2393 4152 Quorum
2425 4085 2692 4142 omnium
2719 4086 2994 4142 manibus
3021 4102 3124 4158 per
3178 4091 3366 4142 semet
3410 4087 3721 4145 humiliter

433 4205 646 4262 aquam
673 4186 840 4255 fudit,
865 4187 1025 4242 cibos
1051 4184 1345 4258 apposuit,
1369 4183 1580 4256 pocula
1602 4183 2236 4256 ministravit,et,quod
2266 4183 2466 4240 nullus
2500 4185 2848 4256 pontificum
2881 4188 3014 4240 ante
3045 4201 3108 4241 se
3138 4183 3343 4241 fecisse
3376 4190 3716 4253 uoverat,ut

430 4305 528 4344 eos
552 4284 941 4360 promptiores
974 4284 1046 4340 ad
1073 4282 1384 4356 prandium
1417 4283 1702 4350 redderet,
1719 4299 1854 4338 cum
1879 4281 1996 4338 illis
2017 4283 2336 4350 discubuit,
2353 4282 2596 4339 canticis
2628 4282 2996 4356 spiritalibus
3017 4282 3094 4339 ibi
3113 4299 3218 4356 per
3238 4287 3429 4339 totum
3452 4284 3712 4358 spatium

422 4385 648 4460 jugiter
675 4383 882 4438 laudes
913 4381 1423 4454 concrepantibus.

501 4492 656 4548 620
685 4495 834 4546 Dum
866 4489 1213 4545 surrexisset
1243 4488 1316 4543 ab
1347 4487 1535 4561 epulis
1567 4487 1625 4542 in
1660 4487 1863 4544 faciem
1898 4505 2066 4544 suam
2101 4505 2296 4545 coram
2324 4489 2602 4545 omnibus
2628 4487 2896 4561 procidit,
2917 4487 3320 4562 dicenszRogo
3349 4505 3452 4546 vos
3481 4493 3540 4546 et
3569 4507 3709 4564 sup-

429 4589 659 4664 pliciter
688 4589 1181 4659 obsecro,patrcs,
1204 4586 1431 4656 fratres,
1459 4590 1516 4641 et
1547 4585 1672 4648 filii,
1707 4591 1772 4641 ut
1802 4587 2064 4643 fundatis
2096 4587 2342 4643 Domino
2373 4604 2476 4659 pro
2508 4591 2711 4643 sancta
2742 4585 3030 4644 catholica
3057 4585 3317 4644 Ecclesia
3346 4603 3456 4644 sua
3486 4604 3707 4660 preces,

428 4687 607 4745 oretis
630 4704 732 4759 pro
755 4684 1255 4740 Christianissimo
1281 4684 1398 4740 filio
1423 4688 1622 4740 nostro
1647 4684 1936 4739 Ludovico
1967 4683 2317 4756 imperatore
2335 4687 2621 4759 Augusto,
2637 4689 2702 4740 ut
2721 4685 2772 4741 ei
2796 4685 2950 4740 Deus
2966 4684 3340 4756 omnipotens
3357 4685 3428 4741 ad
3448 4689 3709 4742 nostram

427 4789 770 4861 perpetuam
798 4799 1000 4856 pacem
1034 4783 1488 4838 Sarracenorum
1523 4781 1696 4837 faciat
1725 4782 2026 4838 subditam
2061 4783 2378 4838 nationem.
2413 4783 2602 4839 Oretis
2633 4783 2808 4838 etiam
2841 4800 2945 4856 pro
2977 4799 3069 4839 me
3101 4781 3292 4856 fragili
3322 4786 3380 4838 et.
3410 4782 3709 4856 imbecilli,

353 4886 390 4941 5
429 4889 492 4941 ut
523 4885 620 4940 det
652 4881 794 4938 mihi
826 4881 1094 4936 Christus
1125 4881 1397 4936 virtutem
1430 4884 1654 4935 tantam
1686 4880 1954 4936 Ecclesiae
1989 4897 2106 4936 sua:
2140 4880 2659 4937 multitudinemin
2679 4881 2988 4937 sanctitate
3006 4880 3310 4953 etjustitia
3340 4881 3708 4954 regendi,qui

426 4981 723 5040 commisit
746 4981 915 5036 beato
947 4980 1112 5034 Petro
1143 4979 1406 5050 apostolo
1437 4983 1680 5033 cunctos
1712 4995 1909 5050 regere
1942 4996 2088 5051 quos
2121 4978 2704 5052 redemitzquatenus
2731 4979 2833 5052 qui
2863 4996 3140 5035 curarum
3173 4977 3541 5036 szecularium
3573 4979 3710 5056 pul-

421 5097 555 5136 vere
585 5079 867 5152 caligans,
901 5077 1246 5149 plerumque
1279 5075 1571 5148 spiritalia
1598 5075 1796 5130 minus
1826 5075 2154 5131 luculenter
2184 5077 2434 5142 intueor,
2467 5081 2660 5132 vestra
2718 5076 2866 5132 mihi
2911 5077 3076 5150 jugis
3131 5077 3339 5144 oratio,
3371 5093 3500 5150 quae
3545 5081 3710 5135 tanto

425 5177 625 5252 purior
657 5179 874 5251 quanto
905 5177 976 5230 ab
1008 5173 1471 5248 inquinamentis
1503 5173 1698 5229 szeculi
1735 5173 2012 5230 remotior
2041 5174 2448 5241 cst,divinitus
2481 5175 2856 5248 suffragetur.
2881 5179 3144 5248 Cumque
3173 5173 3258 5230 illi
3288 5191 3392 5248 pro
3425 5191 3488 5232 se
3518 5176 3712 5249 magis

423 5275 590 5331 illum
622 5279 887 5346 oportere
922 5289 1120 5346 preces
1151 5273 1392 5327 fundere
1424 5271 1931 5342 clamitarent,qui
1951 5276 2115 5326 tanto
2134 5272 2426 5344 acceptior
2443 5273 2598 5344 apud
2618 5273 2800 5329 Deum
2833 5273 3404 5346 haberetur,quanto
3423 5272 3588 5330 solus
3605 5291 3711 5347 pro

319 5377 386 5430 10
423 5375 699 5430 omnibus
732 5373 788 5427 in
822 5372 1018 5428 labore
1053 5371 1630 5439 ferventior,intcrna
1662 5371 2036 5426 miseratione
2067 5377 2398 5428 commotus
2430 5390 2564 5428 cum
2599 5371 2873 5446 lacrymis
2896 5372 3166 5439 aitzQuia
3197 5389 3301 5445 pro
3331 5371 3504 5429 valde
3537 5373 3711 5430 bonis

423 5489 610 5536 orare,
635 5469 990 5537 charissimi,
1026 5469 1349 5542 gratiarum
1383 5469 1639 5524 actiones
1670 5469 1786 5523 Deo
1839 5467 2164 5540 persolvere
2195 5475 2303 5536 est,
2339 5475 2493 5542 peto,
2528 5474 2593 5526 ut
2625 5471 2932 5526 dominum
2965 5476 3190 5544 patrem
3221 5471 3711 5544 decessoremque

423 5585 620 5622 meum
643 5566 1084 5623 sanctissimum
1109 5571 1166 5622 et
1186 5567 1570 5622 orthodoxum
1597 5583 1809 5639 papam
1829 5565 2130 5621 Nicolaum
2151 5567 2436 5623 habentes
2459 5567 2518 5623 in
2538 5568 2748 5624 vestris
2766 5567 3131 5625 orationibus
3149 5583 3499 5624 communes
3514 5571 3710 5641 grates

421 5663 666 5718 Domino
699 5663 1103 5734 refcratis,qui
1135 5680 1268 5719 eum
1301 5663 1619 5720 Ecelesiam
1651 5681 1821 5719 suam
1849 5663 2166 5719 miseratus
2199 5665 2551 5737 elegit,etad
2569 5665 2999 5722 excludendum
3033 5665 3239 5722 mundi
3269 5665 3711 5723 tumidissimos

424 5757 720 5826 strepitus,
753 5761 905 5815 sicut
931 5761 1130 5828 Josue,
1165 5759 1363 5835 clypeo
1394 5761 1773 5836 protectionis
1803 5760 2072 5828 armavit,
2105 5765 2162 5816 et
2192 5762 2384 5835 gladio
2417 5763 2698 5838 spiritalis
2731 5763 3000 5838 potentia:
3031 5762 3345 5821 roboravit.

1464 5927 1719 5975 NOTULE
1763 5927 2149 5977 MARGINALES
2191 5930 2505 5978 FABROTTI.

352 6004 426 6079 (a)
453 6005 568 6075 41.,
603 6021 766 6066 suus.
