3922 6434
181 368 349 433 1397
876 363 1249 426 HISTORIA
1291 362 1395 425 DE
1436 362 1641 425 VITIS
1689 359 1883 425 ROM.
1921 359 2156 425 PONT.
2196 394 2275 406 —
2317 358 2779 422 STEPHANUS
2821 357 2923 420 VI.
3442 353 3599 419 1398

519 496 675 573 Apud
701 497 932 555 Peniam
959 513 1029 554 ex
1058 495 1237 553 codwe
1266 496 1512 552 Cavensi.
1872 499 1924 559 Α
2024 495 2166 549 Num
2194 493 2320 565 629,
2354 494 2437 549 lin
2469 493 2561 573 11,
2586 491 2873 573 residunt.
2907 490 2991 547 lin
3023 489 3110 558 19,
3143 489 3529 546 revertuntur.

2025 586 2168 633 Num
2196 574 2323 639 63l,
2357 575 2435 629 lin
2470 575 2521 640 4,
2551 572 2907 629 libellorum.

258 637 1301 733 ΨΕῗῖξηιλᾞ,ίφξμῗυᾙξῗῖἷῗίῖῗξῗίς
1330 637 1439 733 ,ξιξ
1486 638 1576 704 2⁴ν
1630 636 1843 691 missas
2024 662 2163 717 Num
2192 636 2318 729 637,
2353 664 2433 717 Ιίη
2471 636 2526 728 8,
2560 663 2756 733 Teque
2789 677 2901 716 rev.
2937 662 3087 732 patr.
3120 659 3205 715 lin
3241 659 3298 727 9,
3330 656 3602 715 omnibus

178 709 1621 807 °°l€9§92°;.“31_2§’Ei’3f_‘Pl°fPf!?i’.sfilim“
1680 780 1754 807 ις-
1786 782 1821 807 -τ
1955 708 2341 807 ρττοεεηιῑὺυέ
2373 708 2793 799 υοηιόεῖειῶυνν
2824 735 2907 786 ιιι·

259 788 405 840 Num
432 784 561 850 6l5,
584 783 667 838 lin
700 783 751 847 4,
785 782 1019 837 bisuros
1050 780 1282 850 uspiam
1314 780 1642 834 estimasso.
1676 780 1757 833 lin
1786 782 1842 846 7,
1956 777 2341 850 "3:22;:
2363 777 2793 850 ,::';,'";_"::;:',’

179 819 561 912 “Signia?
695 819 1024 917 ἶ
1052 819 1373 905 Ξηῗδιοιιιι-οι.
1409 852 1491 905 lin
1518 856 1609 915 2t),
1631 822 1845 905 beatis:
2025 828 2169 917 {ium
2466 823 2535 917 (ξι,
2547 822 2778 917 “lfuini”
2804 820 3161 917 dcundf‘h',‘

179 927 343 983 nimo
374 942 527 998 papa
557 901 814 998 Nicolao.
895 992 926 998 ,Α
1364 991 1397 998 __
1536 991 1548 998 _
1598 901 1609 915 ⁷
1656 992 1670 998 _

2024 902 2169 956 Num
2196 902 2322 971 639,
2357 903 2439 956 lin
2471 903 2559 968 10,
2590 901 2847 956 diximus
2876 901 3168 972 penitente
3200 901 3426 955 sortito.

259 987 406 1055 Num
435 987 560 1063 619,
586 996 669 1051 lin
696 995 753 1059 9,
777 992 1002 1066 jugiter
1028 991 1505 1066 concrepantium
1536 991 1809 1047 laudans.
1968 1061 1997 1066 _
2026 992 2171 1044 Num
2199 991 2333 1066 640,
2359 991 2441 1045 lin
2474 989 2523 1055 l,
2558 1006 2673 1044 non
2703 987 2902 1043 valens
2932 991 3157 1066 quanta
3185 1004 3333 1066 esse,
3359 1002 3544 1066 quam
3576 1002 3613 1042 a

257 1069 406 1137 ijum
432 1056 560 1133 620,
594 1068 677 1121 lin
708 1056 1023 1137 5','ju‘stitia
1054 1056 1381 1137 rectitandi.
1958 1061 2289 1137 Grrccorum
2321 1060 2896 1137 imperatore,_quam
2928 1056 3219 1137 natorum.
3246 1060 3330 1114 lin
3347 1056 3610 1137 §_,_potis-

259 1133 404 1195 Num
431 1130 557 1203 622,
592 1138 675 1192 lin
708 1130 809 1201 i2:
833 1151 1133 1191 commun.
1166 1135 1503 1205 frequenter
1532 1150 1675 1188 acc.
1960 1130 2533 1205 simumipertin‘ere.
2568 1132 2650 1187 lin
2680 1130 2771 1201 43,
2804 1131 2869 1187 14
2899 1147 3016 1187 non
3062 1130 3313 1188 videtur.
3349 1130 3612 1187 Videntur

257 1210 403 1266 Num
428 1212 557 1280 627,
591 1209 677 1265 lin
708 1209 794 1276 16,
828 1206 1199 1263 sacerdotum
1250 1204 1438 1277 usque
1485 1205 1848 1260 erecedivam
1959 1206 2149 1277 aliqua
2176 1204 2400 1259 deesse.

185 1282 375 1339 sedis.

1121 1564 1292 1637 CIX.
1352 1562 1734 1636 JOANNES
1785 1563 1933 1647 VII,
1979 1584 2157 1635 anno
2192 1561 2481 1635 Culum
2520 1558 2688 1636 872.

1373 1759 1511 1831 CX.
1569 1758 1984 1844 MARINUS,
2032 1779 2217 1831 ANNO
2256 1761 2425 1834 882.

1262 1952 1434 2025 CXI.
1492 1952 1927 2026 ADRIANUS
1978 1956 2089 2043 lli,
2146 1975 2332 2028 anno
2383 1952 2552 2027 88L.

1382 2297 1616 2369 CXII.
1672 2297 2265 2370 STEPHANUS
2319 2298 2440 2368 Vl.

1047 2435 1212 2482 anno
1240 2435 1483 2483 CHRISTI
1513 2421 1656 2495 885,
1691 2437 1905 2483 canon
1937 2437 2147 2484 cussr
2173 2423 2238 2496 7,
2268 2438 2397 2483 nn.
2431 2436 2652 2482 manu
2686 2422 2784 2484 19.

423 2554 572 2611 041
611 2552 970 2627 Stephanus,
1003 2551 1240 2609 natione
1289 2552 1609 2621 Romanus,
1642 2570 1712 2609 ex
1752 2558 1916 2627 patre
1962 2554 2239 2623 Adriano,
2260 2554 2332 2609 de
2362 2553 2599 2626 regione
2624 2552 2721 2610 via
2750 2552 2912 2621 Lata,
2942 2553 3098 2609 sedit
3141 2571 3328 2612 annos
3377 2560 3632 2629 quatuor

351 2670 584 2710 menses
615 2656 861 2725 septem,
890 2651 1016 2708 dies
1045 2651 1512 2723 quatuordecim.
1537 2652 1650 2707 Iste
1672 2651 1965 2724 siquidem
1996 2652 2376 2709 beatissimus
2408 2652 2669 2724 pontifex
2697 2650 2985 2708 nobilium
3007 2657 3318 2725 parentum
3342 2656 3633 2715 Romano-

350 2768 486 2808 rum
518 2766 751 2824 quoque
781 2748 1055 2823 prosapia
1084 2754 1272 2814 ortus,
1296 2750 1439 2804 dum
1471 2767 1576 2822 per
1605 2749 1705 2806 Dei
1728 2751 1981 2823 gratiam
2013 2755 2318 2817 cresceret,
2344 2750 2530 2806 sacris
2550 2754 2639 2805 est
2661 2750 2905 2807 edoctus
2924 2751 3324 2824 dogmatibus,
3350 2754 3547 2814 studio
3578 2761 3637 2814 et

349 2850 743 2907 sollicitudine
771 2848 1061 2905 Zachariae
1093 2848 1452 2904 sanctissimi
1483 2847 1764 2920 episcopi,
1792 2842 2214 2921 consanguinei
2247 2848 2360 2915 sui,
2385 2852 2442 2903 et
2470 2849 2626 2904 sedis
2647 2848 2977 2920 apostolicae
3007 2849 3456 2921 bibliothecarii,
3480 2867 3640 2911 cum“

270 2950 312 3007 5
354 2965 469 3022 que
500 2947 862 3021 conspiceret
890 2947 997 3020 piae
1029 2947 1322 3002 memoria:
1356 2946 1652 3001 Adrianus
1678 2946 1879 3017 junior
1910 2947 2169 3018 pontifex
2199 2945 2462 3001 moribus
2492 2944 2662 3001 bonis
2709 2945 3029 3017 pollentem’
3057 2950 3116 3002 et
3144 2945 3473 3005 litterarum
3504 2954 3637 3007 stu-

353 3044 469 3102 diis
500 3045 840 3111 ferventem,
874 3060 909 3098 a
938 3042 1214 3116 praedicto
1246 3042 1445 3098 inclito
1476 3041 1737 3113 genitore
1768 3059 1874 3097 suo
1902 3058 2036 3097 eum
2070 3042 2361 3109 auferens,
2388 3043 2459 3098 ad
2491 3042 2949 3099 subdiaconatus
2980 3044 3096 3100 Deo
3129 3044 3354 3103 favente
3382 3048 3633 3120 gradum

357 3141 637 3217 provexit,
666 3145 933 3198 statuens
963 3157 1098 3196 eum
1130 3140 1281 3195 inter
1309 3139 1455 3195 alios
1487 3139 1597 3195 sibi
1633 3138 2004 3207 familiarem,
2029 3144 2087 3195 et
2117 3139 2176 3194 in
2208 3139 2560 3211 patriarchio
2591 3140 2966 3197 Lateranensi
3000 3140 3463 3200 ecclesiasticum
3496 3162 3634 3219 per-

359 3244 631 3314 agentem
660 3238 943 3304 ofticium,
975 3242 1032 3294 et
1060 3237 1170 3293 hoc
1200 3237 1419 3292 honore
1450 3240 1720 3308 percepto
1748 3236 1927 3292 vitam
1960 3236 2085 3308 ipse
2114 3236 2281 3292 duxit
2309 3236 2661 3293 mirabilem.

432 3338 587 3396 642
617 3338 754 3393 Erat
782 3335 938 3391 enim
971 3352 1210 3407 corpore
1242 3339 1464 3401 castus,
1499 3333 1696 3389 animo
1740 3333 2065 3401 benivolus,
2099 3334 2259 3389 vultu
2292 3330 2519 3407 hilaris,
2554 3335 2785 3407 eloquio
2833 3335 3115 3409 prudens,
3148 3338 3362 3410 opibus
3408 3340 3631 3415 largus,

358 3434 592 3509 ingenio
623 3434 934 3501 facundus,
967 3432 1339 3488 monentium
1362 3431 1708 3499 consolator,
1734 3431 2094 3503 pupillorum
2122 3437 2179 3487 et
2207 3432 2451 3504 inopum
2483 3432 2790 3502 enutritor,
2813 3436 2890 3501 et,
2913 3437 2980 3489 ut
3000 3434 3349 3507 generaliter
3375 3452 3637 3512 compre-

355 3533 633 3599 hendam,
649 3531 917 3587 omnium
934 3530 1223 3586 virtutum
1247 3530 1490 3585 floribus
1513 3529 1851 3585 adornatus.
1869 3530 2255 3595 Quamobrem
2285 3529 2379 3585 hic
2401 3530 2557 3585 idem
2579 3529 3083 3587 eminentissimus
3104 3532 3317 3605 praesul
3336 3533 3634 3595 in‘sancta

357 3632 634 3687 Romana:
664 3627 933 3685 Ecclesia:
966 3626 1202 3683 servitio
1236 3626 1582 3698 perdurans,
1605 3630 1663 3681 et
1692 3625 1882 3698 magis
1910 3642 1976 3681 ac
2008 3626 2195 3699 magis
2226 3627 2579 3698 specialibus
2611 3629 2824 3685 studiis
2854 3646 3087 3699 vacans,
3111 3647 3146 3687 a
3165 3635 3487 3690 reverendae
3510 3652 3635 3694 me-

281 3732 321 3787 5
359 3728 558 3785 moriaa
589 3725 813 3783 Marino
844 3740 1078 3782 summo
1110 3724 1384 3797 pontifice
1410 3723 1555 3778 bene
1583 3728 1777 3789 notus,
1806 3728 1862 3779 et
1886 3729 2117 3780 amatus
2143 3725 2533 3781 familiaribus
2557 3726 2705 3796 ejus,
2730 3727 2929 3799 potius
2950 3733 3041 3784 est
3070 3728 3291 3786 ascitus
3310 3731 3632 3805 obsequiis.

360 3826 553 3897 Hujus
582 3839 839 3895 namque
870 3838 1005 3877 cum
1037 3818 1449 3875 castimoniam
1479 3824 1536 3875 et
1563 3821 1957 3893 prudentiam,
1990 3826 2165 3893 atque
2195 3821 2540 3878 ﬁdelitatem
2571 3823 2726 3878 idem
2758 3823 3022 3881 Marinus
3053 3842 3326 3883 summus
3356 3846 3506 3902 papa
3534 3848 3639 3904 per

359 3922 563 3980 omnia
590 3922 938 3990 intueretur,
961 3919 1033 3975 ob
1066 3934 1184 3973 sua:
1218 3916 1352 3973 fidei
1382 3922 1441 3973 et
1469 3919 1793 3990 prudentia:
1826 3919 2101 3975 merilum
2129 3920 2556 3993 manipularem
2596 3920 2708 3977 sibi
2740 3921 3046 3995 delegavit,
3067 3928 3126 3980 et
3153 3925 3301 3982 scita
3322 3943 3432 3983 sua
3458 3928 3638 4001 spiri-

362 4018 468 4077 tali
500 4017 938 4076 conversatione
960 4015 1114 4071 tituli
1136 4015 1441 4072 beatorum
1465 4021 1718 4087 quatuor
1738 4016 2155 4072 Coronatorum
2185 4018 2589 4091 presbyterum
2611 4020 2991 4088 consecravit,
3012 4026 3072 4077 et
3090 4022 3150 4079 in
3173 4023 3333 4081 nullo
3355 4042 3391 4083 a
3410 4043 3474 4084 se
3493 4028 3635 4085 dum

365 4117 511 4175 vixit
528 4118 787 4190 separari
809 4115 1099 4189 permisit.
1120 4114 1305 4188 Igitur
1324 4114 1599 4169 defuncto
1620 4114 1989 4170 recordandae
2012 4116 2305 4171 memoria;
2321 4116 2573 4172 Adriano
2596 4134 2768 4189 papa,
2782 4118 2881 4190 qui
2904 4118 3093 4175 eidem
3117 4120 3460 4180 beatissimo
3478 4140 3641 4198 papae

261 4219 332 4275 10
371 4215 597 4273 Marino
627 4217 1010 4280 successerat,
1036 4228 1214 4285 super
1242 4211 1485 4267 ﬂuvium
1517 4209 1843 4279 Scultiuna,
1876 4211 1936 4267 in
1976 4211 2115 4267 villa
2165 4229 2292 4284 quaa
2323 4214 2707 4271 Viulzachara
2736 4221 3132 4289 nuncupatur,
3164 4221 3335 4291 cujus
3383 4226 3646 4295 tempore

373 4312 622 4369 Romani
655 4312 810 4368 cives
841 4310 1026 4367 multa
1052 4313 1175 4364 tam
1207 4308 1571 4364 locustarum
1593 4309 1991 4365 devastatione
2010 4326 2189 4381 quam
2211 4315 2267 4366 et
2288 4310 2493 4383 pluviae
2526 4311 2831 4369 sterilitate
2853 4332 2955 4371 seu
2977 4316 3150 4373 famis
3171 4317 3367 4390 inopia
3387 4323 3649 4394 perpessi

375 4411 609 4467 fuerant
632 4408 1341 4471 incommoda,credentes
1366 4424 1425 4461 sc
1448 4423 1618 4478 posse
1638 4406 1816 4478 hujus
1835 4407 2182 4463 venerabilis
2205 4407 2311 4463 viri
2336 4410 2645 4466 sanctitate
2668 4411 2926 4479 relevari,
2942 4430 3045 4486 per
3064 4414 3164 4472 Dei
3186 4415 3649 4477 misericordiam

380 4508 533 4564 facto
558 4510 847 4563 conventu
877 4504 1388 4563 sanctissimorum
1417 4502 1825 4576 episcoporum
1856 4509 1913 4560 et
1942 4505 2122 4561 totius
2174 4505 2459 4563 clericalis
2491 4508 2735 4581 ordinis,
2758 4527 2981 4567 necnon
3020 4513 3305 4571 nobilium
3338 4521 3653 4576 senatuum

377 4609 435 4662 et
462 4604 723 4661 virorum
755 4603 1077 4659 illustrium
1107 4605 1281 4668 ccetu,
1307 4599 1772 4657 acclamantibus
1802 4602 2099 4671 omnibus,
2127 4620 2244 4659 una
2273 4620 2409 4659 cum
2439 4606 2600 4660 omni
2618 4607 2834 4678 populo
2865 4613 2925 4665 et
2952 4609 3262 4683 utriusque
3292 4629 3465 4671 sexus
3494 4615 3654 4690 vulgi

272 4704 346 4760 15
382 4701 983 4779 multitudine,dixere
998 4717 1012 4755 :
1028 4698 1345 4755 Dominum
1363 4698 1725 4769 Stephanum
1743 4699 2151 4771 presbyterum
2172 4704 2283 4756 Deo
2298 4701 2545 4775 dignum
2566 4720 2771 4760 omnes
2792 4706 3296 4777 volumus,omnes
3312 4712 3656 4783 querimus,

388 4805 447 4855 et
474 4801 732 4872 petimus
762 4799 932 4855 nobis
963 4814 1210 4871 praeesse
1236 4795 1602 4869 pontificem;
1625 4796 1763 4869 quia
1794 4798 2176 4869 proculdubio
2197 4800 2493 4856 credimus
2513 4803 2641 4874 ejus
2662 4804 2972 4861 sanctitate
2995 4823 3104 4862 nos
3124 4824 3297 4880 posse
3326 4808 3563 4867 liberari
3584 4812 3658 4869 ab

385 4897 839 4955 imminentibus
860 4896 1156 4969 periculis.
1172 4896 1336 4950 Tunc
1359 4893 1497 4965 quia
1519 4894 1644 4965 jam
1668 4895 2007 4951 nominatus
2032 4896 2326 4952 Adrianus
2347 4899 2603 4969 pontifex
2628 4900 2821 4956 Romae
2850 4902 3166 4975 reliquerat
3189 4905 3476 4963 Joannem
3495 4925 3665 4967 vene—

388 4995 636 5052 rabilem
666 4994 1038 5051 Ticinenscm
1069 4992 1432 5065 episcopum,
1456 4996 1521 5046 ut
1542 4991 1792 5048 missum
1813 4992 2002 5048 Caroli
2028 4994 2498 5051 excellentissimi
2532 4997 2901 5069 imperatoris
2920 5017 3026 5073 pro
3057 5002 3303 5069 tuitione
3322 5004 3515 5075 Urbis,
3537 5023 3666 5064 om-

390 5110 496 5150 nes
526 5111 663 5150 cum
696 5094 898 5150 eodem
927 5092 1117 5165 legato
1146 5089 1437 5163 imperiali
1458 5089 1654 5161 juncti
1686 5089 1996 5146 unanimes
2024 5098 2308 5147 venerunt
2336 5093 2409 5148 ad
2442 5094 2705 5164 domum,
2732 5096 2833 5153 ubi
2860 5113 2993 5153 cum
3026 5104 3192 5172 patre
3220 5100 3347 5174 ipse
3373 5102 3668 5162 almificus

279 5194 355 5249 20
392 5192 729 5264 Stephanus
751 5195 954 5248 sancto
982 5189 1379 5246 meditabatur
1398 5187 1712 5259 colloquio,
1734 5192 1793 5243 et
1821 5204 1952 5243 ecce
1973 5189 2174 5245 fractis
2197 5190 2422 5246 foribus
2443 5196 2677 5249 tenetur
2694 5199 2751 5249 et
2771 5195 3011 5252 ducitur
3038 5197 3258 5255 electus
3280 5199 3380 5255 Dei
3411 5202 3673 5273 pontifex

395 5289 467 5345 ad
490 5289 761 5345 eumdem
778 5287 1019 5344 titulum
1038 5290 1377 5343 sanctorum
1396 5288 1648 5358 quatuor
1661 5283 2080 5341 Coronatorum
2101 5287 2213 5343 sibi
2232 5288 2520 5344 creditum
2544 5289 2840 5348 reluctans
2861 5293 3205 5366 plurimum,
3220 5296 3398 5352 simul
3414 5312 3550 5353 cum
3577 5305 3677 5371 pa‘

397 5390 485 5442 tre
506 5384 970 5442 acclamantibus
993 5384 1277 5456 utrisque,
1293 5387 1350 5439 et
1374 5382 1648 5455 indignos
1672 5399 1733 5437 se
1754 5387 1918 5438 tanto
1936 5384 2153 5439 honore
2178 5386 2724 5457 proﬁtentibus.Ubi
2742 5394 2799 5445 et
2820 5408 3024 5448 omnes
3046 5399 3258 5450 sanctae
3280 5396 3555 5452 Romanae
3576 5396 3682 5454 Ec-

402 5481 592 5539 clesia
621 5482 834 5539 scholas
863 5482 1186 5555 gaudentes
1218 5481 1542 5551 conjuncta:
1571 5479 1842 5535 eumdem
1874 5483 2269 5537 venerandum
2311 5483 2559 5539 electum
2590 5485 2909 5555 trahentes,
2934 5491 3007 5545 ad
3042 5492 3682 5553 LateranenseChristo

401 5581 673 5653 prmduce
704 5581 1103 5653 perduxerunt
1123 5576 1428 5651 palatium,
1454 5593 1589 5632 cum
1612 5576 1771 5632 omni
1801 5577 2019 5634 honore
2040 5585 2096 5635 et
2117 5580 2315 5636 debita
2336 5582 2675 5638 reverentia.
2696 5582 2865 5640 Prius
2887 5587 3126 5658 quidem
3150 5607 3330 5662 quam
3352 5592 3424 5648 ad
3447 5609 3683 5650 sacrum

289 5680 367 5735 25
404 5678 732 5751 pervenerit
753 5677 1063 5750 palatium,
1088 5680 1252 5732 tanta
1276 5673 1606 5747 pluviarum
1630 5674 1862 5730 coclitus
1896 5678 2045 5731 facta
2071 5683 2159 5732 cst
2192 5677 2519 5741 inundatio,
2537 5696 2652 5750 qua
2675 5697 2782 5735 sua
2807 5682 3071 5741 ubertate
3087 5692 3304 5745 terram
3327 5708 3362 5747 a
3381 5690 3570 5748 multo
3592 5706 3687 5747 re-

406 5780 498 5832 tro
529 5779 792 5847 tempore
815 5775 1041 5831 aridam
1064 5774 1345 5837 reticeret,
1371 5778 1431 5827 ut
1464 5776 1662 5842 aperto
1685 5772 1912 5842 judicio
1935 5775 2090 5829 Deus
2123 5777 2452 5830 ostenderet
2474 5776 2620 5831 tanti
2652 5777 2916 5852 almigeri
2936 5782 3043 5837 viri
3076 5786 3303 5843 meritis
3324 5804 3391 5844 ac
3416 5789 3688 5861 precibus

409 5873 688 5929 omnibus
717 5889 780 5929 se
805 5871 952 5928 velle
982 5870 1281 5944 propitiari
1314 5868 1566 5941 populis.
1584 5870 1704 5933 Quo
1729 5869 1952 5925 scilicet
1981 5870 2038 5924 in
2063 5872 2265 5925 eodem
2299 5873 2588 5929 residente
2620 5873 2833 5945 palatio
2856 5880 3117 5949 gaudent
3137 5882 3445 5956 utriusque
3465 5882 3688 5941 ordinis

408 5984 700 6044 proceres,
720 5974 779 6027 et
808 5970 1063 6028 debitam
1090 5967 1431 6025 ﬁdelitatem
1452 5971 1746 6038 caeperunt
1768 5967 2057 6024 exhibere.
2078 5969 2159 6023 Ad
2170 5969 2431 6026 veniente
2451 5975 2649 6029 autem
2674 5973 2939 6044 proximo
2967 5977 3061 6035 die
3081 5979 3406 6049 Dominico,
3430 5982 3503 6038 ad
3528 5978 3684 6038 beati
