  <div class='ocr_page' id='page_1' title='image "/cluster/home/n/w/nwhite01/storage/ocr_20150623/127-128/uc1.31175010226572/1507.png"; bbox 0 0 3922 6392; ppageno 0'>
   <div class='ocr_carea' id='block_1_1' title="bbox 322 326 1871 396">
    <p class='ocr_par' dir='ltr' id='par_1_1' title="bbox 322 326 1871 394">
     <span class='ocr_line' id='line_1_1' title="bbox 322 326 1871 394; baseline 0.004 -6"><span class='ocrx_word' id='word_1_1' title='bbox 322 326 479 391; x_wconf 71' lang='grc'><strong>1399</strong></span> <span class='ocrx_word' id='word_1_2' title='bbox 1497 330 1871 394; x_wconf 82' lang='lat' dir='ltr'>ANASTAS]</span> 
     </span>
    </p>
   </div>
   <div class='ocr_carea' id='block_1_2' title="bbox 2204 326 3753 396">
    <p class='ocr_par' dir='ltr' id='par_1_2' title="bbox 2204 330 3753 396">
     <span class='ocr_line' id='line_1_2' title="bbox 2204 330 3753 396; baseline 0.003 -5"><span class='ocrx_word' id='word_1_3' title='bbox 2204 331 2616 394; x_wconf 57' lang='lat' dir='ltr'>DTHECARII.</span> <span class='ocrx_word' id='word_1_4' title='bbox 3589 330 3753 396; x_wconf 71' lang='grc'>1400</span> 
     </span>
    </p>
   </div>
   <div class='ocr_carea' id='block_1_3' title="bbox 463 461 3751 539">
    <p class='ocr_par' dir='ltr' id='par_1_3' title="bbox 463 461 3751 539">
     <span class='ocr_line' id='line_1_3' title="bbox 463 461 3751 539; baseline 0.002 -20"><span class='ocrx_word' id='word_1_5' title='bbox 463 462 617 520; x_wconf 89' lang='lat' dir='ltr'>Petri</span> <span class='ocrx_word' id='word_1_6' title='bbox 644 464 1043 539; x_wconf 80' lang='lat' dir='ltr'>apostolorum</span> <span class='ocrx_word' id='word_1_7' title='bbox 1063 463 1346 538; x_wconf 84' lang='lat' dir='ltr'>principis</span> <span class='ocrx_word' id='word_1_8' title='bbox 1373 464 1580 522; x_wconf 82' lang='lat' dir='ltr'>limina</span> <span class='ocrx_word' id='word_1_9' title='bbox 1600 465 1794 523; x_wconf 90' lang='lat' dir='ltr'>omnis</span> <span class='ocrx_word' id='word_1_10' title='bbox 1819 466 2086 523; x_wconf 81' lang='lat' dir='ltr'>Romana</span> <span class='ocrx_word' id='word_1_11' title='bbox 2102 464 2362 523; x_wconf 88' lang='lat' dir='ltr'>Ecclesia</span> <span class='ocrx_word' id='word_1_12' title='bbox 2380 483 2516 523; x_wconf 89' lang='lat' dir='ltr'>eum</span> <span class='ocrx_word' id='word_1_13' title='bbox 2540 464 2962 523; x_wconf 88' lang='lat' dir='ltr'>honorabiliter</span> <span class='ocrx_word' id='word_1_14' title='bbox 2981 465 3212 537; x_wconf 80' lang='lat' dir='ltr'>detulit,</span> <span class='ocrx_word' id='word_1_15' title='bbox 3239 461 3418 525; x_wconf 83' lang='lat' dir='ltr'>ubist</span> <span class='ocrx_word' id='word_1_16' title='bbox 3443 482 3751 525; x_wconf 89' lang='lat' dir='ltr'>consecra-</span> 
     </span>
    </p>
   </div>
   <div class='ocr_carea' id='block_1_4' title="bbox 353 564 3748 637">
    <p class='ocr_par' dir='ltr' id='par_1_4' title="bbox 353 564 3748 637">
     <span class='ocr_line' id='line_1_4' title="bbox 353 564 3748 637; baseline 0.001 -17"><span class='ocrx_word' id='word_1_17' title='bbox 353 565 426 620; x_wconf 81' lang='lat'>30</span> <span class='ocrx_word' id='word_1_18' title='bbox 462 567 560 620; x_wconf 91' lang='lat' dir='ltr'>tus</span> <span class='ocrx_word' id='word_1_19' title='bbox 591 565 848 637; x_wconf 77' lang='lat' dir='ltr'>pontifex</span> <span class='ocrx_word' id='word_1_20' title='bbox 879 564 1197 620; x_wconf 91' lang='lat' dir='ltr'>missarum</span> <span class='ocrx_word' id='word_1_21' title='bbox 1229 581 1297 620; x_wconf 82' lang='lat' dir='ltr'>ex</span> <span class='ocrx_word' id='word_1_22' title='bbox 1328 581 1489 621; x_wconf 92' lang='lat' dir='ltr'>more</span> <span class='ocrx_word' id='word_1_23' title='bbox 1520 564 1830 621; x_wconf 83' lang='lat' dir='ltr'>celebravit</span> <span class='ocrx_word' id='word_1_24' title='bbox 1859 565 2166 621; x_wconf 84' lang='lat' dir='ltr'>solemnia.</span> <span class='ocrx_word' id='word_1_25' title='bbox 2201 566 2271 622; x_wconf 90' lang='lat' dir='ltr'>Et</span> <span class='ocrx_word' id='word_1_26' title='bbox 2301 564 2533 622; x_wconf 91' lang='lat' dir='ltr'>rediens</span> <span class='ocrx_word' id='word_1_27' title='bbox 2564 582 2698 621; x_wconf 92' lang='lat' dir='ltr'>cum</span> <span class='ocrx_word' id='word_1_28' title='bbox 2722 565 2916 622; x_wconf 92' lang='lat' dir='ltr'>debito</span> <span class='ocrx_word' id='word_1_29' title='bbox 2947 565 3167 624; x_wconf 87' lang='lat' dir='ltr'>honore</span> <span class='ocrx_word' id='word_1_30' title='bbox 3198 583 3264 624; x_wconf 89' lang='lat' dir='ltr'>ac</span> <span class='ocrx_word' id='word_1_31' title='bbox 3294 567 3748 624; x_wconf 82' lang='lat' dir='ltr'>honorificentia</span> 
     </span>
    </p>
   </div>
   <div class='ocr_carea' id='block_1_5' title="bbox 461 662 2966 737">
    <p class='ocr_par' dir='ltr' id='par_1_5' title="bbox 461 662 2966 737">
     <span class='ocr_line' id='line_1_5' title="bbox 461 662 2966 737; baseline 0.001 -20"><span class='ocrx_word' id='word_1_32' title='bbox 461 662 532 717; x_wconf 89' lang='lat' dir='ltr'>ad</span> <span class='ocrx_word' id='word_1_33' title='bbox 566 663 954 719; x_wconf 87' lang='lat' dir='ltr'>Lateranense</span> <span class='ocrx_word' id='word_1_34' title='bbox 983 662 1289 736; x_wconf 81' lang='lat' dir='ltr'>palatium,</span> <span class='ocrx_word' id='word_1_35' title='bbox 1323 680 1496 719; x_wconf 89' lang='lat' dir='ltr'>suum</span> <span class='ocrx_word' id='word_1_36' title='bbox 1529 663 1925 720; x_wconf 81' lang='lat' dir='ltr'>ministerium</span> <span class='ocrx_word' id='word_1_37' title='bbox 1959 663 2126 720; x_wconf 89' lang='lat' dir='ltr'>miris</span> <span class='ocrx_word' id='word_1_38' title='bbox 2159 664 2332 737; x_wconf 81' lang='lat' dir='ltr'>coepit</span> <span class='ocrx_word' id='word_1_39' title='bbox 2361 665 2635 721; x_wconf 89' lang='lat' dir='ltr'>decorare</span> <span class='ocrx_word' id='word_1_40' title='bbox 2667 664 2966 737; x_wconf 83' lang='lat' dir='ltr'>operibus.</span> 
     </span>
    </p>
   </div>
   <div class='ocr_carea' id='block_1_6' title="bbox 532 759 3741 836">
    <p class='ocr_par' dir='ltr' id='par_1_6' title="bbox 532 759 3741 836">
     <span class='ocr_line' id='line_1_6' title="bbox 532 759 3741 836; baseline 0.001 -20"><span class='ocrx_word' id='word_1_41' title='bbox 532 761 684 817; x_wconf 73' lang='grc'><strong>643</strong></span> <span class='ocrx_word' id='word_1_42' title='bbox 717 761 936 817; x_wconf 88' lang='lat' dir='ltr'>Deinde</span> <span class='ocrx_word' id='word_1_43' title='bbox 965 778 1101 817; x_wconf 92' lang='lat' dir='ltr'>cum</span> <span class='ocrx_word' id='word_1_44' title='bbox 1134 761 1570 818; x_wconf 89' lang='lat' dir='ltr'>venerabilibus</span> <span class='ocrx_word' id='word_1_45' title='bbox 1600 763 1891 836; x_wconf 87' lang='lat' dir='ltr'>episcopis</span> <span class='ocrx_word' id='word_1_46' title='bbox 1921 767 1977 818; x_wconf 91' lang='lat' dir='ltr'>et</span> <span class='ocrx_word' id='word_1_47' title='bbox 2004 761 2312 835; x_wconf 83' lang='lat' dir='ltr'>Augustali</span> <span class='ocrx_word' id='word_1_48' title='bbox 2344 761 2532 835; x_wconf 87' lang='lat' dir='ltr'>legato</span> <span class='ocrx_word' id='word_1_49' title='bbox 2554 779 2620 818; x_wconf 90' lang='lat' dir='ltr'>ac</span> <span class='ocrx_word' id='word_1_50' title='bbox 2650 759 2976 818; x_wconf 88' lang='lat' dir='ltr'>honorabili</span> <span class='ocrx_word' id='word_1_51' title='bbox 3007 767 3214 819; x_wconf 85' lang='lat' dir='ltr'>senatu</span> <span class='ocrx_word' id='word_1_52' title='bbox 3247 779 3350 836; x_wconf 93' lang='lat' dir='ltr'>per</span> <span class='ocrx_word' id='word_1_53' title='bbox 3369 763 3568 820; x_wconf 86' lang='lat' dir='ltr'>omnia</span> <span class='ocrx_word' id='word_1_54' title='bbox 3591 764 3741 820; x_wconf 84' lang='lat' dir='ltr'>sacri</span> 
     </span>
    </p>
   </div>
   <div class='ocr_carea' id='block_1_7' title="bbox 453 857 3742 934">
    <p class='ocr_par' dir='ltr' id='par_1_7' title="bbox 453 857 3742 934">
     <span class='ocr_line' id='line_1_7' title="bbox 453 857 3742 934; baseline 0.002 -21"><span class='ocrx_word' id='word_1_55' title='bbox 453 857 656 930; x_wconf 84' lang='lat' dir='ltr'>palatii</span> <span class='ocrx_word' id='word_1_56' title='bbox 686 860 937 932; x_wconf 89' lang='lat' dir='ltr'>perrexit</span> <span class='ocrx_word' id='word_1_57' title='bbox 961 859 1256 928; x_wconf 80' lang='lat' dir='ltr'>vestiaris,</span> <span class='ocrx_word' id='word_1_58' title='bbox 1280 876 1406 933; x_wconf 64' lang='lat' dir='ltr'>quae</span> <span class='ocrx_word' id='word_1_59' title='bbox 1437 861 1495 915; x_wconf 91' lang='lat' dir='ltr'>in</span> <span class='ocrx_word' id='word_1_60' title='bbox 1528 865 1761 916; x_wconf 89' lang='lat' dir='ltr'>tantum</span> <span class='ocrx_word' id='word_1_61' title='bbox 1790 862 2091 918; x_wconf 85' lang='lat' dir='ltr'>devastata</span> <span class='ocrx_word' id='word_1_62' title='bbox 2113 859 2347 932; x_wconf 84' lang='lat' dir='ltr'>reperit,</span> <span class='ocrx_word' id='word_1_63' title='bbox 2374 865 2436 915; x_wconf 90' lang='lat' dir='ltr'>ut</span> <span class='ocrx_word' id='word_1_64' title='bbox 2457 861 2529 916; x_wconf 88' lang='lat' dir='ltr'>de</span> <span class='ocrx_word' id='word_1_65' title='bbox 2561 861 2808 917; x_wconf 89' lang='lat' dir='ltr'>sacratis</span> <span class='ocrx_word' id='word_1_66' title='bbox 2836 861 3015 930; x_wconf 84' lang='lat' dir='ltr'>vasis,</span> <span class='ocrx_word' id='word_1_67' title='bbox 3040 862 3259 934; x_wconf 90' lang='lat' dir='ltr'>quibus</span> <span class='ocrx_word' id='word_1_68' title='bbox 3289 879 3527 918; x_wconf 89' lang='lat' dir='ltr'>mensas</span> <span class='ocrx_word' id='word_1_69' title='bbox 3557 862 3742 919; x_wconf 86' lang='lat' dir='ltr'>teneri</span> 
     </span>
    </p>
   </div>
   <div class='ocr_carea' id='block_1_8' title="bbox 456 955 3742 1034">
    <p class='ocr_par' dir='ltr' id='par_1_8' title="bbox 456 955 3742 1034">
     <span class='ocr_line' id='line_1_8' title="bbox 456 955 3742 1034; baseline 0.002 -24"><span class='ocrx_word' id='word_1_70' title='bbox 456 955 620 1012; x_wconf 89' lang='lat' dir='ltr'>festis</span> <span class='ocrx_word' id='word_1_71' title='bbox 651 957 857 1013; x_wconf 91' lang='lat' dir='ltr'>diebus</span> <span class='ocrx_word' id='word_1_72' title='bbox 890 958 1196 1030; x_wconf 85' lang='lat' dir='ltr'>pontifices</span> <span class='ocrx_word' id='word_1_73' title='bbox 1245 963 1690 1025; x_wconf 84' lang='lat' dir='ltr'>consueverant,</span> <span class='ocrx_word' id='word_1_74' title='bbox 1725 958 2086 1032; x_wconf 88' lang='lat' dir='ltr'>paucissima</span> <span class='ocrx_word' id='word_1_75' title='bbox 2136 958 2556 1014; x_wconf 89' lang='lat' dir='ltr'>invenirentur.</span> <span class='ocrx_word' id='word_1_76' title='bbox 2591 959 2672 1015; x_wconf 89' lang='lat' dir='ltr'>De</span> <span class='ocrx_word' id='word_1_77' title='bbox 2717 959 2961 1032; x_wconf 87' lang='lat' dir='ltr'>reliquis</span> <span class='ocrx_word' id='word_1_78' title='bbox 2990 975 3124 1016; x_wconf 89' lang='lat' dir='ltr'>vero</span> <span class='ocrx_word' id='word_1_79' title='bbox 3157 961 3368 1034; x_wconf 90' lang='lat' dir='ltr'>opibus</span> <span class='ocrx_word' id='word_1_80' title='bbox 3401 960 3578 1029; x_wconf 90' lang='lat' dir='ltr'>nihil;</span> <span class='ocrx_word' id='word_1_81' title='bbox 3611 979 3742 1016; x_wconf 87' lang='lat' dir='ltr'>om-</span> 
     </span>
    </p>
   </div>
   <div class='ocr_carea' id='block_1_9' title="bbox 454 1052 3738 1132">
    <p class='ocr_par' dir='ltr' id='par_1_9' title="bbox 454 1052 3738 1132">
     <span class='ocr_line' id='line_1_9' title="bbox 454 1052 3738 1132; baseline 0.002 -25"><span class='ocrx_word' id='word_1_82' title='bbox 454 1052 622 1120; x_wconf 87' lang='lat' dir='ltr'>nino;</span> <span class='ocrx_word' id='word_1_83' title='bbox 656 1054 758 1110; x_wconf 84' lang='lat' dir='ltr'>sed</span> <span class='ocrx_word' id='word_1_84' title='bbox 791 1056 931 1128; x_wconf 89' lang='lat' dir='ltr'>quia</span> <span class='ocrx_word' id='word_1_85' title='bbox 960 1056 1243 1112; x_wconf 88' lang='lat' dir='ltr'>nimirum</span> <span class='ocrx_word' id='word_1_86' title='bbox 1275 1055 1324 1112; x_wconf 90' lang='lat' dir='ltr'>si</span> <span class='ocrx_word' id='word_1_87' title='bbox 1355 1056 1764 1113; x_wconf 88' lang='lat' dir='ltr'>vestiariorum</span> <span class='ocrx_word' id='word_1_88' title='bbox 1813 1074 1987 1131; x_wconf 84' lang='lat' dir='ltr'>gazas</span> <span class='ocrx_word' id='word_1_89' title='bbox 2021 1057 2246 1113; x_wconf 87' lang='lat' dir='ltr'>ablatas</span> <span class='ocrx_word' id='word_1_90' title='bbox 2287 1057 2520 1129; x_wconf 86' lang='lat' dir='ltr'>reperit,</span> <span class='ocrx_word' id='word_1_91' title='bbox 2545 1057 2646 1130; x_wconf 91' lang='lat' dir='ltr'>qui</span> <span class='ocrx_word' id='word_1_92' title='bbox 2692 1057 2949 1114; x_wconf 83' lang='lat' dir='ltr'>sacraria</span> <span class='ocrx_word' id='word_1_93' title='bbox 2997 1057 3344 1131; x_wconf 87' lang='lat' dir='ltr'>perquirens</span> <span class='ocrx_word' id='word_1_94' title='bbox 3366 1059 3438 1115; x_wconf 91' lang='lat' dir='ltr'>de</span> <span class='ocrx_word' id='word_1_95' title='bbox 3468 1058 3738 1132; x_wconf 88' lang='lat' dir='ltr'>pluribus</span> 
     </span>
    </p>
   </div>
   <div class='ocr_carea' id='block_1_10' title="bbox 381 1151 3725 1232">
    <p class='ocr_par' dir='ltr' id='par_1_10' title="bbox 381 1151 3725 1232">
     <span class='ocr_line' id='line_1_10' title="bbox 381 1151 3725 1232; baseline 0.002 -26"><span class='ocrx_word' id='word_1_96' title='bbox 381 1151 417 1206; x_wconf 88' lang='lat'>5</span> <span class='ocrx_word' id='word_1_97' title='bbox 455 1151 716 1209; x_wconf 88' lang='lat' dir='ltr'>donariis</span> <span class='ocrx_word' id='word_1_98' title='bbox 747 1157 804 1209; x_wconf 92' lang='lat' dir='ltr'>et</span> <span class='ocrx_word' id='word_1_99' title='bbox 832 1153 1211 1210; x_wconf 89' lang='lat' dir='ltr'>ecclesiarum</span> <span class='ocrx_word' id='word_1_100' title='bbox 1244 1155 1606 1211; x_wconf 88' lang='lat' dir='ltr'>ornamentis</span> <span class='ocrx_word' id='word_1_101' title='bbox 1637 1173 1782 1228; x_wconf 91' lang='lat' dir='ltr'>pene</span> <span class='ocrx_word' id='word_1_102' title='bbox 1816 1155 1961 1210; x_wconf 85' lang='lat' dir='ltr'>nihil</span> <span class='ocrx_word' id='word_1_103' title='bbox 1986 1155 2225 1212; x_wconf 86' lang='lat' dir='ltr'>invenit.</span> <span class='ocrx_word' id='word_1_104' title='bbox 2251 1156 2402 1212; x_wconf 79' lang='lat' dir='ltr'>Crux</span> <span class='ocrx_word' id='word_1_105' title='bbox 2422 1161 2619 1212; x_wconf 90' lang='lat' dir='ltr'>tamen</span> <span class='ocrx_word' id='word_1_106' title='bbox 2651 1173 2829 1213; x_wconf 88' lang='lat' dir='ltr'>aurea</span> <span class='ocrx_word' id='word_1_107' title='bbox 2861 1156 2963 1212; x_wconf 88' lang='lat' dir='ltr'>illa</span> <span class='ocrx_word' id='word_1_108' title='bbox 2988 1157 3408 1222; x_wconf 86' lang='lat' dir='ltr'>famosissima,</span> <span class='ocrx_word' id='word_1_109' title='bbox 3429 1175 3608 1231; x_wconf 89' lang='lat' dir='ltr'>quam</span> <span class='ocrx_word' id='word_1_110' title='bbox 3638 1159 3725 1232; x_wconf 78' lang='lat' dir='ltr'>Be-</span> 
     </span>
    </p>
   </div>
   <div class='ocr_carea' id='block_1_11' title="bbox 453 1248 3734 1329">
    <p class='ocr_par' dir='ltr' id='par_1_11' title="bbox 453 1248 3734 1329">
     <span class='ocr_line' id='line_1_11' title="bbox 453 1248 3734 1329; baseline 0.003 -26"><span class='ocrx_word' id='word_1_111' title='bbox 453 1248 691 1307; x_wconf 89' lang='lat' dir='ltr'>lisarius</span> <span class='ocrx_word' id='word_1_112' title='bbox 723 1252 1007 1324; x_wconf 90' lang='lat' dir='ltr'>patricius</span> <span class='ocrx_word' id='word_1_113' title='bbox 1027 1254 1109 1309; x_wconf 85' lang='lat' dir='ltr'>â€˜ad</span> <span class='ocrx_word' id='word_1_114' title='bbox 1144 1253 1422 1309; x_wconf 88' lang='lat' dir='ltr'>honorem</span> <span class='ocrx_word' id='word_1_115' title='bbox 1455 1253 1607 1310; x_wconf 91' lang='lat' dir='ltr'>beati</span> <span class='ocrx_word' id='word_1_116' title='bbox 1641 1253 1927 1326; x_wconf 89' lang='lat' dir='ltr'>Principis</span> <span class='ocrx_word' id='word_1_117' title='bbox 1963 1253 2106 1310; x_wconf 85' lang='lat' dir='ltr'>Petri</span> <span class='ocrx_word' id='word_1_118' title='bbox 2158 1254 2558 1326; x_wconf 87' lang='lat' dir='ltr'>apostolorum</span> <span class='ocrx_word' id='word_1_119' title='bbox 2608 1255 2890 1323; x_wconf 91' lang='lat' dir='ltr'>instituit,</span> <span class='ocrx_word' id='word_1_120' title='bbox 2917 1262 2974 1312; x_wconf 92' lang='lat' dir='ltr'>et</span> <span class='ocrx_word' id='word_1_121' title='bbox 3005 1256 3273 1329; x_wconf 64' lang='lat' dir='ltr'>plurima;</span> <span class='ocrx_word' id='word_1_122' title='bbox 3305 1255 3734 1314; x_wconf 87' lang='lat' dir='ltr'>sacratissimo-</span> 
     </span>
    </p>
   </div>
   <div class='ocr_carea' id='block_1_12' title="bbox 450 1350 3738 1428">
    <p class='ocr_par' dir='ltr' id='par_1_12' title="bbox 450 1350 3738 1428">
     <span class='ocr_line' id='line_1_12' title="bbox 450 1350 3738 1428; baseline 0.002 -24"><span class='ocrx_word' id='word_1_123' title='bbox 450 1365 683 1405; x_wconf 88' lang='lat' dir='ltr'>morum</span> <span class='ocrx_word' id='word_1_124' title='bbox 716 1350 989 1407; x_wconf 88' lang='lat' dir='ltr'>altarium</span> <span class='ocrx_word' id='word_1_125' title='bbox 1023 1369 1210 1408; x_wconf 63' lang='lat' dir='ltr'>aurea;</span> <span class='ocrx_word' id='word_1_126' title='bbox 1238 1356 1431 1408; x_wconf 87' lang='lat' dir='ltr'>vestes</span> <span class='ocrx_word' id='word_1_127' title='bbox 1461 1369 1597 1408; x_wconf 92' lang='lat' dir='ltr'>cum</span> <span class='ocrx_word' id='word_1_128' title='bbox 1627 1351 1871 1424; x_wconf 92' lang='lat' dir='ltr'>reliquis</span> <span class='ocrx_word' id='word_1_129' title='bbox 1901 1351 2173 1425; x_wconf 73' lang='lat' dir='ltr'>pretiosis</span> <span class='ocrx_word' id='word_1_130' title='bbox 2202 1353 2566 1411; x_wconf 89' lang='lat' dir='ltr'>ornamentis</span> <span class='ocrx_word' id='word_1_131' title='bbox 2599 1371 2714 1410; x_wconf 90' lang='lat' dir='ltr'>non</span> <span class='ocrx_word' id='word_1_132' title='bbox 2744 1354 3078 1411; x_wconf 82' lang='lat' dir='ltr'>defuerunt.</span> <span class='ocrx_word' id='word_1_133' title='bbox 3106 1354 3253 1411; x_wconf 83' lang='lat' dir='ltr'>Nam</span> <span class='ocrx_word' id='word_1_134' title='bbox 3284 1354 3416 1412; x_wconf 89' lang='lat' dir='ltr'>ideo</span> <span class='ocrx_word' id='word_1_135' title='bbox 3446 1355 3572 1428; x_wconf 86' lang='lat' dir='ltr'>ipse</span> <span class='ocrx_word' id='word_1_136' title='bbox 3602 1356 3738 1412; x_wconf 88' lang='lat' dir='ltr'>bea-</span> 
     </span>
    </p>
   </div>
   <div class='ocr_carea' id='block_1_13' title="bbox 448 1448 3736 1528">
    <p class='ocr_par' dir='ltr' id='par_1_13' title="bbox 448 1448 3736 1528">
     <span class='ocr_line' id='line_1_13' title="bbox 448 1448 3736 1528; baseline 0.002 -25"><span class='ocrx_word' id='word_1_137' title='bbox 448 1448 699 1506; x_wconf 90' lang='lat' dir='ltr'>tissimis</span> <span class='ocrx_word' id='word_1_138' title='bbox 729 1466 881 1522; x_wconf 90' lang='lat' dir='ltr'>papa</span> <span class='ocrx_word' id='word_1_139' title='bbox 910 1467 1106 1506; x_wconf 91' lang='lat' dir='ltr'>coram</span> <span class='ocrx_word' id='word_1_140' title='bbox 1138 1451 1317 1507; x_wconf 91' lang='lat' dir='ltr'>tantis</span> <span class='ocrx_word' id='word_1_141' title='bbox 1347 1451 1598 1508; x_wconf 87' lang='lat' dir='ltr'>testibus</span> <span class='ocrx_word' id='word_1_142' title='bbox 1627 1468 1696 1508; x_wconf 89' lang='lat' dir='ltr'>ea</span> <span class='ocrx_word' id='word_1_143' title='bbox 1727 1451 2022 1524; x_wconf 90' lang='lat' dir='ltr'>repuirere</span> <span class='ocrx_word' id='word_1_144' title='bbox 2052 1450 2322 1524; x_wconf 87' lang='lat' dir='ltr'>providit,</span> <span class='ocrx_word' id='word_1_145' title='bbox 2349 1457 2414 1508; x_wconf 91' lang='lat' dir='ltr'>ut</span> <span class='ocrx_word' id='word_1_146' title='bbox 2444 1452 2638 1509; x_wconf 91' lang='lat' dir='ltr'>cuncti</span> <span class='ocrx_word' id='word_1_147' title='bbox 2663 1458 3083 1526; x_wconf 87' lang='lat' dir='ltr'>cognoscerent</span> <span class='ocrx_word' id='word_1_148' title='bbox 3111 1453 3195 1509; x_wconf 91' lang='lat' dir='ltr'>nil</span> <span class='ocrx_word' id='word_1_149' title='bbox 3216 1452 3331 1510; x_wconf 90' lang='lat' dir='ltr'>tale</span> <span class='ocrx_word' id='word_1_150' title='bbox 3360 1452 3486 1510; x_wconf 91' lang='lat' dir='ltr'>suis</span> <span class='ocrx_word' id='word_1_151' title='bbox 3516 1458 3736 1528; x_wconf 88' lang='lat' dir='ltr'>tempo-</span> 
     </span>
    </p>
   </div>
   <div class='ocr_carea' id='block_1_14' title="bbox 449 1545 1186 1604">
    <p class='ocr_par' dir='ltr' id='par_1_14' title="bbox 449 1545 1186 1604">
     <span class='ocr_line' id='line_1_14' title="bbox 449 1545 1186 1604; baseline 0.005 -4"><span class='ocrx_word' id='word_1_152' title='bbox 449 1545 617 1603; x_wconf 89' lang='lat' dir='ltr'>ribus</span> <span class='ocrx_word' id='word_1_153' title='bbox 648 1563 776 1603; x_wconf 85' lang='lat' dir='ltr'>esse</span> <span class='ocrx_word' id='word_1_154' title='bbox 807 1551 1186 1604; x_wconf 89' lang='lat' dir='ltr'>attentatum.</span> 
     </span>
    </p>
   </div>
   <div class='ocr_carea' id='block_1_15' title="bbox 519 1645 3735 1720">
    <p class='ocr_par' dir='ltr' id='par_1_15' title="bbox 519 1645 3735 1720">
     <span class='ocr_line' id='line_1_15' title="bbox 519 1645 3735 1720; baseline 0.001 -19"><span class='ocrx_word' id='word_1_155' title='bbox 519 1645 675 1701; x_wconf 75' lang='grc'>644</span> <span class='ocrx_word' id='word_1_156' title='bbox 707 1645 926 1702; x_wconf 92' lang='lat' dir='ltr'>Idcirco</span> <span class='ocrx_word' id='word_1_157' title='bbox 957 1647 1117 1719; x_wconf 86' lang='lat' dir='ltr'>gravi</span> <span class='ocrx_word' id='word_1_158' title='bbox 1149 1663 1397 1703; x_wconf 73' lang='lat' dir='ltr'>mmrore</span> <span class='ocrx_word' id='word_1_159' title='bbox 1428 1648 1672 1703; x_wconf 74' lang='lat' dir='ltr'>affectus</span> <span class='ocrx_word' id='word_1_160' title='bbox 1702 1651 1811 1716; x_wconf 90' lang='lat' dir='ltr'>est,</span> <span class='ocrx_word' id='word_1_161' title='bbox 1838 1647 1978 1720; x_wconf 88' lang='lat' dir='ltr'>quia</span> <span class='ocrx_word' id='word_1_162' title='bbox 2026 1648 2345 1705; x_wconf 88' lang='lat' dir='ltr'>devastatis</span> <span class='ocrx_word' id='word_1_163' title='bbox 2390 1647 2683 1705; x_wconf 88' lang='lat' dir='ltr'>vestiariis</span> <span class='ocrx_word' id='word_1_164' title='bbox 2712 1648 2924 1706; x_wconf 85' lang='lat' dir='ltr'>horrea</span> <span class='ocrx_word' id='word_1_165' title='bbox 2951 1648 3130 1706; x_wconf 88' lang='lat' dir='ltr'>simul</span> <span class='ocrx_word' id='word_1_166' title='bbox 3181 1653 3240 1706; x_wconf 92' lang='lat' dir='ltr'>et</span> <span class='ocrx_word' id='word_1_167' title='bbox 3285 1648 3523 1706; x_wconf 89' lang='lat' dir='ltr'>cellaria</span> <span class='ocrx_word' id='word_1_168' title='bbox 3551 1667 3735 1705; x_wconf 90' lang='lat' dir='ltr'>vacua</span> 
     </span>
    </p>
   </div>
   <div class='ocr_carea' id='block_1_16' title="bbox 446 1741 3732 1821">
    <p class='ocr_par' dir='ltr' id='par_1_16' title="bbox 446 1741 3732 1821">
     <span class='ocr_line' id='line_1_16' title="bbox 446 1741 3732 1821; baseline 0.002 -24"><span class='ocrx_word' id='word_1_169' title='bbox 446 1742 685 1799; x_wconf 91' lang='lat' dir='ltr'>inventa</span> <span class='ocrx_word' id='word_1_170' title='bbox 715 1749 884 1813; x_wconf 88' lang='lat' dir='ltr'>sunt;</span> <span class='ocrx_word' id='word_1_171' title='bbox 917 1751 974 1800; x_wconf 92' lang='lat' dir='ltr'>et</span> <span class='ocrx_word' id='word_1_172' title='bbox 1003 1744 1142 1818; x_wconf 91' lang='lat' dir='ltr'>quid</span> <span class='ocrx_word' id='word_1_173' title='bbox 1173 1749 1439 1819; x_wconf 84' lang='lat' dir='ltr'>erogaret</span> <span class='ocrx_word' id='word_1_174' title='bbox 1468 1745 1620 1802; x_wconf 91' lang='lat' dir='ltr'>cle&#39;ro</span> <span class='ocrx_word' id='word_1_175' title='bbox 1653 1741 1711 1802; x_wconf 83' lang='lat' dir='ltr'>et</span> <span class='ocrx_word' id='word_1_176' title='bbox 1755 1745 1979 1804; x_wconf 81' lang='lat' dir='ltr'>scholis</span> <span class='ocrx_word' id='word_1_177' title='bbox 2009 1764 2124 1802; x_wconf 91' lang='lat' dir='ltr'>non</span> <span class='ocrx_word' id='word_1_178' title='bbox 2158 1745 2432 1815; x_wconf 86' lang='lat' dir='ltr'>habebat,</span> <span class='ocrx_word' id='word_1_179' title='bbox 2456 1746 2545 1803; x_wconf 91' lang='lat' dir='ltr'>vel</span> <span class='ocrx_word' id='word_1_180' title='bbox 2577 1747 2734 1802; x_wconf 90' lang='lat' dir='ltr'>unde</span> <span class='ocrx_word' id='word_1_181' title='bbox 2767 1747 3029 1820; x_wconf 90' lang='lat' dir='ltr'>captivos</span> <span class='ocrx_word' id='word_1_182' title='bbox 3075 1747 3406 1814; x_wconf 90' lang='lat' dir='ltr'>redimeret,</span> <span class='ocrx_word' id='word_1_183' title='bbox 3438 1747 3732 1821; x_wconf 88' lang='lat' dir='ltr'>orphanos</span> 
     </span>
    </p>
   </div>
   <div class='ocr_carea' id='block_1_17' title="bbox 445 1842 3730 1920">
    <p class='ocr_par' dir='ltr' id='par_1_17' title="bbox 445 1842 3730 1920">
     <span class='ocr_line' id='line_1_17' title="bbox 445 1842 3730 1920; baseline 0.002 -24"><span class='ocrx_word' id='word_1_184' title='bbox 445 1846 501 1897; x_wconf 92' lang='lat' dir='ltr'>et</span> <span class='ocrx_word' id='word_1_185' title='bbox 530 1842 738 1899; x_wconf 89' lang='lat' dir='ltr'>viduas</span> <span class='ocrx_word' id='word_1_186' title='bbox 769 1847 1032 1915; x_wconf 90' lang='lat' dir='ltr'>pasceret</span> <span class='ocrx_word' id='word_1_187' title='bbox 1062 1844 1122 1898; x_wconf 89' lang='lat' dir='ltr'>in</span> <span class='ocrx_word' id='word_1_188' title='bbox 1155 1848 1277 1899; x_wconf 89' lang='lat' dir='ltr'>tam</span> <span class='ocrx_word' id='word_1_189' title='bbox 1309 1843 1673 1900; x_wconf 86' lang='lat' dir='ltr'>validissima</span> <span class='ocrx_word' id='word_1_190' title='bbox 1703 1861 1829 1916; x_wconf 66' lang='lat' dir='ltr'>quae</span> <span class='ocrx_word' id='word_1_191' title='bbox 1861 1845 2137 1912; x_wconf 82' lang='lat' dir='ltr'>instabat,</span> <span class='ocrx_word' id='word_1_192' title='bbox 2173 1846 2347 1912; x_wconf 72' lang='lat' dir='ltr'>fame,</span> <span class='ocrx_word' id='word_1_193' title='bbox 2381 1845 2618 1902; x_wconf 88' lang='lat' dir='ltr'>carebat</span> <span class='ocrx_word' id='word_1_194' title='bbox 2657 1862 2670 1901; x_wconf 91' lang='lat'><strong>:</strong></span> <span class='ocrx_word' id='word_1_195' title='bbox 2709 1844 2852 1917; x_wconf 89' lang='lat' dir='ltr'>quid</span> <span class='ocrx_word' id='word_1_196' title='bbox 2884 1845 3140 1901; x_wconf 84' lang='lat' dir='ltr'>faceret?</span> <span class='ocrx_word' id='word_1_197' title='bbox 3169 1845 3496 1902; x_wconf 87' lang='lat' dir='ltr'>Conversus</span> <span class='ocrx_word' id='word_1_198' title='bbox 3523 1847 3594 1901; x_wconf 93' lang='lat' dir='ltr'>ad</span> <span class='ocrx_word' id='word_1_199' title='bbox 3630 1864 3730 1920; x_wconf 87' lang='lat' dir='ltr'>pa-</span> 
     </span>
    </p>
   </div>
   <div class='ocr_carea' id='block_1_18' title="bbox 444 1937 3729 2016">
    <p class='ocr_par' dir='ltr' id='par_1_18' title="bbox 444 1937 3729 2016">
     <span class='ocr_line' id='line_1_18' title="bbox 444 1937 3729 2016; baseline 0.002 -21"><span class='ocrx_word' id='word_1_200' title='bbox 444 1940 590 1996; x_wconf 84' lang='lat' dir='ltr'>trias</span> <span class='ocrx_word' id='word_1_201' title='bbox 623 1940 928 1998; x_wconf 83' lang='lat' dir='ltr'>facultates</span> <span class='ocrx_word' id='word_1_202' title='bbox 959 1959 1104 2014; x_wconf 91' lang='lat' dir='ltr'>quas</span> <span class='ocrx_word' id='word_1_203' title='bbox 1136 1941 1334 2015; x_wconf 86' lang='lat' dir='ltr'>inclyti</span> <span class='ocrx_word' id='word_1_204' title='bbox 1368 1943 1460 1998; x_wconf 87' lang='lat' dir='ltr'>sui</span> <span class='ocrx_word' id='word_1_205' title='bbox 1493 1946 1764 2015; x_wconf 84' lang='lat' dir='ltr'>parentes</span> <span class='ocrx_word' id='word_1_206' title='bbox 1816 1945 2216 2014; x_wconf 85' lang='lat' dir='ltr'>possederant,</span> <span class='ocrx_word' id='word_1_207' title='bbox 2243 1937 2505 2010; x_wconf 87' lang='lat' dir='ltr'>abstulit,</span> <span class='ocrx_word' id='word_1_208' title='bbox 2529 1947 2589 1998; x_wconf 88' lang='lat' dir='ltr'>et</span> <span class='ocrx_word' id='word_1_209' title='bbox 2642 1942 2806 2016; x_wconf 89' lang='lat' dir='ltr'>larga</span> <span class='ocrx_word' id='word_1_210' title='bbox 2844 1943 3046 1998; x_wconf 88' lang='lat' dir='ltr'>dextra</span> <span class='ocrx_word' id='word_1_211' title='bbox 3076 1948 3250 2016; x_wconf 89' lang='lat' dir='ltr'>prout</span> <span class='ocrx_word' id='word_1_212' title='bbox 3279 1948 3477 2015; x_wconf 88' lang='lat' dir='ltr'>posset</span> <span class='ocrx_word' id='word_1_213' title='bbox 3507 1961 3729 2016; x_wconf 85' lang='lat' dir='ltr'>paupe-</span> 
     </span>
    </p>
   </div>
   <div class='ocr_carea' id='block_1_19' title="bbox 369 2039 3731 2114">
    <p class='ocr_par' dir='ltr' id='par_1_19' title="bbox 369 2039 3731 2114">
     <span class='ocr_line' id='line_1_19' title="bbox 369 2039 3731 2114; baseline 0.001 -18"><span class='ocrx_word' id='word_1_214' title='bbox 369 2040 406 2096; x_wconf 89' lang='lat'><strong>5</strong></span> <span class='ocrx_word' id='word_1_215' title='bbox 447 2039 610 2095; x_wconf 91' lang='lat' dir='ltr'>ribus</span> <span class='ocrx_word' id='word_1_216' title='bbox 641 2045 920 2113; x_wconf 88' lang='lat' dir='ltr'>erogavtt,</span> <span class='ocrx_word' id='word_1_217' title='bbox 947 2043 1004 2095; x_wconf 93' lang='lat' dir='ltr'>et</span> <span class='ocrx_word' id='word_1_218' title='bbox 1036 2040 1118 2096; x_wconf 90' lang='lat' dir='ltr'>ita</span> <span class='ocrx_word' id='word_1_219' title='bbox 1147 2040 1262 2096; x_wconf 92' lang='lat' dir='ltr'>Deo</span> <span class='ocrx_word' id='word_1_220' title='bbox 1293 2040 1612 2096; x_wconf 88' lang='lat' dir='ltr'>miserante</span> <span class='ocrx_word' id='word_1_221' title='bbox 1651 2041 1872 2096; x_wconf 90' lang='lat' dir='ltr'>factum</span> <span class='ocrx_word' id='word_1_222' title='bbox 1905 2046 1994 2097; x_wconf 92' lang='lat' dir='ltr'>est</span> <span class='ocrx_word' id='word_1_223' title='bbox 2026 2045 2091 2096; x_wconf 92' lang='lat' dir='ltr'>ut</span> <span class='ocrx_word' id='word_1_224' title='bbox 2140 2041 2313 2097; x_wconf 90' lang='lat' dir='ltr'>famis</span> <span class='ocrx_word' id='word_1_225' title='bbox 2363 2041 2622 2113; x_wconf 88' lang='lat' dir='ltr'>inopiam</span> <span class='ocrx_word' id='word_1_226' title='bbox 2680 2058 2786 2097; x_wconf 91' lang='lat' dir='ltr'>suo</span> <span class='ocrx_word' id='word_1_227' title='bbox 2835 2040 3031 2097; x_wconf 92' lang='lat' dir='ltr'>studio</span> <span class='ocrx_word' id='word_1_228' title='bbox 3080 2040 3396 2114; x_wconf 85' lang='lat' dir='ltr'>mitigaret.</span> <span class='ocrx_word' id='word_1_229' title='bbox 3433 2041 3731 2098; x_wconf 85' lang='lat' dir='ltr'>Ministros</span> 
     </span>
    </p>
   </div>
   <div class='ocr_carea' id='block_1_20' title="bbox 444 2127 3732 2212">
    <p class='ocr_par' dir='ltr' id='par_1_20' title="bbox 444 2127 3732 2212">
     <span class='ocr_line' id='line_1_20' title="bbox 444 2127 3732 2212; baseline 0.001 -19"><span class='ocrx_word' id='word_1_230' title='bbox 444 2137 642 2210; x_wconf 88' lang='lat' dir='ltr'>itaque</span> <span class='ocrx_word' id='word_1_231' title='bbox 671 2143 728 2194; x_wconf 91' lang='lat' dir='ltr'>et</span> <span class='ocrx_word' id='word_1_232' title='bbox 757 2137 1074 2194; x_wconf 78' lang='lat' dir='ltr'>familiares</span> <span class='ocrx_word' id='word_1_233' title='bbox 1105 2137 1242 2194; x_wconf 87' lang='lat' dir='ltr'>hinc</span> <span class='ocrx_word' id='word_1_234' title='bbox 1273 2139 1405 2195; x_wconf 86' lang='lat' dir='ltr'>inde</span> <span class='ocrx_word' id='word_1_235' title='bbox 1452 2139 1800 2212; x_wconf 80' lang='lat' dir='ltr'>perquirens</span> <span class='ocrx_word' id='word_1_236' title='bbox 1849 2138 1998 2195; x_wconf 83' lang='lat' dir='ltr'>tales</span> <span class='ocrx_word' id='word_1_237' title='bbox 2029 2138 2156 2195; x_wconf 77' lang='lat' dir='ltr'>sois</span> <span class='ocrx_word' id='word_1_238' title='bbox 2177 2134 2488 2211; x_wconf 50' lang='lat' dir='ltr'>&#39;obsequiis</span> <span class='ocrx_word' id='word_1_239' title='bbox 2519 2130 2875 2212; x_wconf 84' lang='lat' dir='ltr'>aggregavit,</span> <span class='ocrx_word' id='word_1_240' title='bbox 2901 2129 3002 2212; x_wconf 87' lang='lat' dir='ltr'>qui</span> <span class='ocrx_word' id='word_1_241' title='bbox 3053 2129 3110 2194; x_wconf 85' lang='lat' dir='ltr'>et</span> <span class='ocrx_word' id='word_1_242' title='bbox 3155 2128 3286 2194; x_wconf 72' lang='lat' dir='ltr'>vitae</span> <span class='ocrx_word' id='word_1_243' title='bbox 3337 2127 3646 2195; x_wconf 84' lang='lat' dir='ltr'>sanctitate</span> <span class='ocrx_word' id='word_1_244' title='bbox 3673 2127 3732 2196; x_wconf 86' lang='lat' dir='ltr'>et</span> 
     </span>
    </p>
   </div>
   <div class='ocr_carea' id='block_1_21' title="bbox 442 2236 3728 2310">
    <p class='ocr_par' dir='ltr' id='par_1_21' title="bbox 442 2236 3728 2310">
     <span class='ocr_line' id='line_1_21' title="bbox 442 2236 3728 2310; baseline 0.001 -18"><span class='ocrx_word' id='word_1_245' title='bbox 442 2236 577 2292; x_wconf 83' lang='lat' dir='ltr'>fidei</span> <span class='ocrx_word' id='word_1_246' title='bbox 609 2236 944 2293; x_wconf 89' lang='lat' dir='ltr'>sinceritate</span> <span class='ocrx_word' id='word_1_247' title='bbox 973 2241 1030 2292; x_wconf 93' lang='lat' dir='ltr'>et</span> <span class='ocrx_word' id='word_1_248' title='bbox 1059 2237 1360 2309; x_wconf 71' lang='lat' dir='ltr'>sapientiae</span> <span class='ocrx_word' id='word_1_249' title='bbox 1393 2236 1662 2292; x_wconf 86' lang='lat' dir='ltr'>doctrina</span> <span class='ocrx_word' id='word_1_250' title='bbox 1691 2240 1748 2292; x_wconf 90' lang='lat' dir='ltr'>et</span> <span class='ocrx_word' id='word_1_251' title='bbox 1778 2236 2124 2310; x_wconf 62' lang='lat' dir='ltr'>eloquentiae</span> <span class='ocrx_word' id='word_1_252' title='bbox 2170 2238 2525 2293; x_wconf 80' lang='lat' dir='ltr'>fecunditate</span> <span class='ocrx_word' id='word_1_253' title='bbox 2556 2243 2614 2293; x_wconf 90' lang='lat' dir='ltr'>et</span> <span class='ocrx_word' id='word_1_254' title='bbox 2642 2255 2873 2293; x_wconf 88' lang='lat' dir='ltr'>morum</span> <span class='ocrx_word' id='word_1_255' title='bbox 2909 2237 3197 2310; x_wconf 88' lang='lat' dir='ltr'>probitate</span> <span class='ocrx_word' id='word_1_256' title='bbox 3246 2237 3551 2310; x_wconf 91' lang='lat' dir='ltr'>pollerent.</span> <span class='ocrx_word' id='word_1_257' title='bbox 3586 2241 3728 2294; x_wconf 91' lang='lat' dir='ltr'>Cum</span> 
     </span>
    </p>
   </div>
   <div class='ocr_carea' id='block_1_22' title="bbox 441 2333 3732 2407">
    <p class='ocr_par' dir='ltr' id='par_1_22' title="bbox 441 2333 3732 2407">
     <span class='ocr_line' id='line_1_22' title="bbox 441 2333 3732 2407; baseline 0.001 -18"><span class='ocrx_word' id='word_1_258' title='bbox 441 2338 637 2390; x_wconf 89' lang='lat' dir='ltr'>autem</span> <span class='ocrx_word' id='word_1_259' title='bbox 669 2335 740 2390; x_wconf 89' lang='lat' dir='ltr'>ad</span> <span class='ocrx_word' id='word_1_260' title='bbox 774 2334 1089 2406; x_wconf 87' lang='lat' dir='ltr'>prandium</span> <span class='ocrx_word' id='word_1_261' title='bbox 1121 2335 1382 2403; x_wconf 87' lang='lat' dir='ltr'>sedebat,</span> <span class='ocrx_word' id='word_1_262' title='bbox 1419 2334 1714 2406; x_wconf 88' lang='lat' dir='ltr'>orphanos</span> <span class='ocrx_word' id='word_1_263' title='bbox 1737 2335 2000 2407; x_wconf 91' lang='lat' dir='ltr'>quotidie</span> <span class='ocrx_word' id='word_1_264' title='bbox 2033 2334 2371 2400; x_wconf 88' lang='lat' dir='ltr'>advocabat,</span> <span class='ocrx_word' id='word_1_265' title='bbox 2397 2351 2544 2406; x_wconf 90' lang='lat' dir='ltr'>quos</span> <span class='ocrx_word' id='word_1_266' title='bbox 2577 2339 2642 2389; x_wconf 90' lang='lat' dir='ltr'>ut</span> <span class='ocrx_word' id='word_1_267' title='bbox 2675 2334 2825 2389; x_wconf 84' lang='lat' dir='ltr'>filios</span> <span class='ocrx_word' id='word_1_268' title='bbox 2847 2333 3058 2390; x_wconf 90' lang='lat' dir='ltr'>alebat.</span> <span class='ocrx_word' id='word_1_269' title='bbox 3085 2334 3444 2391; x_wconf 89' lang='lat' dir='ltr'>Convocatos</span> <span class='ocrx_word' id='word_1_270' title='bbox 3471 2352 3604 2392; x_wconf 90' lang='lat' dir='ltr'>vero</span> <span class='ocrx_word' id='word_1_271' title='bbox 3635 2353 3732 2392; x_wconf 84' lang='lat' dir='ltr'>no-</span> 
     </span>
    </p>
   </div>
   <div class='ocr_carea' id='block_1_23' title="bbox 439 2424 3730 2506">
    <p class='ocr_par' dir='ltr' id='par_1_23' title="bbox 439 2424 3730 2506">
     <span class='ocr_line' id='line_1_23' title="bbox 439 2424 3730 2506; baseline 0.001 -19"><span class='ocrx_word' id='word_1_272' title='bbox 439 2431 588 2488; x_wconf 88' lang='lat' dir='ltr'>biles</span> <span class='ocrx_word' id='word_1_273' title='bbox 620 2449 756 2488; x_wconf 90' lang='lat' dir='ltr'>cum</span> <span class='ocrx_word' id='word_1_274' title='bbox 787 2432 1083 2504; x_wconf 92' lang='lat' dir='ltr'>corporeis</span> <span class='ocrx_word' id='word_1_275' title='bbox 1114 2437 1380 2504; x_wconf 89' lang='lat' dir='ltr'>pasceret</span> <span class='ocrx_word' id='word_1_276' title='bbox 1435 2432 1603 2501; x_wconf 89' lang='lat' dir='ltr'>cibis,</span> <span class='ocrx_word' id='word_1_277' title='bbox 1638 2424 2051 2506; x_wconf 76' lang='lat' dir='ltr'>spiritualibus</span> <span class='ocrx_word' id='word_1_278' title='bbox 2098 2431 2290 2506; x_wconf 91' lang='lat' dir='ltr'>epulis</span> <span class='ocrx_word' id='word_1_279' title='bbox 2339 2430 2651 2488; x_wconf 76' lang='lat' dir='ltr'>refovebat.</span> <span class='ocrx_word' id='word_1_280' title='bbox 2687 2433 2755 2488; x_wconf 88' lang='lat' dir='ltr'>Et</span> <span class='ocrx_word' id='word_1_281' title='bbox 2784 2433 3015 2488; x_wconf 90' lang='lat' dir='ltr'>tantum</span> <span class='ocrx_word' id='word_1_282' title='bbox 3048 2433 3148 2488; x_wconf 90' lang='lat' dir='ltr'>Dei</span> <span class='ocrx_word' id='word_1_283' title='bbox 3197 2433 3467 2488; x_wconf 90' lang='lat' dir='ltr'>timorem</span> <span class='ocrx_word' id='word_1_284' title='bbox 3517 2433 3730 2490; x_wconf 89' lang='lat' dir='ltr'>mentis</span> 
     </span>
    </p>
   </div>
   <div class='ocr_carea' id='block_1_24' title="bbox 331 2529 3728 2604">
    <p class='ocr_par' dir='ltr' id='par_1_24' title="bbox 331 2529 3728 2604">
     <span class='ocr_line' id='line_1_24' title="bbox 331 2529 3728 2604; baseline 0 -16"><span class='ocrx_word' id='word_1_285' title='bbox 331 2531 401 2588; x_wconf 77' lang='lat' dir='ltr'>iO</span> <span class='ocrx_word' id='word_1_286' title='bbox 438 2529 625 2586; x_wconf 90' lang='lat' dir='ltr'>oculis</span> <span class='ocrx_word' id='word_1_287' title='bbox 657 2530 898 2594; x_wconf 91' lang='lat' dir='ltr'>ferebat,</span> <span class='ocrx_word' id='word_1_288' title='bbox 933 2535 990 2586; x_wconf 89' lang='lat' dir='ltr'>et</span> <span class='ocrx_word' id='word_1_289' title='bbox 1019 2529 1079 2585; x_wconf 92' lang='lat' dir='ltr'>in</span> <span class='ocrx_word' id='word_1_290' title='bbox 1109 2530 1326 2586; x_wconf 90' lang='lat' dir='ltr'>divinis</span> <span class='ocrx_word' id='word_1_291' title='bbox 1356 2529 1634 2586; x_wconf 84' lang='lat' dir='ltr'>laudibus</span> <span class='ocrx_word' id='word_1_292' title='bbox 1665 2530 2000 2599; x_wconf 89' lang='lat' dir='ltr'>insistebat,</span> <span class='ocrx_word' id='word_1_293' title='bbox 2035 2534 2102 2587; x_wconf 92' lang='lat' dir='ltr'>ut</span> <span class='ocrx_word' id='word_1_294' title='bbox 2131 2531 2203 2587; x_wconf 92' lang='lat' dir='ltr'>ad</span> <span class='ocrx_word' id='word_1_295' title='bbox 2247 2533 2377 2604; x_wconf 86' lang='lat' dir='ltr'>ejus</span> <span class='ocrx_word' id='word_1_296' title='bbox 2417 2530 2729 2604; x_wconf 88' lang='lat' dir='ltr'>prandium</span> <span class='ocrx_word' id='word_1_297' title='bbox 2763 2545 2931 2586; x_wconf 88' lang='lat' dir='ltr'>sacra</span> <span class='ocrx_word' id='word_1_298' title='bbox 2962 2547 3066 2603; x_wconf 86' lang='lat' dir='ltr'>per</span> <span class='ocrx_word' id='word_1_299' title='bbox 3091 2529 3360 2604; x_wconf 84' lang='lat' dir='ltr'>singulos</span> <span class='ocrx_word' id='word_1_300' title='bbox 3405 2529 3530 2586; x_wconf 91' lang='lat' dir='ltr'>dies</span> <span class='ocrx_word' id='word_1_301' title='bbox 3561 2530 3728 2588; x_wconf 88' lang='lat' dir='ltr'>lectio</span> 
     </span>
    </p>
   </div>
   <div class='ocr_carea' id='block_1_25' title="bbox 439 2623 3728 2701">
    <p class='ocr_par' dir='ltr' id='par_1_25' title="bbox 439 2623 3728 2701">
     <span class='ocr_line' id='line_1_25' title="bbox 439 2623 3728 2701; baseline 0 -18"><span class='ocrx_word' id='word_1_302' title='bbox 439 2627 804 2684; x_wconf 89' lang='lat' dir='ltr'>recitaretur.</span> <span class='ocrx_word' id='word_1_303' title='bbox 839 2627 1155 2684; x_wconf 91' lang='lat' dir='ltr'>Missarum</span> <span class='ocrx_word' id='word_1_304' title='bbox 1189 2632 1384 2684; x_wconf 88' lang='lat' dir='ltr'>autem</span> <span class='ocrx_word' id='word_1_305' title='bbox 1415 2627 1706 2684; x_wconf 90' lang='lat' dir='ltr'>solemnia</span> <span class='ocrx_word' id='word_1_306' title='bbox 1737 2628 1998 2701; x_wconf 90' lang='lat' dir='ltr'>quotidie</span> <span class='ocrx_word' id='word_1_307' title='bbox 2038 2627 2389 2696; x_wconf 88' lang='lat' dir='ltr'>celebrabat,</span> <span class='ocrx_word' id='word_1_308' title='bbox 2414 2623 2583 2684; x_wconf 88' lang='lat' dir='ltr'>nocte</span> <span class='ocrx_word' id='word_1_309' title='bbox 2615 2645 2680 2683; x_wconf 92' lang='lat' dir='ltr'>ac</span> <span class='ocrx_word' id='word_1_310' title='bbox 2713 2627 2804 2683; x_wconf 91' lang='lat' dir='ltr'>die</span> <span class='ocrx_word' id='word_1_311' title='bbox 2843 2627 3091 2683; x_wconf 80' lang='lat' dir='ltr'>Orationi</span> <span class='ocrx_word' id='word_1_312' title='bbox 3125 2627 3458 2698; x_wconf 88' lang='lat' dir='ltr'>insistebat,</span> <span class='ocrx_word' id='word_1_313' title='bbox 3488 2632 3545 2685; x_wconf 89' lang='lat' dir='ltr'>et</span> <span class='ocrx_word' id='word_1_314' title='bbox 3574 2645 3728 2684; x_wconf 90' lang='lat' dir='ltr'>nun-</span> 
     </span>
    </p>
   </div>
   <div class='ocr_carea' id='block_1_26' title="bbox 439 2725 3725 2800">
    <p class='ocr_par' dir='ltr' id='par_1_26' title="bbox 439 2725 3725 2800">
     <span class='ocr_line' id='line_1_26' title="bbox 439 2725 3725 2800; baseline 0.002 -20"><span class='ocrx_word' id='word_1_315' title='bbox 439 2742 619 2798; x_wconf 90' lang='lat' dir='ltr'>quam</span> <span class='ocrx_word' id='word_1_316' title='bbox 643 2725 989 2798; x_wconf 89' lang='lat' dir='ltr'>psalmodiis</span> <span class='ocrx_word' id='word_1_317' title='bbox 1011 2726 1300 2792; x_wconf 88' lang='lat' dir='ltr'>cessabat,</span> <span class='ocrx_word' id='word_1_318' title='bbox 1321 2725 1436 2781; x_wconf 90' lang='lat' dir='ltr'>nisi</span> <span class='ocrx_word' id='word_1_319' title='bbox 1459 2743 1595 2782; x_wconf 90' lang='lat' dir='ltr'>cum</span> <span class='ocrx_word' id='word_1_320' title='bbox 1619 2726 1901 2783; x_wconf 90' lang='lat' dir='ltr'>utilitates</span> <span class='ocrx_word' id='word_1_321' title='bbox 1921 2725 2121 2800; x_wconf 91' lang='lat' dir='ltr'>populi</span> <span class='ocrx_word' id='word_1_322' title='bbox 2145 2729 2215 2783; x_wconf 89' lang='lat' dir='ltr'>ad</span> <span class='ocrx_word' id='word_1_323' title='bbox 2240 2743 2302 2783; x_wconf 91' lang='lat' dir='ltr'>se</span> <span class='ocrx_word' id='word_1_324' title='bbox 2325 2726 2702 2782; x_wconf 86' lang='lat' dir='ltr'>reclamantis</span> <span class='ocrx_word' id='word_1_325' title='bbox 2727 2726 3003 2798; x_wconf 80' lang='lat' dir='ltr'>perficere</span> <span class='ocrx_word' id='word_1_326' title='bbox 3022 2726 3316 2798; x_wconf 86' lang='lat' dir='ltr'>cupiebat,</span> <span class='ocrx_word' id='word_1_327' title='bbox 3331 2731 3398 2782; x_wconf 86' lang='lat' dir='ltr'>ut</span> <span class='ocrx_word' id='word_1_328' title='bbox 3417 2733 3725 2800; x_wconf 87' lang='lat' dir='ltr'>oppressos</span> 
     </span>
    </p>
   </div>
   <div class='ocr_carea' id='block_1_27' title="bbox 437 2822 3724 2898">
    <p class='ocr_par' dir='ltr' id='par_1_27' title="bbox 437 2822 3724 2898">
     <span class='ocr_line' id='line_1_27' title="bbox 437 2822 3724 2898; baseline 0 -18"><span class='ocrx_word' id='word_1_329' title='bbox 437 2822 772 2880; x_wconf 89' lang='lat' dir='ltr'>sublevaret</span> <span class='ocrx_word' id='word_1_330' title='bbox 800 2828 859 2880; x_wconf 89' lang='lat' dir='ltr'>et</span> <span class='ocrx_word' id='word_1_331' title='bbox 892 2823 1129 2880; x_wconf 83' lang='lat' dir='ltr'>afflictis</span> <span class='ocrx_word' id='word_1_332' title='bbox 1159 2823 1517 2880; x_wconf 87' lang='lat' dir='ltr'>subveniret.</span> <span class='ocrx_word' id='word_1_333' title='bbox 1547 2825 1804 2880; x_wconf 85' lang='lat' dir='ltr'>lntuitus</span> <span class='ocrx_word' id='word_1_334' title='bbox 1825 2841 1959 2881; x_wconf 91' lang='lat' dir='ltr'>vero</span> <span class='ocrx_word' id='word_1_335' title='bbox 1990 2823 2366 2892; x_wconf 89' lang='lat' dir='ltr'>insolentiam</span> <span class='ocrx_word' id='word_1_336' title='bbox 2387 2824 2609 2898; x_wconf 90' lang='lat' dir='ltr'>populi,</span> <span class='ocrx_word' id='word_1_337' title='bbox 2633 2828 2690 2880; x_wconf 92' lang='lat' dir='ltr'>et</span> <span class='ocrx_word' id='word_1_338' title='bbox 2719 2822 3038 2879; x_wconf 69' lang='lat' dir='ltr'>czecitatem</span> <span class='ocrx_word' id='word_1_339' title='bbox 3069 2824 3262 2880; x_wconf 91' lang='lat' dir='ltr'>cordis</span> <span class='ocrx_word' id='word_1_340' title='bbox 3283 2823 3376 2881; x_wconf 92' lang='lat' dir='ltr'>sui</span> <span class='ocrx_word' id='word_1_341' title='bbox 3397 2825 3724 2898; x_wconf 89' lang='lat' dir='ltr'>vaniloquis</span> 
     </span>
    </p>
   </div>
   <div class='ocr_carea' id='block_1_28' title="bbox 439 2921 3723 2995">
    <p class='ocr_par' dir='ltr' id='par_1_28' title="bbox 439 2921 3723 2995">
     <span class='ocr_line' id='line_1_28' title="bbox 439 2921 3723 2995; baseline 0 -17"><span class='ocrx_word' id='word_1_342' title='bbox 439 2927 497 2978; x_wconf 92' lang='lat' dir='ltr'>et</span> <span class='ocrx_word' id='word_1_343' title='bbox 527 2922 768 2979; x_wconf 89' lang='lat' dir='ltr'>nefariis</span> <span class='ocrx_word' id='word_1_344' title='bbox 798 2922 1013 2978; x_wconf 89' lang='lat' dir='ltr'>fabulis</span> <span class='ocrx_word' id='word_1_345' title='bbox 1043 2927 1102 2978; x_wconf 92' lang='lat' dir='ltr'>et</span> <span class='ocrx_word' id='word_1_346' title='bbox 1131 2922 1335 2978; x_wconf 90' lang='lat' dir='ltr'>otiosis</span> <span class='ocrx_word' id='word_1_347' title='bbox 1367 2922 1740 2978; x_wconf 89' lang='lat' dir='ltr'>sermonibus</span> <span class='ocrx_word' id='word_1_348' title='bbox 1767 2922 2028 2978; x_wconf 88' lang='lat' dir='ltr'>vacantis</span> <span class='ocrx_word' id='word_1_349' title='bbox 2057 2922 2116 2978; x_wconf 92' lang='lat' dir='ltr'>in</span> <span class='ocrx_word' id='word_1_350' title='bbox 2139 2921 2405 2988; x_wconf 82' lang='lat' dir='ltr'>ecclesia,</span> <span class='ocrx_word' id='word_1_351' title='bbox 2428 2927 2485 2978; x_wconf 91' lang='lat' dir='ltr'>et</span> <span class='ocrx_word' id='word_1_352' title='bbox 2515 2922 2761 2978; x_wconf 89' lang='lat' dir='ltr'>audiens</span> <span class='ocrx_word' id='word_1_353' title='bbox 2792 2921 3080 2993; x_wconf 89' lang='lat' dir='ltr'>quosdam</span> <span class='ocrx_word' id='word_1_354' title='bbox 3104 2921 3380 2995; x_wconf 85' lang='lat' dir='ltr'>vulgante</span> <span class='ocrx_word' id='word_1_355' title='bbox 3411 2923 3570 2978; x_wconf 88' lang='lat' dir='ltr'>fama</span> <span class='ocrx_word' id='word_1_356' title='bbox 3597 2939 3723 2978; x_wconf 89' lang='lat' dir='ltr'>ma-</span> 
     </span>
    </p>
   </div>
   <div class='ocr_carea' id='block_1_29' title="bbox 336 3015 3726 3092">
    <p class='ocr_par' dir='ltr' id='par_1_29' title="bbox 336 3015 3726 3092">
     <span class='ocr_line' id='line_1_29' title="bbox 336 3015 3726 3092; baseline -0 -14"><span class='ocrx_word' id='word_1_357' title='bbox 336 3023 404 3078; x_wconf 86' lang='grc'>15</span> <span class='ocrx_word' id='word_1_358' title='bbox 443 3021 648 3078; x_wconf 82' lang='lat' dir='ltr'>leï¬ciis</span> <span class='ocrx_word' id='word_1_359' title='bbox 679 3025 735 3077; x_wconf 92' lang='lat' dir='ltr'>et</span> <span class='ocrx_word' id='word_1_360' title='bbox 765 3021 1264 3077; x_wconf 87' lang='lat' dir='ltr'>incantationibus</span> <span class='ocrx_word' id='word_1_361' title='bbox 1295 3020 1380 3076; x_wconf 91' lang='lat' dir='ltr'>uti</span> <span class='ocrx_word' id='word_1_362' title='bbox 1410 3020 1521 3076; x_wconf 91' lang='lat' dir='ltr'>hac</span> <span class='ocrx_word' id='word_1_363' title='bbox 1553 3019 1905 3076; x_wconf 89' lang='lat' dir='ltr'>allocutione</span> <span class='ocrx_word' id='word_1_364' title='bbox 1937 3021 2182 3076; x_wconf 89' lang='lat' dir='ltr'>missam</span> <span class='ocrx_word' id='word_1_365' title='bbox 2212 3019 2516 3076; x_wconf 90' lang='lat' dir='ltr'>celebrans</span> <span class='ocrx_word' id='word_1_366' title='bbox 2547 3018 2831 3092; x_wconf 89' lang='lat' dir='ltr'>populum</span> <span class='ocrx_word' id='word_1_367' title='bbox 2863 3019 3206 3075; x_wconf 89' lang='lat' dir='ltr'>admonuit:</span> <span class='ocrx_word' id='word_1_368' title='bbox 3243 3015 3603 3077; x_wconf 83' lang='lat' dir='ltr'>Filialionem</span> <span class='ocrx_word' id='word_1_369' title='bbox 3633 3037 3726 3077; x_wconf 80' lang='lat' dir='ltr'>ve-</span> 
     </span>
    </p>
   </div>
   <div class='ocr_carea' id='block_1_30' title="bbox 442 3113 3724 3193">
    <p class='ocr_par' dir='ltr' id='par_1_30' title="bbox 442 3113 3724 3193">
     <span class='ocr_line' id='line_1_30' title="bbox 442 3113 3724 3193; baseline -0 -16"><span class='ocrx_word' id='word_1_370' title='bbox 442 3126 647 3188; x_wconf 88' lang='lat' dir='ltr'>stram,</span> <span class='ocrx_word' id='word_1_371' title='bbox 673 3120 1029 3189; x_wconf 86' lang='lat' dir='ltr'>charissimi,</span> <span class='ocrx_word' id='word_1_372' title='bbox 1063 3135 1528 3187; x_wconf 89' lang='lat' dir='ltr'>commonemus,</span> <span class='ocrx_word' id='word_1_373' title='bbox 1562 3123 1629 3174; x_wconf 90' lang='lat' dir='ltr'>ut</span> <span class='ocrx_word' id='word_1_374' title='bbox 1656 3120 2064 3176; x_wconf 89' lang='lat' dir='ltr'>convenientes</span> <span class='ocrx_word' id='word_1_375' title='bbox 2105 3118 2177 3175; x_wconf 89' lang='lat' dir='ltr'>ad</span> <span class='ocrx_word' id='word_1_376' title='bbox 2229 3113 2684 3174; x_wconf 85' lang='lat' dir='ltr'>sacritissimum</span> <span class='ocrx_word' id='word_1_377' title='bbox 2718 3118 2813 3174; x_wconf 85' lang='lat' dir='ltr'>Dei</span> <span class='ocrx_word' id='word_1_378' title='bbox 2847 3117 3131 3191; x_wconf 89' lang='lat' dir='ltr'>templum</span> <span class='ocrx_word' id='word_1_379' title='bbox 3164 3119 3222 3174; x_wconf 90' lang='lat' dir='ltr'>id</span> <span class='ocrx_word' id='word_1_380' title='bbox 3255 3118 3566 3192; x_wconf 87' lang='lat' dir='ltr'>diligenter</span> <span class='ocrx_word' id='word_1_381' title='bbox 3590 3137 3724 3193; x_wconf 90' lang='lat' dir='ltr'>per-</span> 
     </span>
    </p>
   </div>
   <div class='ocr_carea' id='block_1_31' title="bbox 439 3215 3722 3290">
    <p class='ocr_par' dir='ltr' id='par_1_31' title="bbox 439 3215 3722 3290">
     <span class='ocr_line' id='line_1_31' title="bbox 439 3215 3722 3290; baseline -0.001 -15"><span class='ocrx_word' id='word_1_382' title='bbox 439 3224 690 3276; x_wconf 88' lang='lat' dir='ltr'>tractare</span> <span class='ocrx_word' id='word_1_383' title='bbox 723 3219 1030 3286; x_wconf 73' lang='lat' dir='ltr'>studeatis,</span> <span class='ocrx_word' id='word_1_384' title='bbox 1065 3219 1138 3274; x_wconf 88' lang='lat' dir='ltr'>ad</span> <span class='ocrx_word' id='word_1_385' title='bbox 1170 3218 1323 3290; x_wconf 90' lang='lat' dir='ltr'>quod</span> <span class='ocrx_word' id='word_1_386' title='bbox 1357 3217 1618 3274; x_wconf 89' lang='lat' dir='ltr'>venistis.</span> <span class='ocrx_word' id='word_1_387' title='bbox 1644 3217 1703 3273; x_wconf 93' lang='lat' dir='ltr'>Si</span> <span class='ocrx_word' id='word_1_388' title='bbox 1736 3217 1894 3274; x_wconf 88' lang='lat' dir='ltr'>enim</span> <span class='ocrx_word' id='word_1_389' title='bbox 1923 3218 2207 3274; x_wconf 90' lang='lat' dir='ltr'>veraciter</span> <span class='ocrx_word' id='word_1_390' title='bbox 2235 3215 2520 3289; x_wconf 88' lang='lat' dir='ltr'>templum</span> <span class='ocrx_word' id='word_1_391' title='bbox 2556 3216 2648 3272; x_wconf 90' lang='lat' dir='ltr'>Dei</span> <span class='ocrx_word' id='word_1_392' title='bbox 2683 3231 2811 3273; x_wconf 86' lang='lat' dir='ltr'>esse</span> <span class='ocrx_word' id='word_1_393' title='bbox 2841 3216 3082 3272; x_wconf 87' lang='lat' dir='ltr'>creditis</span> <span class='ocrx_word' id='word_1_394' title='bbox 3113 3216 3258 3272; x_wconf 92' lang='lat' dir='ltr'>illud</span> <span class='ocrx_word' id='word_1_395' title='bbox 3290 3217 3360 3272; x_wconf 84' lang='lat' dir='ltr'>ad</span> <span class='ocrx_word' id='word_1_396' title='bbox 3393 3219 3550 3290; x_wconf 90' lang='lat' dir='ltr'>quod</span> <span class='ocrx_word' id='word_1_397' title='bbox 3581 3235 3722 3274; x_wconf 84' lang='lat' dir='ltr'>con-</span> 
     </span>
    </p>
   </div>
   <div class='ocr_carea' id='block_1_32' title="bbox 437 3303 3722 3390">
    <p class='ocr_par' dir='ltr' id='par_1_32' title="bbox 437 3303 3722 3390">
     <span class='ocr_line' id='line_1_32' title="bbox 437 3303 3722 3390; baseline -0 -17"><span class='ocrx_word' id='word_1_398' title='bbox 437 3318 672 3385; x_wconf 84' lang='lat' dir='ltr'>venitis,</span> <span class='ocrx_word' id='word_1_399' title='bbox 698 3317 757 3372; x_wconf 91' lang='lat' dir='ltr'>id</span> <span class='ocrx_word' id='word_1_400' title='bbox 787 3315 1174 3390; x_wconf 88' lang='lat' dir='ltr'>proculdubio</span> <span class='ocrx_word' id='word_1_401' title='bbox 1204 3315 1348 3372; x_wconf 92' lang='lat' dir='ltr'>inibi</span> <span class='ocrx_word' id='word_1_402' title='bbox 1382 3315 1607 3386; x_wconf 90' lang='lat' dir='ltr'>operari</span> <span class='ocrx_word' id='word_1_403' title='bbox 1641 3315 1866 3372; x_wconf 88' lang='lat' dir='ltr'>debetis</span> <span class='ocrx_word' id='word_1_404' title='bbox 1897 3316 2053 3388; x_wconf 90' lang='lat' dir='ltr'>quod</span> <span class='ocrx_word' id='word_1_405' title='bbox 2087 3315 2138 3371; x_wconf 90' lang='lat' dir='ltr'>ei</span> <span class='ocrx_word' id='word_1_406' title='bbox 2172 3313 2398 3388; x_wconf 85' lang='lat' dir='ltr'>placeat</span> <span class='ocrx_word' id='word_1_407' title='bbox 2429 3315 2603 3386; x_wconf 90' lang='lat' dir='ltr'>cujus</span> <span class='ocrx_word' id='word_1_408' title='bbox 2635 3313 2926 3387; x_wconf 90' lang='lat' dir='ltr'>templum</span> <span class='ocrx_word' id='word_1_409' title='bbox 2955 3319 3065 3383; x_wconf 91' lang='lat' dir='ltr'>est,</span> <span class='ocrx_word' id='word_1_410' title='bbox 3089 3315 3160 3370; x_wconf 90' lang='lat' dir='ltr'>ad</span> <span class='ocrx_word' id='word_1_411' title='bbox 3191 3303 3346 3388; x_wconf 89' lang='lat' dir='ltr'>quod</span> <span class='ocrx_word' id='word_1_412' title='bbox 3379 3315 3722 3372; x_wconf 88' lang='lat' dir='ltr'>convenitis.</span> 
     </span>
    </p>
   </div>
   <div class='ocr_carea' id='block_1_33' title="bbox 438 3411 3725 3489">
    <p class='ocr_par' dir='ltr' id='par_1_33' title="bbox 438 3411 3725 3489">
     <span class='ocr_line' id='line_1_33' title="bbox 438 3411 3725 3489; baseline -0.001 -16"><span class='ocrx_word' id='word_1_413' title='bbox 438 3417 584 3473; x_wconf 87' lang='lat' dir='ltr'>Cum</span> <span class='ocrx_word' id='word_1_414' title='bbox 619 3416 777 3473; x_wconf 92' lang='lat' dir='ltr'>enim</span> <span class='ocrx_word' id='word_1_415' title='bbox 805 3416 1022 3489; x_wconf 90' lang='lat' dir='ltr'>ubique</span> <span class='ocrx_word' id='word_1_416' title='bbox 1051 3415 1208 3471; x_wconf 89' lang='lat' dir='ltr'>Deus</span> <span class='ocrx_word' id='word_1_417' title='bbox 1238 3415 1334 3483; x_wconf 91' lang='lat' dir='ltr'>sit,</span> <span class='ocrx_word' id='word_1_418' title='bbox 1367 3415 1426 3470; x_wconf 88' lang='lat' dir='ltr'>in</span> <span class='ocrx_word' id='word_1_419' title='bbox 1461 3431 1566 3470; x_wconf 92' lang='lat' dir='ltr'>suo</span> <span class='ocrx_word' id='word_1_420' title='bbox 1596 3417 1793 3470; x_wconf 91' lang='lat' dir='ltr'>tamen</span> <span class='ocrx_word' id='word_1_421' title='bbox 1824 3413 2044 3487; x_wconf 88' lang='lat' dir='ltr'>templo</span> <span class='ocrx_word' id='word_1_422' title='bbox 2073 3413 2404 3486; x_wconf 88' lang='lat' dir='ltr'>specialiter</span> <span class='ocrx_word' id='word_1_423' title='bbox 2425 3414 2596 3469; x_wconf 89' lang='lat' dir='ltr'>debet</span> <span class='ocrx_word' id='word_1_424' title='bbox 2618 3411 2857 3486; x_wconf 89' lang='lat' dir='ltr'>requiri,</span> <span class='ocrx_word' id='word_1_425' title='bbox 2882 3417 2940 3468; x_wconf 91' lang='lat' dir='ltr'>et</span> <span class='ocrx_word' id='word_1_426' title='bbox 2969 3417 3258 3485; x_wconf 90' lang='lat' dir='ltr'>quantum</span> <span class='ocrx_word' id='word_1_427' title='bbox 3290 3413 3416 3486; x_wconf 92' lang='lat' dir='ltr'>ipse</span> <span class='ocrx_word' id='word_1_428' title='bbox 3437 3413 3725 3487; x_wconf 87' lang='lat' dir='ltr'>inspirare</span> 
     </span>
    </p>
   </div>
   <div class='ocr_carea' id='block_1_34' title="bbox 325 3511 3724 3590">
    <p class='ocr_par' dir='ltr' id='par_1_34' title="bbox 325 3511 3724 3590">
     <span class='ocr_line' id='line_1_34' title="bbox 325 3511 3724 3590; baseline -0.002 -16"><span class='ocrx_word' id='word_1_429' title='bbox 325 3519 398 3574; x_wconf 86' lang='lat' dir='ltr'>2O</span> <span class='ocrx_word' id='word_1_430' title='bbox 436 3516 715 3590; x_wconf 88' lang='lat' dir='ltr'>dignatus</span> <span class='ocrx_word' id='word_1_431' title='bbox 747 3513 922 3571; x_wconf 91' lang='lat' dir='ltr'>fuerit</span> <span class='ocrx_word' id='word_1_432' title='bbox 947 3513 1114 3582; x_wconf 91' lang='lat' dir='ltr'>inibi,</span> <span class='ocrx_word' id='word_1_433' title='bbox 1140 3514 1297 3586; x_wconf 90' lang='lat' dir='ltr'>quod</span> <span class='ocrx_word' id='word_1_434' title='bbox 1331 3513 1380 3570; x_wconf 92' lang='lat' dir='ltr'>ei</span> <span class='ocrx_word' id='word_1_435' title='bbox 1415 3513 1659 3586; x_wconf 90' lang='lat' dir='ltr'>placeat,</span> <span class='ocrx_word' id='word_1_436' title='bbox 1685 3512 1857 3568; x_wconf 91' lang='lat' dir='ltr'>debet</span> <span class='ocrx_word' id='word_1_437' title='bbox 1887 3513 2097 3584; x_wconf 85' lang='lat' dir='ltr'>expeti.</span> <span class='ocrx_word' id='word_1_438' title='bbox 2123 3513 2224 3568; x_wconf 87' lang='lat' dir='ltr'>Est</span> <span class='ocrx_word' id='word_1_439' title='bbox 2247 3511 2430 3585; x_wconf 88' lang='lat' dir='ltr'>igitur</span> <span class='ocrx_word' id='word_1_440' title='bbox 2461 3511 2794 3567; x_wconf 88' lang='lat' dir='ltr'>misericors</span> <span class='ocrx_word' id='word_1_441' title='bbox 2825 3512 2994 3579; x_wconf 89' lang='lat' dir='ltr'>Deus,</span> <span class='ocrx_word' id='word_1_442' title='bbox 3020 3511 3102 3566; x_wconf 86' lang='lat' dir='ltr'>ita</span> <span class='ocrx_word' id='word_1_443' title='bbox 3120 3516 3320 3567; x_wconf 89' lang='lat' dir='ltr'>tamen</span> <span class='ocrx_word' id='word_1_444' title='bbox 3349 3528 3519 3567; x_wconf 88' lang='lat' dir='ltr'>suam</span> <span class='ocrx_word' id='word_1_445' title='bbox 3553 3512 3724 3569; x_wconf 83' lang='lat' dir='ltr'>mise-</span> 
     </span>
    </p>
   </div>
   <div class='ocr_carea' id='block_1_35' title="bbox 435 3608 3724 3684">
    <p class='ocr_par' dir='ltr' id='par_1_35' title="bbox 435 3608 3724 3684">
     <span class='ocr_line' id='line_1_35' title="bbox 435 3608 3724 3684; baseline -0.001 -14"><span class='ocrx_word' id='word_1_446' title='bbox 435 3614 750 3671; x_wconf 91' lang='lat' dir='ltr'>ricordiam</span> <span class='ocrx_word' id='word_1_447' title='bbox 775 3613 1094 3684; x_wconf 91' lang='lat' dir='ltr'>unicuique</span> <span class='ocrx_word' id='word_1_448' title='bbox 1115 3612 1375 3684; x_wconf 91' lang='lat' dir='ltr'>disponit</span> <span class='ocrx_word' id='word_1_449' title='bbox 1405 3611 1715 3684; x_wconf 87' lang='lat' dir='ltr'>impertiri,</span> <span class='ocrx_word' id='word_1_450' title='bbox 1742 3615 1808 3666; x_wconf 90' lang='lat' dir='ltr'>ut</span> <span class='ocrx_word' id='word_1_451' title='bbox 1836 3611 2180 3683; x_wconf 88' lang='lat' dir='ltr'>rogantibus</span> <span class='ocrx_word' id='word_1_452' title='bbox 2202 3627 2329 3666; x_wconf 91' lang='lat' dir='ltr'>eam</span> <span class='ocrx_word' id='word_1_453' title='bbox 2353 3609 2578 3664; x_wconf 90' lang='lat' dir='ltr'>tribuat</span> <span class='ocrx_word' id='word_1_454' title='bbox 2599 3625 2714 3663; x_wconf 90' lang='lat' dir='ltr'>non</span> <span class='ocrx_word' id='word_1_455' title='bbox 2737 3608 3005 3681; x_wconf 87' lang='lat' dir='ltr'>ingratis,</span> <span class='ocrx_word' id='word_1_456' title='bbox 3029 3613 3088 3666; x_wconf 89' lang='lat' dir='ltr'>et</span> <span class='ocrx_word' id='word_1_457' title='bbox 3106 3612 3269 3665; x_wconf 90' lang='lat' dir='ltr'>tanto</span> <span class='ocrx_word' id='word_1_458' title='bbox 3298 3609 3535 3682; x_wconf 89' lang='lat' dir='ltr'>largiori</span> <span class='ocrx_word' id='word_1_459' title='bbox 3559 3609 3724 3668; x_wconf 87' lang='lat' dir='ltr'>illam</span> 
     </span>
    </p>
   </div>
   <div class='ocr_carea' id='block_1_36' title="bbox 436 3706 3725 3782">
    <p class='ocr_par' dir='ltr' id='par_1_36' title="bbox 436 3706 3725 3782">
     <span class='ocr_line' id='line_1_36' title="bbox 436 3706 3725 3782; baseline -0.002 -13"><span class='ocrx_word' id='word_1_460' title='bbox 436 3713 659 3769; x_wconf 88' lang='lat' dir='ltr'>tribuat</span> <span class='ocrx_word' id='word_1_461' title='bbox 689 3710 1007 3782; x_wconf 86' lang='lat' dir='ltr'>unicuique</span> <span class='ocrx_word' id='word_1_462' title='bbox 1039 3709 1270 3782; x_wconf 87' lang='lat' dir='ltr'>pietate,</span> <span class='ocrx_word' id='word_1_463' title='bbox 1304 3714 1526 3780; x_wconf 88' lang='lat' dir='ltr'>quanto</span> <span class='ocrx_word' id='word_1_464' title='bbox 1559 3708 1884 3781; x_wconf 88' lang='lat' dir='ltr'>majoribus</span> <span class='ocrx_word' id='word_1_465' title='bbox 1913 3708 2235 3781; x_wconf 90' lang='lat' dir='ltr'>gemitibus</span> <span class='ocrx_word' id='word_1_466' title='bbox 2257 3713 2314 3764; x_wconf 90' lang='lat' dir='ltr'>et</span> <span class='ocrx_word' id='word_1_467' title='bbox 2335 3707 2652 3764; x_wconf 88' lang='lat' dir='ltr'>ardentiori</span> <span class='ocrx_word' id='word_1_468' title='bbox 2675 3707 2871 3763; x_wconf 88' lang='lat' dir='ltr'>animo</span> <span class='ocrx_word' id='word_1_469' title='bbox 2895 3707 3070 3762; x_wconf 87' lang='lat' dir='ltr'>fuerit</span> <span class='ocrx_word' id='word_1_470' title='bbox 3099 3723 3134 3762; x_wconf 90' lang='lat' dir='ltr'>a</span> <span class='ocrx_word' id='word_1_471' title='bbox 3161 3706 3424 3778; x_wconf 90' lang='lat' dir='ltr'>quolibet</span> <span class='ocrx_word' id='word_1_472' title='bbox 3454 3707 3725 3781; x_wconf 85' lang='lat' dir='ltr'>depreca-</span> 
     </span>
    </p>
   </div>
   <div class='ocr_carea' id='block_1_37' title="bbox 436 3805 3723 3880">
    <p class='ocr_par' dir='ltr' id='par_1_37' title="bbox 436 3805 3723 3880">
     <span class='ocr_line' id='line_1_37' title="bbox 436 3805 3723 3880; baseline -0.001 -13"><span class='ocrx_word' id='word_1_473' title='bbox 436 3815 555 3876; x_wconf 85' lang='lat' dir='ltr'>tus,</span> <span class='ocrx_word' id='word_1_474' title='bbox 586 3810 740 3866; x_wconf 92' lang='lat' dir='ltr'>sicut</span> <span class='ocrx_word' id='word_1_475' title='bbox 769 3809 894 3880; x_wconf 91' lang='lat' dir='ltr'>ipse</span> <span class='ocrx_word' id='word_1_476' title='bbox 926 3808 1067 3864; x_wconf 91' lang='lat' dir='ltr'>dicit</span> <span class='ocrx_word' id='word_1_477' title='bbox 1099 3825 1112 3864; x_wconf 91' lang='lat'>:</span> <span class='ocrx_word' id='word_1_478' title='bbox 1147 3809 1516 3863; x_wconf 76' lang='lat' dir='ltr'>Dimittuntur</span> <span class='ocrx_word' id='word_1_479' title='bbox 1556 3809 1612 3863; x_wconf 85' lang='lat' dir='ltr'>ei</span> <span class='ocrx_word' id='word_1_480' title='bbox 1645 3815 1863 3878; x_wconf 81' lang='lat' dir='ltr'>peccata</span> <span class='ocrx_word' id='word_1_481' title='bbox 1889 3806 2088 3872; x_wconf 80' lang='lat' dir='ltr'>multa,</span> <span class='ocrx_word' id='word_1_482' title='bbox 2113 3807 2245 3877; x_wconf 84' lang='lat' dir='ltr'>quia</span> <span class='ocrx_word' id='word_1_483' title='bbox 2273 3805 2473 3861; x_wconf 77' lang='lat' dir='ltr'>dilexit</span> <span class='ocrx_word' id='word_1_484' title='bbox 2499 3807 2739 3862; x_wconf 79' lang='lat' dir='ltr'>multum</span> <span class='ocrx_word' id='word_1_485' title='bbox 2760 3807 2856 3878; x_wconf 84' lang='grc' dir='ltr'>(Î±).</span> <span class='ocrx_word' id='word_1_486' title='bbox 2883 3805 2983 3861; x_wconf 88' lang='lat' dir='ltr'>Est</span> <span class='ocrx_word' id='word_1_487' title='bbox 3013 3821 3267 3878; x_wconf 88' lang='lat' dir='ltr'>namque</span> <span class='ocrx_word' id='word_1_488' title='bbox 3296 3805 3586 3879; x_wconf 83' lang='lat' dir='ltr'>templum</span> <span class='ocrx_word' id='word_1_489' title='bbox 3620 3807 3723 3864; x_wconf 87' lang='lat' dir='ltr'>Dei</span> 
     </span>
    </p>
   </div>
   <div class='ocr_carea' id='block_1_38' title="bbox 433 3902 3724 3978">
    <p class='ocr_par' dir='ltr' id='par_1_38' title="bbox 433 3902 3724 3978">
     <span class='ocr_line' id='line_1_38' title="bbox 433 3902 3724 3978; baseline -0.001 -13"><span class='ocrx_word' id='word_1_490' title='bbox 433 3910 598 3966; x_wconf 91' lang='lat' dir='ltr'>locus</span> <span class='ocrx_word' id='word_1_491' title='bbox 629 3906 930 3973; x_wconf 91' lang='lat' dir='ltr'>orationis,</span> <span class='ocrx_word' id='word_1_492' title='bbox 966 3905 1119 3962; x_wconf 90' lang='lat' dir='ltr'>sicut</span> <span class='ocrx_word' id='word_1_493' title='bbox 1149 3905 1274 3978; x_wconf 90' lang='lat' dir='ltr'>ipse</span> <span class='ocrx_word' id='word_1_494' title='bbox 1305 3904 1520 3960; x_wconf 89' lang='lat' dir='ltr'>alicubi</span> <span class='ocrx_word' id='word_1_495' title='bbox 1553 3905 1697 3960; x_wconf 91' lang='lat' dir='ltr'>dicit</span> <span class='ocrx_word' id='word_1_496' title='bbox 1727 3921 1740 3960; x_wconf 86' lang='lat'><strong>:</strong></span> <span class='ocrx_word' id='word_1_497' title='bbox 1780 3909 1986 3960; x_wconf 86' lang='lat' dir='ltr'>Domus</span> <span class='ocrx_word' id='word_1_498' title='bbox 2027 3919 2148 3960; x_wconf 87' lang='lat' dir='ltr'>mea</span> <span class='ocrx_word' id='word_1_499' title='bbox 2175 3902 2368 3958; x_wconf 79' lang='lat' dir='ltr'>domus</span> <span class='ocrx_word' id='word_1_500' title='bbox 2397 3905 2664 3960; x_wconf 82' lang='lat' dir='ltr'>orationis</span> <span class='ocrx_word' id='word_1_501' title='bbox 2694 3913 2772 3960; x_wconf 83' lang='lat' dir='ltr'>est</span> <span class='ocrx_word' id='word_1_502' title='bbox 2812 3904 3020 3959; x_wconf 80' lang='lat' dir='ltr'>cunctis</span> <span class='ocrx_word' id='word_1_503' title='bbox 3047 3904 3300 3972; x_wconf 82' lang='lat' dir='ltr'>gentibus</span> <span class='ocrx_word' id='word_1_504' title='bbox 3328 3904 3427 3973; x_wconf 85' lang='lat' dir='ltr'>(b).</span> <span class='ocrx_word' id='word_1_505' title='bbox 3462 3904 3533 3960; x_wconf 90' lang='lat' dir='ltr'>Et</span> <span class='ocrx_word' id='word_1_506' title='bbox 3561 3905 3724 3963; x_wconf 89' lang='lat' dir='ltr'>Psal-</span> 
     </span>
    </p>
   </div>
   <div class='ocr_carea' id='block_1_39' title="bbox 324 3998 3723 4076">
    <p class='ocr_par' dir='ltr' id='par_1_39' title="bbox 324 3998 3723 4076">
     <span class='ocr_line' id='line_1_39' title="bbox 324 3998 3723 4076; baseline -0.001 -11"><span class='ocrx_word' id='word_1_507' title='bbox 324 4011 398 4065; x_wconf 83' lang='lat'>25</span> <span class='ocrx_word' id='word_1_508' title='bbox 436 4006 612 4063; x_wconf 90' lang='lat' dir='ltr'>mista</span> <span class='ocrx_word' id='word_1_509' title='bbox 645 4022 658 4060; x_wconf 89' lang='lat'><strong>:</strong></span> <span class='ocrx_word' id='word_1_510' title='bbox 692 4006 921 4062; x_wconf 87' lang='lat' dir='ltr'>Domum</span> <span class='ocrx_word' id='word_1_511' title='bbox 948 4012 1100 4060; x_wconf 84' lang='lat' dir='ltr'>tuam</span> <span class='ocrx_word' id='word_1_512' title='bbox 1128 4003 1316 4060; x_wconf 82' lang='lat' dir='ltr'>decent</span> <span class='ocrx_word' id='word_1_513' title='bbox 1351 4011 1562 4072; x_wconf 82' lang='lat' dir='ltr'>sancta,</span> <span class='ocrx_word' id='word_1_514' title='bbox 1596 4003 1824 4058; x_wconf 81' lang='lat' dir='ltr'>Domine</span> <span class='ocrx_word' id='word_1_515' title='bbox 1847 4005 1939 4072; x_wconf 76' lang='grc' dir='ltr'>(Î¸).</span> <span class='ocrx_word' id='word_1_516' title='bbox 1962 4002 2187 4074; x_wconf 88' lang='lat' dir='ltr'>Quippe</span> <span class='ocrx_word' id='word_1_517' title='bbox 2235 4000 2287 4056; x_wconf 90' lang='lat' dir='ltr'>si</span> <span class='ocrx_word' id='word_1_518' title='bbox 2335 4000 2615 4057; x_wconf 89' lang='lat' dir='ltr'>orationis</span> <span class='ocrx_word' id='word_1_519' title='bbox 2647 4001 2858 4057; x_wconf 89' lang='lat' dir='ltr'>domus</span> <span class='ocrx_word' id='word_1_520' title='bbox 2887 4003 2995 4067; x_wconf 88' lang='lat' dir='ltr'>est,</span> <span class='ocrx_word' id='word_1_521' title='bbox 3028 3999 3087 4054; x_wconf 89' lang='lat' dir='ltr'>id</span> <span class='ocrx_word' id='word_1_522' title='bbox 3139 3998 3221 4054; x_wconf 90' lang='lat' dir='ltr'>ibi</span> <span class='ocrx_word' id='word_1_523' title='bbox 3269 4005 3499 4072; x_wconf 90' lang='lat' dir='ltr'>oportet</span> <span class='ocrx_word' id='word_1_524' title='bbox 3549 4019 3723 4076; x_wconf 87' lang='lat' dir='ltr'>agere</span> 
     </span>
    </p>
   </div>
   <div class='ocr_carea' id='block_1_40' title="bbox 435 4097 3721 4178">
    <p class='ocr_par' dir='ltr' id='par_1_40' title="bbox 435 4097 3721 4178">
     <span class='ocr_line' id='line_1_40' title="bbox 435 4097 3721 4178; baseline -0.001 -18"><span class='ocrx_word' id='word_1_525' title='bbox 435 4104 591 4178; x_wconf 93' lang='lat' dir='ltr'>quod</span> <span class='ocrx_word' id='word_1_526' title='bbox 622 4108 881 4168; x_wconf 92' lang='lat' dir='ltr'>vocatur,</span> <span class='ocrx_word' id='word_1_527' title='bbox 907 4102 963 4157; x_wconf 92' lang='lat' dir='ltr'>id</span> <span class='ocrx_word' id='word_1_528' title='bbox 995 4106 1084 4158; x_wconf 90' lang='lat' dir='ltr'>est</span> <span class='ocrx_word' id='word_1_529' title='bbox 1112 4119 1298 4171; x_wconf 90' lang='lat' dir='ltr'>orare,</span> <span class='ocrx_word' id='word_1_530' title='bbox 1321 4100 1590 4174; x_wconf 90' lang='lat' dir='ltr'>psallere,</span> <span class='ocrx_word' id='word_1_531' title='bbox 1616 4104 1854 4173; x_wconf 89' lang='lat' dir='ltr'>peccata</span> <span class='ocrx_word' id='word_1_532' title='bbox 1882 4099 2167 4168; x_wconf 84' lang='lat' dir='ltr'>conï¬teri,</span> <span class='ocrx_word' id='word_1_533' title='bbox 2191 4099 2410 4155; x_wconf 88' lang='lat' dir='ltr'>amaris</span> <span class='ocrx_word' id='word_1_534' title='bbox 2432 4098 2733 4154; x_wconf 92' lang='lat' dir='ltr'>oculorum</span> <span class='ocrx_word' id='word_1_535' title='bbox 2767 4098 3039 4172; x_wconf 83' lang='lat' dir='ltr'>lacrymis</span> <span class='ocrx_word' id='word_1_536' title='bbox 3070 4101 3127 4154; x_wconf 89' lang='lat' dir='ltr'>et</span> <span class='ocrx_word' id='word_1_537' title='bbox 3148 4097 3367 4154; x_wconf 89' lang='lat' dir='ltr'>mentis</span> <span class='ocrx_word' id='word_1_538' title='bbox 3398 4099 3721 4172; x_wconf 86' lang='lat' dir='ltr'>gemitibus</span> 
     </span>
    </p>
   </div>
   <div class='ocr_carea' id='block_1_41' title="bbox 433 4195 3723 4269">
    <p class='ocr_par' dir='ltr' id='par_1_41' title="bbox 433 4195 3723 4269">
     <span class='ocr_line' id='line_1_41' title="bbox 433 4195 3723 4269; baseline -0.002 -9"><span class='ocrx_word' id='word_1_539' title='bbox 433 4204 648 4260; x_wconf 91' lang='lat' dir='ltr'>delicta</span> <span class='ocrx_word' id='word_1_540' title='bbox 678 4201 936 4269; x_wconf 88' lang='lat' dir='ltr'>abluere,</span> <span class='ocrx_word' id='word_1_541' title='bbox 970 4206 1025 4258; x_wconf 93' lang='lat' dir='ltr'>et</span> <span class='ocrx_word' id='word_1_542' title='bbox 1065 4201 1416 4257; x_wconf 80' lang='lat' dir='ltr'>tiducialiter</span> <span class='ocrx_word' id='word_1_543' title='bbox 1469 4199 1699 4256; x_wconf 88' lang='lat' dir='ltr'>veniam</span> <span class='ocrx_word' id='word_1_544' title='bbox 1758 4199 1829 4253; x_wconf 90' lang='lat' dir='ltr'>de</span> <span class='ocrx_word' id='word_1_545' title='bbox 1885 4197 2220 4254; x_wconf 89' lang='lat' dir='ltr'>commissis</span> <span class='ocrx_word' id='word_1_546' title='bbox 2249 4195 2439 4269; x_wconf 92' lang='lat' dir='ltr'>culpis</span> <span class='ocrx_word' id='word_1_547' title='bbox 2469 4196 2805 4269; x_wconf 89' lang='lat' dir='ltr'>implorare.</span> <span class='ocrx_word' id='word_1_548' title='bbox 2838 4197 2940 4252; x_wconf 86' lang='lat' dir='ltr'>Est</span> <span class='ocrx_word' id='word_1_549' title='bbox 2969 4196 3189 4269; x_wconf 86' lang='lat' dir='ltr'>quippe</span> <span class='ocrx_word' id='word_1_550' title='bbox 3247 4195 3327 4253; x_wconf 89' lang='lat' dir='ltr'>ibi</span> <span class='ocrx_word' id='word_1_551' title='bbox 3387 4196 3723 4269; x_wconf 89' lang='lat' dir='ltr'>specialiter</span> 
     </span>
    </p>
   </div>
   <div class='ocr_carea' id='block_1_42' title="bbox 431 4295 3716 4376">
    <p class='ocr_par' dir='ltr' id='par_1_42' title="bbox 431 4295 3716 4376">
     <span class='ocr_line' id='line_1_42' title="bbox 431 4295 3716 4376; baseline -0.002 -16"><span class='ocrx_word' id='word_1_552' title='bbox 431 4307 731 4376; x_wconf 88' lang='lat' dir='ltr'>respectus</span> <span class='ocrx_word' id='word_1_553' title='bbox 761 4300 1015 4356; x_wconf 90' lang='lat' dir='ltr'>divinus.</span> <span class='ocrx_word' id='word_1_554' title='bbox 1049 4299 1352 4355; x_wconf 81' lang='lat' dir='ltr'>Assistunt</span> <span class='ocrx_word' id='word_1_555' title='bbox 1379 4298 1460 4354; x_wconf 92' lang='lat' dir='ltr'>ibi</span> <span class='ocrx_word' id='word_1_556' title='bbox 1492 4296 1739 4371; x_wconf 90' lang='lat' dir='ltr'>angelici</span> <span class='ocrx_word' id='word_1_557' title='bbox 1791 4295 2027 4352; x_wconf 90' lang='lat' dir='ltr'>ordines</span> <span class='ocrx_word' id='word_1_558' title='bbox 2085 4312 2190 4368; x_wconf 91' lang='lat' dir='ltr'>pro</span> <span class='ocrx_word' id='word_1_559' title='bbox 2249 4295 2465 4368; x_wconf 89' lang='lat' dir='ltr'>populo</span> <span class='ocrx_word' id='word_1_560' title='bbox 2497 4297 2895 4368; x_wconf 87' lang='lat' dir='ltr'>deprecantes,</span> <span class='ocrx_word' id='word_1_561' title='bbox 2930 4295 3032 4367; x_wconf 92' lang='lat' dir='ltr'>qui</span> <span class='ocrx_word' id='word_1_562' title='bbox 3092 4311 3293 4368; x_wconf 88' lang='lat' dir='ltr'>preces</span> <span class='ocrx_word' id='word_1_563' title='bbox 3351 4300 3583 4352; x_wconf 89' lang='lat' dir='ltr'>nostras</span> <span class='ocrx_word' id='word_1_564' title='bbox 3643 4297 3716 4353; x_wconf 90' lang='lat' dir='ltr'>ad</span> 
     </span>
    </p>
   </div>
   <div class='ocr_carea' id='block_1_43' title="bbox 433 4391 3718 4473">
    <p class='ocr_par' dir='ltr' id='par_1_43' title="bbox 433 4391 3718 4473">
     <span class='ocr_line' id='line_1_43' title="bbox 433 4391 3718 4473; baseline -0.002 -16"><span class='ocrx_word' id='word_1_565' title='bbox 433 4417 606 4458; x_wconf 89' lang='lat' dir='ltr'>aures</span> <span class='ocrx_word' id='word_1_566' title='bbox 637 4399 935 4473; x_wconf 88' lang='lat' dir='ltr'>perferunt</span> <span class='ocrx_word' id='word_1_567' title='bbox 966 4397 1197 4453; x_wconf 89' lang='lat' dir='ltr'>Domini</span> <span class='ocrx_word' id='word_1_568' title='bbox 1228 4396 1494 4453; x_wconf 88' lang='lat' dir='ltr'>sabaoth.</span> <span class='ocrx_word' id='word_1_569' title='bbox 1529 4399 1653 4463; x_wconf 89' lang='lat' dir='ltr'>Qua</span> <span class='ocrx_word' id='word_1_570' title='bbox 1685 4411 1822 4467; x_wconf 87' lang='lat' dir='ltr'>rogo</span> <span class='ocrx_word' id='word_1_571' title='bbox 1855 4395 2044 4450; x_wconf 92' lang='lat' dir='ltr'>fronte</span> <span class='ocrx_word' id='word_1_572' title='bbox 2095 4393 2155 4449; x_wconf 92' lang='lat' dir='ltr'>in</span> <span class='ocrx_word' id='word_1_573' title='bbox 2206 4393 2605 4449; x_wconf 88' lang='lat' dir='ltr'>sacratissimo</span> <span class='ocrx_word' id='word_1_574' title='bbox 2637 4393 2739 4449; x_wconf 90' lang='lat' dir='ltr'>Dei</span> <span class='ocrx_word' id='word_1_575' title='bbox 2772 4392 2988 4465; x_wconf 89' lang='lat' dir='ltr'>templo</span> <span class='ocrx_word' id='word_1_576' title='bbox 3036 4391 3282 4461; x_wconf 89' lang='lat' dir='ltr'>assistit,</span> <span class='ocrx_word' id='word_1_577' title='bbox 3309 4393 3410 4466; x_wconf 92' lang='lat' dir='ltr'>qui</span> <span class='ocrx_word' id='word_1_578' title='bbox 3442 4392 3718 4450; x_wconf 85' lang='lat' dir='ltr'>inanibus</span> 
     </span>
    </p>
   </div>
   <div class='ocr_carea' id='block_1_44' title="bbox 321 4491 3716 4563">
    <p class='ocr_par' dir='ltr' id='par_1_44' title="bbox 321 4491 3716 4563">
     <span class='ocr_line' id='line_1_44' title="bbox 321 4491 3716 4563; baseline -0.002 -7"><span class='ocrx_word' id='word_1_579' title='bbox 321 4502 393 4556; x_wconf 89' lang='lat'>30</span> <span class='ocrx_word' id='word_1_580' title='bbox 430 4499 646 4556; x_wconf 89' lang='lat' dir='ltr'>fabulis</span> <span class='ocrx_word' id='word_1_581' title='bbox 674 4502 732 4554; x_wconf 90' lang='lat' dir='ltr'>et</span> <span class='ocrx_word' id='word_1_582' title='bbox 761 4496 964 4553; x_wconf 86' lang='lat' dir='ltr'>otiosis</span> <span class='ocrx_word' id='word_1_583' title='bbox 992 4495 1185 4552; x_wconf 90' lang='lat' dir='ltr'>verbis</span> <span class='ocrx_word' id='word_1_584' title='bbox 1215 4493 1474 4550; x_wconf 82' lang='lat' dir='ltr'>insistit?</span> <span class='ocrx_word' id='word_1_585' title='bbox 1503 4494 1652 4550; x_wconf 87' lang='lat' dir='ltr'>Nam</span> <span class='ocrx_word' id='word_1_586' title='bbox 1684 4494 1733 4550; x_wconf 91' lang='lat' dir='ltr'>si</span> <span class='ocrx_word' id='word_1_587' title='bbox 1765 4494 1837 4549; x_wconf 91' lang='lat' dir='ltr'>de</span> <span class='ocrx_word' id='word_1_588' title='bbox 1881 4493 2041 4550; x_wconf 90' lang='lat' dir='ltr'>omni</span> <span class='ocrx_word' id='word_1_589' title='bbox 2089 4492 2263 4549; x_wconf 89' lang='lat' dir='ltr'>verbo</span> <span class='ocrx_word' id='word_1_590' title='bbox 2312 4491 2499 4548; x_wconf 89' lang='lat' dir='ltr'>otioso</span> <span class='ocrx_word' id='word_1_591' title='bbox 2531 4493 2590 4548; x_wconf 91' lang='lat' dir='ltr'>in</span> <span class='ocrx_word' id='word_1_592' title='bbox 2623 4493 2716 4548; x_wconf 91' lang='lat' dir='ltr'>die</span> <span class='ocrx_word' id='word_1_593' title='bbox 2739 4491 2952 4563; x_wconf 90' lang='lat' dir='ltr'>judicii</span> <span class='ocrx_word' id='word_1_594' title='bbox 2972 4492 3135 4547; x_wconf 81' lang='lat' dir='ltr'>ratio</span> <span class='ocrx_word' id='word_1_595' title='bbox 3167 4496 3255 4547; x_wconf 84' lang='lat' dir='ltr'>est</span> <span class='ocrx_word' id='word_1_596' title='bbox 3287 4491 3581 4548; x_wconf 90' lang='lat' dir='ltr'>reddenda</span> <span class='ocrx_word' id='word_1_597' title='bbox 3613 4492 3716 4562; x_wconf 78' lang='grc' dir='ltr'>(á½±),</span> 
     </span>
    </p>
   </div>
   <div class='ocr_carea' id='block_1_45' title="bbox 431 4589 3715 4666">
    <p class='ocr_par' dir='ltr' id='par_1_45' title="bbox 431 4589 3715 4666">
     <span class='ocr_line' id='line_1_45' title="bbox 431 4589 3715 4666; baseline -0.002 -13"><span class='ocrx_word' id='word_1_598' title='bbox 431 4599 503 4653; x_wconf 91' lang='lat' dir='ltr'>de</span> <span class='ocrx_word' id='word_1_599' title='bbox 532 4597 625 4652; x_wconf 90' lang='lat' dir='ltr'>his</span> <span class='ocrx_word' id='word_1_600' title='bbox 657 4595 910 4652; x_wconf 84' lang='lat' dir='ltr'>maxime</span> <span class='ocrx_word' id='word_1_601' title='bbox 939 4595 1216 4652; x_wconf 89' lang='lat' dir='ltr'>reddetur</span> <span class='ocrx_word' id='word_1_602' title='bbox 1243 4593 1389 4649; x_wconf 90' lang='lat' dir='ltr'>ratio</span> <span class='ocrx_word' id='word_1_603' title='bbox 1420 4597 1478 4648; x_wconf 93' lang='lat' dir='ltr'>et</span> <span class='ocrx_word' id='word_1_604' title='bbox 1506 4593 1770 4666; x_wconf 87' lang='lat' dir='ltr'>exigetur</span> <span class='ocrx_word' id='word_1_605' title='bbox 1796 4591 2072 4659; x_wconf 89' lang='lat' dir='ltr'>vindicta,</span> <span class='ocrx_word' id='word_1_606' title='bbox 2102 4608 2230 4663; x_wconf 69' lang='lat' dir='ltr'>quas</span> <span class='ocrx_word' id='word_1_607' title='bbox 2261 4589 2320 4644; x_wconf 92' lang='lat' dir='ltr'>in</span> <span class='ocrx_word' id='word_1_608' title='bbox 2353 4594 2671 4663; x_wconf 91' lang='lat' dir='ltr'>conspectu</span> <span class='ocrx_word' id='word_1_609' title='bbox 2702 4593 3002 4646; x_wconf 89' lang='lat' dir='ltr'>tantorum</span> <span class='ocrx_word' id='word_1_610' title='bbox 3034 4593 3373 4645; x_wconf 90' lang='lat' dir='ltr'>sanctorum</span> <span class='ocrx_word' id='word_1_611' title='bbox 3405 4590 3715 4661; x_wconf 86' lang='lat' dir='ltr'>proferun-</span> 
     </span>
    </p>
   </div>
   <div class='ocr_carea' id='block_1_46' title="bbox 430 4685 3717 4764">
    <p class='ocr_par' dir='ltr' id='par_1_46' title="bbox 430 4685 3717 4764">
     <span class='ocr_line' id='line_1_46' title="bbox 430 4685 3717 4764; baseline -0.003 -12"><span class='ocrx_word' id='word_1_612' title='bbox 430 4701 526 4753; x_wconf 90' lang='lat' dir='ltr'>tur</span> <span class='ocrx_word' id='word_1_613' title='bbox 553 4694 980 4752; x_wconf 89' lang='lat' dir='ltr'>contumaciter</span> <span class='ocrx_word' id='word_1_614' title='bbox 1008 4695 1067 4750; x_wconf 90' lang='lat' dir='ltr'>in</span> <span class='ocrx_word' id='word_1_615' title='bbox 1098 4693 1222 4749; x_wconf 94' lang='lat' dir='ltr'>loco</span> <span class='ocrx_word' id='word_1_616' title='bbox 1254 4693 1370 4749; x_wconf 94' lang='lat' dir='ltr'>Deo</span> <span class='ocrx_word' id='word_1_617' title='bbox 1403 4692 1614 4749; x_wconf 86' lang='lat' dir='ltr'>dicato.</span> <span class='ocrx_word' id='word_1_618' title='bbox 1639 4695 1783 4759; x_wconf 90' lang='lat' dir='ltr'>Qua,</span> <span class='ocrx_word' id='word_1_619' title='bbox 1818 4691 2081 4764; x_wconf 88' lang='lat' dir='ltr'>inquam,</span> <span class='ocrx_word' id='word_1_620' title='bbox 2115 4706 2218 4764; x_wconf 91' lang='lat' dir='ltr'>spe</span> <span class='ocrx_word' id='word_1_621' title='bbox 2247 4691 2478 4745; x_wconf 87' lang='lat' dir='ltr'>veniam</span> <span class='ocrx_word' id='word_1_622' title='bbox 2511 4687 2791 4758; x_wconf 90' lang='lat' dir='ltr'>consequi</span> <span class='ocrx_word' id='word_1_623' title='bbox 2823 4687 2896 4741; x_wconf 92' lang='lat' dir='ltr'>de</span> <span class='ocrx_word' id='word_1_624' title='bbox 2926 4685 3239 4759; x_wconf 68' lang='lat' dir='ltr'>praeteritis</span> <span class='ocrx_word' id='word_1_625' title='bbox 3270 4685 3590 4741; x_wconf 87' lang='lat' dir='ltr'>arbitratur</span> <span class='ocrx_word' id='word_1_626' title='bbox 3619 4687 3717 4743; x_wconf 85' lang='lat' dir='ltr'>de-</span> 
     </span>
    </p>
   </div>
   <div class='ocr_carea' id='block_1_47' title="bbox 427 4781 3713 4867">
    <p class='ocr_par' dir='ltr' id='par_1_47' title="bbox 427 4781 3713 4867">
     <span class='ocr_line' id='line_1_47' title="bbox 427 4781 3713 4867; baseline -0.004 -17"><span class='ocrx_word' id='word_1_627' title='bbox 427 4795 602 4863; x_wconf 91' lang='lat' dir='ltr'>lictis,</span> <span class='ocrx_word' id='word_1_628' title='bbox 628 4795 728 4867; x_wconf 91' lang='lat' dir='ltr'>qui</span> <span class='ocrx_word' id='word_1_629' title='bbox 759 4810 875 4849; x_wconf 90' lang='lat' dir='ltr'>non</span> <span class='ocrx_word' id='word_1_630' title='bbox 907 4791 1100 4849; x_wconf 90' lang='lat' dir='ltr'>solum</span> <span class='ocrx_word' id='word_1_631' title='bbox 1133 4796 1370 4864; x_wconf 91' lang='lat' dir='ltr'>peccata</span> <span class='ocrx_word' id='word_1_632' title='bbox 1413 4809 1521 4848; x_wconf 90' lang='lat' dir='ltr'>sua</span> <span class='ocrx_word' id='word_1_633' title='bbox 1569 4789 1811 4864; x_wconf 89' lang='lat' dir='ltr'>negligit</span> <span class='ocrx_word' id='word_1_634' title='bbox 1869 4787 2128 4857; x_wconf 87' lang='lat' dir='ltr'>abluere,</span> <span class='ocrx_word' id='word_1_635' title='bbox 2153 4788 2256 4845; x_wconf 90' lang='lat' dir='ltr'>sed</span> <span class='ocrx_word' id='word_1_636' title='bbox 2315 4786 2509 4860; x_wconf 89' lang='lat' dir='ltr'>potius</span> <span class='ocrx_word' id='word_1_637' title='bbox 2541 4785 2844 4841; x_wconf 90' lang='lat' dir='ltr'>contendit</span> <span class='ocrx_word' id='word_1_638' title='bbox 2893 4783 3151 4856; x_wconf 87' lang='lat' dir='ltr'>augere?</span> <span class='ocrx_word' id='word_1_639' title='bbox 3183 4783 3472 4840; x_wconf 86' lang='lat' dir='ltr'>Pavescite</span> <span class='ocrx_word' id='word_1_640' title='bbox 3519 4781 3713 4866; x_wconf 86' lang='lat' dir='ltr'>illum,</span> 
     </span>
    </p>
   </div>
   <div class='ocr_carea' id='block_1_48' title="bbox 429 4879 3718 4966">
    <p class='ocr_par' dir='ltr' id='par_1_48' title="bbox 429 4879 3718 4966">
     <span class='ocr_line' id='line_1_48' title="bbox 429 4879 3718 4966; baseline -0.003 -18"><span class='ocrx_word' id='word_1_641' title='bbox 429 4893 528 4966; x_wconf 90' lang='lat' dir='ltr'>qui</span> <span class='ocrx_word' id='word_1_642' title='bbox 563 4893 714 4949; x_wconf 89' lang='lat' dir='ltr'>facto</span> <span class='ocrx_word' id='word_1_643' title='bbox 747 4890 974 4964; x_wconf 79' lang='lat' dir='ltr'>flagello</span> <span class='ocrx_word' id='word_1_644' title='bbox 1006 4891 1076 4946; x_wconf 89' lang='lat' dir='ltr'>de</span> <span class='ocrx_word' id='word_1_645' title='bbox 1107 4889 1385 4946; x_wconf 90' lang='lat' dir='ltr'>funiculis</span> <span class='ocrx_word' id='word_1_646' title='bbox 1407 4889 1577 4961; x_wconf 88' lang='lat' dir='ltr'>ejecit</span> <span class='ocrx_word' id='word_1_647' title='bbox 1594 4887 1912 4944; x_wconf 78' lang='lat' dir='ltr'>v&#39;endentes</span> <span class='ocrx_word' id='word_1_648' title='bbox 1939 4892 1998 4944; x_wconf 90' lang='lat' dir='ltr'>et</span> <span class='ocrx_word' id='word_1_649' title='bbox 2026 4890 2286 4944; x_wconf 89' lang='lat' dir='ltr'>ementes</span> <span class='ocrx_word' id='word_1_650' title='bbox 2317 4886 2388 4940; x_wconf 91' lang='lat' dir='ltr'>de</span> <span class='ocrx_word' id='word_1_651' title='bbox 2419 4882 2640 4955; x_wconf 90' lang='lat' dir='ltr'>templo</span> <span class='ocrx_word' id='word_1_652' title='bbox 2671 4882 2760 4956; x_wconf 78' lang='grc' dir='ltr'>(Îµ).</span> <span class='ocrx_word' id='word_1_653' title='bbox 2789 4881 3117 4938; x_wconf 81' lang='lat' dir='ltr'>Remissius</span> <span class='ocrx_word' id='word_1_654' title='bbox 3139 4881 3364 4938; x_wconf 90' lang='lat' dir='ltr'>scilicet</span> <span class='ocrx_word' id='word_1_655' title='bbox 3384 4885 3472 4937; x_wconf 87' lang='lat' dir='ltr'>est</span> <span class='ocrx_word' id='word_1_656' title='bbox 3492 4879 3718 4937; x_wconf 89' lang='lat' dir='ltr'>utiliter</span> 
     </span>
    </p>
   </div>
   <div class='ocr_carea' id='block_1_49' title="bbox 286 4973 1928 5064">
    <p class='ocr_par' dir='ltr' id='par_1_49' title="bbox 286 4973 1928 5064">
     <span class='ocr_line' id='line_1_49' title="bbox 286 4973 1928 5064; baseline -0.004 -17"><span class='ocrx_word' id='word_1_657' title='bbox 286 4973 288 4976; x_wconf 22' lang='lat' dir='ltr'>l</span> <span class='ocrx_word' id='word_1_658' title='bbox 320 4991 392 5047; x_wconf 87' lang='lat'>35</span> <span class='ocrx_word' id='word_1_659' title='bbox 429 4989 736 5064; x_wconf 85' lang='lat' dir='ltr'>negotiari,</span> <span class='ocrx_word' id='word_1_660' title='bbox 759 5004 936 5061; x_wconf 91' lang='lat' dir='ltr'>quam</span> <span class='ocrx_word' id='word_1_661' title='bbox 964 4987 1218 5043; x_wconf 90' lang='lat' dir='ltr'>inaniter</span> <span class='ocrx_word' id='word_1_662' title='bbox 1245 4993 1302 5043; x_wconf 90' lang='lat' dir='ltr'>et</span> <span class='ocrx_word' id='word_1_663' title='bbox 1330 4987 1513 5042; x_wconf 84' lang='lat' dir='ltr'>otiOse</span> <span class='ocrx_word' id='word_1_664' title='bbox 1543 4985 1928 5042; x_wconf 88' lang='lat' dir='ltr'>confabulari.</span> 
     </span>
    </p>
   </div>
   <div class='ocr_carea' id='block_1_50' title="bbox 501 5075 3715 5152">
    <p class='ocr_par' dir='ltr' id='par_1_50' title="bbox 501 5075 3715 5152">
     <span class='ocr_line' id='line_1_50' title="bbox 501 5075 3715 5152; baseline -0.004 -6"><span class='ocrx_word' id='word_1_665' title='bbox 501 5090 652 5146; x_wconf 76' lang='grc'>645</span> <span class='ocrx_word' id='word_1_666' title='bbox 684 5089 830 5144; x_wconf 88' lang='lat' dir='ltr'>Cum</span> <span class='ocrx_word' id='word_1_667' title='bbox 862 5086 1185 5143; x_wconf 87' lang='lat' dir='ltr'>convenitis</span> <span class='ocrx_word' id='word_1_668' title='bbox 1216 5087 1288 5142; x_wconf 89' lang='lat' dir='ltr'>ad</span> <span class='ocrx_word' id='word_1_669' title='bbox 1321 5085 1515 5142; x_wconf 91' lang='lat' dir='ltr'>locum</span> <span class='ocrx_word' id='word_1_670' title='bbox 1547 5085 1852 5152; x_wconf 89' lang='lat' dir='ltr'>orationis,</span> <span class='ocrx_word' id='word_1_671' title='bbox 1877 5100 2012 5139; x_wconf 92' lang='lat' dir='ltr'>cum</span> <span class='ocrx_word' id='word_1_672' title='bbox 2047 5082 2280 5140; x_wconf 91' lang='lat' dir='ltr'>silentio</span> <span class='ocrx_word' id='word_1_673' title='bbox 2312 5085 2480 5147; x_wconf 90' lang='lat' dir='ltr'>state,</span> <span class='ocrx_word' id='word_1_674' title='bbox 2507 5079 2731 5135; x_wconf 89' lang='lat' dir='ltr'>intento</span> <span class='ocrx_word' id='word_1_675' title='bbox 2763 5078 2938 5134; x_wconf 90' lang='lat' dir='ltr'>corde</span> <span class='ocrx_word' id='word_1_676' title='bbox 2966 5077 3153 5134; x_wconf 89' lang='lat' dir='ltr'>Deum</span> <span class='ocrx_word' id='word_1_677' title='bbox 3190 5075 3609 5149; x_wconf 89' lang='lat' dir='ltr'>deprecamini,</span> <span class='ocrx_word' id='word_1_678' title='bbox 3647 5082 3715 5132; x_wconf 90' lang='lat' dir='ltr'>ut</span> 
     </span>
    </p>
   </div>
   <div class='ocr_carea' id='block_1_51' title="bbox 427 5175 3712 5257">
    <p class='ocr_par' dir='ltr' id='par_1_51' title="bbox 427 5175 3712 5257">
     <span class='ocr_line' id='line_1_51' title="bbox 427 5175 3712 5257; baseline -0.004 -15"><span class='ocrx_word' id='word_1_679' title='bbox 427 5185 651 5242; x_wconf 91' lang='lat' dir='ltr'>orantis</span> <span class='ocrx_word' id='word_1_680' title='bbox 671 5201 773 5257; x_wconf 92' lang='lat' dir='ltr'>pro</span> <span class='ocrx_word' id='word_1_681' title='bbox 795 5184 958 5240; x_wconf 90' lang='lat' dir='ltr'>vobis</span> <span class='ocrx_word' id='word_1_682' title='bbox 981 5183 1302 5239; x_wconf 89' lang='lat' dir='ltr'>sacerdotis</span> <span class='ocrx_word' id='word_1_683' title='bbox 1323 5187 1454 5238; x_wconf 89' lang='lat' dir='ltr'>vota</span> <span class='ocrx_word' id='word_1_684' title='bbox 1475 5182 1778 5254; x_wconf 90' lang='lat' dir='ltr'>suscipiat,</span> <span class='ocrx_word' id='word_1_685' title='bbox 1806 5197 2006 5254; x_wconf 91' lang='lat' dir='ltr'>preces</span> <span class='ocrx_word' id='word_1_686' title='bbox 2027 5179 2318 5247; x_wconf 81' lang='lat' dir='ltr'>exaudiat,</span> <span class='ocrx_word' id='word_1_687' title='bbox 2345 5179 2630 5235; x_wconf 90' lang='lat' dir='ltr'>habentes</span> <span class='ocrx_word' id='word_1_688' title='bbox 2653 5195 2768 5251; x_wconf 66' lang='lat' dir='ltr'>prae</span> <span class='ocrx_word' id='word_1_689' title='bbox 2790 5175 2978 5233; x_wconf 90' lang='lat' dir='ltr'>oculis</span> <span class='ocrx_word' id='word_1_690' title='bbox 3001 5180 3334 5232; x_wconf 89' lang='lat' dir='ltr'>monentem</span> <span class='ocrx_word' id='word_1_691' title='bbox 3366 5175 3712 5246; x_wconf 89' lang='lat' dir='ltr'>Dominum,</span> 
     </span>
    </p>
   </div>
   <div class='ocr_carea' id='block_1_52' title="bbox 428 5275 3714 5351">
    <p class='ocr_par' dir='ltr' id='par_1_52' title="bbox 428 5275 3714 5351">
     <span class='ocr_line' id='line_1_52' title="bbox 428 5275 3714 5351; baseline -0.004 -12"><span class='ocrx_word' id='word_1_692' title='bbox 428 5290 485 5340; x_wconf 84' lang='lat' dir='ltr'>et</span> <span class='ocrx_word' id='word_1_693' title='bbox 539 5284 832 5338; x_wconf 86' lang='lat' dir='ltr'>dicentem</span> <span class='ocrx_word' id='word_1_694' title='bbox 868 5300 880 5338; x_wconf 89' lang='lat'><strong>:</strong></span> <span class='ocrx_word' id='word_1_695' title='bbox 917 5281 1053 5337; x_wconf 85' lang='lat' dir='ltr'>Cum</span> <span class='ocrx_word' id='word_1_696' title='bbox 1106 5284 1263 5337; x_wconf 81' lang='lat' dir='ltr'>statis</span> <span class='ocrx_word' id='word_1_697' title='bbox 1311 5281 1381 5336; x_wconf 84' lang='lat' dir='ltr'>ad</span> <span class='ocrx_word' id='word_1_698' title='bbox 1425 5283 1730 5337; x_wconf 84' lang='lat' dir='ltr'>orationem</span> <span class='ocrx_word' id='word_1_699' title='bbox 1757 5281 2014 5336; x_wconf 81' lang='lat' dir='ltr'>dimittite</span> <span class='ocrx_word' id='word_1_700' title='bbox 2039 5281 2092 5334; x_wconf 88' lang='lat' dir='ltr'>si</span> <span class='ocrx_word' id='word_1_701' title='bbox 2127 5278 2261 5351; x_wconf 87' lang='lat' dir='ltr'>quid</span> <span class='ocrx_word' id='word_1_702' title='bbox 2290 5278 2496 5334; x_wconf 79' lang='lat' dir='ltr'>habetis</span> <span class='ocrx_word' id='word_1_703' title='bbox 2525 5277 2782 5332; x_wconf 81' lang='lat' dir='ltr'>adversus</span> <span class='ocrx_word' id='word_1_704' title='bbox 2813 5275 3068 5341; x_wconf 79' lang='lat' dir='ltr'>alterum,</span> <span class='ocrx_word' id='word_1_705' title='bbox 3099 5281 3164 5329; x_wconf 85' lang='lat' dir='ltr'>ut</span> <span class='ocrx_word' id='word_1_706' title='bbox 3221 5281 3273 5329; x_wconf 82' lang='lat' dir='ltr'>et</span> <span class='ocrx_word' id='word_1_707' title='bbox 3324 5277 3490 5328; x_wconf 82' lang='lat' dir='ltr'>Pater</span> <span class='ocrx_word' id='word_1_708' title='bbox 3542 5281 3714 5328; x_wconf 75' lang='lat' dir='ltr'>vester</span> 
     </span>
    </p>
   </div>
   <div class='ocr_carea' id='block_1_53' title="bbox 426 5369 3712 5452">
    <p class='ocr_par' dir='ltr' id='par_1_53' title="bbox 426 5369 3712 5452">
     <span class='ocr_line' id='line_1_53' title="bbox 426 5369 3712 5452; baseline -0.004 -14"><span class='ocrx_word' id='word_1_709' title='bbox 426 5383 660 5439; x_wconf 66' lang='lat' dir='ltr'>caelestis</span> <span class='ocrx_word' id='word_1_710' title='bbox 697 5380 938 5436; x_wconf 81' lang='lat' dir='ltr'>dimittat</span> <span class='ocrx_word' id='word_1_711' title='bbox 982 5381 1133 5436; x_wconf 83' lang='lat' dir='ltr'>vobis</span> <span class='ocrx_word' id='word_1_712' title='bbox 1176 5389 1397 5452; x_wconf 85' lang='lat' dir='ltr'>peccata</span> <span class='ocrx_word' id='word_1_713' title='bbox 1451 5387 1627 5435; x_wconf 81' lang='lat' dir='ltr'>vestra</span> <span class='ocrx_word' id='word_1_714' title='bbox 1659 5378 1752 5450; x_wconf 72' lang='grc' dir='ltr'>(Î“).</span> <span class='ocrx_word' id='word_1_715' title='bbox 1783 5379 1913 5434; x_wconf 59' lang='lat' dir='ltr'>Haec</span> <span class='ocrx_word' id='word_1_716' title='bbox 1946 5377 2318 5443; x_wconf 90' lang='lat' dir='ltr'>meditantes,</span> <span class='ocrx_word' id='word_1_717' title='bbox 2351 5381 2408 5432; x_wconf 90' lang='lat' dir='ltr'>et</span> <span class='ocrx_word' id='word_1_718' title='bbox 2435 5374 2634 5431; x_wconf 89' lang='lat' dir='ltr'>divina</span> <span class='ocrx_word' id='word_1_719' title='bbox 2692 5373 2882 5447; x_wconf 90' lang='lat' dir='ltr'>gratia</span> <span class='ocrx_word' id='word_1_720' title='bbox 2938 5371 3263 5444; x_wconf 88' lang='lat' dir='ltr'>inspirante</span> <span class='ocrx_word' id='word_1_721' title='bbox 3323 5369 3622 5437; x_wconf 87' lang='lat' dir='ltr'>facientes,</span> <span class='ocrx_word' id='word_1_722' title='bbox 3655 5374 3712 5425; x_wconf 89' lang='lat' dir='ltr'>et</span> 
     </span>
    </p>
   </div>
   <div class='ocr_carea' id='block_1_54' title="bbox 351 5455 3708 5550">
    <p class='ocr_par' dir='ltr' id='par_1_54' title="bbox 351 5455 3708 5550">
     <span class='ocr_line' id='line_1_54' title="bbox 351 5455 3708 5550; baseline -0.004 -16"><span class='ocrx_word' id='word_1_723' title='bbox 351 5480 388 5534; x_wconf 91' lang='grc'>5</span> <span class='ocrx_word' id='word_1_724' title='bbox 424 5478 775 5550; x_wconf 86' lang='lat' dir='ltr'>evangelicis</span> <span class='ocrx_word' id='word_1_725' title='bbox 803 5481 862 5533; x_wconf 90' lang='lat' dir='ltr'>et</span> <span class='ocrx_word' id='word_1_726' title='bbox 881 5477 1216 5548; x_wconf 89' lang='lat' dir='ltr'>apostolicis</span> <span class='ocrx_word' id='word_1_727' title='bbox 1239 5476 1608 5532; x_wconf 90' lang='lat' dir='ltr'>documentis</span> <span class='ocrx_word' id='word_1_728' title='bbox 1631 5475 1864 5547; x_wconf 88' lang='lat' dir='ltr'>imbuti,</span> <span class='ocrx_word' id='word_1_729' title='bbox 1886 5475 2197 5547; x_wconf 88' lang='lat' dir='ltr'>impetrata</span> <span class='ocrx_word' id='word_1_730' title='bbox 2227 5474 2299 5529; x_wconf 88' lang='lat' dir='ltr'>ab</span> <span class='ocrx_word' id='word_1_731' title='bbox 2331 5471 2717 5543; x_wconf 89' lang='lat' dir='ltr'>omnipotenti</span> <span class='ocrx_word' id='word_1_732' title='bbox 2742 5471 2857 5527; x_wconf 93' lang='lat' dir='ltr'>Deo</span> <span class='ocrx_word' id='word_1_733' title='bbox 2880 5459 3306 5536; x_wconf 89' lang='lat' dir='ltr'>misericordia,</span> <span class='ocrx_word' id='word_1_734' title='bbox 3355 5473 3491 5522; x_wconf 84' lang='lat' dir='ltr'>cum</span> <span class='ocrx_word' id='word_1_735' title='bbox 3515 5455 3708 5522; x_wconf 53' lang='lat' dir='ltr'>ï¬‚uctu</span> 
     </span>
    </p>
   </div>
   <div class='ocr_carea' id='block_1_55' title="bbox 426 5564 3711 5647">
    <p class='ocr_par' dir='ltr' id='par_1_55' title="bbox 426 5564 3711 5647">
     <span class='ocr_line' id='line_1_55' title="bbox 426 5564 3711 5647; baseline -0.003 -16"><span class='ocrx_word' id='word_1_736' title='bbox 426 5578 713 5631; x_wconf 90' lang='lat' dir='ltr'>bonorum</span> <span class='ocrx_word' id='word_1_737' title='bbox 745 5591 986 5647; x_wconf 91' lang='lat' dir='ltr'>operum</span> <span class='ocrx_word' id='word_1_738' title='bbox 1019 5574 1188 5645; x_wconf 90' lang='lat' dir='ltr'>quasi</span> <span class='ocrx_word' id='word_1_739' title='bbox 1219 5574 1593 5646; x_wconf 90' lang='lat' dir='ltr'>lampadibus</span> <span class='ocrx_word' id='word_1_740' title='bbox 1623 5573 1940 5630; x_wconf 87' lang='lat' dir='ltr'>illuminati</span> <span class='ocrx_word' id='word_1_741' title='bbox 1989 5588 2124 5628; x_wconf 91' lang='lat' dir='ltr'>cum</span> <span class='ocrx_word' id='word_1_742' title='bbox 2169 5571 2404 5645; x_wconf 87' lang='lat' dir='ltr'>gaudio,</span> <span class='ocrx_word' id='word_1_743' title='bbox 2429 5574 2486 5625; x_wconf 91' lang='lat' dir='ltr'>et</span> <span class='ocrx_word' id='word_1_744' title='bbox 2516 5569 2747 5624; x_wconf 87' lang='lat' dir='ltr'>Christo</span> <span class='ocrx_word' id='word_1_745' title='bbox 2781 5565 3288 5640; x_wconf 51' lang='lat' dir='ltr'>repraesentari,â€œ</span> <span class='ocrx_word' id='word_1_746' title='bbox 3318 5580 3452 5619; x_wconf 88' lang='lat' dir='ltr'>cum</span> <span class='ocrx_word' id='word_1_747' title='bbox 3487 5564 3711 5621; x_wconf 86' lang='lat' dir='ltr'>sanctis</span> 
     </span>
    </p>
   </div>
   <div class='ocr_carea' id='block_1_56' title="bbox 423 5660 3706 5740">
    <p class='ocr_par' dir='ltr' id='par_1_56' title="bbox 423 5660 3706 5740">
     <span class='ocr_line' id='line_1_56' title="bbox 423 5660 3706 5740; baseline -0.003 -11"><span class='ocrx_word' id='word_1_748' title='bbox 423 5673 688 5729; x_wconf 86' lang='lat' dir='ltr'>coronari</span> <span class='ocrx_word' id='word_1_749' title='bbox 723 5671 1112 5729; x_wconf 90' lang='lat' dir='ltr'>merebimini.</span> <span class='ocrx_word' id='word_1_750' title='bbox 1147 5673 1226 5728; x_wconf 92' lang='lat' dir='ltr'>De</span> <span class='ocrx_word' id='word_1_751' title='bbox 1256 5677 1480 5740; x_wconf 63' lang='lat' dir='ltr'>caetero,</span> <span class='ocrx_word' id='word_1_752' title='bbox 1523 5670 1877 5737; x_wconf 87' lang='lat' dir='ltr'>charissimi,</span> <span class='ocrx_word' id='word_1_753' title='bbox 1911 5686 2084 5725; x_wconf 86' lang='lat' dir='ltr'>nosse</span> <span class='ocrx_word' id='word_1_754' title='bbox 2111 5685 2214 5724; x_wconf 90' lang='lat' dir='ltr'>vos</span> <span class='ocrx_word' id='word_1_755' title='bbox 2243 5667 2535 5735; x_wconf 84' lang='lat' dir='ltr'>volumus,</span> <span class='ocrx_word' id='word_1_756' title='bbox 2561 5667 2716 5739; x_wconf 87' lang='lat' dir='ltr'>quod</span> <span class='ocrx_word' id='word_1_757' title='bbox 2766 5664 2956 5738; x_wconf 90' lang='lat' dir='ltr'>legem</span> <span class='ocrx_word' id='word_1_758' title='bbox 3001 5662 3285 5719; x_wconf 90' lang='lat' dir='ltr'>Dominus</span> <span class='ocrx_word' id='word_1_759' title='bbox 3334 5660 3549 5736; x_wconf 91' lang='lat' dir='ltr'>populo</span> <span class='ocrx_word' id='word_1_760' title='bbox 3598 5678 3706 5718; x_wconf 87' lang='lat' dir='ltr'>suo</span> 
     </span>
    </p>
   </div>
   <div class='ocr_carea' id='block_1_57' title="bbox 1490 5809 2536 5858">
    <p class='ocr_par' dir='ltr' id='par_1_57' title="bbox 1490 5809 2536 5858">
     <span class='ocr_line' id='line_1_57' title="bbox 1490 5809 2536 5858; baseline -0.005 0"><span class='ocrx_word' id='word_1_761' title='bbox 1490 5812 1743 5858; x_wconf 56' lang='lat' dir='ltr'>NOTULAâ€˜I</span> <span class='ocrx_word' id='word_1_762' title='bbox 1787 5811 2058 5856; x_wconf 75' lang='lat' dir='ltr'><strong>MARGINA</strong></span> <span class='ocrx_word' id='word_1_763' title='bbox 2069 5811 2172 5854; x_wconf 81' lang='lat' dir='ltr'>LES</span> <span class='ocrx_word' id='word_1_764' title='bbox 2216 5809 2536 5855; x_wconf 76' lang='lat' dir='ltr'>FABBOTTI.</span> 
     </span>
    </p>
   </div>
   <div class='ocr_carea' id='block_1_58' title="bbox 276 5889 1825 6035">
    <p class='ocr_par' dir='ltr' id='par_1_58' title="bbox 276 5896 1774 6035">
     <span class='ocr_line' id='line_1_58' title="bbox 347 5896 1774 5969; baseline 0.001 -14"><span class='ocrx_word' id='word_1_765' title='bbox 347 5901 428 5969; x_wconf 80' lang='grc' dir='ltr'>(Î±)</span> <span class='ocrx_word' id='word_1_766' title='bbox 461 5901 593 5956; x_wconf 77' lang='lat' dir='ltr'>Luc.</span> <span class='ocrx_word' id='word_1_767' title='bbox 633 5913 732 5964; x_wconf 84' lang='lat' dir='ltr'>vn,</span> <span class='ocrx_word' id='word_1_768' title='bbox 765 5897 858 5950; x_wconf 80' lang='grc'><strong>47.</strong></span> <span class='ocrx_word' id='word_1_769' title='bbox 939 5896 1014 5966; x_wconf 88' lang='lat' dir='ltr'>(b)</span> <span class='ocrx_word' id='word_1_770' title='bbox 1045 5899 1148 5956; x_wconf 85' lang='lat' dir='ltr'>Isa.</span> <span class='ocrx_word' id='word_1_771' title='bbox 1199 5918 1309 5968; x_wconf 83' lang='lat' dir='ltr'>LVI,</span> <span class='ocrx_word' id='word_1_772' title='bbox 1357 5902 1420 5968; x_wconf 89' lang='lat'><strong>7;</strong></span> <span class='ocrx_word' id='word_1_773' title='bbox 1471 5905 1646 5958; x_wconf 84' lang='lat' dir='ltr'>Marc.</span> <span class='ocrx_word' id='word_1_774' title='bbox 1697 5917 1774 5969; x_wconf 76' lang='lat' dir='ltr'>x1,</span> 
     </span>
     <span class='ocr_line' id='line_1_59' title="bbox 276 5962 822 6035; baseline -0.015 -10"><span class='ocrx_word' id='word_1_775' title='bbox 276 5962 356 6031; x_wconf 76' lang='grc' dir='ltr'>(Î“)</span> <span class='ocrx_word' id='word_1_776' title='bbox 387 5966 588 6027; x_wconf 78' lang='lat' dir='ltr'>Matth.</span> <span class='ocrx_word' id='word_1_777' title='bbox 619 5983 698 6035; x_wconf 73' lang='lat' dir='ltr'>vx,</span> <span class='ocrx_word' id='word_1_778' title='bbox 733 5967 822 6021; x_wconf 71' lang='lat' dir='ltr'>M.</span> 
     </span>
    </p>
   </div>
   <div class='ocr_carea' id='block_1_59' title="bbox 2153 5889 3702 6035">
    <p class='ocr_par' dir='ltr' id='par_1_59' title="bbox 2153 5889 3702 5968">
     <span class='ocr_line' id='line_1_60' title="bbox 2153 5889 3702 5968; baseline -0.005 -16"><span class='ocrx_word' id='word_1_779' title='bbox 2153 5898 2241 5953; x_wconf 63' lang='grc' dir='ltr'>Ï€Î±Î¹.</span> <span class='ocrx_word' id='word_1_780' title='bbox 2291 5914 2424 5954; x_wconf 87' lang='lat' dir='ltr'>xcn.</span> <span class='ocrx_word' id='word_1_781' title='bbox 2501 5896 2578 5968; x_wconf 77' lang='grc' dir='ltr'>(á¼€)</span> <span class='ocrx_word' id='word_1_782' title='bbox 2610 5896 2797 5952; x_wconf 79' lang='lat' dir='ltr'>Matth.</span> <span class='ocrx_word' id='word_1_783' title='bbox 2848 5911 2952 5965; x_wconf 85' lang='lat' dir='ltr'>xu,</span> <span class='ocrx_word' id='word_1_784' title='bbox 2998 5893 3090 5950; x_wconf 89' lang='lat'>36.</span> <span class='ocrx_word' id='word_1_785' title='bbox 3166 5889 3241 5964; x_wconf 77' lang='grc' dir='ltr'>(Î¸)</span> <span class='ocrx_word' id='word_1_786' title='bbox 3281 5895 3449 5952; x_wconf 74' lang='lat' dir='ltr'>lacn.</span> <span class='ocrx_word' id='word_1_787' title='bbox 3501 5903 3564 5958; x_wconf 84' lang='grc' dir='ltr'>Î¹Î¹,</span> <span class='ocrx_word' id='word_1_788' title='bbox 3616 5890 3702 5949; x_wconf 81' lang='grc'>15.</span> 
     </span>
    </p>
   </div>
  </div>
