3922 6422
205 385 371 451 1401
917 379 1292 446 HISTORIA
1337 382 1440 443 DE
1489 380 1688 444 VlT'lS
1732 379 1923 442 ROM.
1970 379 2202 441 PONT.
2234 412 2310 423 —
2339 378 2802 440 STEPHANUS
2846 375 2948 439 VI.
3472 377 3628 440 “02

358 519 678 578 instituens
699 511 902 593 Moyse
932 521 1099 582 teste,
1121 514 1322 572 intulit
1350 514 1550 571 dicens
1575 531 1587 569 :
1623 514 1937 584 Maleﬁcum
1961 529 2026 568 ne
2053 513 2284 584 patiaris
2311 512 2487 567 vivere
2510 512 2607 581 (ιι).
2632 515 2696 566 In
2721 509 2829 565 hac
2851 510 3049 582 itaque
3063 509 3234 577 Urbe,
3252 511 3406 583 quod
3429 511 3631 568 dolens

361 619 513 684 dico,
536 617 915 674 inveniuntur
939 615 1179 688 quidam
1212 614 1312 687 qui
1344 631 1458 668 non
1491 612 1682 668 solum
1716 610 2010 666 maleficos
2042 627 2156 665 non
2192 610 2503 682 impetunt,
2535 609 2633 665 sed
2676 609 2873 682 potius
2926 613 3166 664 tuentur
3197 614 3255 666 et
3286 611 3496 666 fovent.
3531 609 3634 665 Per

252 716 325 774 IO
363 734 513 790 quos
532 714 1032 772 incantationibus
1063 714 1418 786 quibusdam
1451 712 1744 766 daemones
1774 708 2076 764 consulere
2108 725 2222 763 non
2257 706 3021 780 perhorrescunt,etdivinze
3051 706 3197 780 legis
3218 713 3274 763 et
3294 706 3634 781 Apostolicae

365 814 643 871 doctrinm
676 813 1071 879 immemores,
1107 829 1234 884 quae
1268 811 1494 866 intonat
1525 809 1727 864 dicens
1761 824 1774 862 :
1811 808 1942 874 Quis
1968 809 2319 879 participutz'o
2360 807 2473 861 luci
2500 807 2568 861 ad
2595 807 2859 873 tenebras,
2891 815 2988 862 aut
3014 815 3306 863 conventus
3338 807 3560 864 Christo
3589 815 3642 864 et

366 914 592 970 Belial?
621 913 696 982 (b)
725 913 788 968 In
821 911 929 968 hoc
961 909 1116 966 enim
1149 911 1301 982 quod
1337 908 1565 964 Christo
1597 911 1928 978 contempto
1961 907 2257 960 dzemones
2287 904 2547 977 gentium
2581 921 2741 960 more
2790 904 3126 970 consulunt,
3176 905 3542 962 Christianos
3577 924 3640 962 se

364 1011 722 1070 omnimodis
753 1027 866 1065 non
899 1025 1028 1064 esse
1067 1009 1344 1062 fatentur.
1378 1007 1539 1072 Quod
1573 1023 1752 1078 quam
1785 1003 2084 1073 horribile,
2118 1021 2414 1076 quamque
2446 1003 2522 1058 sit
2553 1004 2884 1076 profanum,
2919 1008 2984 1059 ut
3029 1003 3256 1060 Christo
3304 1009 3639 1079 contempto

365 1113 661 1168 daemones
682 1107 1053 1164 Christianus
1074 1106 1296 1174 adoret,
1319 1105 1730 1177 unusquisque
1763 1102 2100 1177 perpendat,
2135 1105 2200 1156 ut
2229 1101 2342 1158 tale
2379 1101 2603 1156 facinus
2635 1102 2757 1156 fieri
2792 1101 3212 1173 perhorrescat.
3246 1104 3637 1168 Quamobrem

257 1213 331 1268 15
369 1207 642 1283 quisquis
666 1206 940 1277 deinceps
962 1202 1062 1259 tali
1086 1203 1354 1274 contagio
1378 1220 1436 1257 se
1463 1202 1719 1274 polluere
1743 1199 2335 1265 tentaverit,alienum
2357 1199 2565 1254 vivifici
2592 1199 2711 1253 ﬁeri
2735 1200 2994 1272 corporis
3010 1205 3066 1255 et
3089 1200 3393 1273 sanguinis
3407 1201 3639 1258 Domini

368 1306 552 1364 nostri
582 1306 723 1362 Jesu
754 1302 969 1359 Christi
1002 1301 1256 1374 Spiritus
1288 1301 1473 1356 sancti
1499 1299 1746 1372 judicio,
1775 1300 1958 1355 donec
1991 1315 2025 1354 a
2059 1302 2224 1354 tanta
2257 1297 2560 1370 resipiscat
2589 1296 2838 1369 ignavia,
2865 1297 3225 1368 judicamus.
3243 1298 3348 1365 Qui
3370 1316 3501 1356 vero
3519 1305 3639 1356 tam

368 1403 710 1464 salubribus
741 1398 1068 1457 interdictis
1098 1404 1466 1471 contemptor
1493 1398 1799 1465 exstiterit,
1823 1403 1878 1453 et
1910 1397 1968 1452 in
2003 1397 2206 1452 eadem
2239 1395 2515 1468 pestifera
2545 1394 2866 1468 pertinacia
2889 1411 3267 1469 perseverans
3299 1397 3641 1470 resipiscere

362 1501 701 1576 neglexerit,
734 1503 1083 1573 perpetuum
1115 1513 1148 1553 a
1178 1496 1292 1553 Deo
1326 1497 1490 1552 Patre
1521 1501 1576 1552 et
1604 1496 1743 1552 Jesu
1777 1495 2005 1551 Christo
2040 1493 2184 1550 Filio
2215 1494 2342 1566 ejus
2373 1493 2448 1549 sit
2478 1493 2812 1549 anathema.

439 1597 594 1657 046
633 1599 896 1670 Cumque
921 1595 1055 1652 talis
1085 1596 1194 1651 iste
1217 1593 1742 1667 praestantissimus
1773 1591 1983 1666 praesul
2015 1591 2307 1660 existeret,
2340 1595 2396 1646 et
2425 1590 2484 1645 in
2517 1589 2608 1646 his
2638 1607 2766 1663 quae
2812 1591 3009 1650 divino
3065 1592 3248 1650 cultui
3289 1595 3644 1653 conveniunt

370 1697 663 1755 finetenus
694 1699 1104 1769 perseveraret,
1137 1698 1300 1749 tanta
1332 1692 1413 1748 illi
1446 1698 1533 1748 est
1563 1693 1845 1748 divinitus
1876 1690 2063 1763 gratia
2093 1707 2393 1755 concessa,
2424 1693 2490 1744 ut
2539 1681 2826 1762 quidquid
2877 1690 3090 1748 habere
3139 1697 3409 1766 potuerat
3456 1696 3641 1753 sacris

370 1797 630 1854 donabat
658 1792 940 1858 ecclesiis,
972 1791 1229 1864 captivos
1261 1791 1606 1857 redimebat,
1636 1789 1920 1847 sollicitus
1950 1789 2205 1844 existens
2237 1805 2339 1860 pro
2389 1787 2578 1843 salute
2627 1789 2917 1855 omnium,
2952 1789 3091 1862 quia
3146 1808 3280 1847 cum
3340 1793 3498 1850 fama
3547 1795 3640 1852 sui

371 1894 630 1952 nominis
678 1897 853 1965 atque
900 1896 1139 1947 actuum
1189 1893 1310 1944 tam
1357 1905 1458 1961 per
1488 1889 1808 1944 Orientales
1839 1904 2016 1961 quam
2049 1885 2448 1942 Occidentales
2478 1891 2674 1959 partes
2704 1887 3126 1956 diffamaretur,
3159 1907 3540 1963 pene-omnes
3568 1895 3642 1950 ad

296 1993 335 2051 5
373 2009 510 2050 eum
546 1991 929 2048 accurrebant
948 1993 1012 2044 ut
1029 1990 1156 2060 ejus
1183 1987 1650 2043 benedictionem
1676 1987 2057 2059 perciperent.
2084 1985 2227 2040 Nam
2252 1984 2404 2040 inter
2427 1983 2542 2040 alia
2563 1985 2634 2040 de
2656 1985 2935 2052 donariis,
2961 2002 3088 2058 quas
3105 1987 3379 2044 Ecclesiis
3396 1990 3644 2048 diversis

372 2090 638 2157 contulit,
673 2088 915 2161 longum
947 2091 1035 2143 est
1066 2102 1357 2141 enarrare.
1390 2085 1606 2140 Verum
1660 2090 1723 2140 ut
1771 2085 1841 2139 de
1890 2082 2094 2140 multis
2151 2101 2337 2156 pauca
2389 2085 2676 2150 dicamus,
2711 2101 2848 2140 cum
2900 2084 2959 2140 in
3005 2084 3248 2142 basilica
3295 2087 3450 2143 beati
3489 2089 3644 2146 Petri

373 2187 771 2263 apostolorum
802 2183 1102 2259 principis,
1136 2184 1234 2240 ubi
1267 2201 1432 2240 sacro
1472 2183 1596 2256 ipse
1644 2200 1883 2255 corpore
1933 2181 2263 2254 requiescit,
2296 2187 2558 2238 cerneret
2617 2183 2921 2238 nocturnis
2979 2182 3258 2240 laudibus
3313 2186 3409 2242 vix
3462 2185 3645 2244 semel

373 2284 778 2360 thymiamatis
829 2284 1136 2339 incensum
1186 2281 1400 2349 otl‘erri,
1435 2280 1692 2336 instituit
1742 2286 1806 2336 ut
1855 2297 1957 2353 per
2015 2279 2280 2354 singulas
2335 2280 2614 2337 lectiones
2644 2286 2700 2336 et
2730 2282 3102 2353 respousoria
3130 2283 3452 2339 adoleatur.
3481 2286 3555 2340 Et
3584 2285 3645 2341 in

375 2383 621 2459 pergula
651 2382 839 2456 ipsius
868 2380 1124 2438 basilica:
1155 2379 1278 2453 ipse
1312 2380 1661 2435 reverendus
1694 2397 1844 2452 papa
1874 2379 1946 2435 ob
1980 2396 2236 2436 amorem
2269 2378 2422 2434 beati
2448 2379 2596 2434 Petri
2622 2379 2927 2435 nutritoris
2955 2379 3045 2434 sui
3079 2381 3273 2452 posuit
3303 2383 3646 2441 cantharam

265 2483 338 2542 10
377 2499 616 2540 auream
650 2497 852 2549 unam,
887 2497 1022 2537 cum
1067 2478 1337 2552 pretiosis
1386 2477 1722 2550 margaritis
1769 2483 1826 2532 et
1873 2477 2143 2550 gemmis,
2178 2495 2242 2533 ac
2276 2477 2511 2543 smalto,
2539 2495 2671 2533 cum
2705 2477 3116 2550 perpendiculo
3147 2480 3219 2534 ad
3248 2480 3646 2551 pendendum.

359 2575 612 2639 ‘Necnon
647 2585 703 2636 et
732 2579 791 2635 in
822 2579 1025 2635 eadem
1054 2575 1371 2633 venerabili
1418 2575 1660 2631 basilica
1706 2576 1896 2631 sancti
1945 2576 2095 2631 Petri
2147 2575 2361 2631 obtulit
2411 2593 2659 2648 regnum
2707 2593 2951 2631 aureum
2999 2593 3206 2644 unum,
3239 2594 3374 2634 cum
3408 2579 3652 2637 diversis

379 2678 734 2752 margaritis,
767 2677 1038 2748 spatham
1073 2692 1205 2731 cum
1239 2674 1448 2747 vagina
1479 2673 1548 2728 de
1580 2690 1744 2739 auro,
1776 2679 1832 2728 et
1862 2674 2114 2745 gemmis
2145 2691 2281 2730 cum
2311 2673 2500 2730 balteo
2534 2691 2736 2729 unam.
2771 2674 3025 2730 Contulit
3055 2675 3233 2730 etiam
3272 2681 3330 2732 et
3359 2677 3418 2733 in
3450 2680 3653 2737 eadem

371 2775 626 2833 basilica
653 2780 874 2830 vestem
906 2790 1107 2841 unam,
1141 2789 1275 2828 cum
1309 2788 1451 2827 auro
1483 2775 1540 2826 et
1569 2769 1717 2826 albis
1751 2771 2001 2844 gemmis
2035 2789 2048 2827 :
2082 2771 2207 2827 vela
2256 2772 2442 2826 serica
2488 2771 2549 2826 in
2602 2771 2850 2827 circuitu
2905 2771 3107 2828 altaris
3165 2777 3434 2846 quatuor,
3468 2777 3570 2832 sed
3601 2780 3658 2833 et

377 2872 667 2930 bomelias
693 2871 847 2928 beati
879 2871 1137 2943 Gregorii
1174 2886 1416 2925 numero
1443 2867 1850 2940 quadraginta.
1871 2869 1932 2924 In
1956 2886 2072 2941 qua
2101 2870 2440 2940 supradicta
2469 2868 2782 2925 venerabili
2807 2869 3050 2926 basilica
3071 2871 3383 2928 cumidem
3407 2874 3655 2931 sanctis-

269 2971 344 3030 15
379 2971 569 3028 simus
583 2987 735 3043 papa
747 2970 1079 3026 etomnium
1104 2967 1376 3023 vitiorum
1402 2966 1757 3022 fortissimus
1780 2965 2128 3038 exstirpator
2150 2964 2364 3021 malam
2382 2964 2865 3020 consuetudinem
2891 2965 3298 3034 invenisset,ut
3309 2971 3626 3044 presbyteri
3637 3018 3654 3045 ,

381 3068 482 3143 qui
515 3068 734 3124 ibidem
767 3067 1014 3122 Domino
1046 3065 1399 3121 sacriﬁcium
1434 3064 1692 3137 quotidie
1723 3063 2062 3129 offerebant,
2097 3063 2257 3118 omni
2313 3080 2466 3118 anno
2518 3080 2696 3119 unam
2748 3061 3032 3118 mulctam
3095 3066 3658 3125 consuetudinaliter

380 3166 611 3232 darent,
643 3181 824 3238 quam
855 3162 1341 3220 consuetudinem
1375 3167 1588 3217 sanctae
1621 3160 1911 3216 memoriae
1943 3161 2195 3216 domnus
2227 3160 2489 3216 Marinus
2522 3178 2673 3234 papa
2704 3165 3041 3218 antecessor
3070 3162 3199 3234 ejus
3249 3163 3518 3237 fregerat,
3551 3167 3654 3222 sed

381 3261 868 3335 subreptionibus
900 3259 1294 3333 quorumdam
1327 3259 1634 3314 hominum
1665 3263 1924 3330 tempore
1953 3257 2190 3313 Adriani
2222 3256 2376 3313 tertii
2411 3275 2571 3329 papae
2604 3256 3202 3330 repullulaverat,sub
3236 3259 3368 3315 forti
3399 3260 3654 3319 obtesta-

385 3359 543 3417 tione
576 3358 850 3433 praecepit
881 3363 946 3414 ut
976 3357 1177 3413 nullus
1208 3373 1467 3429 unquam
1484 3357 1554 3411 ab
1568 3356 1802 3423 eis,non
1834 3355 2026 3411 solum
2055 3355 2398 3422 hoc,verum
2431 3356 2609 3410 etiam
2639 3355 2877 3428 aliquod
2910 3355 3199 3412 tributum
3222 3357 3655 3431 acciperet;sed

254 3460 347 3517 20
385 3474 521 3516 cum
554 3455 713 3514 omni
743 3455 963 3512 honore
994 3455 1150 3510 sicut
1180 3455 1509 3509 sacerdotes
1541 3459 1764 3526 oportet
1796 3470 1970 3509 suum
2003 3469 2274 3526 peragere
2304 3453 2565 3508 officium
2595 3454 2678 3508 eis
2701 3452 2921 3508 liceret.
2958 3454 3116 3509 Idem
3149 3458 3347 3511 autem
3379 3457 3656 3513 sacratis-

386 3555 576 3613 simus
608 3553 819 3627 prasul
852 3571 955 3626 pro
987 3551 1077 3608 sui
1109 3552 1466 3624 sempiterna
1495 3551 1778 3605 memoria
1807 3567 1940 3605 cum
1967 3550 2328 3624 conspiceret
2358 3549 2660 3605 nocturnis
2688 3549 2903 3622 vigiliis
2933 3549 2991 3606 in
3029 3550 3274 3608 ecclesia
3292 3554 3657 3627 majori,quae

383 3658 626 3710 vocatur
656 3655 869 3707 sanctas
900 3655 956 3707 et
987 3647 1427 3722 superexaltatae
1460 3648 1561 3704 Dei
1593 3647 1901 3704 Genitricis
1923 3647 2118 3702 Mariae
2141 3648 2213 3702 ad
2238 3647 2516 3718 Praesepe,
2541 3646 2843 3719 lampades
2865 3649 3411 3706 consuetudinarias
3433 3652 3656 3720 deesse,

387 3749 675 3825 gabathas
707 3753 1012 3820 argenteas
1045 3764 1178 3802 cum
1213 3746 1586 3819 lampadibus
1619 3745 1848 3815 obtulit,
1881 3751 1936 3801 et
1964 3744 2349 3801 continuatim
2397 3744 2610 3817 vigiliis
2660 3747 2861 3802 ardere
2910 3747 3201 3819 praecepit.
3236 3748 3469 3805 Necnon
3502 3750 3658 3808 idem

388 3846 745 3904 mitissimus
778 3845 1034 3918 pontifex
1064 3845 1200 3900 fecit
1229 3844 1289 3900 in
1322 3844 1526 3900 eadem
1560 3843 1838 3916 praedicta
1861 3843 2106 3899 basilica
2133 3843 2260 3899 vela
2291 3843 2616 3916 quatuorin
2637 3843 2883 3900 circuitu
2907 3844 3109 3902 altaris
3130 3847 3658 3921 majoris,quorum

255 3944 351 4002 ‘25
388 3942 506 4001 duo
539 3948 679 4001 sunt
708 3945 781 4000 de
809 3943 994 4000 serico
1026 3940 1274 4016 pigacio,
1306 3942 1544 3997 tertium
1576 3943 1922 4016 pavonatile,
1952 3947 2228 4016 quartum
2260 3943 2331 3998 de
2360 3942 2770 4012 Alexandrino,
2797 3948 3071 4001 ornatum
3100 3948 3292 4003 totum
3322 3947 3381 4003 in
3413 3948 3660 4006 circuitu

388 4039 462 4098 de
493 4040 743 4098 olovero.

439 4137 610 4197 οη
645 4139 905 4211 Denique
935 4139 1282 4212 saepedictus
1314 4157 1346 4195 a
1375 4137 1492 4196 Deo
1524 4143 1818 4212 protectus
1851 4138 2264 4195 sanctissimus
2292 4157 2443 4212 papa
2470 4139 2543 4195 ob
2575 4139 3020 4197 retributionem
3052 4140 3261 4198 animae
3293 4161 3411 4199 sua:
3443 4145 3579 4201 fecit
3600 4147 3660 4203 in

388 4236 634 4294 ecclesia
659 4236 812 4293 beati
846 4235 1003 4294 Pauli
1037 4237 1282 4309 apostoli
1315 4237 1572 4293 doctoris
1601 4237 1865 4311 gentium
1892 4253 2138 4311 regnum
2161 4253 2229 4292 ex
2251 4255 2391 4293 auro
2413 4236 2731 4310 purissimo
2755 4256 2962 4306 unum,
2987 4255 3120 4294 cum
3143 4239 3388 4297 diversis
3407 4244 3660 4314 gemmis

388 4335 562 4401 albis,
596 4334 870 4408 prasinis,
903 4329 1325 4408 hyacinthinis,
1358 4339 1416 4390 et
1448 4334 1506 4390 in
1541 4335 1732 4391 medio
1765 4333 1928 4410 regni
1960 4333 2318 4390 cruciculam
2352 4352 2590 4391 auream
2623 4336 2993 4408 pendentem,
3019 4355 3198 4393 unam
3220 4354 3352 4393 cum
3377 4341 3663 4398 catenulis

391 4432 537 4502 suis,
571 4438 628 4489 et
656 4436 874 4489 vestem
905 4432 1153 4489 sericam
1185 4450 1364 4504 supra
1396 4431 1575 4488 altare
1608 4435 1803 4506 majus
1830 4449 2180 4500 unam,cum
2203 4449 2345 4487 auro
2366 4438 2422 4488 et
2442 4432 2714 4505 gemmis.
2732 4434 2889 4489 Fecit
2909 4433 3084 4490 etiam
3117 4434 3175 4490 in
3199 4436 3403 4492 eadem
3421 4437 3665 4495 basilica

312 4533 353 4588 5
389 4527 606 4603 egregii
638 4530 902 4588 Doctoris
931 4531 1197 4603 gentium
1229 4529 1530 4586 belothera
1559 4536 1834 4602 quatuor,
1859 4548 1928 4586 ex
1950 4529 2167 4602 quibus
2199 4547 2386 4585 unum
2419 4548 2560 4586 auro
2590 4535 2836 4587 textum.
2862 4531 3142 4589 Prafatus
3160 4550 3293 4590 vero
3313 4536 3665 4593 venerabilis

390 4633 448 4683 et
477 4626 794 4700 praeclarus
823 4627 1082 4699 pontifex
1109 4626 1246 4682 fecit
1275 4626 1335 4682 in
1369 4626 1614 4682 ecclesia
1642 4626 1872 4682 Domini
1905 4627 2241 4696 Salvatoris,
2269 4644 2397 4699 quae
2435 4627 2918 4684 Constantiniana
2946 4634 3205 4700 vocatur,
3231 4637 3450 4688 vestem
3485 4651 3666 4708 supra

390 4722 576 4780 altare
605 4724 801 4796 majus
831 4741 973 4780 auro
1004 4729 1222 4780 textam
1254 4741 1432 4780 unam
1463 4740 1597 4779 cum
1631 4724 1876 4781 diversis
1907 4725 2263 4798 margaritis.

464 4821 618 4879 048
651 4821 778 4877 Pari
810 4822 982 4877 modo
1015 4826 1074 4877 et
1102 4821 1161 4877 in
1193 4823 1394 4877 eadem
1429 4820 1673 4877 basilica
1704 4821 1951 4877 contulit
1973 4824 2100 4894 jam
2142 4823 2301 4878 fatus
2350 4822 2874 4879 reverendissimus
2929 4825 3142 4896 praesul
3197 4825 3325 4882 vela
3378 4828 3565 4884 serica
3592 4830 3666 4886 de

390 4918 649 4976 blattbin
681 4919 960 4992 byzantea
986 4923 1238 4992 quatuor
1261 4918 1320 4974 in
1346 4919 1595 4975 circuitu
1628 4919 1831 4975 altaris
1862 4920 2125 4992 majoris,
2159 4920 2276 4976 duo
2306 4937 2375 4976 ex
2404 4920 2498 4976 his
2527 4920 2805 4992 aquilata,
2830 4925 2888 4977 et
2918 4923 3032 4978 duo
3063 4923 3134 4979 de
3163 4923 3666 4992 basilisci,ornata

394 5017 456 5072 in
479 5015 727 5071 circuitu
750 5016 820 5072 de
851 5015 1077 5072 olovero
1103 5033 1115 5071 :
1141 5021 1198 5072 et
1229 5032 1332 5088 per
1359 5015 1624 5088 singulos
1655 5033 1826 5071 arcus
1856 5016 2201 5090 presbyterii
2231 5017 2359 5072 vela
2390 5016 2576 5074 serica
2605 5017 2836 5073 leonata
2866 5018 3204 5092 nonaginta.
3238 5021 3308 5076 Et
3327 5039 3432 5094 pro
3468 5023 3663 5080 futuro

397 5114 608 5170 anime
639 5131 758 5169 suae
790 5113 1048 5170 remedio
1078 5113 1326 5169 contulit
1362 5113 1580 5169 ibidem
1638 5113 1980 5169 cantharam
2039 5119 2376 5171 exauratam
2437 5132 2638 5184 unam,
2671 5114 2804 5171 libr.
2839 5122 3156 5173 comment.
3193 5134 3210 5174 ι
3241 5119 3664 5192 Prophetarum

318 5214 357 5269 5
395 5211 528 5268 libr.
563 5229 600 5280 ι,
633 5211 942 5268 Gestarum
976 5228 1173 5268 rerum
1197 5211 1331 5267 libr.
1359 5229 1418 5267 ιι.
1443 5211 1589 5267 Cum
1621 5215 1818 5267 autem
1845 5216 2002 5268 esset
2032 5211 2322 5268 sollicitur
2342 5230 2446 5285 pro
2467 5217 2628 5269 statu
2655 5212 3033 5271 ecclesiarum
3055 5215 3178 5284 Dei,
3207 5230 3278 5272 ne
3298 5216 3422 5274 suis
3437 5221 3664 5292 tempo-

395 5309 581 5378 ribus,
615 5325 744 5381 qua:
773 5307 837 5365 in
867 5309 1054 5365 ruinis
1086 5309 1287 5382 posite:
1317 5314 1506 5380 erant,
1537 5309 1830 5379 caderent,
1863 5308 2169 5366 ecclesiam
2199 5310 2500 5366 beatorum
2531 5311 2928 5383 apostolorum
2959 5312 3159 5369 Jacobi
3180 5321 3239 5370 et
3256 5313 3665 5390 Pbilippi,quaa

395 5406 580 5463 nimio
610 5406 774 5463 senio
806 5411 1158 5480 consumpta
1185 5407 1367 5463 ruinae
1399 5407 1664 5479 proxima
1692 5410 1837 5473 erat,
1869 5424 1903 5462 a
1933 5407 2315 5464 fundamento
2342 5409 2661 5465 renouavit.
2697 5411 2882 5476 Quam
2913 5409 3124 5467 collato
3155 5411 3424 5481 calice,et
3451 5419 3669 5487 patena

395 5509 675 5561 exaurata
705 5504 942 5560 nomine
973 5504 1186 5562 Graecis
1217 5504 1558 5576 Latinisque
1588 5503 1798 5560 litteris
1827 5505 2108 5577 inscripto
2140 5507 2462 5562 adornavit.
2497 5508 2566 5562 Et
2597 5507 2840 5580 insuper
2867 5525 2970 5580 pro
3011 5527 3120 5566 sua
3169 5517 3449 5584 perpetua
3479 5513 3669 5573 salute

394 5602 645 5659 contulit
672 5603 734 5658 in
763 5602 969 5658 eadem
990 5601 1233 5659 basilica
1251 5602 1663 5675 Apostolorum
1687 5603 1973 5660 cortinam
1991 5604 2205 5660 lineam
2221 5621 2420 5674 unam,
2436 5605 2730 5662 velothera
2751 5606 2938 5663 serica
2958 5608 3071 5664 tria
3091 5609 3150 5664 in
3171 5610 3419 5667 circuitu
3442 5611 3666 5671 altaris.

287 5701 358 5756 10
396 5699 467 5755 Et
493 5695 749 5757 oratorio
779 5701 968 5756 sancti
999 5700 1254 5768 Thomas,
1290 5700 1402 5756 sito
1431 5700 1491 5755 in
1522 5701 1878 5762 monasterio
1906 5703 2091 5758 sancti
2122 5703 2363 5758 Andreae
2391 5702 2659 5775 apostoli,
2687 5705 2860 5775 juxta
2900 5705 3207 5764 basilicam
3254 5709 3665 5782 Apostolorum

396 5797 532 5855 fecit
560 5801 781 5854 vestem
803 5815 1004 5854 unam.
1029 5801 1160 5870 Ipse
1177 5814 1312 5855 vero
1338 5798 1604 5872 egregius
1625 5802 1678 5854 et
1693 5799 2193 5871 prudentissimus
2210 5817 2362 5874 papa
2382 5818 2517 5858 cum
2535 5801 2710 5858 sciret
2726 5801 3030 5858 basilicam
3054 5809 3393 5863 sanctorum
3416 5812 3667 5882 quatuor

1457 5921 1710 5969 NO’I‘ULE
1748 5922 2132 5971 κΑΒθιΝΑιι-εε
2173 5924 2468 5973 FABROTTI

296 5995 776 6074 :.:(a)‘-E:cod.“xxn,
810 6001 898 6060 18.
930 6001 1010 6074 (b)
1035 6001 1089 6061 ιι
1113 6003 1240 6062 Cor.
1271 6017 1348 6070 v1,
1383 6003 1472 6072 14,
1505 6003 1593 6060 15.
