3922 6400
274 313 432 380 1403

879 313 1164 380 ANAST.
1205 314 1404 378 BIBL.
1450 315 1652 380 HIST.
1698 318 1802 380 DE
1843 317 2001 383 VIT.
2046 317 2239 381 ROM.
2281 315 2514 382 PONT.
2546 349 2628 364 —
2653 314 2940 382 STEPH;
2979 315 3090 384 VI.

3536 315 3700 381 ίωι

414 451 856 520 Coronatorum,
879 448 942 506 in
963 465 1080 523 qua
1110 449 1419 506 sacerdotii
1449 449 1806 524 fungebatur
1833 451 2048 520 ofﬁcio,
2073 450 2302 509 modico
2333 451 2422 508 uti
2451 455 2684 520 ornatu,
2700 467 2806 526 pro
2827 447 3151 510 reverentia
3167 453 3228 511 et
3245 463 3448 510 amore
3462 465 3702 510 eorum-

418 548 553 606 dem
582 552 919 606 sanctorum
952 546 1164 604 obtulit
1191 547 1251 603 in
1281 565 1349 604 ea
1397 565 1630 606 crucem
1678 565 1918 606 auream
1967 567 2145 623 super
2191 549 2397 620 altare,
2427 566 2564 606 cum
2595 547 2848 624 gemmis
2876 553 2936 607 et
2963 548 3200 619 smalto,
3232 553 3291 606 et
3319 548 3594 624 sagulum
3623 549 3700 606 ad

416 646 792 720 pendendum
825 644 884 700 in
914 661 1114 718 regno,
1148 650 1204 701 et
1233 650 1523 702 cerostata
1549 646 1760 702 vestita
1781 647 1850 702 de
1873 652 2112 720 argento
2136 647 2302 720 paria
2323 648 2664 720 duo.Atque
2694 663 2811 720 pra:
2843 646 3026 703 nimio
3056 663 3255 703 amore
3287 645 3522 703 illorum
3544 645 3706 703 idem

309 743 380 803 45
415 743 881 818 benignissimus
903 759 1054 816 papa
1079 742 1326 800 contulit
1346 743 1564 800 ibidem
1595 745 1939 802 cantharum
1971 750 2310 802 exauratam
2343 743 2926 814 unam,salomonem
2956 761 3430 818 unum,regnum
3452 761 3704 801 aureum

417 856 779 908 unum,cum
811 839 1064 913 gemmis
1095 839 1862 914 pretiosissimis,etvestem
1896 859 2076 898 unam
2108 859 2244 899 cum
2276 859 2418 898 auro
2449 847 2508 898 et
2535 841 2788 916 gemmis
2814 840 2984 906 albis,
3003 845 3180 914 atque
3201 841 3707 898 Sermonumlibr.

418 954 626 1004 unum,
659 938 968 994 Gestarum
1000 937 1134 994 libr.
1168 955 1374 1006 unum,
1400 937 1851 1012 Evangeliorum
1883 939 2099 996 librum
2129 957 2338 1008 unum,
2363 956 2497 996 cum
2530 937 2938 1012 epistolis.l]ic
2971 937 3098 1012 ipse
3128 938 3462 1012 praecipuus
3483 936 3703 1012 praesul

417 1034 606 1109 magis
637 1038 695 1092 et
723 1034 916 1108 magis
943 1030 1140 1090 divino
1168 1034 1290 1091 zelo
1315 1035 1530 1092 ductus
1563 1036 1622 1091 in
1655 1038 1998 1092 eorumdem
2057 1041 2399 1092 sanctorum
2461 1040 2658 1092 motus
2717 1053 2915 1093 amore
2967 1035 3105 1092 fecit
3131 1035 3192 1092 in
3223 1035 3471 1094 basilica
3501 1052 3707 1093 eorum

415 1131 674 1190 canistra
701 1133 773 1188 de
805 1135 1044 1205 argento
1076 1131 1394 1204 purissimo
1427 1132 1586 1189 mirae
1619 1133 2079 1206 pulchritudinis
2111 1138 2350 1207 operata
2380 1150 2624 1191 numero
2653 1133 3014 1207 quindecim,
3047 1133 3488 1208 pensan.simul
3518 1133 3705 1192 libras

305 1229 378 1286 eo
413 1229 675 1304 triginta,
709 1233 768 1286 et
797 1229 1004 1286 tribuit
1032 1229 1294 1286 codicem
1326 1247 1513 1286 unum
1545 1231 1702 1288 beati
1733 1231 1980 1288 Joannis
2010 1230 2436 1306 Chrysostomi.

485 1329 642 1386 649
668 1327 826 1386 Fecit
854 1331 1053 1385 autem
1085 1328 1240 1384 idem
1273 1327 1564 1386 almiﬁcus
1595 1346 1748 1404 papa
1775 1329 1835 1386 in
1867 1328 2039 1386 titulo
2080 1330 2268 1386 sancti
2319 1329 2580 1386 Marcelli
2631 1330 2907 1404 martyris
2963 1333 3140 1404 atque
3195 1329 3494 1404 pontiﬁcis
3536 1329 3706 1389 cani-

415 1429 608 1484 strum
637 1429 980 1500 argenteum
1009 1442 1211 1494 unam,
1245 1443 1490 1499 pensan.
1525 1425 1706 1484 libras
1735 1431 1854 1484 tres
1889 1445 1902 1484 :
1938 1443 2172 1484 crucem
2203 1427 2275 1484 de
2307 1443 2448 1484 auro
2481 1444 2686 1496 unam,
2717 1427 2847 1486 vela
2893 1427 3050 1486 linea
3094 1443 3198 1486 sex
3226 1431 3286 1485 et
3311 1427 3540 1503 viginti,
3573 1444 3705 1487 cor-

413 1523 600 1582 tinam
631 1522 848 1582 lineam
870 1540 1074 1592 unam,
1101 1523 1396 1597 simulque
1419 1528 1476 1580 et
1503 1523 1895 1582 Historiarum
1917 1525 2136 1582 librum
2160 1541 2368 1594 unum,
2391 1524 2680 1583 homelias
2705 1525 2896 1583 sancti
2922 1523 3186 1600 Gregorii
3206 1541 3452 1583 numero
3472 1525 3702 1600 viginti.

415 1621 579 1680 Misit
623 1638 857 1696 quoque
899 1621 960 1677 in
999 1621 1307 1678 ecclesiam
1354 1625 1568 1679 sanctas
1608 1622 1711 1680 Dei
1744 1623 2056 1681 Genitricis
2081 1639 2428 1696 semperque
2457 1623 2718 1698 Virginis
2749 1623 2965 1693 Mariis,
3000 1623 3179 1680 sitam
3209 1623 3270 1679 in
3304 1623 3702 1694 Manturiano,

339 1721 378 1778 5
414 1719 634 1778 librum
665 1721 892 1796 Regum
925 1736 1132 1788 unum,
1164 1722 1386 1776 vestem
1418 1719 1665 1777 sericam
1691 1737 1872 1795 super
1900 1720 2082 1778 altare
2113 1737 2314 1778 unam.
2345 1721 2479 1779 Jam
2512 1725 2874 1778 memoratus
2905 1720 3260 1778 mitissimus
3289 1737 3444 1796 papa
3471 1720 3610 1779 fecit
3640 1720 3701 1778 in

415 1818 774 1877 monasterio
796 1818 870 1875 ad
891 1817 1109 1874 clivum
1132 1816 1359 1887 Scauri,
1383 1835 1616 1875 crucem
1648 1836 1888 1876 auream
1915 1837 2116 1886 unam,
2147 1836 2372 1876 necnon
2405 1819 2674 1877 omnium
2699 1817 3079 1878 ecclesiarum
3112 1817 3573 1878 sollicitudinem
3602 1819 3706 1877 ha-

415 1920 564 1978 bens
593 1919 719 1994 ipse
748 1918 1056 1994 piissimus
1088 1919 1257 1976 Pater
1285 1919 1536 1976 contulit
1566 1919 1628 1977 in
1659 1921 2016 1979 monasterio
2049 1921 2238 1978 sancti
2273 1920 2535 1979 Silvestri
2564 1921 2624 1977 in
2657 1925 2858 1979 monte
2887 1921 3124 1996 Soracte
3153 1919 3701 1996 thymiamaterium

417 2019 490 2074 de
519 2021 760 2093 argento
792 2033 1000 2085 unum,
1033 2015 1351 2074 cantullam
1385 2022 1727 2092 argenteam
1758 2035 1961 2076 unam.
1995 2019 2066 2076 Et
2096 2018 2287 2094 magis
2317 2035 2384 2076 ac
2414 2018 2607 2094 magis
2639 2017 2834 2078 divino
2864 1995 3064 2076 amore
3114 2035 3437 2076 succensus
3475 2018 3612 2076 fecit
3639 2017 3702 2076 in

413 2114 588 2173 titulo
619 2119 834 2172 sancta:
866 2114 1242 2172 Pudentianes
1271 2115 1623 2172 Sermonum
1648 2115 1866 2174 librum
1889 2133 2116 2174 unum:
2141 2120 2218 2185 et,
2240 2115 2303 2174 in
2327 2116 2498 2174 titulo
2524 2117 2708 2175 beatis
2736 2117 3083 2187 Anastasius,
3107 2117 3459 2174 Sermonum
3480 2119 3540 2173 et
3565 2115 3705 2190 Epi-

309 2215 379 2270 10
415 2213 705 2271 stolarum
734 2213 956 2270 librum
985 2229 1192 2270 unum.
1216 2215 1288 2270 Et
1311 2213 1371 2270 in
1397 2213 1662 2281 ecclesia,
1688 2231 1816 2288 quae
1845 2219 2086 2272 vocatur
2113 2215 2464 2286 Jerusalem,
2498 2215 2558 2272 in
2591 2217 2860 2273 susurrio
2890 2214 3107 2274 obtulit
3133 2214 3354 2273 librum
3381 2215 3607 2290 Regum
3638 2218 3699 2272 et

417 2311 749 2369 Salomonis
781 2328 988 2379 unum,
1020 2315 1078 2368 et
1101 2311 1484 2368 reverentiam
1513 2311 1664 2369 beati
1695 2313 1958 2387 Gregorii
2014 2313 2384 2386 praecessoris
2432 2313 2525 2371 sui
2569 2331 2687 2386 prae
2737 2313 2924 2372 oculis
2974 2313 3169 2371 cordis
3216 2312 3462 2383 habens,
3494 2311 3707 2369 tribuit

416 2409 575 2468 idem
607 2426 884 2468 summus
915 2409 1174 2482 pontifex
1203 2408 1263 2464 in
1293 2409 1566 2482 hOSpitali
1598 2409 1786 2483 ipsius
1819 2411 1971 2468 beati
2005 2411 2267 2484 Gregorii
2297 2412 2359 2468 in
2389 2412 2619 2485 porticu
2664 2413 2822 2469 beati
2869 2412 3028 2469 Petri
3067 2411 3317 2486 apostoli
3349 2412 3703 2470 Sermonum

417 2512 756 2565 sanctorum
788 2507 1006 2564 librum
1037 2523 1245 2562 unum.
1275 2507 1348 2563 Et
1378 2507 1437 2563 in
1469 2505 1671 2564 schola
1699 2513 2030 2578 cantorum,
2063 2525 2192 2581 quae
2223 2509 2453 2583 pridem
2484 2509 3067 2584 Orphanotrophium
3113 2509 3454 2581 vocabatur,
3486 2509 3708 2584 Hepta-

416 2604 698 2662 teuchum
729 2620 938 2660 unum.

489 2700 645 2759 οδε)
674 2701 836 2758 Idem
865 2704 1064 2758 autem
1095 2699 1573 2774 elegantissimus
1614 2701 1829 2776 praesul
1874 2707 2052 2776 atque
2093 2703 2456 2762 fortissimus
2508 2707 2676 2760 recte:
2735 2703 2873 2760 fidei
2929 2704 3276 2779 praedicator
3304 2704 3365 2761 in
3395 2703 3709 2762 ecclesiam

417 2798 814 2856 Ravennatem
845 2797 970 2855 auri
1001 2798 1182 2856 libras
1212 2799 1544 2872 duodecim,
1568 2800 1793 2874 argenti
1821 2800 2074 2858 libras...
2108 2802 2336 2859 remisit
2377 2819 2482 2876 pro
2529 2801 2738 2858 animai
2789 2819 2910 2858 suae
2937 2802 3220 2869 remedio,
3252 2818 3384 2875 qum
3414 2819 3704 2876 quemm-

325 2975 333 2981 _
383 2881 388 2885 ’
417 2898 554 2954 dam
587 2895 1068 2970 subreptionibus
1100 2897 1237 2954 inde
1267 2898 1500 2954 fuerant
1529 2897 1757 2956 ablatae.
1782 2899 2068 2956 Similiter
2095 2904 2152 2956 et
2178 2899 2240 2956 in
2271 2899 2519 2957 ecclesia
2551 2899 2826 2956 Imolensi
2849 2899 2978 2956 auri
3007 2900 3190 2958 libras
3221 2899 3707 2973 septem,argenti

413 2993 667 3052 libras...
701 2993 926 3051 ablatas
956 2993 1234 3051 restituit.
1269 2995 1413 3052 Item
1446 2987 1632 3052 Deum
1664 3013 1780 3068 prae
1813 2995 1998 3053 oculis
2029 2996 2253 3054 habens
2285 2996 2345 3052 in
2379 2996 2731 3054 Bononiensi
2761 2997 3008 3055 ecclesia
3047 3001 3324 3070 patenam
3355 2997 3426 3054 de
3459 3001 3706 3072 argento

343 3094 380 3150 5
419 3111 600 3150 unam
632 3109 796 3166 eaque
826 3091 1098 3149 reddidit.
1132 3093 1254 3150 Imo
1286 3097 1344 3148 et
1373 3110 1477 3166 pro
1509 3093 1750 3166 perenni
1783 3096 2046 3154 mercede
2077 3093 2138 3150 in
2170 3094 2418 3152 ecclesia
2445 3095 2592 3152 alias
2621 3099 2962 3152 sanctorum
2994 3094 3274 3168 reliquias
3305 3111 3412 3168 per
3439 3095 3706 3154 diversos

426 3190 755 3248 cardinales
783 3189 1012 3258 titulos,
1044 3189 1190 3246 alias
1239 3189 1416 3247 etiam
1466 3191 1927 3266 circumquaque
1965 3211 2070 3266 per
2111 3193 2339 3250 diversa
2365 3193 2614 3268 largitus
2643 3199 2734 3250 est
2763 3193 3142 3266 monasteria,
3176 3193 3279 3250 ubi
3311 3191 3581 3268 plurimis
3610 3209 3710 3250 co-

419 3293 661 3347 ruscant
683 3287 990 3346 miraculis
1018 3305 1032 3344 :
1069 3289 1389 3344 maximam
1420 3306 1552 3346 vero
1583 3295 1810 3364 partem
1841 3291 2022 3364 digna
2050 3291 2500 3349 honoriﬁcentia
2556 3291 2858 3348 collocavit
2913 3292 3070 3365 apud
3130 3290 3438 3348 ecclesiam
3465 3307 3593 3364 qua:
3623 3290 3701 3348 ad

419 3386 716 3460 apostolos
746 3387 981 3444 dicitur.
999 3387 1157 3444 Hanc
1189 3387 1351 3444 senio
1378 3393 1791 3462 consumptam
1823 3394 1880 3446 et
1910 3388 2092 3445 ruinas
2125 3390 2452 3464 proximam
2475 3389 2660 3447 isdem
2686 3389 3101 3448 sanctissimus
3121 3405 3274 3463 papa
3296 3385 3702 3448 afundamen-

417 3485 495 3543 tis
527 3485 844 3552 renovavit,
879 3489 935 3542 et
962 3484 1235 3558 plurimis
1267 3486 1528 3542 donariis
1554 3487 1806 3559 compsit
1835 3491 1892 3543 et
1920 3487 2304 3544 ornamentis.
2339 3489 2480 3544 Erat
2537 3487 2754 3562 quippe
2811 3487 3006 3544 omnis
3060 3488 3192 3560 ejus
3241 3485 3509 3554 intentio,
3541 3490 3607 3542 ut
3637 3503 3709 3543 ea

312 3585 383 3642 10
421 3601 655 3658 semper
685 3587 882 3658 ageret
912 3601 1038 3657 quae
1070 3583 1186 3640 Deo
1219 3589 1360 3640 sunt
1385 3585 1786 3658 acceptabilia.
1821 3586 1967 3642 Cum
2027 3585 2223 3642 clades
2284 3586 2482 3659 itaque
2533 3585 2918 3654 locustarum,
2952 3603 3080 3658 quae
3138 3583 3582 3658 praedecessoris
3613 3582 3711 3641 sui

414 3681 654 3740 Adriani
684 3680 954 3738 videlicet
985 3687 1246 3754 tempore
1279 3686 1460 3738 totam
1489 3683 1738 3754 patriam
1771 3701 1917 3756 pene
1947 3688 2420 3756 consumpserat,
2452 3684 2604 3741 male
2659 3683 3051 3756 multiplicato
3104 3683 3370 3757 germine
3401 3681 3561 3738 nasci
3593 3700 3708 3739 cte-

420 3780 648 3853 pissent
677 3784 735 3836 et
763 3779 962 3836 omnia
991 3779 1393 3852 replevissent,
1428 3781 1706 3838 misertus
1761 3781 1915 3837 idem
1963 3781 2380 3838 sanctissimus
2433 3798 2586 3854 papa
2641 3780 2858 3837 afﬂicto
2908 3779 3148 3854 populo,
3179 3779 3439 3854 primum
3469 3778 3708 3853 quidem

419 3876 741 3950 divulgavit
767 3880 830 3932 ut
859 3876 910 3932 si
943 3875 1077 3949 quis
1099 3877 1170 3933 de
1191 3877 1276 3933 eis
1296 3895 1483 3933 unum
1515 3879 1838 3935 sextarium
1870 3884 2103 3952 caperet
2131 3884 2190 3938 et
2219 3878 2332 3936 sibi
2363 3879 2680 3948 attulisset,
2703 3879 2967 3953 quinque
2997 3883 3099 3936 aut
3128 3896 3230 3936 sex
3248 3877 3520 3936 denarios
3543 3877 3618 3936 ab
3636 3894 3707 3937 eo

419 3973 764 4049 perciperet.
797 3975 916 4031 Hoc
945 3978 1145 4030 autem
1187 3973 1388 4048 populi
1437 3974 1744 4032 audientes
1796 3982 2099 4050 cmperunt
2158 3977 2274 4032 huc
2323 3981 2502 4050 atque
2556 3975 2699 4032 illuc
2757 3976 3108 4045 discurrere,
3141 3993 3358 4049 easque
3389 3992 3615 4050 capere,
3647 3979 3708 4034 et

315 4076 385 4132 15
423 4071 976 4131 misericordissimo
1009 4071 1162 4128 Patri
1195 4073 1267 4128 ad
1299 4075 1614 4130 emendum
1649 4079 1902 4148 portare.
1939 4075 2053 4132 Sed
2083 4093 2218 4132 cum
2252 4073 2384 4130 illas
2413 4073 2515 4130 tali
2561 4077 2910 4148 argumento
2969 4073 3161 4131 delere
3218 4073 3598 4148 nequivisset,
3633 4074 3706 4130 ad

418 4170 651 4230 Domini
683 4170 1149 4228 misericordiam
1182 4171 1552 4245 confugiens,
1584 4173 1646 4229 in
1677 4172 1999 4229 oratorium
2032 4172 2188 4230 beati
2221 4171 2506 4245 Gregorii,
2541 4171 2644 4229 ubi
2693 4173 2822 4244 eius
2871 4171 3058 4229 lectus
3110 4170 3382 4240 habetur,
3407 4171 3581 4244 juxta
3608 4188 3707 4228 ec-

419 4267 659 4325 clesiam
687 4266 970 4341 principis
999 4267 1421 4340 apostolorum,
1453 4269 1692 4325 veniens
1726 4287 1853 4326 sese
1885 4287 2022 4329 cum
2050 4270 2328 4344 lacrymis
2358 4269 2418 4326 in
2451 4270 2777 4327 orationem
2810 4269 2993 4339 dedit,
3025 4285 3281 4342 cumque
3320 4269 3548 4326 diutius
3576 4286 3705 4325 ora-

421 4371 529 4438 ret,
563 4365 834 4435 surrexit,
877 4369 934 4422 et
963 4382 1178 4438 aquam
1229 4365 1484 4439 propriis
1531 4367 1808 4426 manibus
1865 4368 2238 4439 benedicens,
2297 4365 2717 4426 mansionariis
2771 4366 3070 4442 praecepit,
3102 4367 3305 4424 dicens
3337 4381 3352 4422 :
3385 4365 3616 4434 Tollite,
3647 4369 3706 4423 et

422 4463 672 4539 singulis
702 4462 1058 4530 distribuite,
1091 4468 1398 4520 monentes
1449 4469 1516 4520 ut
1561 4466 1620 4521 in
1671 4467 1908 4524 nomine
1964 4467 2199 4525 Domini
2239 4483 2412 4540 agros
2441 4483 2582 4523 suos
2613 4467 2999 4535 circumeant,
3031 4472 3090 4522 et
3117 4465 3270 4521 hanc
3297 4480 3514 4537 aquam
3543 4481 3706 4538 spar-

313 4565 386 4620 20
424 4567 566 4638 gant
595 4579 699 4635 per
727 4566 858 4618 sata
887 4566 944 4617 et
972 4561 1194 4628 vineas,
1227 4567 1490 4636 petentes
1521 4563 1785 4620 divinum
1819 4565 1932 4622 sibi
1963 4564 2352 4639 suti'gragium
2382 4567 2440 4620 et
2469 4563 2828 4620 subsidium.
2863 4565 2986 4630 Quo
3036 4563 3188 4618 facto
3236 4566 3402 4618 tanta
3433 4561 3700 4635 omnipo-

421 4660 602 4718 tentis
633 4659 733 4716 Dei
764 4659 1083 4716 subsecuta
1111 4667 1200 4716 est
1230 4660 1654 4730 misericordia,
1687 4667 1752 4719 ut
1783 4665 2120 4737 ubicunque
2151 4662 2281 4736 ipsa
2311 4679 2466 4736 aqua
2495 4678 2816 4735 conspersa
2866 4665 2958 4718 est
3003 4659 3169 4717 nulla
3213 4659 3448 4733 penitus
3475 4658 3704 4716 locusta

424 4763 771 4816 remaneret.
809 4759 936 4814 Haec
967 4757 1428 4833 circumquaque
1451 4760 1628 4816 vicini
1652 4761 1958 4818 audientes
1987 4761 2060 4818 ad
2093 4760 2309 4816 Urbem
2339 4759 2670 4828 conﬂuunt,
2704 4758 3002 4816 subveniri
3047 4757 3162 4815 sibi
3201 4757 3546 4830 deposcunt,
3579 4772 3706 4812 om-

423 4873 561 4914 nem
591 4861 808 4912 terram
840 4857 901 4912 in
934 4855 1190 4930 pulveris
1221 4857 1466 4914 modum
1496 4857 1741 4916 locustis
1772 4865 2106 4933 coopertam
2137 4857 2460 4928 clamitant,
2494 4874 2642 4931 quos
2686 4856 2996 4929 piissimus
3042 4872 3196 4929 papa
3241 4853 3493 4928 benigne
3542 4870 3707 4910 com-

427 4954 678 5024 monuit,
713 4971 812 5011 eos
871 4955 941 5012 de
997 4952 1141 5012 coelo
1199 4955 1486 5012 auxilium
1542 4961 1740 5030 petere
1799 4959 2009 5015 debere
2067 4961 2272 5014 contra
2327 4953 2628 5029 ﬂagellum
2679 4953 3022 5023 imminens,
3053 4956 3112 5010 et
3137 4969 3274 5010 mox
3303 4951 3458 5009 laeta.
3501 4951 3708 5008 Cretera

319 5057 392 5112 25
427 5054 830 5112 desiderantur.

1658 5143 1902 5202 VARle
1940 5142 2342 5202 LECTIONES

518 5232 604 5288 Ea:
629 5230 810 5289 codice
840 5232 1021 5304 Regio,
1056 5232 1352 5288 Μαχανίηο
1381 5237 1434 5288 et
1464 5231 1704 5291 Thuano.

360 5377 510 5430 Num
537 5373 664 5446 641,
697 5373 781 5430 [in
813 5371 1242 5446 1,7Step‘hianuqs,
1260 5375 1394 5446 ante
1423 5372 1787 5446 Stephanum
1812 5393 1950 5446 prs:-

289 5445 544 5500 mittitur
573 5445 830 5501 Joannes
846 5443 1011 5500 ’VllII
1028 5443 1316 5500 Martinus
1328 5443 1656 5513 Secundus,
1673 5449 1732 5502 et
1751 5443 1832 5502 Ad
1845 5447 1948 5502 ria-

291 5533 406 5572 nus
436 5517 692 5572 Tertius.
729 5518 926 5572 Verum
951 5518 1070 5571 hzrc
1098 5517 1326 5571 alterius
1355 5518 1594 5572 auctoris
1632 5524 1784 5572 sunt.
1825 5519 1950 5574 Vide

292 5589 601 5660 testimonia
621 5588 684 5644 de
711 5588 1002 5660 Anastasio
1031 5588 1178 5660 dicta
1218 5587 1317 5660 _l_in
1351 5588 1483 5654 Lex
1513 5594 1676 5660 patre
1694 5590 1949 5646 Adriano

294 5657 365 5712 de
396 5657 490 5712 via
524 5662 678 5724 Lata,
713 5659 865 5714 sedit
895 5675 1080 5714 annos
1110 5659 1165 5724 6,
1201 5657 1325 5712 dies
1345 5657 1551 5713 novem
1579 5677 1592 5722 ;
1617 5665 1674 5714 et
1703 5662 1954 5717 cessavit

294 5727 667 5799 episcopatus
698 5729 904 5784 diebus
925 5731 979 5784 5.
1006 5729 1192 5800 Hujus
1224 5729 1586 5799 temporibus
1607 5731 1950 5800 Normanui,

297 5797 594 5870 adjunctis
633 5799 746 5870 sibi
795 5799 988 5862 Dacis,
1021 5816 1167 5870 pene
1196 5804 1379 5854 totam
1410 5799 1657 5856 Galliam
1687 5802 1950 5858 devasta-

297 5873 458 5942 gunt.
475 5869 714 5942 Propter
735 5869 996 5942 ipsorum
1019 5869 1286 5942 timorem
1311 5887 1523 5942 corpus
1545 5872 1697 5929 beati
1720 5873 1954 5930 Martini

298 5937 662 6012 'ljurpnenSis
687 5937 1108 6012 Altisiodorum
1139 5945 1230 6012 est
1258 5937 1650 6012 deportatum,
1684 5948 1742 6000 et
1771 5946 1830 6001 in
1863 5963 1954 6002 ec-

302 6007 483 6064 clesia
529 6008 716 6064 sancti
764 6010 1039 6064 Germani
1097 6007 1464 6068 collocatum.
1501 6013 1612 6070 Sed
1635 6007 1956 6072 'monachis

304 6083 544 6150 propter
571 6075 896 6134 oblationes
925 6076 1314 6149 litigantibus,
1337 6085 1394 6137 et
1422 6097 1528 6139 suo
1561 6090 1763 6142 sancto
1786 6087 1959 6143 mira-

1970 5239 2026 5306 Α
2055 5229 2206 5306 cula,
2234 5237 2367 5306 quae
2408 5230 2646 5306 fiebant,
2681 5227 3164 5306 adscribentibus

2055 5295 2214 5359 tione
2234 5295 2502 5374 léprosus
2522 5295 2675 5358 inter
2694 5305 2930 5374 sanctos
2943 5295 3260 5374 Martinam
3283 5299 3340 5374 et
3353 5295 3709 5374 Germanum

3202 5242 3308 5298 pro
3355 5223 3710 5298 determina-

2059 5366 2309 5448 positus;
2339 5392 2408 5430 ex
2438 5379 2602 5446 parte
2640 5373 2875 5448 Martini
2923 5374 3164 5448 curatus
3192 5372 3446 5448 _tantum
3471 5385 3500 5448 ;_
3515 5371 3576 5423 et
3602 5366 3713 5448 alia

2058 5440 2225 5502 nocte
2255 5440 2524 5517 reversus
2558 5462 2628 5501 ex
2658 5443 2773 5517 alia
2803 5448 2968 5517 parte
2999 5443 3072 5499 ab
3104 5440 3314 5517 eodem
3341 5443 3582 5517 curatus
3603 5441 3709 5517 est;

2057 5535 2174 5574 non
2196 5521 2434 5590 propter
2453 5509 2860 5590 impotentiam
2883 5512 3157 5590 Germani
3179 5511 3318 5590 ;_sed
3343 5509 3499 5590 quod
3521 5509 3712 5590 hospi-

2059 5593 2177 5646 tem
2198 5581 2784 5664 horioravitfcaetera
2841 5588 3030 5643 omnia
3086 5581 3487 5664 desiderantur.
3521 5581 3594 5664 In
3611 5581 3712 5664 [ioc

2058 5669 2241 5717 autem
2267 5660 2545 5730 Stephano
2587 5659 2792 5716 desinit
2839 5657 3132 5714 Anastasii
3176 5653 3347 5730 editio
3374 5651 3710 5730 Moguntina,

2061 5747 2187 5806 quae
2212 5722 2420 5802 prodiit
2449 5747 2594 5806 anno
2628 5732 2784 5806 16(32.
2816 5735 3136 5802 Sequuntur
3158 5727 3482 5806 iii-utroque
3527 5722 3716 5806 fodies.

2061 5793 2304 5858 aliorum
2351 5803 2668 5874 pontiﬁcum
2713 5802 2867 5868 Vitr,
2899 5793 3071 5872 usque
3100 5793 3496 5874 adﬂat-tinum
3527 5793 3582 5850 ν.
3613 5793 3714 5851 Sed

2064 5875 2195 5946 quia
2224 5869 2379 5956 nobis
2405 5869 2764 5956 pprositutn
2791 5874 2903 5955 fuit
2926 5869 3281 5956 Aimstasium
3299 5871 3714 5956 iqditff’f

2063 5943 2202 6020 sere,
2231 5953 2282 6000 at
2317 5943 2581 6020 purioris»
2621 5943 2876 6001 editionis
2913 5943 3268 6020 occasionem
3322 5944 3590 6020 pastore
3624 5943 3712 6020 iis,

2065 6017 2264 6088 quibus
2290 6011 2472 6088 n'wjus
2501 6017 2677 6088 otium
2710 6015 2964 6088 suppetit,
2997 6013 3116 6088 ideo
3174 6011 3641 6088 hic__desinimus,
3669 6014 3717 6066 et

2065 6080 2345 6157 negotium
2367 6080 2466 6144 hoc
2495 6086 2612 6144 illis
2638 6080 3016 6161 percipiendum
3043 6085 3186 6142 ultro
3215 6080 3599 6156 relinquimus.
