3950 6406
377 418 476 478 294
1175 419 1270 476 AD
1304 418 1740 474 ANASTASIUM
1777 414 2294 472 PROLEGOMENA
2329 413 2512 470 EDIT.
2549 413 2983 473 ROM.-VATIC.
3682 413 3788 472 292

379 563 406 602 ε
480 547 769 604 Farfensis
1390 545 1425 602 9
1710 544 1744 601 3
1957 541 2028 598 20
2053 545 2108 602 A
2201 560 2244 612 Ρ
2318 544 2570 600 Ocricul.
2602 547 2826 616 primus
2849 559 2994 600 coss.
3030 545 3213 600 Pater.
3245 547 3300 599 et
3330 543 3609 598 Braduam

378 639 416 704 f
479 637 754 692 Lucensis
829 703 836 714 '
1392 633 1428 692 9
1711 632 1746 690 3
1958 629 2029 688 20
2211 648 2245 700 q
2389 663 2460 674 -—
2593 634 2882 689 secundus
2912 647 3059 688 coss.
3092 633 3318 688 Patern.
3350 637 3407 687 et
3435 631 3719 687 Braduam

665 727 912 794 Catalogi
937 741 1004 780 ea:
1034 726 1310 780 codicibus
1339 731 1496 779 extra
1526 725 1748 780 Italiam
2207 737 2239 774 r
2386 752 2406 762 -
2439 752 2460 762 -
2595 723 2804 778 tertius
2827 737 2974 778 coss.
3009 721 3234 778 eosdem

375 829 410 880 g
483 813 748 884 Belgicus
779 813 1155 882 Papebrochii
1391 810 1426 868 9
1711 808 1746 866 3
1958 807 2030 865 20
2209 824 2234 864 s
2389 839 2458 851 —-
2591 818 2834 882 quartus
2859 825 3005 866 coss.
3035 809 3261 866 eosdem

375 902 413 956 h
483 901 852 958 Colbertinus
879 902 1104 970 primus
1389 899 1426 956 9
1711 897 1746 955 6
1958 895 2022 953 24
2206 896 2414 954 Omnes
2443 899 2671 956 codices
2694 900 2765 955 ab
2794 917 2828 954 a
2859 901 2926 956 ad
2958 916 2988 954 ο
3027 904 3165 956 sunt
3195 912 3322 954 XIIII

373 992 398 1043 i
609 1019 684 1031 —
863 990 1152 1046 secundus
1390 987 1425 1042 9
1710 987 1744 1043 6
1957 983 2022 1041 24
2208 989 2290 1044 Ex
2318 987 2412 1043 bis
2439 988 2741 1044 duodecim
2777 989 2975 1060 legunt
2993 1001 3179 1044 annos
3751 985 3788 1044 5

377 1080 409 1133 k
613 1109 686 1118 —
865 1079 1074 1135 tertius
1355 1074 1422 1132 49
1709 1074 1745 1131 5
1958 1070 2022 1128 24
2208 1077 2368 1132 Unus
2397 1077 2538 1148 legit
2567 1079 2737 1134 etiam
2771 1092 2992 1134 menses
3757 1071 3788 1130 4

377 1169 397 1222 ι
608 1199 682 1208 -
861 1173 1104 1238 quartus
1389 1165 1424 1221 9
1709 1162 1744 1221 3
1995 1161 2030 1216 0
2210 1167 2417 1222 Novem
2448 1173 2753 1223 numerant
2783 1168 3023 1238 insuper
3049 1169 3175 1224 dies
3754 1163 3790 1221 5

372 1271 427 1309 m
605 1286 679 1295 —
858 1258 1103 1326 quintus
1388 1253 1424 1309 9
1710 1252 1746 1308 6
1958 1247 2022 1305 24
2209 1256 2272 1309 In
2303 1256 2551 1325 picturis
2579 1257 2999 1326 superstitibus
3031 1256 3237 1312 veteris
3281 1255 3453 1312 seriei
3487 1254 3786 1312 Leonianae

372 1361 412 1399 η
599 1375 674 1384 -
852 1352 1050 1400 sextus
1387 1340 1423 1398 9
1709 1340 1744 1396 3
1995 1343 2030 1400 0
2137 1344 2364 1400 eosdem
2389 1359 2656 1402 numeros
2683 1347 3148 1419 recognoscimus
3172 1347 3231 1401 in
3255 1344 3553 1402 mensibus
3571 1357 3638 1399 ac
3657 1343 3789 1400 die—

372 1448 404 1487 o
605 1463 677 1473 —
856 1434 1136 1504 septimus
1294 1465 1301 1477 ρ
1387 1429 1424 1487 9
1708 1428 1744 1486 3
1962 1429 2022 1486 44
2136 1431 2266 1490 bus.
2297 1435 2533 1492 Numeri
2558 1449 2840 1492 annorum
2870 1441 3152 1492 vetustate
3181 1440 3316 1492 sunt
3347 1433 3655 1505 assumpti.

589 1523 883 1577 Consulum
906 1525 1078 1592 paria
1613 1523 1758 1576 Era:
1790 1521 2016 1577 Christi.
2898 1543 3018 1596 XV.

441 1611 524 1666 Ex
549 1625 696 1667 coss.
731 1611 971 1668 Rustico
993 1618 1050 1668 et
1079 1610 1358 1682 Aquilino
1926 1609 2028 1667 462
2775 1632 2828 1686 δ,
2862 1630 3138 1687 VICTOR,

369 1697 442 1754 ad
474 1711 620 1755 008$.
652 1699 965 1770 Cethegum
993 1707 1050 1757 et
1077 1701 1307 1757 Clarum
1925 1695 2028 1753 470
2438 1722 2673 1774 Pictura?
2702 1724 2902 1775 veteres
2935 1721 3170 1775 basilicae
3199 1721 3262 1776 S.
3299 1720 3480 1773 Pauli.

443 1805 477 1842 a
551 1787 728 1845 Catal.
762 1787 1105 1845 Liberianus
1138 1788 1401 1844 lacunam
1431 1787 1687 1844 ostendit
1716 1786 1842 1843 loco
1871 1801 2020 1842 coss.
2207 1808 2454 1864 pictum
2479 1809 2676 1865 smn“
2705 1810 2763 1864 δ,
3091 1809 3336 1864 pictum
3362 1809 3549 1864 ωωιίε
3570 1807 3684 1864 Νί-

549 1879 772 1934 Soteris
1251 1912 1264 1918 -
2053 1868 2107 1930 Β

2053 1868 2107 1930 Β
2244 1899 2448 1956 Leonis
2477 1900 2664 1971 Magni
3239 1898 3388 1954 colai
3433 1899 3503 1952 III

445 1967 476 2020 b
547 1967 854 2058 Oatalogus
881 1967 1094 2024 Felicis
1122 1969 1190 2025 IV
1224 1969 1442 2026 indicat
1471 1983 1627 2025 coss.
1677 1967 1914 2038 suprad.

2311 1991 2350 2058 ἡ
2425 1967 2682 2044 victor
3128 1987 3168 2056 ’ξ-
3241 1986 3573 2042 VICTOR

434 2073 478 2126 p
549 2055 738 2113 Ocric.
773 2058 1029 2128 primus:
1068 2059 1129 2114 in
1159 2059 1265 2116 hoc
1299 2059 1707 2116 desiderantur
1745 2058 2026 2114 lectiones
2326 2055 2334 2058 ’
2419 2094 2448 2134 3
2471 2091 2501 2133 θ
2525 2077 2561 2133 d
3146 2055 3278 2130 sed
3314 2092 3480 2130 ann,
3518 2089 3553 2129 χ

443 2163 477 2214 q
588 2178 657 2186 —
751 2149 1039 2204 secundus
1251 2162 1276 2223 δ
1455 2151 1770 2206 numerant-
1798 2148 2003 2204 eosdeu

1873 2148 2024 2204 sdem
2424 2181 2576 2223 ann
3185 2180 3266 2220 ιι.
3299 2165 3433 2220 d.x

438 2252 469 2289 τ·
585 2267 654 2276 ——
748 2238 956 2293 tertius
1257 2233 1276 2294 5
1445 2252 1580 2294 ann.
1608 2235 1661 2292 9.
1693 2251 1766 2292 m.
1798 2233 1853 2291 3.
1885 2236 1939 2290 d.
1967 2233 2003 2290 3
2471 2240 2528 2294 Χ

437 2340 464 2378 s
579 2356 654 2366 —
748 2333 994 2396 quartus
1262 2325 1277 2370 Ι
1433 2325 2026 2381 lncoss.concordant
2457 2341 2518 2381 ιι

437 2414 648 2469 Omnes
672 2415 899 2469 codices
923 2415 994 2470 ab
1021 2432 1055 2468 a
1083 2415 1153 2469 ad
1187 2431 1216 2468 ο
1245 2419 1383 2469 sunt
1413 2428 1568 2468 xuii.
2383 2416 2442 2470 d.
2481 2429 2518 2469 χ

437 2501 520 2555 Ex
551 2501 645 2556 bis
675 2501 946 2556 tredecim
981 2507 1284 2557 numerant
1319 2515 1453 2556 anu.
1990 2495 2026 2550 9
2205 2517 2241 2556 a
2313 2503 2618 2572 Catalogus
2643 2501 2828 2556 Liber.
2864 2514 2996 2556 ann.
3132 2500 3199 2557 40
3291 2517 3368 2556 ιιι.
3442 2501 3479 2558 2
3567 2503 3627 2558 d.
3729 2499 3797 2558 40

439 2591 648 2644 Novem
681 2602 812 2646 vero
845 2589 1054 2644 habent
1093 2602 1313 2644 menses
1992 2583 2028 2640 3
2209 2591 2240 2644 b
2313 2592 2564 2662 CataIOg.
2591 2590 2698 2647 sub
2721 2591 2903 2646 Felice
2922 2592 3013 2646 IV.
3113 2589 3181 2646 40
3431 2589 3469 2648 2
3731 2589 3796 2649 40

437 2676 707 2748 Quinque
755 2683 1051 2732 recensent
1078 2677 1206 2732 dies
1955 2670 2019 2729 24
2581 2679 2828 2746 Catalogi
2857 2695 2926 2733 ea:
2953 2679 3110 2733 codd.
3145 2679 3340 2734 Italiae.

440 2767 564 2821 Non
592 2780 759 2822 secus
787 2779 854 2820 ac
885 2766 1132 2836 legimus
1163 2767 1222 2820 in
1255 2765 1504 2836 picturis
1541 2762 1819 2830 basilicae,
1853 2776 1883 2817 a
1915 2763 2026 2816 Ni—
2207 2786 2235 2824 ο
2307 2769 2704 2840 Bergomensis
3118 2765 3184 2824 40
3438 2765 3462 2822 4
3732 2768 3800 2826 40

368 2853 529 2910 colao
557 2855 632 2910 III
671 2854 935 2923 repetitis
972 2869 1041 2910 ex
1071 2854 1246 2910 veteri
1279 2853 1448 2924 serie,
1484 2852 1544 2908 in
1578 2865 1690 2923 qua
1719 2851 1774 2905 S.
1807 2849 2025 2906 Soteris
2209 2858 2247 2912 d
2317 2858 2588 2915 Cavensis
3115 2853 3182 2912 40
3433 2853 3470 2912 2
3729 2856 3800 2915 4ο

367 2939 683 3014 epigraphe
714 2943 883 3000 hodie
909 2949 1206 3014 consmpta
1229 2949 1336 2999 est.
2208 2965 2236 3001 c
2309 2945 2598 3002 Farfensis
3117 2944 3184 3001 40
3434 2945 3472 3001 2
3731 2945 3800 3003 40

1126 3070 1270 3124 XIV.
2205 3037 2242 3102 Γ
2309 3035 2582 3092 Lucensis
3115 3031 3180 3088 40
3319 3122 3328 3124 ᾗ
3431 3031 3468 3089 2
3729 3033 3798 3091 40

2457 3125 2702 3188 Catalogi
2723 3140 2790 3177 ea:
2832 3124 2988 3178 codd.
3028 3127 3185 3178 extra
3223 3122 3462 3178 Italiam.

851 3172 1560 3285 ΞἝῘᾍΕῨῙῘἚῘἾΠηἾῗλ
2050 3209 2100 3272 C
2203 3230 2240 3282 α
2309 3172 2988 3285 Βθιςίὶᾞξιὲἕρἑἶνόὲῌῆ
3031 3172 3181 3268 ’Ἷό
3726 3210 3796 3268 40

831 3265 1066 3319 Pictum
1094 3269 1292 3318 veteres
1315 3264 1371 3318 S.
1395 3261 1562 3316 Pauli
2057 3261 2100 3272 "
2203 3261 2231 3282 "
2310 3261 2391 3311 ’νῖ

879 3355 890 3376 .
1025 3352 1374 3376 Μυκη-..ηπ
2201 3304 2238 3357 h
2309 3302 2391 3360 Co

2237 3346 2238 3350 χ
2309 3261 2973 3374 ῖιᾷἰῖὲῖ-ἶῖηἱιζιῖιῖίῶἶιξ“
3104 3261 3174 3357 i6
3430 3261 3468 3354 ὲ
3727 3261 3797 3356 i6

865 3355 906 3423 ι
1025 3352 1381 3410 ELEuTHF-R
2199 3352 2236 3448 ξ
2321 3352 2970 3448 ":""'".;;.;;,a;..
3105 3352 3172 3444 ιδ
3431 3352 3468 3443 ι
3725 3352 3795 3444 ιδ

969 3515 1288 3570 sed.ann
1320 3527 1402 3568 xv
2202 3485 2234 3538 Ῐί
2400 3513 2468 3522 ‘—

2400 3513 2468 3522 ——
2661 3482 2870 3538 tertius
3114 3475 3182 3570 0
3431 3474 3468 3570 2

1154 3563 1237 3624 ::
1255 3563 1288 3568 "
1322 3563 1390 3568 "‘
2201 3573 2220 3625 ι
2399 3601 2470 3612 --
2652 3576 2897 3640 quartus
3112 3564 3179 3622 40
3428 3563 3466 3620 2
3724 3563 3795 3622 40

1099 3671 1152 3711 m
1186 3656 1280 3711 IIII
2197 3678 2253 3716 m
2395 3691 2470 3701 —
2645 3661 2889 3728 quintus
3109 3651 3176 3710 40
3428 3651 3464 3709 2
3725 3652 3794 3710 40

1119 3747 1177 3801 d.
1206 3746 1250 3799 V
2197 3766 2236 3804 η
2393 3781 2466 3790 -
2639 3763 2679 3804 ει

2235 3792 2236 3798 η
2393 3781 2466 3790 -
2639 3747 2863 3804 sextius
3113 3741 3180 3798 40
3429 3739 3467 3798 2
3725 3740 3795 3800 40

433 3851 470 3889 a
539 3835 660 3890 Cat.
693 3835 909 3890 Liberii
936 3847 1070 3890 ann.
1395 3833 1770 3890 Desideratur
1799 3831 2015 3902 epocha
2193 3855 2224 3894 ο
2385 3869 2458 3880 -
2627 3839 2910 3908 septimus
3113 3829 3180 3887 40
3427 3830 3464 3887 2
3726 3830 3798 3890 40

437 3923 468 3976 b
540 3923 658 3978 Cat.
704 3923 915 3978 Felicis
943 3925 1012 3978 IV
1446 3919 1513 3976 45
1590 3937 1662 3978 m.
1739 3919 1774 3976 3
1847 3922 1904 3976 d.
1979 3918 2016 3975 2
2306 3929 2600 3984 Consulum
2631 3929 2799 3996 paria
3217 3923 3226 3929 ’
3406 3923 3548 3975 Era
3580 3921 3796 3978 Christi

799 4013 1040 4080 Catologi
1081 4028 1149 4066 ea:
1186 4012 1342 4067 codd.
1385 4012 1583 4066 Ilaliae.
2197 4018 2278 4072 Ex
2308 4029 2456 4072 coss.
2513 4015 2822 4070 Commodo
2854 4013 2900 4066 V
2935 4015 2992 4065 ct
3041 4007 3354 4065 Glabrione
3685 4008 3794 4068 486

437 4115 464 4153 ο
537 4100 795 4172 Bergom.
1451 4099 1518 4155 45
1733 4096 1769 4152 6
1983 4095 2019 4152 5
2127 4105 2194 4161 ad
2229 4118 2375 4160 coss.
2410 4104 2772 4168 Leteranum,
2805 4107 2862 4154 et
2891 4098 3162 4154 Ruﬁnum
3683 4097 3792 4156 497

435 4190 473 4243 ἀ
543 4190 814 4246 Cavensis
1453 4186 1519 4244 45
1733 4185 1769 4240 6
1983 4182 2018 4240 5
2197 4208 2232 4245 α
2279 4189 2586 4258 Catalogus
2629 4188 2974 4243 Liberianus
3015 4186 3164 4242 edit.
3207 4183 3600 4255 Bucherianaa,
3649 4201 3788 4261 pag.

431 4294 460 4332 ε
531 4278 820 4335 Farfensis
1451 4275 1518 4330 45
1733 4273 1768 4329 6
1981 4271 2018 4328 5
2074 4306 2079 4311 -
2125 4277 2250 4348 270,
2297 4280 2458 4332 annis
2502 4294 2710 4340 novem,
2762 4277 3037 4331 mensibus
3085 4275 3282 4344 tribus,
3317 4275 3506 4329 diebus
3545 4276 3785 4332 duobus.

428 4369 466 4434 Γ
529 4369 806 4424 Lucensis
1451 4361 1519 4418 45
1731 4361 1768 4417 6
1981 4360 2017 4418 5
2125 4370 2276 4424 Idem
2317 4367 2496 4423 Catal.
2523 4367 2710 4422 Liber.
2740 4380 2809 4422 ex
2851 4366 2988 4422 edit.
3021 4364 3363 4434 Cuspiniani
3400 4365 3550 4436 apud
3595 4366 3784 4424 Sche—

683 4457 932 4522 Catalrgi
971 4471 1039 4508 ea:
1067 4455 1226 4508 codd.
1261 4459 1417 4506 (ἤτινα
1447 4453 1691 4506 Italiam.
2045 4527 2075 4528 ᾖ
2127 4457 2346 4512 lestrat.
2410 4471 2532 4528 pag.
2591 4453 2732 4510 448:
2793 4458 2956 4509 annis
3015 4455 3214 4517 decem,
3272 4455 3549 4509 mensibus
3606 4456 3780 4512 duob.

427 4562 464 4612 g
537 4545 756 4618 Belgic.
794 4543 1027 4612 Papebr.
1449 4539 1516 4596 45
1732 4537 1764 4595 4
1979 4540 2015 4598 5
2044 4527 2095 4586 D
2126 4547 2316 4600 diebus
2349 4527 2550 4599 decem.
2582 4546 2640 4599 In
2669 4557 2816 4599 coss.
2848 4543 3072 4599 lacuna.

430 4633 467 4686 ἠ
539 4631 730 4688 Colbr.
764 4632 990 4701 primus
1450 4627 1517 4684 45
1731 4627 1765 4685 6
1979 4628 2016 4685 5
2199 4638 2230 4690 b
2301 4635 2482 4691 Catal.
2515 4634 2726 4690 Felicis
2752 4635 2819 4691 IV
2849 4633 3072 4689 eosdem
3103 4647 3250 4688 coss.
3286 4638 3564 4690 memorat

430 4725 452 4778 ί
579 4753 647 4762 -—
757 4720 1050 4777 secundus
1449 4717 1515 4774 45
1729 4717 1764 4774 3
1979 4716 2014 4774 2
2185 4744 2228 4798 p
2301 4725 2486 4782 Oeric.
2523 4725 2692 4794 prim.
2835 4732 2854 4798 )
2950 4739 3019 4780 ex
3061 4722 3369 4780 Commodo
3405 4724 3468 4778 V.
3514 4721 3710 4779 Glabr.

431 4813 464 4865 k
573 4843 641 4850 —
753 4810 964 4866 tertius
1449 4805 1516 4863 45
1729 4806 1765 4863 3
1978 4806 2014 4863 5
2193 4834 2227 4886 q
2335 4847 2406 4858 -—
2519 4814 2750 4870 secund.
2835 4805 2854 4876 l
2957 4815 3026 4870 ad
3061 4815 3398 4870 Lateranum
3436 4818 3494 4868 et
3535 4812 3726 4869 Ruﬁn.

432 4901 452 4952 ι
569 4929 644 4940 ——
754 4906 1000 4968 quartus
1445 4894 1514 4952 45
1728 4895 1762 4952 0
1977 4895 1992 4952 (

2214 4923 2220 4940 ’
2326 4937 2400 4948 -
2508 4912 2635 4962 tert.
2666 4910 2723 4960 et
2742 4917 2939 4959 omnes
2958 4903 3259 4975 assignant
3280 4917 3331 4958 a.
3357 4916 3413 4968 χ,
3438 4915 3512 4957 ιιι.
3539 4916 3602 4972 ιι,
3629 4903 3687 4958 d.
3711 4918 3774 4964 ι.

426 5005 480 5043 m
575 5019 645 5030 —
755 4989 999 5061 Quintus
1443 4984 1511 5042 45
1725 4985 1760 5042 6
1973 4985 2010 5043 5
2187 5011 2214 5051 s
2322 5027 2392 5036 —
2503 5001 2748 5066 quartus
2781 4991 3135 5048 lectionibus
3167 4991 3260 5047 his
3289 4997 3464 5050 caret.

427 5095 466 5132 η
571 5109 644 5119 —
753 5083 949 5135 sextus
1452 5078 1676 5132 Lacuna
1703 5077 1870 5132 estin
1896 5077 2001 5133 cle-
2182 5083 2390 5140 Omnes
2413 5084 2650 5140 Codices
2673 5082 2744 5137 ab
2772 5097 2806 5135 a
2835 5081 2904 5136 ad
2935 5097 2965 5136 0
2995 5085 3134 5136 sunt
3159 5093 3309 5136 XIIII.

427 5183 458 5220 ο
579 5199 648 5207 ——
759 5169 1042 5238 septimus
1442 5163 1508 5220 45
1722 5167 1757 5223 6
1971 5164 2008 5222 5
2185 5172 2393 5230 Omnes
2417 5173 2638 5230 Victori
2664 5171 3138 5227 tribuuntannos
3705 5169 3778 5228 40

501 5256 791 5312 Consulum
814 5259 982 5326 paria
1637 5260 1780 5313 Era
1807 5259 2008 5314 Christi
2187 5264 2499 5318 Duodecim
2533 5278 2604 5319 ex
2643 5263 2736 5319 his
2765 5261 3066 5334 assignant
3093 5275 3315 5318 menses
3739 5260 3780 5317 2

430 5341 509 5396 Ex
535 5357 688 5398 coss.
731 5345 874 5400 Vero
903 5351 958 5399 et
989 5345 1379 5402 Nerenniano.
1415 5345 1651 5418 Corrige
2187 5351 2416 5418 Omnes,
2449 5366 2565 5406 uno
2591 5353 2850 5422 dempto,
2883 5356 3191 5406 numerant
3217 5349 3343 5404 dies
3705 5347 3776 5406 40

497 5429 699 5486 Severo
724 5434 772 5488 II
795 5440 850 5486 et
879 5434 1236 5490 Herenniano
1904 5431 2000 5490 474
2185 5437 2484 5508 Superstes
2510 5440 2740 5495 denarii
2771 5445 2902 5496 nota
2927 5438 2982 5493 X
3014 5439 3073 5494 in
3115 5439 3364 5508 picturis
3409 5435 3669 5493 basilicae
3709 5439 3772 5494 S.

357 5514 442 5571 Ad
468 5530 615 5571 coss.
644 5521 982 5589 Maternum,
1017 5527 1073 5576 et
1101 5521 1378 5578 Braduam
1902 5521 2006 5580 485
2115 5526 2274 5582 Pauli
2301 5529 2490 5584 aetatis
2537 5530 2833 5584 Leoniana:
2858 5529 2926 5584 ad
2980 5527 3168 5584 sedem
3206 5541 3490 5582 annorum
3537 5528 3777 5584 denotat

429 5619 464 5656 a
535 5604 656 5658 Cat.
689 5605 901 5661 Liberii
929 5609 1152 5664 eosdem
1179 5610 1438 5680 assignat
2115 5620 2327 5684 partem
2378 5617 2628 5686 priorem
2675 5617 2900 5672 numeri
2947 5617 3071 5686 XII,
3115 5622 3172 5671 et
3219 5615 3444 5672 nullum
3497 5629 3770 5688 mensem,

429 5692 460 5746 b
532 5691 652 5748 Cat.
687 5691 858 5747 FeliC-
887 5695 972 5749 IV.
997 5696 1220 5776 eosdem
1243 5697 1514 5752 ostendit
2110 5719 2245 5762 cum
2269 5705 2476 5764 diebus
2499 5721 2556 5777 χ,
2587 5706 2690 5777 qui
2717 5713 2882 5764 erant
2908 5705 3118 5762 tributi
3145 5705 3387 5762 Victori.
3419 5705 3524 5763 Sed
3553 5705 3776 5762 descri-
