3950 6474
180 452 288 511 297
993 451 1363 509 BLANCHINI
1398 448 1701 507 DISSERT.
1740 450 1833 505 DE
1869 447 2028 503 ΑΝΤ.
2074 451 2186 506 RR.
2232 452 2431 508 PONT.
2471 453 2812 512 CATALOG.
3509 456 3619 516 298

444 554 770 633 'Consulum
795 580 962 648 paria
1473 578 1617 632 Em
1642 573 1847 628 Christi
1872 569 1929 627 A
2034 574 2195 632 Unus
2232 592 2365 634 vero
2396 580 2591 652 signat
2618 596 2833 639 annum
3590 583 3614 641 4

252 667 336 723 Ex
365 680 515 723 coss.
550 668 867 723 Maximino
895 674 952 723 et
976 666 1244 722 Africano
1739 658 1847 717 236
2028 662 2156 720 Duo
2182 667 2484 724 ascribunt
2508 683 2728 727 menses
2770 721 2783 731 .
3585 670 3621 729 3

253 756 327 811 ad
358 769 508 812 coss.
539 757 775 812 Decium
802 758 853 811 II
879 760 937 812 et,
959 757 1199 813 Gratum
1740 747 1848 806 250
2028 752 2229 809 Decem
2267 756 2488 813 addunt
2508 759 2677 815 etiam
2718 759 2848 816 dies
3553 759 3621 818 40

251 860 290 897 a
364 843 487 901 Cat.
521 844 706 901 Liber.
744 857 777 899 a
825 844 1132 901 consulatu
1171 842 1471 900 Maximini
1502 846 1560 898 et
1586 837 1846 896 Africani

365 947 550 1004 usque
570 934 742 990 Decio
772 935 819 989 II
846 939 904 990 et
930 934 1125 990 Grato.

254 1021 287 1074 b
360 1021 496 1078 Cod.
534 1022 647 1079 Fel.
675 1024 900 1079 eosdem
929 1036 1075 1079 coss.
1109 1027 1403 1092 recenset;
1430 1021 1526 1077 sed
1559 1017 1851 1090 posterio-

366 1111 452 1167 ris
481 1111 641 1168 Grati
669 1118 1113 1184 cognomentum
1144 1111 1322 1168 vertit
1344 1110 1403 1166 in
1431 1108 1725 1176 Quadrati,
1755 1106 1853 1162 vi-

369 1200 454 1256 tio
478 1205 869 1257 amanuensls.

245 1308 293 1361 p
366 1290 503 1347 Cod.
530 1289 716 1347 Ocric.
755 1290 979 1361 primus
1009 1290 1237 1347 eosdem
1282 1287 1454 1345 habet
1481 1301 1629 1343 coss.

243 1396 282 1449 q
500 1409 574 1420 —
754 1378 1045 1435 secundus
1092 1378 1322 1435 eosdem
1355 1378 1611 1433 recenset

243 1484 277 1520 r
495 1498 569 1508 —
749 1467 981 1523 tertius.
1041 1469 1103 1523 In
1125 1467 1232 1524 hoc
1250 1465 1658 1521 desiderantur
1686 1461 1853 1532 plura

244 1572 273 1611 s
493 1588 563 1598 —
749 1563 995 1627 quartus
1027 1557 1255 1613 eosdem
1288 1570 1435 1612 coss.
1465 1550 1637 1611 refert

252 1645 470 1702 Omnes
493 1646 720 1703 codices
739 1646 811 1703 ab
834 1664 871 1701 a
899 1646 969 1703 ad
1001 1662 1031 1701 o
1062 1651 1199 1702 sunt
1224 1645 1399 1717 XIIII,
1431 1648 1488 1700 et
1515 1640 1736 1699 additis
1762 1653 1795 1694 a
1816 1653 1854 1708 p

178 1734 257 1791 ad
290 1750 318 1789 s
349 1740 486 1791 sunt
509 1735 703 1791 XVIII.

248 1823 338 1879 Ex
369 1823 463 1880 his
486 1824 613 1880 XVI
638 1824 907 1881 tribuunt
930 1824 1181 1881 Fabiano
1203 1837 1388 1880 annos
1785 1817 1855 1876 44

326 1913 457 1970 Duo
488 1927 620 1970 vero
644 1915 945 1985 assignant
973 1928 1156 1970 annos

318 2001 462 2059 Octo
488 2002 597 2059 add
609 2008 712 2059 unt
735 2004 909 2059 etiam
942 2016 1192 2058 mensem
1816 1997 1840 2053 4

318 2089 467 2148 Octo
497 2093 713 2161 pariter
737 2091 1080 2148 adscribunt
1102 2091 1230 2146 dies
1784 2085 1852 2143 40

243 2181 318 2237 Ut
348 2180 409 2237 in
443 2181 698 2252 picturis
722 2180 983 2237 basilicae
1010 2182 1066 2236 S.
1090 2180 1255 2237 Pauli

926 2305 1108 2361 XXII.

771 2413 826 2467 S.
860 2410 1265 2468 CORNELIUS.

505 2521 742 2575 Pictura
764 2524 970 2573 veteres
993 2519 1228 2573 basilica
1247 2518 1310 2572 S.
1340 2518 1524 2572 Pauli.

692 2626 731 2695 -ί-
886 2639 1144 2682 corne

903 2715 1134 2771 LIVS

935 2804 1110 2860 SED

956 2893 1078 2949 AN

858 2984 974 3039 NI.
1019 2996 1071 3038 m
1110 2980 1187 3038 III

955 3072 1222 3129 DX.

247 3179 283 3216 a
361 3160 671 3232 CataIOgus
715 3159 1059 3215 Liberianus
1100 3172 1193 3215 an.
1237 3156 1276 3215 2
1350 3173 1425 3215 m.
1501 3156 1538 3215 3
1609 3158 1666 3215 d.
1784 3155 1850 3214 40

251 3252 284 3305 b
362 3250 674 3321 Catalogus
703 3249 818 3305 Fel.
862 3250 933 3305 IV
960 3262 1094 3305 ann.
1245 3247 1269 3303 4
1352 3264 1426 3321 m,
1502 3246 1539 3306 2
1610 3249 1666 3305 d.

585 3340 835 3407 Catalogi
859 3354 927 3393 ea:
950 3338 1226 3393 codicibus
1254 3340 1450 3394 Italiae.

247 3447 276 3484 c
355 3428 763 3499 Bergomensis
1169 3425 1204 3483 3
1490 3427 1526 3484 0
1780 3422 1850 3482 40

249 3519 291 3573 d
366 3518 643 3574 Cavensis
1172 3514 1208 3573 3
1475 3515 1529 3591 ,2
1784 3513 1852 3572 40

251 3624 279 3661 e
359 3605 655 3663 Farfeusis
1173 3604 1210 3661 3
1494 3604 1533 3661 2
1785 3602 1852 3661 40

247 3699 288 3764 f
358 3696 640 3752 Lucensis
1176 3692 1213 3750 3
1496 3691 1535 3751 2
1789 3690 1857 3749 42

476 3784 729 3852 Catalogi
747 3801 815 3839 ea:
830 3785 1107 3840 codicibus
1137 3787 1295 3837 emtra
1318 3783 1565 3837 Italiam.

251 3890 288 3941 g
366 3873 583 3945 Belgic.
610 3874 844 3944 Papebr.
1175 3869 1211 3928 3
1496 3869 1534 3927 2
1787 3867 1853 3927 40

253 3965 290 4016 Ιι
366 3963 531 4019 Colb.
572 3964 799 4033 primus
1173 3959 1212 4018 2
1496 3958 1533 4017 2
1819 3960 1856 4018 3

252 4055 276 4107 i
424 4083 498 4093 —-
538 4052 828 4109 secundus
1182 4048 1220 4108 2
1504 4048 1542 4106 2
1816 4048 1854 4107 2

248 4142 283 4195 k
412 4169 489 4181 —
528 4141 742 4197 tertius
1183 4136 1221 4196 2
1506 4137 1543 4195 2
1821 4136 1856 4195 4

248 4230 269 4282 ι
420 4260 492 4270 --
536 4235 781 4303 quartus
1183 4227 1221 4285 2
1475 4225 1542 4284 40
1821 4227 1856 4286 0

247 4335 303 4373 m
415 4349 493 4360 —
532 4320 779 4390 quintus
1183 4316 1221 4374 2
1506 4315 1543 4373 2
1821 4315 1857 4374 3

244 4426 286 4462 η
419 4440 490 4448 -
531 4414 732 4464 sextus
1185 4404 1221 4463 3
1510 4404 1546 4463 3
1820 4406 1856 4464 0

245 4515 277 4552 ο
429 4528 506 4539 -
542 4498 831 4568 septimus
1185 4493 1221 4553 3
1466 4493 1533 4553 40
1789 4497 1856 4555 40

392 4588 696 4642 Consulum
729 4588 897 4656 paria
1476 4589 1619 4641 Erae
1648 4587 1855 4643 Christi

244 4679 329 4735 Ex
357 4691 513 4734 coss.
538 4676 713 4732 Decio
736 4677 808 4732 III
837 4682 892 4732 et
928 4676 1050 4733 tilio
1093 4688 1195 4732 seu
1224 4674 1397 4732 duob.
1433 4676 1625 4733 Deciis
1648 4671 1748 4733 254
1780 4678 1849 4733 ad

166 4784 320 4825 coss.
348 4766 587 4823 Gallum
614 4770 672 4822 et
692 4765 1071 4822 Volusianum
1740 4764 1853 4823 252

240 4876 275 4913 a
351 4857 478 4913 Cat.
514 4856 640 4912 Lib.
672 4869 705 4912 a
738 4869 882 4911 coss.
927 4855 1103 4912 Decio
1148 4855 1220 4912 IV
1253 4862 1310 4913 et
1339 4857 1513 4913 Decio
1566 4858 1613 4911 II
1668 4870 1853 4927 usque

166 4947 340 5004 Gallo
371 4952 431 5003 et
458 4946 804 5002 Volusiano.

243 5039 275 5091 b
351 5036 495 5091 Cod.
524 5036 638 5091 Fel.
676 5036 746 5090 IV
778 5036 981 5092 reticet
1011 5048 1163 5092 coss.

238 5127 297 5182 S.
354 5126 692 5195 Hieronym.
745 5125 817 5181 de
861 5125 1071 5195 Script.
1131 5123 1281 5181 Eccl.
1337 5125 1498 5180 Rexit
1548 5124 1847 5180 Ecclesium

165 5219 335 5271 annis
357 5216 580 5270 duobus
606 5216 709 5268 sub
739 5213 896 5269 Gallo
922 5218 972 5269 et
1002 5214 1321 5269 Volusiano.

227 5324 272 5417 ιδ
345 5304 1137 5417 οοτίο·ε’ξξτξι.ιξ,ῖ,)-οοεε.
1745 5350 1840 5405 sed

234 5412 270 5466 q
401 5423 481 5436 —
560 5391 857 5449 secundus
987 5391 1137 5453 υπς’·
1193 5391 1307 5406 ⁸·ν··
1378 5391 1689 5417 “wn-ww.
1745 5391 1840 5405 υνι.

232 5504 263 5537 ν
401 5514 479 5525 --
558 5483 777 5539 tertius
885 5391 911 5539 ξ
988 5444 1291 5539 Ἶξδιὸξιξῐιῑ
1346 5439 1504 5495 sedis
1557 5451 1741 5495 annos
1785 5438 1840 5507 3,

986 5531 1116 5587 dies
1147 5526 1232 5585 40.

231 5592 255 5630 s
397 5605 472 5615 --
553 5579 807 5644 quartus

162 5665 370 5723 Omnes
395 5667 575 5724 codd.
599 5665 674 5722 ab
704 5683 739 5720 η
771 5665 840 5721 ad
875 5681 905 5719 ο
934 5671 991 5722 et
1010 5680 1043 5722 a
1070 5684 1111 5737 ρ
1137 5667 1206 5723 ad
1230 5682 1254 5721 s
1285 5669 1425 5722 sunt
1449 5665 1642 5721 XVIII.

228 5758 304 5814 Ex
332 5759 432 5815 his
462 5771 567 5812 sex
598 5756 909 5828 assignant
937 5769 1119 5812 annos
1822 5750 1859 5809 2

448 5857 702 5912 PATROL.
749 5852 1025 5910 CXXVII.

1784 1888 1929 1966 433

1817 3213 1932 3305 30

2030 841 2313 900 Incertum
2345 850 2431 901 est
2454 861 2589 903 num
2627 847 2868 918 pictura:
2900 848 3149 907 referant
3176 851 3397 909 sedisse
3418 850 3622 907 ANle

1958 929 2052 997 IlI,
2085 943 2158 986 an
2188 933 2504 990 veroANN.
2534 936 2576 1006 Ι,
2616 950 2686 991 m.
2724 937 2795 991 III
2818 938 2882 992 D.
2917 937 2993 1006 X,
3024 938 3176 1009 quod
3205 939 3434 996 videtur
3452 952 3626 996 vero—
3696 952 3697 955 ‘

1959 1018 2240 1092 similius,
2279 1027 2345 1078 ut
2386 1036 2456 1080 ex
2496 1024 2841 1083 consulibus
2865 1026 3182 1085 evincitur.

2687 1131 2895 1189 XXIII.

2620 1221 2676 1277 S.
2705 1221 2959 1279 LUCIUS.

2264 1308 2502 1365 Pictum
2529 1315 2730 1367 veteres
2760 1313 3000 1369 basilicae
3024 1313 3087 1371 S.
3123 1315 3308 1372 Pauli.

2285 1416 2325 1485 -l-
2699 1421 2901 1478 Luci

2680 1510 2906 1567 VSSE

2700 1598 2895 1655 DAN

2708 1688 2776 1742 N.
2800 1690 2874 1744 III

2702 1777 2776 1830 M.
2808 1778 2882 1833 III

2713 1865 2781 1919 D.
2799 1867 2874 1922 III

2035 1965 2071 2002 a
2142 1948 2402 2023 Catalog.
2482 1951 2669 2009 Liber.
2719 1966 2854 2010 ann.
2930 1952 2967 2012 3
3038 1970 3219 2014 mens.
3274 1955 3313 2012 8

2036 2037 2067 2090 b
2140 2038 2318 2095 Catal.
2353 2040 2565 2098 Felicis
2591 2043 2681 2098 IV.
2935 2042 2972 2101 3

2430 2131 2680 2202 Catalogi
2706 2149 2774 2189 ea:
2788 2134 2946 2190 codd.
2981 2136 3158 2192 Italia

2032 2241 2059 2279 c
2129 2223 2380 2296 Catalog.
2425 2223 2680 2295 Bergom.
2920 2221 2957 2281 3

2033 2316 2073 2371 ιι
2143 2312 2414 2370 Cavensis
2923 2310 2961 2370 3

2033 2422 2060 2462 e
2133 2406 2422 2463 Farl'ensis
2924 2403 2962 2462 3
3022 2432 3029 2437 η

2030 2497 2068 2563 f
2131 2495 2407 2551 Lucensis
2924 2492 2960 2550 3

2211 2585 2461 2652 Catalogi
2489 2599 2558 2637 ea:
2583 2582 2897 2638 coddicibas
2933 2580 3092 2638 extra
3118 2585 3365 2641 Italiam.

2028 2688 2065 2740 g
2135 2671 2401 2745 Belgicus
2437 2671 2811 2742 Papebrochii
2926 2669 2964 2728 3

2030 2761 2067 2814 h
2136 2760 2505 2817 Colbertinus
2516 2760 2738 2831 primus
2920 2758 2956 2817 3

2480 2850 2769 2906 secundus

3557 1955 3581 2012 4

3589 1956 3626 2014 0

3587 2047 3623 2104 3

3584 2223 3620 2283 3

3588 2313 3625 2372 3

3589 2403 3627 2463 3

3590 2493 3626 2552 3

3587 2672 3624 2732 3

3583 2762 3622 2821 0

3590 2851 3628 2912 3

3588 2942 3626 3001 3

3587 3031 3625 3090 3

3586 3121 3624 3181 3

3588 3210 3626 3269 3

3587 3300 3624 3358 3

2488 2939 2699 2995 tertius
2927 2938 2964 2996 3

2482 3034 2727 3099 quartus
2912 3024 2960 3085 ‘3

2478 3117 2722 3188 quintus
2919 3115 2956 3175 3

2500 3211 2701 3263 sextus
2924 3205 2961 3263 3

3382 1958 3441 2015 d.

3383 2044 3435 2103 3.

3386 2224 3424 2282 3

3390 2311 3427 2372 3

3392 2403 3429 2462 3

3392 2492 3430 2551 3

3393 2671 3430 2731 3

3390 2759 3427 2820 3

3394 2849 3431 2909 3

3394 2940 3432 3000 3

3394 3030 3431 3089 3

3387 3119 3426 3179 3

3395 3208 3432 3268 3

3398 3298 3436 3357 3

2028 2851 2052 2902 ἱ

2033 2940 2065 2993 lt

2033 3027 2053 3080 ι

2028 3131 2084 3170 m

2032 3220 2072 3258 η

2032 3310 2062 3349 o
2260 3325 2335 3335 —
2496 3296 2778 3366 septimus

2247 3384 2542 3439 Consulum
2562 3387 2731 3454 paria

2033 3470 2286 3529 Ex’coss.
2308 3472 2474 3529 Gallo
2504 3475 2551 3529 II
2571 3478 2628 3529 et
2651 3474 2844 3531 Volus.

1962 3560 2031 3616 ad
2063 3575 2210 3617 coss.
2234 3560 2539 3618 Valeriano
2568 3562 2641 3617 III
2671 3567 2729 3618 et
2761 3561 3028 3620 Gallieno
3053 3565 3121 3620 II.

2034 3665 2072 3702 a
2141 3650 2320 3705 Catal.
2354 3648 2696 3706 Liberianus
2715 3651 2942 3707 eosdem
2974 3666 3122 3709 coss.
3153 3652 3348 3710 reddit

2037 3738 2068 3791 b
2140 3737 2448 3809 Catalogus
2474 3737 2682 3794 Felicis
2724 3739 2795 3794 IV
2827 3739 3055 3795 eosdem
3083 3754 3231 3797 coss.
3264 3741 3495 3814 scribit,
3523 3747 3622 3803 sed

1963 3824 2291 3881 Gallienum
2319 3825 2588 3880 mendose
2615 3824 2981 3882 Gallicanum
3019 3828 3299 3886 nominat.

3250 3389 3395 3445 Era
3414 3389 3620 3448 Christi

3515 3477 3626 3538 252

3511 3564 3622 3625 255

2025 3929 2069 3983 p
2141 3912 2331 3969 Ocric.
2353 3913 2579 3984 primus

2034 4019 2070 4073 τι
2178 4033 2250 4043 —
2335 4003 2690 4073 secundus]
2769 4003 3622 4073 LectionesLuciiPP.etmart.

2034 4108 2066 4146 r
2181 4122 2251 4132 —
2353 4092 2564 4148 tertius
2664 4091 2688 4154 ἰ
2766 4091 3191 4154 desiderantur.

2036 4112 2066 4146 Γ
2181 4122 2251 4132 --
2354 4112 2564 4148 neruus

2036 4196 2063 4235 s
2180 4210 2255 4221 —
2354 4187 2601 4252 quartus
2664 4112 2687 4251 δ

2036 4270 2245 4328 Omnes
2267 4271 2500 4328 codices
2524 4270 2597 4327 ab
2625 4288 2661 4326 a
2682 4272 2752 4329 ad
2801 4288 2831 4327 ο
2866 4279 3006 4331 sunt
3033 4275 3208 4350 XIIII,
3239 4283 3299 4335 et
3323 4294 3457 4338 cum
3478 4298 3520 4353 p
3551 4283 3623 4340 ad

1965 4376 1992 4416 s
2023 4361 2219 4417 XVIII.

2037 4449 2246 4507 Omnes
2270 4451 2537 4509 scribunt
2564 4466 2749 4511 annos
3594 4461 3632 4521 3

1885 4563 1938 4625 D
2037 4539 2247 4596 Omnes
2274 4540 2412 4613 (uno
2441 4541 2692 4613 dempto)
2714 4550 3033 4603 memorant
3056 4560 3237 4607 meus.
3591 4552 3628 4610 3

2035 4627 2245 4686 Omnes
2264 4630 2402 4702 (uno
2422 4630 2673 4704 dempto)
2692 4634 2867 4691 etiam
2895 4634 3023 4693 dies
3590 4640 3627 4699 3

2032 4716 2127 4773 Uti
2159 4717 2218 4774 in
2239 4719 2619 4793 autographis
2645 4722 2895 4792 picturis
2924 4724 3183 4784 basilica;
3201 4728 3258 4784 S.
3289 4728 3475 4787 Pauli.

2687 4847 2885 4903 XXIV.

2529 4933 2585 4990 S.
2626 4934 3043 4992 STEPHANUS.

2279 5025 2515 5079 Pictura;
2547 5028 2749 5079 veteres
2783 5024 3021 5078 basilica
3037 5025 3095 5081 S.
3127 5025 3296 5079 Pauli

2424 5130 2464 5197 ψ
2610 5128 2971 5185 STEPHa

2710 5216 2870 5273 NVS

2706 5304 2865 5361 SED

2618 5393 2818 5449 ANN.
2850 5395 2949 5451 IIII

2676 5483 2751 5537 Μ.
2782 5483 2897 5539 IID

2106 5614 2111 5619 .
2732 5571 2835 5626 XV

2028 5680 2063 5718 a
2135 5663 2257 5719 Cat.
2295 5655 2512 5716 Liberii
2553 5670 2688 5715 ann.
3004 5660 3039 5721 4
3115 5681 3189 5727 m.
3263 5665 3302 5724 2
3371 5668 3431 5725 d.
3542 5667 3606 5725 24

2024 5753 2054 5805 b
2129 5752 2251 5807 Cat.
2286 5746 2497 5807 Felicis
2528 5746 2617 5802 IV.
2998 5752 3036 5812 5
3111 5771 3185 5814 ω,
3261 5755 3299 5814 5
3369 5756 3426 5812 ά,
3576 5754 3614 5811 2

3184 5853 3253 5912 40
