3950 6426
415 477 524 538 299

918 596 1035 651 Cat.
1069 613 1136 651 ea:
1164 597 1326 651 codd.
1370 597 1550 651 Italia

488 703 516 740 c
591 687 846 758 Bergom.
922 700 939 707 ·
1433 681 1468 740 4
1717 680 1753 738 2
2005 679 2064 737 44

489 773 530 826 d
598 773 870 830 Cavensis
1429 771 1466 829 3
1715 767 1752 826 2
2005 767 2072 825 45

488 874 516 913 e
589 859 882 916 Farfensis
1394 857 1462 914 44
1709 855 1748 913 2
2001 853 2070 911 45

485 951 524 1017 f
587 949 862 1007 Lucensis
1427 945 1461 1004 4
1711 944 1749 1002 2
2001 942 2070 1000 45

760 1038 1009 1106 Catalogi
1035 1054 1104 1092 ea:
1119 1037 1274 1092 codd.
1307 1041 1464 1091 extra
1480 1035 1721 1092 Italiam.

487 1145 522 1195 g
595 1126 807 1198 Belgic.
833 1126 1066 1196 Papebr.
1431 1123 1467 1180 4
1715 1122 1752 1180 2
2003 1119 2072 1178 45

487 1217 522 1270 Ιι
593 1215 748 1272 Colb.
776 1215 1002 1286 primus
1429 1212 1466 1270 6
1717 1211 1752 1268 6
2035 1208 2072 1265 2

485 1307 510 1358 i
613 1335 688 1345 —
759 1305 1050 1360 secundus
1427 1298 1465 1356 7
1715 1298 1753 1356 5
2036 1297 2073 1353 2

488 1395 520 1448 Ις
605 1424 678 1434 -
751 1393 961 1450 tertius
1421 1387 1458 1446 7
1710 1387 1748 1445 5
2037 1385 2073 1443 2

489 1483 510 1537 ι
615 1511 686 1522 ~—
761 1487 1003 1554 quartus
1432 1477 1466 1534 4
1716 1476 1754 1534 2
2005 1475 2073 1533 45

485 1588 540 1626 m
611 1601 681 1613 —
757 1572 1001 1642 quintus
1431 1567 1467 1624 6
1717 1566 1752 1622 6
2037 1565 2074 1623 2

486 1676 526 1714 η
610 1688 682 1698 —
756 1665 954 1714 sextus
1429 1652 1464 1710 4
1715 1653 1752 1710 2
2005 1653 2073 1711 45

489 1763 518 1802 ο
625 1777 700 1788 -
772 1747 1054 1816 septimus
1431 1745 1798 1801 desideratur

705 1837 996 1893 Consulum
1009 1838 1176 1904 paria
1273 1871 1277 1876 -
1702 1835 1844 1888 Erae
1868 1833 2072 1900 Christi

488 1928 570 1982 Ex
601 1940 746 1984 coss.
781 1927 1091 1992 Volusiano
1120 1927 1164 1980 ιι
1185 1931 1241 1981 et
1270 1923 1517 1981 Maximo

418 2015 489 2072 ad
523 2029 667 2074 coss.
701 2015 1065 2072 Valerianum
1099 2015 1193 2070 IIII
1218 2021 1276 2070 et
1295 2013 1624 2070 Gallienum
1654 2015 1748 2069 III.
1965 2009 2070 2068 257

667 5498 958 5554 Consulum
980 5501 1144 5568 paria
1683 5497 1825 5548 [Erae
1869 5493 2074 5548 Christi

492 5587 575 5640 Ex
597 5599 743 5640 coss.
785 5587 1084 5641 Maximini
1113 5594 1167 5642 et
1185 5584 1521 5640 Glabrionis
1550 5582 1672 5640 ord.
1706 5597 1794 5652 ep.
1834 5579 1959 5637 256.

494 5674 575 5729 Ex
603 5686 750 5728 coss.
784 5685 900 5742 seq.
928 5673 1228 5728 Valeriano
1254 5671 1656 5728 lVetGallien.
1684 5673 1773 5726 III.
1797 5678 1872 5726 et.
1906 5670 1965 5723 P.
1998 5671 2062 5724 Β.

420 5763 491 5820 ad
523 5775 669 5818 coss.
700 5761 965 5832 Fuscum,
990 5766 1046 5816 et
1074 5762 1308 5816 Bassum
1337 5766 1568 5829 martyr.
1961 5755 2070 5814 258

1223 469 1315 524 ΑΙ)
1353 469 1786 525 ANASTASIUM
1826 469 2341 526 PROLOGOMENA
2380 471 2557 528 EDIT.
2599 468 3030 526 ROM.—VATIC.

1964 1917 2156 2000 25313

3723 469 3826 528 300

2095 603 2156 662 Α
2248 612 2283 648 a
2354 595 2532 652 Catal.
2581 595 2764 652 Liber.
2814 610 2848 652 a
2895 596 3204 654 consulatu
3252 595 3486 652 Maximi
3531 600 3586 652 et
3631 595 3824 652 Glabr.

2357 697 2540 754 usque
2567 684 2750 740 Tusco
2778 681 3003 758 [Fusco]
3041 690 3098 741 et
3127 686 3296 741 Basso
3320 697 3469 740 coss.

2252 772 2282 824 b
2353 772 2488 828 Cod.
2519 773 2634 828 Fel.
2668 773 2736 828 IV
2765 775 2991 830 eosdem
3016 788 3164 830 coss.
3196 771 3368 829 refert

2241 878 2285 932 p
2359 862 2546 918 Ocric.
2571 863 2793 932 primus
2874 871 2898 934 \
2952 865 3178 921 eosdem
3204 877 3350 920 coss.
3378 864 3836 934 repetuntMaxi-

2248 878 2285 931 p
2359 871 2546 918 Ucric.
2571 871 2793 932 primus

2248 967 2283 1019 q
2389 979 2464 990 -—
2563 871 2899 1034 secundus?

2248 1053 2280 1092 r
2398 1070 2466 1078 —
2569 1040 2778 1097 tertius
2875 1037 2900 1184 3

2249 1142 2276 1180 s
2402 1157 2472 1167 —
2573 1135 2816 1184 auat-tus

2249 1142 2276 1180 s
2402 1157 2472 1167 —
2573 1135 2816 1200 quartus

2953 954 3174 1010 minum
3231 959 3287 1008 et
3334 952 3725 1024 Glabrionem,
3775 958 3833 1008 et

2951 1042 3198 1098 Tuscum
3248 1047 3306 1097 et
3347 1041 3605 1111 Bassum,
3649 1049 3707 1098 et
3733 1049 3834 1098 at-

2953 1129 3222 1186 tribuunt
3249 1133 3405 1200 pont.
3427 1143 3519 1184 an.
3543 1125 3603 1199 2,
3633 1143 3705 1184 m.

2999 1216 3086 1290 44,
3118 1220 3176 1275 d.
3208 1217 3259 1274 6.

2249 1304 2459 1361 Omnes
2487 1305 2652 1362 codd.
2683 1306 2755 1362 ab
2775 1325 2810 1362 a
2838 1307 2908 1363 ad
2939 1323 2969 1361 ο
2995 1313 3052 1364 et
3079 1321 3111 1363 a
3132 1324 3172 1377 p
3202 1307 3271 1363 ad
3303 1323 3330 1362 s
3360 1313 3498 1364 sunt
3533 1320 3698 1363 xvm.

2250 1395 2331 1448 Ex
2361 1395 2456 1451 his
2480 1408 2553 1450 xv
2585 1395 2853 1452 tribuunt
2877 1410 3058 1453 annos
3797 1395 3834 1452 2

2253 1484 2322 1538 Et
2350 1496 2432 1538 xu
2456 1491 2759 1542 numerant
2789 1500 3010 1542 menses
3765 1481 3826 1540 44

2250 1572 2320 1627 Et
2339 1585 2376 1626 x
2396 1573 2696 1646 assignant
2719 1575 2892 1631 etiam
2918 1575 3045 1630 dies
3800 1573 3836 1629 6

2251 1659 2344 1714 Uti
2375 1659 2621 1732 legimus
2654 1663 2711 1716 in
2745 1663 2994 1733 picturis
3019 1662 3276 1718 basilicae
3303 1663 3358 1719 S.
3385 1661 3572 1718 Pauli.

2905 1787 3107 1842 XXVI.

2767 1894 2822 1949 S.
2854 1893 3232 1950 DIONYSIUS.

2489 2000 2722 2053 Pictum
2756 2005 2958 2056 veteres
2991 2001 3228 2055 basilica:
3246 2002 3301 2056 S.
3331 2001 3512 2055 Pauli.

490 2121 525 2160 a
595 2106 714 2161 Cat.
767 2104 954 2162 Liber.
1005 2104 1228 2161 eosdem
1261 2118 1411 2160 coss.
1454 2103 1646 2172 refert,
1675 2103 1772 2158 sed
1800 2102 2072 2159 secundis
2690 2108 2730 2177 -ι-
2875 2109 3016 2166 DIo
3039 2123 3073 2165 n
3101 2125 3134 2179 y

417 2193 672 2251 detrahit
712 2195 1012 2262 unitatem,
1043 2193 1347 2252 Valeriano
1379 2193 1446 2248 Ill
1483 2198 1542 2249 et
1566 2192 1828 2248 Gallieno
1859 2193 1925 2248 II.
2891 2197 2929 2253 S
2960 2200 2980 2252 Ι
3011 2199 3048 2252 V
3075 2198 3112 2252 S

483 2301 526 2354 p
597 2282 786 2342 Oeric.
833 2284 1058 2353 primus
1099 2295 1201 2338 nec
1231 2295 1432 2351 annos,
1467 2295 1570 2336 nec
1613 2295 1761 2337 coss.
1795 2283 2069 2338 recenset.
2928 2287 3082 2341 SED

493 2389 528 2442 q
635 2401 710 2412 —
816 2370 1107 2427 secundus
1135 2383 1270 2426 ann.
1302 2367 1358 2440 2,
1392 2383 1568 2425 mens.
1601 2367 1691 2434 44,
1721 2369 1847 2424 dies
1869 2365 1926 2423 7.
2929 2375 2977 2428 Α
3001 2377 3048 2428 Ν
3077 2376 3146 2428 Ν.
3179 2375 3265 2428 le

488 2477 521 2515 r
625 2490 700 2501 —
825 2460 1036 2514 tertius
1064 2457 1372 2514 concordat
1395 2471 1524 2512 cum
1568 2457 1756 2512 Ocric.
1790 2456 1995 2525 primo.
2919 2463 2992 2515 Μ.
3021 2464 3091 2516 ιιι

490 2564 517 2602 s
626 2577 696 2589 ——
834 2552 1079 2618 quartus
1108 2559 1241 2602 ann.
1267 2542 1322 2608 4,
1348 2558 1526 2600 mens.
1557 2542 1612 2613 2,
1645 2543 1772 2600 dies
1804 2541 1888 2598 45.

2910 2551 2976 2604 D.
3011 2551 3104 2606 VII

489 2635 698 2692 Omnes
729 2635 957 2690 codices
981 2634 1052 2688 ab
1081 2651 1115 2690 a
1145 2635 1214 2690 ad
1253 2651 1282 2689 ο
1312 2641 1365 2688 ct
1393 2648 1420 2688 a
1449 2650 1488 2702 p
1520 2633 1587 2688 ad
1621 2649 1647 2688 s
1675 2639 1814 2688 sunt
1837 2633 2029 2689 XVIII.
2251 2652 2286 2689 a
2357 2635 2608 2708 CataIOg.
2637 2636 2824 2693 Liber.
3185 2636 3223 2693 8
3263 2651 3336 2692 ω.
3517 2635 3554 2692 2
3589 2638 3649 2692 d.
3810 2636 3844 2694 4

491 2725 574 2779 Ex
602 2724 696 2780 his
727 2737 826 2778 sex
858 2728 1163 2778 numerant
1185 2735 1368 2778 annos
2037 2716 2072 2774 4
2252 2724 2283 2778 ὸ
2354 2724 2532 2780 Catal.
2567 2725 2680 2782 Fel.
2714 2727 2802 2781 IV.
2839 2739 2952 2782 ann
3197 2725 3232 2781 6
3517 2725 3554 2781 2

487 2814 730 2882 Insuper
747 2825 826 2867 vn
857 2811 1108 2882 produnt
1130 2825 1371 2868 menses-
2034 2805 2072 2864 2
2670 2833 2828 2892 eam
2855 2849 2923 2888 ea:
2947 2833 3101 2888 codd.
3133 2833 3334 2888 Italiae.

489 2903 614 2958 Etv
641 2906 947 2958 numerant
967 2901 1140 2956 etiam
1168 2903 1294 2958 dies
2005 2895 2073 2954 ‘5
2249 2939 2278 2978 ο
2349 2924 2744 2980 Beraomensis
3184 2921 3220 2979 2
3529 2919 3565 2976 3
3802 2919 3839 2978 7

491 2939 562 2958 ‘"
589 2939 605 2958 '
643 2939 947 2958 "“““""‘""
967 2939 1140 2956 ""'““
1168 2939 1294 2958 “'W
2017 2939 2072 2954 "'
2249 2939 2278 2978 c
2349 2939 2744 2996 bergomenSIs
3184 2939 3220 2979 2
3529 2939 3565 2976 ὖ
3804 2939 3833 2978 '1

489 2990 563 3046 Ut
590 2991 648 3048 in
679 2995 978 3062 prototypo
1003 2988 1258 3048 basilica
1295 2989 1350 3046 S.
1380 2987 1566 3046 Pauli.
2251 3011 2290 3066 ἀ
2359 3011 2630 3068 (mensis
3187 3008 3224 3068 2
3526 3006 3563 3064 3
3802 3009 3838 3066 6

1167 3115 1325 3170 XXV

2251 3116 2279 3154 e
2352 3099 2641 3158 Farfensis
3076 3163 3084 3170 ,
3183 3097 3220 3155 2
3521 3095 3556 3153 3
3798 3094 3837 3152 7

1085 3205 1142 3260 S.
1163 3203 1410 3260 SIXTUS
2248 3193 2286 3259 Γ
2362 3191 2637 3247 Lucensis
3190 3185 3227 3244 2
3517 3183 3554 3242 3
3793 3181 3832 3241 7

883 3295 1118 3349 Pictum
1140 3299 1342 3348 veteres
1363 3293 1418 3348 S.
1447 3293 1614 3348 Pauli

2490 3298 2764 3368 {Catalogi
2786 3314 2853 3353 ea:
2882 3298 3038 3354 codd.
3071 3301 3230 3353 emtra
3258 3295 3498 3352 Italiam.

847 3403 888 3472 εξ-
1212 3415 1301 3457 snt
2249 3423 2285 3475 g
2357 3407 2618 3478 Belgicus
2653 3407 3025 3478 Papebrochii
3191 3403 3228 3462 2
3529 3401 3565 3459 3
3797 3400 3836 3459 7

1165 3491 1328 3547 TVS
1847 3500 1850 3504 ‘
2251 3495 2288 3549 h
2357 3495 2722 3552 Colbertinus
2754 3496 2977 3566 primus
3190 3492 3228 3550 2
3379 3519 3382 3524 -
3529 3489 3566 3548 3
3607 3507 3626 3522 ί
3798 3487 3837 3546 7

1160 3580 1335 3636 SED

2249 3585 2272 3637 ί
2463 3615 2532 3625 -—
2750 3585 3036 3642 secundus
3189 3579 3225 3638 7
3528 3577 3566 3636 2
3801 3577 3838 3634 4

1149 3675 1342 3750 AN—N'

2251 3674 2284 3727 k
2461 3704 2533 3714 —
2747 3674 2956 3730 tertius
3051 3737 3058 3742 α
3198 3670 3234 3727 6
3524 3667 3562 3725 2
3801 3667 3838 3726 6

1160 3793 1340 3868 ITF

2251 3763 2272 3815 ι
2465 3793 2540 3803 -
2754 3767 2998 3834 quartus
3196 3758 3244 3868 Ξ
3528 3755 3575 3868 ἐξ
3765 3756 3790 3812 4
3798 3757 3838 3868 Ξ

1153 3844 1331 3954 $5.13
2248 3867 2304 3906 ⁷⁷⁸
2461 3883 2536 3894 -
2751 3853 2992 3954 quimus
3201 3847 3244 3954 Ξ
3538 3845 3577 3954 ἓ
3771 3844 3838 3954 ,Ζ

1207 3903 1252 3955 .I.
1285 3903 1331 3954 D

1207 3991 1286 4046 VI

2247 3903 2299 3994 λ
2467 3971 2536 3981 ._
2753 3903 2989 4040 ss...“
3201 3903 3244 3995 ξ
3536 3903 3572 3992 3
3764 3934 3838 3992 .2

413 4130 416 4133 .
493 4101 529 4138 a
599 4082 850 4154 Catalog.
887 4079 1075 4136 Liber.
1109 4032 1286 4134 ann'.‘
1425 4077 1462 4134 2
1500 4092 1576 4134 m.
1761 4074 1921 4131 44d.
2035 4073 2070 4129 6

2249 4045 2279 4082 ο
2457 4058 2531 4070 -
2745 4032 3026 4098 septimus
3199 4067 3235 4080 ..
3537 4065 3574 4079 ..
3786 4066 3830 4080 ..

2469 4137 2567 4154 ηω
2780 4152 2805 4154 ί,
3487 4136 3604 4154 ,πμ-
3630 4133 3840 4154 mm“,

497 4133 528 4226 ᾖ
599 4133 850 4245 (Ξᾷᾇίὀζξζ
883 4133 1255 4227 sub-retir-
1433 4164 1456 4221 4
1546 4133 1551 4134 ί
1753 4161 1820 4219 40
1998 4161 2070 4219 24

2465 4136 2756 4192 Comatam
2769 4137 2937 4205 paria
3461 4136 3604 4188 Erae
3628 4133 3838 4190 Christi

902 4259 1076 4316 Catal.
1111 4273 1180 4312 ea:
1207 4256 1366 4311 codd.
1388 4257 1587 4310 Italiae.
2247 4243 2330 4298 Ex
2359 4256 2506 4298 coss.
2533 4243 2842 4299 Emiliano
2871 4249 2927 4299 et
2953 4246 3124 4300 Basso
3722 4238 3838 4296 259

493 4367 521 4404 ο
592 4348 990 4421 Βενεοωθηείε
1444 4341 1481 4398 2
1787 4337 1846 4395 44
2032 4338 2069 4396 6
2248 4344 2394 4421 coss.
2425 4331 2753 4421 Claudium,
2793 4339 2849 4388 et
2879 4334 3184 4390 Paternum
3721 4326 3836 4385 269

487 4438 526 4492 ἀ
595 4419 864 4492 Cavensis
1445 4429 1482 4486 2
1787 4426 1846 4483 44
2033 4427 2069 4483 6
2246 4436 2282 4473 α
2353 4419 2531 4476 Catal.
2559 4419 2681 4476 Lib.
2710 4421 2934 4477 eosdem
2966 4435 3112 4478 coss.
3141 4421 3444 4493 assignant

485 4541 514 4580 e
587 4522 877 4579 Farfensis
1445 4515 1482 4573 2
1785 4513 1846 4570 44
2031 4513 2066 4570 6
2249 4509 2279 4562 b
2350 4509 2468 4564 Cat.
2503 4508 2618 4564 Fel.
2648 4509 2718 4564 IV
2745 4509 2972 4565 eosdem
3012 4508 3185 4566 refert

484 4615 522 4680 f
602 4601 877 4667 Lucensis
1446 4605 1483 4661 2
1781 4602 1843 4659 44
2025 4604 2060 4658 6
2089 4638 2143 4699 Β
2238 4614 2281 4668 p
2353 4597 2784 4699 Ocric.primus
2875 4618 2896 4699 χ
2943 4599 2998 4654 8.
3031 4599 3292 4670 Dionysii
3350 4611 3506 4698 papae
3551 4595 3838 4699 lectio-nes

755 4699 1002 4766 Catalogi
1019 4713 1088 4752 ex
1112 4697 1266 4751 codd.
1299 4702 1456 4751 eastra
1478 4696 1718 4750 Italiam.
2089 4685 2140 4699 "
2244 4705 2279 4758 q
2385 4717 2458 4728 —
2553 4687 2844 4743 secundus
2871 4685 2896 4766 λ
2946 4688 3120 4744 nullae
3160 4690 3222 4744 in
3257 4688 3353 4744 his
3379 4685 3684 4744 codicibus
3718 4685 3838 4740 ha-

487 4809 523 4860 g
596 4790 860 4862 Belgicus
885 4786 1260 4858 Papebrochii
1459 4783 1496 4840 2
1784 4780 1842 4838 44
2028 4779 2064 4836 6
2243 4791 2274 4829 ν
2390 4805 2460 4817 --
2552 4777 2764 4832 tertius
2945 4777 3170 4848 bentur,
3228 4791 3358 4834 cum
3413 4775 3581 4832 illius
3619 4772 3836 4830 festum

486 4852 523 4934 ῖι
594 4852 1222 4948 Οοιῦειιιὶηιιέρτὶωυε
1461 4872 1498 4930 2
1785 4869 1852 4926 40
1994 4867 2066 4926 23
2245 4881 2271 4918 s
2393 4895 2462 4905 —
2553 4871 2799 4935 quartus
2870 4852 3166 5010 )incidat
3193 4865 3252 4921 in
3281 4865 3432 4921 diem
3463 4865 3520 4920 S.
3544 4862 3832 4932 Stephani

486 4973 508 5010 .1
718 5000 793 5010 __.
991 4966 1282 5010 ςρηιιηάιις
1455 4961 1478 5010 4
1790 4957 1856 5010 40
1998 4957 2070 5010 23
2946 4957 3412 5010 urotomartvrls.

485 4973 508 5024 ἱ
718 5000 793 5012 --
991 4966 1282 5022 secundus
1455 4961 1478 5018 4
1790 4957 1856 5016 40
1998 4957 2070 5015 23

2880 4957 2896 5010 Ι
2946 4957 3412 5026 protomartyris.

487 5059 520 5113 k
715 5089 789 5098 —
1004 5055 1213 5110 tertius
1462 5050 1500 5107 2
1787 5047 1854 5105 40
1995 5045 2068 5104 23
2249 5043 2560 5100 Consulum
2619 5043 2781 5112 paria
2827 5044 3158 5113 ostendunt,
3190 5057 3372 5099 annos
3406 5051 3472 5098 ut
3521 5040 3835 5097 minimum

487 5149 507 5202 ι
717 5178 792 5188 --
1006 5149 1250 5215 quartus
1468 5181 1506 5194 ..
2180 5137 2306 5188 octo
2331 5133 2560 5189 extendi
2609 5132 2798 5189 sedem
2835 5133 3137 5203 Dionysii:
3191 5145 3432 5203 eamque
3457 5143 3742 5186 summam
3775 5130 3837 5185 in

479 5252 534 5290 m
708 5266 784 5276 —
997 5233 1240 5304 quintus
1470 5228 1506 5284 2
1791 5225 1860 5284 40
2000 5224 2072 5283 23
2180 5221 2971 5292 exemplariprototypoolim
2999 5218 3841 5290 fuisseindicatam,perlitte~

483 5339 524 5376 η
721 5355 795 5366 σ-υ-
1007 5329 1207 5377 sextus
1470 5316 1506 5373 2
1791 5313 1852 5371 44
2006 5311 2070 5372 45

2236 5325 2277 5366 ιε
2302 5312 2426 5380 11X,
2458 5324 2492 5366 a
2521 5311 2740 5382 quibus
2768 5310 3064 5366 excidente
3097 5316 3378 5381 postrema
3409 5311 3463 5364 Χ
3486 5307 3838 5378 superstites

488 5426 518 5463 ο
731 5443 800 5450 -
1017 5412 1300 5480 septimus
1477 5406 1514 5462 2
1802 5401 1862 5459 44
2036 5401 2074 5458 8
2180 5400 2308 5456 duae
2335 5401 2542 5458 littera:
2559 5401 2610 5456 II
2626 5413 2823 5458 ansam
2847 5400 3126 5456 dederunt
3145 5399 3432 5470 Catalogis
3451 5398 3838 5454 contrahendi

2179 5489 2248 5545 ad
2282 5490 2578 5546 biennium
2611 5489 2932 5562 longiorem
2956 5494 3198 5544 aetatem.

2249 5578 2456 5635 Omnes
2484 5577 2715 5634 codices
2745 5577 2816 5632 ab
2839 5595 2875 5632 a
2895 5577 2963 5632 ad
2993 5593 3023 5631 ο
3048 5583 3186 5633 sunt
3214 5578 3401 5647 XIIII;
3433 5589 3504 5631 ex
3535 5575 3632 5631 his
3664 5575 3844 5646 pleri-

2179 5682 2290 5740 que
2330 5669 2470 5724 dant
2509 5669 2726 5737 pariter
2746 5680 2880 5722 ann.
2913 5663 2968 5737 2,
3021 5680 3197 5722 mens.
3229 5663 3265 5722 3
3305 5672 3360 5722 et
3406 5666 3533 5721 dies
3560 5661 3618 5734 7,
3661 5671 3727 5720 ut
3775 5665 3837 5721 in

2178 5757 2447 5828 picturis,
2473 5755 2814 5826 supplendis
2843 5768 2942 5826 per
2965 5755 3071 5810 ΠΧ
3099 5755 3160 5809 in
3182 5767 3464 5810 annorum
3494 5766 3760 5809 numero.
