3950 6486
462 513 570 572 303

539 643 574 694 q
645 627 776 683 Ocr.
809 630 1099 685 secundus
1143 643 1214 684 an
1293 627 1352 685 44
1434 631 1468 686 4
1543 629 1611 686 42
1682 639 1735 688 et
1767 633 1920 688 eosd.
1973 646 2122 687 coss.
2147 635 2205 693 Α

535 730 566 766 r
637 745 708 755 —
813 717 1020 772 tertius
1293 715 1350 772 44
1433 715 1466 773 4
1541 717 1608 774 42
1680 727 1737 775 et
1771 721 1924 776 eosd.
1973 733 2119 775 coss.

538 817 565 856 s
637 833 709 843 —
817 813 1064 874 quartus
1297 804 1356 868 4,4
1439 804 1472 861 4
1547 805 1614 861 42
1685 815 1742 863 et
1771 809 1929 864 eosd.
1971 821 2119 862 coss.

536 889 746 948 Omnes
771 895 998 949 codices
1021 894 1091 949 ab
1116 913 1151 948 a
1179 895 1248 949 ad
1281 911 1309 948 ο
1337 902 1391 950 et
1415 912 1444 951 a
1466 913 1508 965 p
1532 897 1600 952 ad
1629 913 1654 951 s
1674 903 1812 952 sunt
1837 911 1975 952 xvn.

539 979 623 1034 Ex
653 979 746 1035 his
775 982 1023 1036 sedecim
1059 982 1270 1038 habent
1296 997 1477 1039 annos
2056 981 2115 1038 44

539 1065 749 1124 Omnes
771 1067 912 1124 dant
942 1084 1164 1126 menses
2088 1069 2123 1126 4

683 1157 952 1228 Quinque
977 1159 1211 1231 signant
1238 1160 1410 1216 etiam
1439 1161 1566 1217 dies
2087 1156 2123 1213 9

541 1243 636 1298 Uti
668 1242 913 1317 legimus
945 1247 1005 1302 in
1038 1249 1286 1318 picturis
1315 1249 1572 1306 basilicae
1597 1250 1651 1306 S.
1681 1250 1865 1306 Pauli.

1203 1427 1390 1483 XXX.

1004 1569 1060 1623 S.
1085 1567 1276 1623 MAIlC
1285 1570 1584 1626 ELLINUS.

776 1711 1012 1766 Pictura:
1037 1717 1239 1766 veteres
1272 1713 1510 1767 basilica
1538 1713 1596 1768 S.
1628 1714 1809 1767 Pauli.

897 1854 937 1922 -θ
1153 1853 1483 1909 MARCEL

1179 1941 1416 1998 LINUS

1157 2031 1304 2086 SED
1342 2030 1446 2086 AN

1227 2120 1372 2175 VIII

1161 2209 1236 2262 M.
1269 2209 1344 2262 II.
1377 2209 1424 2262 D

1220 2295 1377 2351 XXV

533 2419 570 2456 a
641 2403 762 2458 Cat.
796 2403 980 2458 Liber.
1019 2416 1156 2458 ann.
1479 2400 1517 2455 8
1627 2415 1702 2456 ιιι.
1813 2399 1848 2455 3
1958 2401 2014 2456 d.
2049 2395 2124 2453 25

537 2491 568 2543 b
638 2491 760 2546 Cat.
789 2490 902 2545 Fel.
923 2492 1012 2545 IV.
1479 2488 1517 2543 8
1803 2485 1838 2542 4
2055 2484 2124 2541 45

914 2630 1162 2697 Catalogi
1186 2644 1252 2682 ea:
1281 2629 1435 2684 codd.
1465 2630 1664 2685 Italia.

532 2790 561 2828 c
631 2773 750 2830 Cat.
780 2776 942 2848 Berg.
1475 2772 1514 2828 8
1539 2785 1545 2794 ‘
1798 2771 1836 2828 2
2049 2771 2122 2830 25

531 2862 572 2917 d
640 2863 762 2919 Cat.
783 2865 985 2920 Caven.
1474 2861 1512 2916 8
1797 2860 1834 2917 2
2048 2861 2121 2919 22

530 2966 559 3006 e
628 2951 750 3008 Cat.
776 2951 924 3008 Farf.
1473 2949 1509 3007 6
1797 2949 1834 3005 2
2047 2949 2120 3008 25

527 3043 564 3108 f
626 3041 747 3098 Cat.
778 3044 990 3099 Lucen.
1473 3038 1509 3095 9
1795 3038 1832 3095 2
2047 3038 2120 3096 25

778 3185 1027 3254 Catalogi
1065 3202 1132 3240 ea:
1171 3185 1327 3240 codd.
1380 3190 1538 3239 extra
1572 3183 1794 3238 Italiam

525 3345 561 3398 g
633 3329 753 3384 Cat.
781 3328 935 3401 Belg.
963 3329 1078 3399 Pap
1467 3323 1505 3380 8
1789 3323 1827 3381 2
2043 3323 2116 3382 25

523 3417 561 3472 li
630 3417 750 3475 Cat.
771 3418 930 3474 Colb.
961 3419 1184 3488 primus
1467 3415 1504 3470 8
1789 3413 1827 3470 2
2042 3413 2115 3470 25

519 3508 544 3560 ἰ
723 3538 792 3546 -
975 3507 1266 3562 secundus
1467 3503 1502 3560 9
1791 3502 1826 3558 4
2077 3503 2114 3560 3

523 3596 556 3650 Ic
720 3625 789 3636 —-
971 3595 1180 3650 tertius
1467 3591 1503 3648 9
1792 3588 1826 3646 4
2043 3590 2115 3647 25

519 3685 540 3738 ι
716 3713 790 3724 —-
971 3689 1216 3754 quartus
1467 3681 1504 3736 8
1789 3678 1826 3736 2
2041 3677 2114 3735 25

515 3789 572 3828 m
719 3803 792 3814 --
973 3775 1215 3844 quintus
1467 3769 1504 3824 8
1790 3767 1826 3825 2
2040 3767 2113 3824 25

516 3877 556 3915 η
714 3891 786 3903 -
967 3869 1162 3918 sextus
1462 3857 1499 3914 8
1787 3856 1823 3913 0
2037 3855 2111 3914 25

516 3965 546 4004 ο
715 3981 783 3990 -
965 3952 1110 4020 septi
1123 3965 1248 4006 mus
1431 3947 1500 4003 46
1785 3944 1822 4001 2
2036 3946 2110 4004 25

768 4093 1060 4148 Consulum
1083 4094 1250 4161 paria
1727 4091 1874 4144 Erae
1903 4089 2106 4144 Christi

512 4253 594 4310 Ex
623 4267 772 4311 coss.
805 4254 1160 4312 Diocletiano
1189 4252 1260 4308 VI
1280 4257 1337 4308 et
1362 4253 1554 4308 Const.
1585 4253 1634 4306 II
1991 4247 2100 4306 296

444 4343 514 4400 ad
543 4356 688 4400 coss.
719 4344 900 4400 Diocl.
941 4343 1019 4397 IX
1043 4350 1100 4398 et
1123 4341 1475 4396 Maximiano
1502 4341 1619 4394 VIII

351 4479 358 4486 .
513 4433 694 4489 Catal.
742 4446 859 4504 reg.
905 4433 1070 4488 Suec.
1117 4431 1223 4486 sub
1272 4444 1433 4486 num.
1481 4426 1589 4485 24')
1627 4446 1657 4484 ει
1698 4427 1884 4484 Schel.
1933 4427 2098 4500 edit,

446 4535 574 4594 pag.
613 4518 760 4576 277:
794 4538 830 4574 α
857 4523 1114 4574 Passione
1157 4524 1218 4576 Ι).
1265 4521 1335 4575 Ν.
1368 4521 1419 4574 J.
1467 4519 1671 4573 Christi
1712 4533 1884 4586 usque
1913 4519 1988 4571 ad
2025 4533 2102 4570 se-

441 4610 565 4664 dem
589 4609 888 4664 beatissimi
912 4609 1220 4663 Marcellini
1254 4623 1418 4677 papa:
1445 4611 1575 4660 sunt
1609 4609 1745 4660 anni
1773 4602 1898 4678 276,
1925 4622 2092 4660 mens.
2127 4606 2182 4667 D

439 4695 493 4753 9.
527 4728 598 4737 —
623 4697 768 4754 Era:
789 4697 1030 4766 Christi,
2029 4693 2102 4749 28

795 4785 1028 4844 Additis
1991 4781 2099 4840 276

801 4878 1070 4934 Provenit
1096 4892 1284 4934 annus
1991 4870 2098 4930 304

516 5005 553 5042 a
590 4989 622 5044 b
694 4986 814 5046 Cat.
857 4988 979 5044 Lib.
1025 4993 1081 5043 et
1121 4987 1234 5044 Fel.
1283 4987 1351 5040 IV
1397 4985 1630 5056 signant
1671 4983 1897 5039 eosdem
1943 4998 2092 5040 coss.

501 5095 546 5149 p
616 5078 746 5136 Ocr.
774 5079 997 5148 primus
1026 5091 1100 5134 an
1250 5075 1286 5131 8
1330 5089 1404 5130 ιιι.
1464 5073 1498 5128 2
1539 5075 1594 5130 d.
1655 5072 1722 5128 45

508 5182 544 5235 q
651 5194 723 5205 —
780 5166 1067 5222 secundus
1245 5156 1282 5219 8
1429 5160 1494 5218 40
1650 5156 1788 5235 25]
1847 5168 1904 5218 et
1932 5162 2088 5218 eosd.

509 5271 540 5308 τ
665 5285 724 5294 -
781 5259 908 5312 tert.
956 5255 1366 5312 Desiderantur
1408 5253 1682 5310 lectiones
1763 5253 1787 5312 ί
1873 5266 2023 5309 coss.

507 5359 534 5396 ε
653 5373 726 5384 --
779 5352 1021 5417 quartus
1235 5341 1273 5399 8
1451 5341 1487 5398 2

505 5447 712 5505 Omnes
753 5453 979 5507 codices
1015 5451 1086 5506 ab
1121 5469 1156 5506 a
1188 5451 1256 5506 ad
1299 5467 1328 5504 ο
1368 5455 1425 5504 et
1457 5465 1489 5506 a
1521 5466 1560 5518 ρ
1597 5449 1666 5505 ad
1707 5464 1733 5503 s
1773 5452 1910 5503 sunt
1947 5459 2088 5502 xvn.

506 5537 588 5592 Ex
628 5538 722 5593 his
759 5541 1060 5597 duodecim
1101 5543 1336 5613 signant
1374 5554 1556 5596 annos

506 5624 780 5681 Undecim
818 5631 1149 5698 exprimunt
1189 5631 1362 5685 etiam
1405 5642 1626 5684 menses
2054 5623 2090 5681 2

505 5711 948 5781 Quatuordecim
990 5732 1216 5787 quoque
1254 5725 1557 5780 numerant
1592 5717 1718 5772 dies
2017 5712 2090 5770 25

503 5803 598 5860 Uti
635 5802 883 5874 legimus
926 5804 986 5858 in
1022 5805 1267 5874 picturis
1300 5805 1557 5862 basilicae
1587 5807 1642 5862 S.
1685 5805 1868 5862 Pauli.

1253 518 1346 573 AD
1385 517 1819 574 ANAS’I‘ASIUM
1855 517 2107 576 PROLOC

2293 522 2371 578 VA
2409 522 2584 579 EDIT.
2627 522 3059 580 ROM.—VATIC.

2084 3277 2192 3340 ..C

3759 523 3863 583 304

2955 641 3164 695 XXXI.

2799 744 2854 800 S.
2890 744 3318 802 MARCELLUS.

2559 850 2773 905 Veteres
2795 852 3030 920 picturae
3055 852 3296 906 basilica
3319 851 3376 907 S.
3406 853 3572 908 Pauli

2659 957 2698 1026 -Ξ-
2998 957 3167 1014 MAR

2984 1045 3134 1101 CEL

2986 1133 3130 1190 LVS

3044 1223 3082 1277 S

3009 1311 3110 1366 ΕΙ)

2978 1397 3142 1454 ΑΝΝ

2978 1477 3150 1551 VM

2949 1576 3164 1651 711.1)

3009 1699 3110 1740 XXI

2303 1794 2340 1831 a
2410 1777 2589 1832 Catal.
2629 1775 2816 1831 Liber.
2844 1787 2957 1830 ann
3286 1771 3310 1828 4
3428 1787 3502 1828 ιιι.
3595 1768 3631 1828 7
3705 1773 3764 1829 d.
3818 1769 3882 1828 20

2309 1867 2340 1919 b
2411 1868 2530 1922 Cat.
2565 1865 2678 1921 Fel.
2713 1863 2784 1920 IV
3286 1859 3320 1917 4
3609 1881 3636 1911 ι)
3854 1877 3876 1907 ι)

2666 1953 2916 2020 Catalogi
2944 1967 3011 2006 ea:
3047 1950 3204 2006 codd.
3252 1951 3450 2005 Italia.

2305 2059 2332 2098 c
2404 2043 2802 2116 Bergomensis
3301 2037 3338 2095 5
3619 2035 3658 2093 7
3821 2031 3877 2092 24

2303 2133 2343 2186 d
2414 2133 2685 2189 Cavensis
3298 2126 3336 2184 5
3619 2126 3657 2183 6
3820 2121 3878 2182 24

2303 2237 2331 2275 e
2404 2221 2695 2278 Farfensis
3299 2215 3335 2272 5
3617 2213 3656 2272 7
3823 2213 3886 2270 25

2230 2332 2240 2342 -
2303 2312 2341 2377 Γ
2406 2312 2680 2367 Lucensis
3299 2305 3337 2363 5
3619 2303 3656 2361 7
3825 2299 3880 2360 24

2569 2417 2821 2484 Catalogi
2847 2430 2915 2469 ea:
2942 2413 3098 2467 codd.
3133 2417 3290 2467 emtra
3315 2412 3555 2466 Italiam.

2303 2539 2339 2588 g
2412 2522 2677 2594 Belgicus
2707 2523 2778 2576 Pa
2789 2520 2942 2591 pebr.
3293 2516 3330 2574 5
3613 2517 3653 2575 6
3827 2514 3884 2573 24

2303 2611 2341 2664 h
2410 2609 2780 2666 Colbertinus
2821 2608 3043 2678 primus
3295 2603 3332 2660 5
3617 2605 3656 2661 6
3825 2601 3882 2660 24

2302 2700 2326 2752 i
2537 2727 2608 2738 —
2787 2695 3075 2752 secundus
3289 2689 3326 2748 5
3612 2689 3648 2747 4
3834 2689 3892 2747 42

2304 2789 2336 2843 k
2532 2817 2601 2826 —
2781 2784 2992 2843 tertius
3282 2779 3319 2837 5
3606 2777 3643 2836 4
3827 2778 3884 2836 24

2303 2877 2324 2930 ι
2535 2905 2609 2916 -
2787 2877 3030 2945 quartus
3280 2866 3318 2924 5
3601 2865 3640 2924 7
3831 2865 3890 2923 42

2297 2981 2354 3020 m
2536 2993 2606 3002 —
2787 2961 3030 3033 quintus
3281 2955 3318 3012 5
3601 2952 3641 3012 7
3829 2951 3886 3011 24

2297 3071 2336 3108 η
2535 3081 2607 3093 -
2797 3055 2994 3108 sextus
3289 3043 3325 3102 5
3608 3043 3648 3102 7
3829 3042 3890 3100 46

2297 3159 2328 3197 ο
2547 3171 2615 3182 -
2793 3139 3072 3210 septimus
3297 3133 3334 3192 6
3617 3135 3657 3192 0
3828 3132 3893 3190 22

2597 3247 2892 3304 Consulum
2916 3246 3084 3316 paria
3516 3243 3664 3297 Era
3691 3239 3895 3297 Christi

2295 3357 2378 3412 Ex
2399 3369 2547 3412 coss.
2570 3351 2918 3410 Maximiano
2943 3350 2988 3404 V
3009 3355 3066 3406 et
3089 3347 3424 3406 Constantio
3450 3348 3494 3402 V
3793 3342 3894 3401 305

2223 3445 2292 3501 ad
2321 3451 2450 3516 post
2472 3458 2620 3500 coss.
2648 3441 2828 3498 Diocl.
2861 3440 2914 3494 X
2949 3444 3005 3496 et
3029 3437 3364 3494 Maximiani
3392 3435 3488 3492 VII
3788 3429 3892 3490 309

2294 3551 2328 3588 a
2397 3533 2519 3588 Cat.
2555 3531 2770 3588 Liberii
2819 3542 2932 3585 non
2973 3531 3248 3584 memorat
3281 3539 3430 3582 coss.

2295 3619 2326 3674 ὸ
2398 3621 2520 3676 Cat.
2556 3619 2669 3674 Fel.
2704 3621 2774 3674 IV
2803 3633 2835 3674 a
2865 3630 3022 3673 cons.
3057 3613 3331 3671 Maxentii
3359 3615 3447 3669 IV.

2292 3710 2487 3780 Neque
2527 3709 2586 3763 in
2615 3707 2919 3764 codicibus
2957 3703 3144 3760 Ocric.
3185 3707 3578 3758 memorantur
3605 3716 3766 3760 coss.
3801 3713 3890 3758 ne-

2221 3811 2333 3866 que
2359 3797 2497 3852 anni
2531 3797 2704 3852 sedis.

2289 3885 2496 3942 Omnes
2529 3886 2756 3941 codices
2784 3884 2856 3941 ab
2885 3901 2920 3938 a
2948 3881 3016 3938 ad
3049 3898 3078 3936 ο
3103 3887 3240 3940 sunt
3793 3891 3890 3935 xiv

2286 3974 2370 4029 Ex
2392 3975 2484 4030 his
2506 3974 2773 4030 undecim
2797 3973 3032 4044 signant
3053 3984 3233 4027 annos
3856 3966 3892 4023 5

2285 4064 2508 4133 Septem
2544 4067 2848 4118 numerant
2871 4061 3044 4116 etiam
3079 4073 3300 4116 menses
3855 4053 3888 4112 7

2282 4153 2390 4207 Sex
2412 4152 2634 4208 addunt
2659 4151 2833 4206 etiam
2859 4151 2984 4206 dies
3821 4142 3884 4200 2i

2281 4241 2421 4309 Quae
2445 4245 2759 4310 supersunt
2791 4240 2850 4295 in
2885 4237 3133 4309 picturis
3168 4242 3315 4294 notae
3340 4249 3722 4293 numerorum
3753 4248 3890 4292 cum

1995 4335 2103 4395 304
2214 4327 2307 4384 his
2336 4330 2705 4386 concordant.

2920 4437 3156 4492 XXXII.

2815 4544 2872 4600 S.
2915 4542 3259 4600 EUSEBIUS.

2517 4652 2729 4708 Veteres
2759 4655 2994 4723 pictum
3034 4651 3272 4704 basilica
3305 4648 3361 4704 S.
3403 4647 3571 4702 Pauli

2636 4777 2676 4844 -ξ-
2912 4774 3058 4830 EVS
3083 4773 3192 4828 ebi

2995 4864 3081 4918 VS

2987 4953 3078 5008 SE

2916 5029 3148 5106 ῡΑῐιῖι

2915 5141 2984 5194 ll.
3016 5141 3090 5194 Μ.
3129 5140 3150 5193 I

2967 5227 3094 5282 DX

3023 5316 3078 5370 X

3030 5405 3074 5458 V

2269 5514 2304 5551 a
2375 5497 2494 5554 Cat.
2527 5496 2712 5554 Liber.
3201 5511 3229 5543 ι)
3345 5504 3426 5546 ιιι.
3547 5485 3581 5544 4
3659 5491 3728 5548 (ι.
3821 5489 3891 5548 46

2271 5587 2302 5639 b
2376 5587 2496 5642 Cat.
2529 5587 2643 5642 Fel.
2671 5587 2759 5642 IV.
2788 5598 2920 5641 ann.
3187 5580 3224 5638 6
3550 5575 3575 5632 4
3853 5581 3891 5638 3

2658 5694 2903 5760 Catalogi
2923 5707 2991 5745 ea:
3009 5689 3166 5744 codd.
3190 5689 3389 5744 Italia.

2266 5818 2293 5856 c
2366 5799 2761 5872 Bergomensis
3201 5792 3239 5851 2
3548 5791 3572 5847 4
3817 5793 3891 5852 25
