3950 6392
425 295 533 354 307
1224 303 1318 359 ΑΙ)
1354 304 1786 363 ANASTASIUM
1825 305 2340 364 PROLOGOMENA
2377 308 2554 363 EDIT.
2598 307 3031 364 ROM.—VATIC.
3734 309 3851 368 308

496 439 533 477 a
602 424 780 481 Catal.
804 427 972 483 Liber
992 442 1126 485 ann.
1505 430 1542 487 2
1618 445 1691 487 m.
1760 429 1795 487 7
1867 433 1924 488 d.
2001 428 2072 488 20
2093 432 2147 491 A
2179 432 2246 486 ad
2282 446 2428 487 coss.
2460 432 2900 489 Constantinum
2930 433 3076 504 Aug.
3109 435 3172 489 V.
3206 436 3261 488 et
3287 430 3518 488 Gallum
3548 433 3675 487 Cte-

495 511 528 565 b
598 512 718 568 Cat.
748 514 864 570 Fel.
891 517 980 571 Ν.
1498 515 1536 573 2
1754 560 1798 573 ..
2023 558 2068 572 ..
2179 532 2361 576 sarem
3736 517 3854 576 352

889 607 1133 674 Catologi
1157 622 1225 661 ex
1251 607 1407 661 codd.
1435 609 1615 663 Italiae
2255 627 2290 664 a
2363 611 2483 665 Cat.
2507 609 2691 665 Liber.
2721 611 2944 666 eosdem
2972 625 3119 667 coss.
3154 610 3414 681 assignat

489 706 517 744 c
589 690 843 762 Bergom.
1509 693 1546 752 2
1756 693 1792 753 7
2005 694 2077 752 20
2261 700 2291 753 b
2362 700 2484 754 Cat.
2529 699 2640 753 Fel.
2688 700 2757 754 IV
2804 700 3156 756 Felicianum
3200 715 3349 757 coss.
3391 708 3688 773 memorat,
3743 707 3849 762 sed

494 780 535 833 ἁ
604 779 875 837 Caveusis
1508 785 1545 841 2
1757 784 1794 841 8
2006 784 2078 841 20
2330 788 2493 843 addit
2522 788 2954 844 Maximianum.

495 884 524 922 e
596 868 888 927 Farfeusis
1507 871 1549 929 2
1757 872 1794 930 8
2005 872 2076 929 20
2252 891 2314 945 p,
2347 891 2401 944 q,
2432 891 2483 937 r,
2510 889 2555 928 s.
2587 875 2641 930 S.
2670 875 2810 931 Julii
2846 876 3121 933 lectiones
3148 877 3206 933 in
3238 877 3404 933 codd.
3436 878 3855 937 Ocriculensi-

493 960 532 1026 f
595 958 870 1015 Lucensis
1477 960 1538 1017 44
1757 961 1793 1019 7
2007 961 2078 1019 20
2186 963 2298 1020 bus
2319 964 2741 1019 desiderantur.
3074 994 3083 997 -

815 1047 1061 1117 (ἴαταιοαί
1090 1049 1259 1105 Codd.
1281 1056 1438 1105 extra
1465 1053 1687 1106 Italiam
2258 1052 2465 1108 Omnes
2490 1054 2654 1109 codd.
2685 1053 2756 1109 ab
2781 1071 2815 1107 a
2840 1054 2908 1109 ad
2936 1071 2965 1108 o
2996 1050 3133 1110 sunt
3162 1056 3333 1111 XIIII.

492 1151 529 1203 α
601 1134 813 1205 Belgio.
848 1137 1080 1206 Papebr.
1507 1138 1545 1195 5
1760 1139 1795 1196 6
2007 1137 2070 1196 24
2255 1144 2336 1198 Ex
2367 1142 2459 1197 his
2489 1145 2745 1214 quinque
2777 1150 3079 1200 numerant
3105 1157 3288 1201 annos
3778 1148 3856 1205 45

490 1224 527 1277 lt
598 1224 756 1280 Colb.
783 1226 1007 1295 primus
1509 1226 1547 1284 5
1758 1228 1795 1283 8
2007 1227 2079 1285 20
2258 1230 2397 1286 Octo
2427 1245 2557 1286 vero
2585 1233 2724 1288 dant
2752 1247 2933 1289 annos
3780 1237 3847 1294 44

485 1314 510 1366 i
653 1344 723 1354 —
782 1316 1072 1372 secundus
1511 1314 1548 1372 2
1760 1315 1796 1373 3
2013 1313 2072 1371 44
2260 1321 2454 1374 Decem
2492 1329 2761 1389 prmterea
2790 1324 3024 1394 signant
3050 1337 3271 1380 menses
3816 1325 3857 1381 2

495 1402 528 1456 Ic
662 1432 727 1442 —-
786 1404 996 1459 tertius
1512 1402 1548 1460 2
1762 1404 1798 1461 5
2010 1403 2081 1461 20
2260 1409 2396 1465 Tres
2427 1424 2557 1466 vero
2581 1410 2706 1465 dies
2731 1410 2767 1467 5
2790 1417 2845 1467 et
2871 1414 3128 1484 quinque
3152 1414 3279 1469 dies
3815 1415 3856 1471 6

492 1491 514 1544 ι
653 1520 728 1531 —
790 1499 1034 1562 quartus
1509 1491 1547 1550 2
1759 1492 1797 1549 8
2045 1494 2082 1551 5
2263 1500 2356 1554 Uti
2388 1499 2661 1555 exhibent
2692 1502 2932 1571 pictura
2961 1504 3016 1557 S.
3048 1502 3208 1558 Pauli

490 1595 547 1633 ’⁷⁸
655 1611 724 1619 ““
789 1581 1033 1681 “‘9‘”
1507 1580 1545 1681 ἓ
1757 1582 1794 1681 ἓ
2007 1582 2079 1681 29
2878 1626 3139 1681 XXXVII

490 1684 529 1723 η
656 1700 732 1710 -
795 1676 992 1726 sextus
1506 1669 1543 1726 2
1755 1670 1792 1726 8
2041 1671 2050 1725 ὲ

1755 1670 1792 1726 8
2041 1671 2078 1728 5
3062 1666 3074 1680 .

492 1772 523 1811 ο
658 1788 728 1798 -
793 1760 1076 1827 septimus
1503 1757 1540 1815 2
1752 1757 1790 1813 8
2003 1753 2159 1817 2GB
2802 1734 3213 1789 sumimus-

635 1849 927 1903 Consulum
950 1851 1116 1920 paria
1697 1851 1841 1903 Era:
1872 1850 2076 1905 Christi
2504 1842 2740 1895 Pictura
2771 1845 2971 1895 veteres
3006 1842 3243 1895 basilicae
3274 1842 3331 1895 S.
3358 1842 3524 1895 Pauli

487 1953 524 1990 a
596 1938 675 1993 Ex
707 1951 851 1993 coss.
890 1940 1202 2009 Nepotiano
1223 1943 1280 1995 et
1304 1940 1570 1995 Facundo
1965 1936 2073 1994 336
2414 1948 2453 2016 —}~
2961 1948 3110 2003 LIBE

484 2027 567 2082 Ex
595 2026 692 2081 die
722 2027 844 2082 Kal.
890 2027 1048 2084 Febr.
1094 2041 1277 2099 usque
1309 2029 1369 2084 in
1400 2030 1553 2083 diem
1597 2028 1747 2098 prid.
1779 2029 1923 2083 Non.
1956 2028 2073 2084 Oc—
2911 2038 3092 2092 RIVS

413 2114 562 2172 tobr.
589 2130 739 2172 coss.
760 2117 855 2172 SS.
2935 2128 2972 2182 s
2984 2129 3025 2182 Ε

481 2220 519 2258 a
589 2205 707 2260 Cat.
744 2204 930 2261 Liber.
962 2208 1281 2278 Nepotiano
1306 2211 1363 2261 et
1393 2206 1660 2261 Facundo
1689 2218 1837 2261 coss.
2955 2216 3001 2269 1)

487 2294 519 2348 b
590 2293 710 2349 Cat.
744 2295 836 2350 Fel
868 2295 937 2349 IV
960 2296 1187 2351 eosdem
1214 2308 1363 2350 coss.
1397 2293 1576 2350 refert
2952 2303 3048 2357 ΑΝ

473 2399 520 2501 13
591 2381 778 2501 θυῖε·
1211 2426 1621 2483 desiderantur
1670 2426 1965 2482 Lectiones
2015 2427 2071 2480 S.
2952 2392 3026 2501 Ψ
3071 2468 3148 2501 π.

484 2488 520 2539 α
664 2499 737 2513 -·
820 2470 1170 2569 ἓθιτέἒηάυδξ
1213 2470 1609 2569 ῐεῖιῖέίῖ’“”’“’
2015 2470 2071 2480 ”’
2960 2491 3031 2543 X-
3071 2470 3128 2540 Π

485 2530 519 2611 5-
658 2587 734 2599 —
819 2558 1029 2615 tertius
1147 2530 1410 2626 )Mam'

2960 2530 3055 2632 ἧι
3081 2578 3141 2631 Ι).
3176 2578 3243 2631 Ill

484 2664 511 2703 ε
655 2676 730 2687 -
800 2653 987 2717 quart.
1013 2647 1168 2703 eosd.
1193 2661 1337 2704 coss.
1359 2648 1480 2709 dat.
1500 2651 1625 2703 eta.
1644 2643 1699 2713 2,
1727 2659 1796 2700 m.
1821 2644 1875 2715 8,
1901 2647 1957 2703 d.
1988 2645 2044 2703 40

2366 2683 2487 2738 Cat.
2522 2681 2646 2736 Lib.
2687 2697 2816 2738 cum
2847 2682 2903 2737 in
2932 2697 3000 2738 eo
3024 2684 3252 2739 desinat
3291 2683 3456 2737 tinem
3492 2683 3611 2739 Lib.
3648 2686 3860 2739 reticet

487 2736 1049 2829 9'".“_°3°°d.d-?b“
1078 2738 1205 2829 ad.”
1237 2743 1372 2792 δυηί
1402 2750 1501 2792 κίν
1531 2743 1585 2791 θί
1616 2750 1790 2791 cum
1821 2749 1915 2790 ιν·
2047 2824 2073 2829 Α
2267 2774 2296 2827 b
2371 2736 2549 2828 cata].
2581 2736 2819 2827 reniti.
2850 2736 2989 2827 ὲιηὲιέ
3156 2736 3186 2738 ’ί
3216 2736 3453 2827 ίδίίίίηι.
3652 2736 3864 2829 ita

491 2828 572 2882 Ex
595 2826 688 2881 his
720 2826 990 2881 tredecim
1024 2826 1365 2898 consignant
1393 2840 1575 2881 annos
2042 2824 2079 2883 2
2267 2813 2295 2827 "
2373 2813 2549 2828 ““""’
2581 2813 2602 2826 ‘
3013 2900 3043 2909 ﬂ
3100 2898 3113 2909 ‘
3138 2898 3153 2909 ἱ
3213 2813 3339 2909 -.νη
3568 2813 3602 2827 υ
3681 2813 3739 2829 ιι·

491 2914 631 2971 Octo
668 2916 840 2971 etiam
875 2922 1178 2976 numerant
1211 2930 1432 2971 menses
2040 2913 2078 2970 8
2629 2899 2875 2965 Catalogi
2906 2914 2973 2951 ea:
3004 2898 3171 2952 Codd.
3206 2900 3405 2952 Italiae.

487 3004 694 3059 Novem
738 3017 870 3060 vero
898 3005 1237 3075 exprimunt
1273 3006 1399 3061 dies
2006 3002 2077 3059 20
2112 3062 2155 3076 Α
2259 3021 2286 3058 c
2358 3004 2533 3061 Catal.
2571 3006 2827 3076 Bergom.
3212 3002 3276 3058 40
3561 3000 3596 3058 7
3822 3002 3861 3060 3

487 3091 648 3146 Unus
670 3090 797 3147 dies
976 3062 991 3075 ’
2004 3089 2043 3148 2

2298 3098 2299 3101 “
2369 3095 2489 3149 Cat.
2521 3062 2791 3149 Cavensis
3211 3090 3277 3146 40
3564 3090 3599 3147 3
3822 3090 3858 3147 4

493 3178 569 3234 Ut
606 3179 665 3235 in
694 3179 941 3251 picturis
968 3179 1231 3237 basilicae
1258 3182 1315 3237 S.
1348 3181 1533 3237 Pauli.
2263 3199 2291 3236 e
2361 3183 2481 3237 Cat.
2515 3181 2807 3238 Farfensis
3206 3176 3273 3237 40
3562 3178 3597 3236 3
3818 3178 3855 3234 4

1122 3307 1380 3362 XXXVI.
2262 3273 2299 3339 Γ
2362 3270 2482 3325 Cat.
2512 3272 2682 3326 Lucer

2291 3273 2299 3290 '
2362 3270 2482 3325 Cat.
2512 3271 2787 3326 Lucensis
3207 3266 3273 3325 40
3559 3268 3594 3323 3
3815 3266 3851 3321 4

1062 3413 1118 3470 8.
1144 3414 1438 3470 IULIUS.
2532 3395 2622 3449 Cat

2532 3395 2779 3463 Catalogi
2806 3411 2874 3447 ea:
2901 3394 3057 3448 codd.
3086 3399 3241 3448 extra
3270 3395 3510 3448 Italiam.

752 3523 967 3578 Veteres
986 3524 1223 3592 picturae
1252 3523 1490 3577 basilice
1517 3522 1573 3577 S.
1600 3523 1765 3579 Pauli

2299 3522 2302 3534 π
2372 3501 2546 3556 Catal.
2577 3500 2839 3572 Belgicus
2864 3498 3097 3568 Papebr.
3565 3494 3601 3600 Ξ
3823 3497 3859 3600 ἒ

1091 3627 1351 3683 IVLIVS
1374 3627 1463 3682 SE
2267 3592 2303 3644 h
2374 3590 2495 3645 Cat.
2527 3588 2773 3683 Colbert.
2807 3590 3029 3658 primus
3215 3584 3283 3683 46
3565 3582 3601 3683 'Z

1099 3671 1463 3754 ὖῖιείᾶιῖ
2266 3683 2289 3733 ί
2401 3709 2459 3719 -
2539 3692 2659 3733 sect

2401 3709 2459 3719 —
2539 3678 2829 3733 secundus
3247 3674 3282 3731 6
3566 3671 3602 3731 3
3822 3672 3858 3728 4

1253 3800 1324 3809 -
2269 3770 2301 3823 k
2399 3799 2467 3807 —
2542 3768 2752 3822 tertius

2299 3787 2301 3817 ;
2399 3799 2467 3807 -
2542 3768 2752 3822 tertius
3250 3762 3285 3819 6
3480 3784 3500 3803 -
3569 3760 3605 3819 6
3821 3760 3859 3818 3

1126 3840 1391 3926 ἕξοκὶίυ
2269 3859 2287 3912 l
2393 3886 2467 3896 —
2540 3870 2685 3926 quar

2393 3886 2467 3896 —
2540 3863 2783 3926 quartus
3217 3848 3283 3906 40
3567 3848 3602 3905 7
3821 3850 3858 3907 3

1127 3913 1309 4037 Dig?
2266 3963 2320 4000 ,π
2402 3976 2476 3986 -
2550 3913 2687 4015 tum

2297 3963 2320 3999 rt
2402 3976 2476 3986 —
2550 3913 2793 4015 uuintus
3568 3936 3605 4037 ’Ζ
3820 3939 3857 4037 3

506 4089 543 4127 a
613 4072 864 4144 Catalog.
900 4072 1085 4130 Liber.
1118 4025 1299 4130 ann.”
1476 4073 1544 4131 45
1624 4089 1697 4129 m.
1783 4073 1806 4129 4
1885 4074 1945 4130 d.
2021 4072 2066 4129 4ι

2297 4053 2306 4090 ι
2401 4063 2471 4075 -
2546 4038 2744 4090 sextus
3218 4027 3284 4084 40
3569 4025 3603 4083 7
3821 4026 3857 4084 3

2297 4149 2300 4166 ν
2406 4154 2475 4163 -
2552 4118 3073 4177 seut.an.5.etan.
3226 4116 3293 4175 40
3576 4114 3613 4173 7
3814 4157 3856 4171 ..

511 4162 542 4216 b
611 4127 860 4218 ama
901 4127 1246 4219 Itan?"
1486 4127 1554 4220 is
1626 4127 1704 4219 iii.
1784 4127 1806 4218 i
1885 4127 1943 4220 ἆῤ
2025 4127 2071 4219 ζ.’

2406 4154 2475 4163 -
2552 4127 2695 4191 sept.
2719 4127 2884 4177 an.5.
2910 4127 3073 4175 etan.
3226 4127 3293 4175 40
3576 4127 3609 4173 '1
3814 4157 3856 4171 ..

887 4253 1133 4320 Catalogi
1159 4268 1228 4307 ea:
1254 4253 1410 4307 codd.
1445 4254 1645 4308 ιιαιίεε.
2633 4229 2925 4283 Comitium
2952 4230 3119 4299 pan'a
3472 4230 3615 4283 Era?
3654 4229 3862 4286 Christi

500 4359 529 4397 c
601 4342 856 4413 Bergom.
918 4336 925 4347 '
1494 4338 1554 4396 44
1810 4340 1848 4397 2
2060 4339 2096 4396 6
2274 4340 2355 4395 Ex
2402 4352 2549 4394 coss.
2594 4336 2930 4393 Constantio
2975 4336 3018 4391 V
3057 4340 3114 4391 et
3151 4335 3491 4392 Constantio
3540 4347 3644 4391 seu
3690 4335 3859 4391 Gallo

512 4432 553 4487 ἀ
621 4431 894 4487 Cavensis
1493 4429 1554 4485 44
1810 4431 1847 4487 2
2061 4428 2098 4487 5
2122 4426 2177 4486 D
2202 4433 2417 4488 Caesare
3752 4423 3860 4481 352

513 4536 542 4573 e
632 4517 923 4574 Farfensis
1495 4516 1555 4573 44
1812 4518 1849 4576 2
2061 4519 2098 4575 5
2277 4521 2346 4577 ad
2380 4534 2527 4576 coss.
2559 4518 2959 4575 Constantium
2992 4516 3086 4570 VII
3114 4519 3172 4569 et
3202 4514 3430 4571 Gallum
3456 4514 3592 4569 Caes.
3628 4516 3717 4570 III.
3753 4512 3858 4570 354

515 4611 552 4678 f
650 4607 926 4664 Lucensis
1498 4605 1558 4663 44
1812 4606 1851 4665 2
2063 4606 2100 4664 5
2278 4613 2340 4667 In
2372 4610 2644 4665 exsilium
2674 4608 3013 4677 deportatur
3050 4618 3202 4660 anno
3244 4604 3507 4676 sequenti
3535 4618 3650 4673 quo
3684 4605 3859 4673 ctepit

825 4696 1075 4763 Catalogi
1103 4696 1259 4751 codd.
1294 4702 1450 4751 extra
1478 4698 1716 4754 Italiam.
2207 4700 2387 4756 Felix.
3753 4693 3860 4751 355

512 4808 549 4860 g
622 4787 832 4859 Belgio.
864 4785 1099 4855 Papebr.
1499 4784 1559 4842 44
1814 4786 1852 4845 2
2065 4788 2101 4846 6
2278 4789 2472 4845 Tertio
2499 4801 2649 4843 anno
2680 4787 2829 4842 redit
2854 4784 3120 4841 Liberius
3151 4793 3319 4840 mort.
3350 4784 3537 4841 Felice
3751 4782 3859 4840 358

521 4881 558 4935 h
627 4876 786 4935 Colb.
822 4875 1046 4948 primus
1500 4874 1569 4933 45
1816 4876 1853 4934 2
2066 4877 2102 4935 6
2209 4880 2279 4935 ad
2305 4893 2452 4935 coss.
2486 4877 2847 4944 Gratianum,
2880 4881 2935 4930 et
2958 4873 3337 4944 Daglaiphum
3754 4871 3858 4929 366

516 4972 542 5025 ἱ
647 4999 717 5008 -
832 4965 1122 5023 secundus
1499 4962 1568 5021 42
1816 4965 1852 5023 2
2066 4964 2102 5023 3
2213 4982 2325 5040 quo
2345 4981 2495 5023 anno
2517 4966 2786 5021 humanis
2810 4964 2980 5019 rebus
3003 4964 3300 5033 eximitur,
3327 4968 3392 5018 ut
3412 4964 3473 5018 in
3500 4961 3700 5020 libello
3726 4975 3859 5033 pre—

524 5060 558 5113 k
645 5089 716 5098 —
840 5056 1052 5113 tertius
1500 5053 1570 5112 45
1818 5055 1855 5113 2
2067 5056 2102 5114 6
2210 5072 2339 5115 cum
2366 5057 2629 5115 Faustini
2654 5062 2708 5112 et
2731 5054 3073 5111 Marcellini.

522 5148 543 5202 ι
648 5177 718 5187 -
841 5151 1088 5217 quartus
1500 5141 1561 5200 44
1787 5143 1847 5201 44
2068 5143 2104 5202 0
2281 5148 2491 5204 Omnes
2514 5146 2743 5202 codices
2767 5145 2839 5201 ab
2865 5160 2900 5196 a
2929 5143 2997 5198 ad
3024 5159 3053 5197 ο
3080 5150 3218 5199 sunt
3240 5144 3415 5199 XIIII.

523 5252 581 5291 ni
665 5266 735 5276 —
843 5236 1088 5306 quintus
1500 5233 1571 5292 45
1818 5235 1855 5293 2
2068 5234 2105 5293 6
2283 5251 2351 5293 ex
2378 5238 2471 5292 his
2491 5242 2620 5291 octo
2648 5240 2955 5291 numerant
2977 5247 3162 5289 annos
3202 5222 3233 5233 ”
3793 5230 3857 5287 40

526 5341 568 5379 n
672 5355 742 5365 —
851 5331 1050 5381 sextus
1501 5322 1561 5381 44
1787 5324 1848 5381 44
2070 5325 2106 5383 0
2211 5328 2441 5396 dempto
2466 5321 3786 5393 scilicetintervallolapsusetexsiliiLiberii.

531 5427 563 5465 ο
681 5444 751 5454 -
861 5415 1145 5483 septimus
1505 5411 1564 5469 44
1821 5412 1858 5470 2
2070 5411 2107 5470 7
2280 5416 2387 5471 Sex
2410 5428 2543 5469 vero
2569 5416 2884 5469 memorant
2904 5412 3076 5468 etiam
3106 5424 3327 5467 menses
3822 5407 3858 5465 7

711 5501 1001 5556 Consulum
1023 5504 1191 5572 parta
1739 5506 1881 5559 ﬂre
1910 5504 2111 5560 Christi
2284 5505 2354 5559 Et
2378 5503 2616 5559 totidem
2644 5503 2982 5571 exprimunt
3008 5513 3239 5572 quoque
3261 5500 3390 5556 dies
3823 5498 3860 5555 3

532 5588 615 5644 Ex
643 5603 788 5645 coss.
820 5590 1049 5646 Titiano
1075 5596 1134 5647 et
1160 5592 1451 5650 Feliciano
2002 5590 2109 5650 337
2283 5593 2433 5662 Quot
2462 5597 2830 5647 recensentur
2860 5590 2921 5646 in
2952 5589 3202 5660 picturis
3233 5588 3492 5645 basilicae
3520 5589 3577 5644 S.
3607 5588 3786 5645 Pauli.
