3950 6396
331 322 431 383 344

337 547 638 591 conensem
726 537 846 607 (qui
908 538 1149 593 Damaso
1201 538 1486 594 decessori
1561 539 1990 611 perscripserat)

337 621 528 678 datam
572 637 634 679 ιιι
673 625 755 680 1d.
810 624 1106 682 Februarii
1152 627 1400 683 Arcadio
1454 635 1510 683 et
1550 629 1800 685 Bautone
1840 643 1988 685 coss.

335 709 510 766 initio
539 712 910 783 pontiﬁcatus
948 714 1064 785 sui,
1096 715 1314 772 eruditi
1360 716 1668 787 genuinam
1716 715 1988 774 fatentur.

332 798 552 855 PAGIUS.

401 887 613 946 Omnes
642 891 874 949 codices
894 891 966 948 ab
995 909 1031 947 a
1057 894 1126 950 ad
1173 909 1202 948 ο
1225 898 1362 950 sunt
1391 908 1522 950 xnu

401 977 614 1034 Omnes
643 979 705 1036 bi
728 989 1030 1038 numerant
1057 996 1240 1040 annos

402 1069 614 1125 Novem
646 1083 876 1141 quoque
904 1071 1138 1144 signant
1166 1085 1387 1129 menses

404 1157 681 1216 Undecim
721 1159 969 1217 reddunt
995 1161 1166 1216 etiam
1193 1162 1321 1218 dies

377 1293 382 1299 .
406 1246 500 1302 Uti
523 1253 828 1304 numerant
855 1249 1096 1320 pictura
1127 1249 1384 1306 basilica
1408 1251 1462 1306 S.
1511 1251 1697 1307 Pauli.

895 1445 952 1502 S.
983 1357 1420 1502 ANfSI'IEASIUS.

649 1535 885 1590 Pictura
903 1540 1104 1590 veteres
1133 1535 1370 1590 basilica
1394 1535 1451 1591 S.
1479 1536 1660 1590 Pauli.

647 1623 690 1691 ’Ξ-
907 1623 1279 1680 ΑΝΑΞΒῑΑ

901 1695 1076 1750 Slus
1117 1707 1190 1752 se

901 1766 1127 1821 DanN

901 1837 1140 1893 lld.X

898 1909 1036 1964 Xvi

401 1995 434 2050 b
505 1994 811 2068 Catalogus
856 1997 1067 2055 Felicis
1096 1999 1182 2054 IV.
1233 2012 1326 2056 an.
1359 1997 1394 2056 4

691 2086 946 2156 Catalogi
971 2103 1040 2142 ea
1067 2088 1341 2144 codicibus
1369 2090 1566 2144 Italia.

1919 982 1991 1041 45

1955 1073 1994 1132 2

1917 1162 1990 1219 25

399 2189 429 2230 c
514 2173 912 2246 Bergomensis
1378 2174 1415 2232 2
1700 2174 1736 2232 0
1914 2173 1989 2231 28

399 2262 440 2316 α
509 2261 781 2320 Cavensis
1140 2261 1143 2262 ⁷
1379 2262 1418 2320 2
1701 2262 1738 2320 0
1915 2262 1988 2320 26

396 2367 426 2406 e
511 2350 804 2408 Farfensis
1376 2351 1414 2410 2
1698 2350 1734 2408 0
1913 2350 1987 2407 26

410 2443 449 2510 f
514 2441 789 2498 Lucensis
1380 2439 1418 2497 2
1701 2438 1738 2495 0
1915 2437 1988 2495 26

609 2529 860 2598 Catalogt
897 2545 966 2583 ea:
994 2529 1268 2583 codicibus
1311 2534 1469 2584 extra
1497 2530 1698 2584 Italia.

398 2634 434 2686 g
509 2616 774 2688 Belgicus
818 2615 1056 2688 Papebr.
1379 2615 1416 2673 2
1703 2615 1737 2673 0
1917 2614 1990 2673 25

398 2706 436 2761 h
505 2703 666 2760 Colb.
701 2705 926 2774 primus
1381 2704 1418 2762 2
1703 2704 1738 2762 0
1917 2701 1989 2762 37

413 2794 441 2847 i
508 2821 584 2833 —
611 2792 901 2850 secundus
1382 2792 1418 2850 3
1704 2792 1740 2850 0
1921 2791 1988 2848 40

402 2881 437 2936 k
505 2909 580 2920 —
609 2880 819 2938 tertius
1380 2879 1416 2938 3
1702 2881 1737 2938 0
1921 2879 1988 2937 40

403 2970 426 3025 ι
507 2997 582 3011 -—
609 2975 856 3042 quartus
1379 2969 1416 3027 2
1703 2969 1738 3027 0
1916 2969 1989 3027 25

399 3075 458 3114 m
521 3087 588 3098 —
620 3057 862 3130 quintus
1383 3058 1421 3116 2
1705 3058 1741 3115 0
1918 3056 1990 3115 27

401 3165 442 3205 n
512 3177 588 3190 —
613 3155 812 3206 sextus
1383 3147 1420 3206 2
1705 3148 1740 3206 0
1919 3148 1991 3206 25

404 3254 436 3293 ο
516 3267 588 3279 -
615 3239 901 3310 septimus
1385 3237 1423 3294 2
1707 3237 1742 3294 0
1920 3237 1992 3295 26

723 3327 1022 3383 Consulum
1049 3329 1215 3398 paria
1608 3331 1750 3384 Era
1787 3326 1993 3382 Christi

404 3416 728 3473 Concilium
747 3418 1082 3473 Toletanum
1107 3418 1356 3488 primum
1379 3416 1488 3473 sub
1512 3416 1818 3473 Anastasio
1847 3430 1990 3486 papa

335 3505 685 3564 celebratum
725 3512 834 3578 .est
868 3505 1147 3561 Stilicone
1188 3505 1426 3562 consule
1475 3505 1546 3561 ad
1604 3519 1816 3560 annum
1861 3519 1988 3560 arte

333 3594 573 3652 Christi.
1884 3591 1988 3650 400

407 3685 649 3742 Severus
674 3685 974 3756 Sulpicius
1000 3683 1103 3754 lib,
1129 3699 1192 3740 ιι.
1226 3685 1376 3741 Hist.
1403 3685 1483 3740 ita
1512 3685 1750 3741 scribit:
1779 3685 1992 3739 Herode

338 3780 604 3842 regnante
626 3791 772 3829 anno
796 3776 954 3842 regni
985 3771 1072 3843 48,
1106 3776 1368 3830 Dominus
1399 3777 1693 3844 cruciﬁxus
1738 3779 1818 3828 est
1843 3776 1990 3829 Iulio

340 3865 564 3920 Gemino
601 3864 781 3936 (Fuﬁo
805 3863 1066 3938 Gemino)
1103 3870 1155 3919 et
1202 3865 1451 3920 Rubellio
1487 3865 1711 3920 Gemino
1749 3879 1882 3918 coss.
1908 3883 1926 3930 ;
1957 3882 1993 3918 α

347 3967 453 4022 quo
513 3957 748 4022 tempore
821 3968 994 4022 usque
1056 3955 1116 4008 in
1163 3953 1476 4008 Stiliconem
1540 3954 1810 4007 consulem
1865 3958 1994 4007 sunt

342 4042 482 4094 anni
498 4037 625 4096 372.

411 4129 514 4185 His
536 4130 682 4186 adde
711 4143 890 4188 annos
917 4129 990 4187 28
1023 4146 1150 4188 ara
1176 4131 1396 4188 Christi
1427 4130 1686 4202 vulgaris
1714 4129 1785 4184 ab
1827 4129 1994 4186 illius

339 4233 467 4276 ara
510 4219 684 4276 initio
719 4219 788 4275 ad
819 4219 968 4277 duos
1007 4221 1280 4277 Geminos
1321 4219 1610 4276 consules.
1655 4219 1744 4273 Fit
1771 4231 1992 4275 summa

341 4320 624 4365 annorum
654 4305 760 4364 400
811 4307 884 4364 ab
914 4308 1089 4364 initio
1132 4322 1260 4362 ara
1303 4307 1521 4363 Christi
1552 4307 1877 4361 communis
1917 4305 1986 4360 ad

339 4397 546 4454 concil.
573 4397 734 4454 Tolet
767 4397 1019 4467 primum
1049 4396 1158 4453 sub
1182 4396 1487 4452 Anastasio
1519 4396 1614 4464 Pp.
1657 4401 1716 4450 et
1748 4394 1990 4450 Stilico-

341 4485 438 4542 nis
461 4485 850 4554 consulatum,
901 4489 1166 4540 numerat
1191 4491 1385 4540 nostra
1409 4482 1807 4554 chronologia.

409 4571 620 4628 Omnes
657 4572 884 4628 codices
903 4585 972 4626 ex
999 4573 1030 4626 b
1057 4572 1126 4628 ad
1157 4587 1189 4625 ο
1231 4580 1369 4628 sunt
1393 4585 1519 4627 xm.

405 4663 490 4719 Ex
516 4661 612 4718 his
628 4675 713 4718 xu
736 4667 1039 4718 numerant
1058 4673 1240 4718 annos
1278 4658 1315 4717 2
1361 4675 1535 4732 supra
1561 4676 1743 4719 annos
1773 4663 1991 4721 solidos

337 4765 586 4808 mensem
617 4750 876 4808 nullum:

406 4841 675 4913 Plerique
691 4842 820 4900 dies
841 4839 934 4910 25,
957 4840 1042 4898 vel
1062 4839 1152 4912 36,
1176 4845 1265 4898 utl
1285 4841 1620 4912 colligimus
1638 4857 1704 4898 ex
1733 4845 1992 4900 numeris

333 4931 750 5002 superstitibus
775 4932 833 4989 in
857 4932 1084 5003 pictura
1113 4931 1370 4988 basilica
1393 4932 1448 4988 S.
1479 4931 1664 4989 Pauli.

1079 5039 1245 5094 XLII.

865 5129 924 5184 S.
971 5127 1446 5185 INNOCBNTIUS.

649 5219 884 5273 Pictura
909 5223 1110 5272 ueteres
1127 5219 1365 5273 basilica
1389 5220 1447 5276 S.
1476 5219 1656 5274 Pauli.

910 5306 1278 5362 INNOCEN

898 5395 1088 5450 CIVS
1115 5395 1269 5450 SED

882 5473 1068 5580 Αινῑιῖ
1099 5493 1200 5547 xv

899 5591 1044 5644 M.ll.
1077 5591 1122 5644 D
1156 5591 1288 5645 ,ΧΧ

548 5305 588 5374 ,τ

1137 329 1230 384 AD
1266 329 1698 386 ANASTASIUM
1735 332 2249 392 PROLEGOMENA
2286 337 2459 392 EDlT.
2503 335 2937 392 ROM.-VATIC.

407 446 722 522 Epistulam
751 447 1089 504 decretalem
1110 449 1308 506 Siricii
1333 451 1400 506 ad
1430 453 1746 508 Honorium
1773 454 1989 508 Tarra-
2013 453 2073 513 A
2176 456 2206 508 b
2279 458 2585 532 Catalogus
2612 460 2726 516 Fel.
2754 461 2841 515 IV.
2869 473 3005 514 ann.

2012 1770 2064 1831 Β

3653 331 3762 390 342

3123 457 3190 515 45
3265 472 3339 513 m.
3455 454 3618 512 4d.
3691 453 3754 511 24

2489 551 2738 618 Catalogi
2771 565 2839 603 ea:
2862 549 3138 602 codicibus
3165 549 3364 602 Italia.

2171 653 2199 690 c
2287 638 2680 707 Bergomensis
3126 634 3194 693 45
3477 633 3514 690 2
3692 631 3764 688 20

2171 725 2210 778 d
2280 725 2552 782 Cavensis
3120 723 3188 781 45
3473 722 3510 779 2
3690 719 3763 777 20

2171 830 2198 868 e
2289 813 2576 870 Farfensis
3118 813 3141 870 4
3153 815 3188 872 5
3475 811 3512 869 2
3691 805 3755 866 24

2168 904 2205 969 f
2280 904 2554 959 Lucensis
3123 901 3192 960 45
3477 900 3514 957 2
3691 900 3756 959 24

2346 991 2596 1059 Catalogi
2642 1009 2710 1048 ea
2757 995 3040 1049 rodicibus
3077 999 3235 1048 extra
3263 993 3508 1048 Italiam.

2169 1096 2204 1145 g
2278 1079 2492 1150 Belgio.
2525 1081 2764 1151 Papebr.
3121 1079 3190 1138 45
3474 1077 3511 1135 2
3689 1077 3755 1134 24

2170 1167 2205 1219 Ιι
2275 1167 2442 1223 Colb.
2474 1169 2696 1238 primus
3122 1168 3190 1225 45
3474 1167 3512 1223 2
3690 1167 3763 1223 20

2170 1257 2192 1307 i
2280 1286 2348 1294 —
2467 1258 2755 1313 secundus
3120 1255 3188 1313 42
3472 1255 3510 1312 2
3687 1254 3753 1312 24

2173 1345 2204 1397 k
2275 1373 2348 1384 —
2455 1346 2663 1402 tertius
3122 1345 3190 1402 42
3472 1344 3510 1401 2
3687 1343 3762 1402 20

2171 1434 2191 1485 l
2276 1463 2345 1472 —-
2455 1440 2700 1504 quartus
3121 1434 3189 1492 45
3475 1433 3511 1490 2
3726 1433 3764 1490 0

2165 1538 2220 1575 m
2280 1551 2328 1560 -
2459 1523 2703 1592 quintus
3121 1523 3188 1580 45
3473 1523 3509 1580 2
3687 1521 3762 1580 20

2164 1626 2202 1664 n
2273 1640 2347 1651 —
2455 1619 2650 1669 sextus
3119 1610 3186 1668 42
3469 1612 3506 1668 2
3721 1610 3759 1667 0

2161 1715 2191 1752 ο
2274 1728 2344 1740 -—
2454 1701 2744 1772 septimus
3122 1701 3189 1758 45
3473 1699 3510 1757 2
3687 1681 3764 1755 20

2465 1791 2667 1846 Consul
2676 1807 2765 1844 um
2781 1795 2948 1861 paria
3382 1795 3523 1846 Era
3554 1789 3763 1845 Christi

2063 1867 2086 1880 ⁸
2166 1879 2248 1933 Ex
2271 1879 2369 1934 die
2406 1876 2479 1935 22
2526 1878 2871 1950 Decembris,
2903 1879 3064 1936 Celso
3093 1886 3150 1936 et
3183 1880 3434 1936 Fravitta
3473 1894 3621 1937 coss.
3653 1875 3752 1934 404

1970 2039 1983 2052 ⁸
2095 2057 2223 2126 dep.
2257 2054 2323 2112 42
2346 2059 2538 2114 Martii

2019 3088 2066 3148 C

2095 1967 2164 2024 ad
2197 1983 2344 2023 coss.
2378 1970 2695 2025 Honorium
2725 1969 2872 2042 Aug.
2918 1971 2996 2025 XI
3024 1977 3080 2027 et
3109 1969 3510 2026 Constantium
3544 1969 3757 2024 iterum

2095 2057 2223 2112 den.
2257 2054 2323 2112 42
2346 2059 2538 2112 Martii
3653 2051 3760 2112 H7

2166 2146 2326 2202 Sedit
2352 2161 2533 2203 annos
2565 2145 2651 2220 45,
2695 2162 2872 2204 mens.
2890 2146 2944 2215 2,
2975 2149 3104 2205 dies
3131 2147 3220 2205 20.

2157 2251 2201 2304 p
2273 2234 2406 2291 Cod.
2450 2237 2646 2292 Oeric.
2687 2237 2911 2307 primus
2939 2253 3076 2293 ann.
3113 2235 3180 2293 45
3290 2251 3366 2292 m.
3441 2233 3479 2291 2
3551 2236 3607 2290 d.
3684 2232 3761 2289 20

2167 2341 2202 2392 q
2273 2353 2347 2364 —
2419 2327 2708 2381 secundus
3105 2323 3174 2381 45
3432 2323 3469 2380 2
3683 2320 3758 2380 20

2165 2429 2198 2467 r
2284 2443 2354 2452 —-
2429 2414 2638 2468 tertius
3102 2412 3169 2468 45
3432 2411 3470 2470 2
3683 2409 3759 2468 20

2167 2501 2377 2558 Omnes
2402 2501 2576 2557 Codd.
2610 2515 2642 2556 a
2665 2503 2696 2555 b
2721 2502 2789 2556 ad
2813 2518 2843 2555 ο
2867 2507 2922 2556 et
2943 2519 2974 2555 r
3004 2507 3141 2558 sunt
3169 2515 3285 2556 xvx.

2168 2591 2249 2645 Ex
2279 2589 2372 2645 his
2399 2603 2502 2645 xm
2531 2591 2763 2661 signant
2785 2603 2968 2645 annos
3693 2588 3763 2647 45

2167 2676 2378 2734 Omnes
2400 2678 2536 2748 (uno
2565 2677 2812 2748 dempto)
2858 2678 2998 2734 dant
3038 2691 3214 2734 mens.
3723 2677 3764 2736 2

2169 2768 2373 2823 Novem
2408 2773 2676 2836 praterea
2727 2774 3030 2824 numerant
3057 2769 3182 2823 dies
3685 2765 3759 2823 20

2168 2855 2316 2925 Quot
2339 2857 2583 2927 legimus
2608 2857 2978 2928 consignatos
3011 2858 3070 2912 in
3124 2857 3374 2928 picturis
3405 2857 3666 2913 Basilica
3692 2858 3750 2914 S.

2099 2946 2284 3000 Pauli.

2140 2946 2330 3090 altrm
2371 3031 2495 3103 447,
2525 3035 2778 3091 Honorio
2808 3036 2885 3090 XI
2910 3042 2967 3091 et
3012 3036 3348 3092 Constantio
3376 3037 3422 3091 ll
3449 3049 3596 3092 coss.
3646 3035 3765 3091 Pa-

2100 3123 2236 3179 scha
2259 3123 2608 3179 celebratum
2637 3130 2724 3180 est
2763 3137 2863 3180 vut
2895 3125 3017 3179 Kal.
3050 3125 3274 3195 Aprilis
3296 3125 3523 3180 Zosimo
3556 3124 3653 3194 Pp.
3685 3123 3762 3180 ad

2099 3213 2250 3268 Petri
2289 3215 2478 3268 sedem
2507 3218 2720 3284 evecto,
2750 3219 2814 3270 ut
2855 3213 2913 3268 in
2945 3213 3189 3284 epistola
3230 3212 3568 3269 Paschasini
3599 3212 3670 3268 ad
3699 3211 3772 3267 S.

2100 3304 2337 3358 Leonem
2359 3303 2645 3373 Magnum.

2679 3427 2954 3500 CAPUT
3043 3429 3130 3500 Vl
3147 3481 3166 3494 .

2099 3554 2197 3614 De
2208 3553 2680 3633 prosequenda
2693 3550 3443 3633 Rogmnorzcmpontiﬂc
3453 3566 3560 3609 um
3570 3547 3768 3633 claro-

2180 3629 2455 3712 φὶοἱοθίῐι
2501 3651 2582 3694 ea:
2615 3632 2970 3711 Catalogis
3015 3629 3314 3710 aliisque
3345 3629 3768 3693 documentis

2171 3717 2328 3794 post
2360 3713 2434 3774 δ’.
2465 3713 2948 3775 Innocentium
2984 3713 3312 3792 primum.

2599 3827 2921 3884 SYNOPSIS
2977 3827 3255 3881 CAPITIS.

2104 3919 2139 3966 l.
2165 3915 2544 3978 Compcn~lium
2565 3917 2993 3978 documentorum
3015 3913 3289 3978 pontiﬁcia
3320 3911 3677 3978 chronologia
3698 3912 3766 3960 ad

2165 3972 2383 4040 quatuor
2412 3982 2585 4036 priora
2609 3977 2800 4024 Christi
2818 3972 3283 4040 saecula'hactenus
3309 3972 3670 4040 comprabutzn.
3699 3999 3765 4040 τ-

2164 4034 2237 4088 Π.
2272 4034 2516 4086 Ιιιόἱοὶιιὶο
2543 4041 2979 4086 monimentorum
3007 4039 3364 4096 quatempora
3391 4034 3766 4095 subsequentia

2163 4101 2576 4149 demonstrantin
2598 4099 2930 4146 successione
2951 4098 3251 4158 pontiﬁcum
3269 4096 3626 4144 Romanorum
3643 4100 3766 4159 post

2164 4167 2402 4225 quartum
2433 4161 2677 4209 saeculum
2714 4174 2828 4208 arua
2863 4159 3187 4208 UhPlSliill'liD.

2175 4261 2504 4316 4.Traditis
2561 4259 2777 4330 regulis
2830 4260 3036 4312 criterii
3073 4259 3142 4313 ad
3213 4264 3363 4313 recte
3401 4256 3762 4330 colligendas

2101 4353 2352 4406 rationes
2387 4349 2695 4420 pontiﬁcia
2733 4348 3118 4417 chronologia
3162 4361 3259 4417 per
3286 4349 3627 4403 documenta
3652 4362 3764 4420 ge-

2019 4451 2073 4512 D
2102 4441 2300 4508 nuina,
2347 4451 2660 4508 eorumque
2710 4453 2818 4493 usu
2870 4437 3090 4506 prolato
3139 4445 3195 4490 ct
3239 4437 3606 4505 comprobato
3653 4452 3758 4508 per

2100 4529 2362 4601 singulos
2394 4530 2541 4583 Petri
2589 4540 2966 4593 successores,
3021 4533 3194 4597 atque
3244 4528 3523 4597 producto
3549 4541 3617 4582 ex
3647 4541 3758 4598 pa-

2101 4617 2513 4676 triarchalibus
2529 4617 2793 4674 basilicis
2815 4618 3086 4673 Romanis
3116 4618 3268 4673 ultra
3287 4618 3522 4672 initium
3551 4619 3756 4674 saculi

2101 4709 2316 4780 quinti.
2337 4721 2518 4778 usque
2535 4709 2604 4762 ad
2631 4708 3029 4763 Innocentium
3053 4709 3177 4776 ejus
3197 4707 3450 4762 nominis
3465 4707 3715 4776 primum
3740 4725 3757 4778 ;

2102 4799 2157 4854 id
2193 4812 2370 4854 unum
2400 4803 2662 4866 superest
2686 4804 2750 4853 ut
2769 4797 3242 4868 consequentium
3266 4797 3594 4863 pontiﬁcum
3622 4802 3760 4852 tem-

2104 4903 2237 4959 pora
2281 4887 2400 4956 pari
2434 4887 2785 4943 certitudine
2837 4885 3068 4942 deﬁniri
3102 4885 3494 4951 ostendamus,
3523 4884 3754 4940 etiamsi

2099 4986 2350 5032 veterum
2397 4975 2716 5046 imaginum
2749 4976 2929 5031 series
2980 4975 3038 5029 in
3071 4973 3314 5030 basilica
3339 4974 3395 5029 S.
3430 4972 3592 5028 Pauli
3627 4979 3758 5042 post

2095 5063 2490 5120 Innocentium
2529 5065 2794 5134 abrupta,
2831 5063 2890 5118 in
2916 5063 3188 5118 Vaticana
3219 5062 3478 5131 disjecta,
3515 5061 3575 5116 in
3601 5062 3764 5116 Late-

2092 5152 2322 5210 ranensi
2353 5153 2472 5224 igni
2501 5151 2824 5222 absumpta,
2856 5151 2936 5206 ita
2952 5149 3212 5206 conferre
3235 5164 3363 5206 cum
3395 5149 3518 5204 illis
3536 5149 3761 5206 Catalo-

2099 5256 2199 5314 gos
2266 5254 2379 5296 non
2430 5241 2744 5310 permittat.
2802 5240 2949 5296 Sunt
3007 5239 3172 5309 plura
3250 5240 3582 5309 adjumenta
3627 5253 3758 5308 qua

2093 5335 2358 5400 reparent
2379 5331 2644 5385 notitiam
2673 5336 2991 5399 temporum
3020 5329 3188 5385 nobis
3216 5329 3665 5399 proximiorum,
3696 5336 3754 5384 et

2096 5421 2156 5474 in
2190 5432 2323 5488 pace
2364 5418 2627 5473 Ecclesia
2671 5418 2918 5473 liberius
2971 5418 3300 5486 ﬂuentium,
3350 5423 3655 5487 postquam
3690 5417 3751 5472 in

2094 5512 2220 5562 tuto
2252 5508 2435 5576 posita
2469 5513 2794 5576 spectamus
2823 5506 2923 5562 illa
2954 5521 3082 5576 qua
3112 5506 3555 5577 tempestatibus
3583 5505 3756 5561 undi-

2095 5609 2204 5666 que
2242 5596 2508 5651 excitatis
2543 5596 3003 5665 persecutionum
3055 5603 3199 5652 testu
3256 5595 3543 5651 involvere
3573 5599 3749 5664 atque
