3950 6434
157 376 248 436 313
941 379 1308 436 BLANCHINI
1344 380 1644 437 DISSERT.
1687 381 1780 437 DE
1814 380 1975 437 ANT.
2017 382 2130 437 RR.
2172 380 2373 436 PONT.
2415 380 2755 436 CATALOG.

3465 378 3572 438 344

159 504 463 575 demergere
492 504 829 561 decumanis
847 504 1123 563 ﬂuctibus
1150 505 1336 562 rabies
1368 512 1797 578 persecutorum
1821 505 1881 566 A
1910 506 2048 562 liter
2077 508 2333 578 impendi
2362 522 2591 579 operam
2622 508 2853 565 veritati
2879 521 2911 564 e
2941 507 3196 563 tenebris
3241 507 3566 577 educendae,

160 591 357 648 frustra
396 594 659 649 tentavit.
708 594 973 650 Vidimus
1001 597 1154 651 enim
1192 603 1393 652 contra
1418 597 1608 653 edicta
1634 595 1795 652 Decii

161 685 209 737 et
246 680 614 750 Diocletiani,
674 684 979 739 memorias
1024 684 1490 741 Christianorum
1536 685 1798 755 undique

162 770 372 825 eradere
407 770 797 841 nequidquam
846 773 1216 842 tentantium,
1268 789 1388 829 cum
1407 776 1570 837 furor
1613 775 1799 840 genti—

164 860 277 912 lium
292 863 626 928 potestatum
639 861 700 913 in
720 861 1039 915 electissima
1060 877 1287 932 qumque
1324 862 1530 918 Christi
1555 862 1797 916 membra

163 950 373 1009 saeviret,
396 952 464 1004 ut
508 948 595 1003 ait
621 949 730 1005 Leo
760 951 1001 1020 Magnus
1022 950 1121 1023 (a),
1148 967 1213 1005 ac
1257 954 1535 1021 praecipue
1560 967 1666 1015 eos,
1699 953 1797 1021 qui

163 1037 352 1090 ordinis
376 1041 535 1090 erant
550 1037 905 1093 sacerdotalis
933 1041 1230 1109 impeteret,
1250 1054 1362 1097 non
1391 1041 1558 1097 modo
1582 1042 1796 1097 statio-

164 1138 274 1181 nem
302 1138 414 1181 non
459 1126 740 1196 deserere,
771 1128 909 1183 dum
936 1128 1053 1184 vita
1101 1135 1411 1200 constaret,
1444 1130 1797 1189 fortissimos

164 1214 349 1286 vigiles
378 1228 444 1271 ac
472 1215 649 1271 duces
698 1216 1047 1274 Christiana:
1078 1218 1327 1288 militiae,
1359 1220 1659 1276 catholicae
1685 1223 1798 1278 Ec-

162 1303 331 1359 clesiae
359 1305 678 1374 episc0pos,
718 1305 869 1361 Petri
896 1320 1286 1379 successores;
1321 1308 1419 1364 sed
1465 1310 1638 1365 etiam
1672 1317 1801 1380 post

163 1397 381 1448 mortem
421 1407 522 1462 pro
562 1394 797 1450 Christo
844 1394 1061 1452 obitam
1105 1398 1333 1454 eosdem
1381 1399 1799 1468 quodammodo

164 1480 481 1538 reviviscere
504 1482 703 1539 studio
751 1497 1149 1541 successorum
1168 1492 1223 1542 et
1264 1486 1525 1557 exemplo
1545 1488 1800 1557 ejusdem

160 1568 293 1624 Petri
325 1571 685 1644 spondentis,
714 1588 771 1628 se
818 1574 1081 1630 daturum
1126 1591 1346 1645 operam
1376 1581 1438 1631 ut
1486 1579 1800 1647 frequentes

159 1673 244 1712 nos
270 1657 488 1714 haberet
502 1666 629 1731 post
648 1662 853 1717 obitum
887 1679 1048 1718 suum
1089 1665 1190 1735 (b),
1222 1678 1321 1734 per
1350 1665 1582 1738 singula
1626 1665 1802 1722 ferme

158 1748 349 1805 saecula
398 1749 654 1820 publicis
704 1752 1067 1819 documentis
1137 1757 1465 1813 earumdem
1524 1770 1708 1813 annos
1746 1762 1803 1814 et

1909 597 2140 666 quando
2172 598 2327 668 regia
2376 597 2627 653 methodi
2674 597 2766 653 via
2787 598 2857 653 ad
2916 597 3075 653 illam
3115 596 3431 667 perducens
3473 609 3571 666 per

1910 683 2141 753 publica
2172 685 2463 741 substrata
2478 686 2838 751 documenta,
2868 700 2900 740 a
2927 685 3285 754 praeiudiciis
3310 685 3571 754 privata-

1908 787 2037 829 rum
2068 773 2431 844 opinionum,
2455 773 2632 829 veluti
2666 768 2978 829 asubortis
3001 774 3256 829 dumetis
3285 787 3350 828 ac
3380 773 3572 829 senti—

1908 860 2018 917 bus
2046 860 2350 916 liberatur.

1941 947 1996 1006 2.
2019 950 2159 1006 Cum
2199 951 2397 1021 itaque
2454 955 2705 1021 quatuor
2736 950 3033 1021 prioribus
3074 949 3343 1006 Ecclesiae
3393 950 3573 1007 Chri—

1907 1039 2110 1095 stiana:
2167 1039 2398 1095 saeculis
2454 1039 2754 1095 videamur
2805 1039 3110 1110 collegisse
3155 1043 3242 1093 tot
3294 1038 3572 1110 suffragia

1909 1127 2154 1199 publica:
2169 1128 2560 1195 auctoritatis,
2582 1128 2856 1183 Romanis
2877 1128 3195 1198 praesertim
3216 1141 3248 1182 e
3269 1127 3485 1182 ﬁnibus
3504 1141 3570 1183 ac

1909 1216 2330 1274 suburbicariaa
2361 1216 2637 1288 regionis,
2671 1216 2771 1272 ubi
2814 1217 2980 1287 juxta
3011 1216 3240 1287 regulas
3266 1215 3571 1285 prudentis

1909 1305 2144 1361 critices
2193 1304 2423 1362 fuerant
2486 1306 2856 1375 inquirenda,
2915 1318 3043 1375 quae
3095 1301 3392 1360 sufficiant
3444 1317 3571 1358 απαξ

1913 1394 2377 1465 uniuscujusque
2434 1394 2729 1463 pontiﬁcis
2770 1396 2831 1448 in
2876 1396 3018 1448 notis
3069 1394 3146 1447 ad
3209 1393 3573 1447 Anastasium

1913 1488 2065 1540 recte
2097 1483 2535 1552 constituendae,
2584 1488 2847 1554 superest
2880 1489 2943 1540 ut
2987 1484 3312 1540 indicemus
3356 1489 3573 1554 quanto

1912 1573 2126 1643 potiori
2149 1574 2282 1642 jure
2312 1572 2551 1629 ﬁdenter
2574 1586 2921 1644 asseramus,
2949 1573 3122 1630 etiam
3166 1572 3397 1628 saeculis
3427 1585 3575 1627 con—

1912 1661 2292 1731 sequentibus
2318 1676 2481 1732 posse
2511 1661 2670 1717 reddi
2702 1662 2947 1732 epochas
2971 1661 3302 1718 antistitum
3335 1675 3569 1717 succes-

1915 1763 2130 1805 sorum.
2182 1750 2240 1806 ld
2295 1764 2427 1807 vero
2482 1750 2701 1806 nemini
2758 1750 3003 1807 dubium
3044 1750 3230 1807 videri
3274 1749 3461 1818 debet,
3517 1749 3569 1804 si

153 1842 300 1893 actus
326 1838 549 1911 signari
570 1840 629 1895 in
646 1841 706 1897 di
717 1841 1008 1912 ptychiset
1026 1843 1324 1900 laterculis
1343 1845 1799 1914 depositionum,
1833 1831 1887 1891 Β
1911 1840 2232 1912 cogitemus
2258 1838 2401 1895 Acta
2429 1839 2813 1896 conciliorum
2851 1839 3175 1910 frequentia
3196 1840 3313 1908 iam
3363 1851 3575 1894 θεων·-

155 1932 434 1984 constante
474 1930 871 1999 persecutione
919 1931 1028 1988 sub
1057 1933 1345 1999 Cornelio,
1399 1934 1459 1989 in
1510 1934 1803 2006 Catalogis

158 2014 249 2072 sub
267 2016 518 2086 Liberio,
546 2025 604 2075 et
619 2019 805 2075 Felice
823 2019 913 2089 IV,
936 2021 994 2075 in
1018 2021 1263 2091 picturis
1290 2021 1667 2077 basilicarum
1692 2024 1803 2079 sub

159 2105 365 2162 Leone!
422 2114 483 2162 et
533 2107 855 2174 Hormisda,
904 2109 963 2164 in
1013 2110 1275 2166 Vitarum
1324 2111 1710 2180 scriptoribus
1746 2117 1805 2168 et

158 2194 523 2250 Lectionariis
546 2196 813 2252 Ecclesiae
842 2197 1146 2255 codicibus
1170 2212 1267 2267 per
1290 2206 1485 2255 aetates
1505 2199 1638 2255 inde
1659 2214 1807 2256 con—

156 2288 357 2339 secutas
390 2283 720 2341 continenti
748 2285 899 2341 serie
931 2300 1114 2356 usque
1143 2287 1211 2343 ad
1241 2292 1533 2343 nostram:
1569 2289 1664 2345 cui
1692 2289 1805 2345 da-

160 2375 262 2428 tum
302 2377 390 2429 est
444 2386 515 2428 ex
570 2373 863 2430 universis
893 2376 1352 2445 praecedentibus
1400 2376 1544 2433 hanc
1594 2377 1801 2434 nubem

157 2460 389 2533 testium,
420 2462 699 2534 colligere
729 2465 1007 2521 adversus
1028 2465 1305 2520 invidiam
1327 2465 1799 2533 declamantium,

160 2557 413 2621 praerepta
449 2550 618 2607 nobis
638 2550 822 2607 fuisse
849 2552 1191 2608 documenta
1211 2566 1400 2608 aureae
1425 2552 1589 2609 illius
1612 2556 1802 2611 aetatis

155 2639 493 2708 antistitum,
523 2641 610 2697 vel
654 2641 904 2711 incuria,
933 2643 1018 2698 vel
1067 2643 1382 2712 discordia,
1447 2646 1532 2701 vel
1564 2644 1797 2718 fabulis,

158 2726 327 2798 inepte
350 2730 642 2786 contextis
682 2744 780 2801 per
814 2731 1071 2803 gregales
1105 2731 1476 2804 litteratores,
1528 2733 1801 2805 inexplo-

156 2822 262 2872 rata
286 2832 528 2890 quaeque
575 2834 673 2889 pro
718 2821 871 2876 veris
899 2822 1172 2877 audacter
1200 2820 1593 2878 obtrudentes.
1627 2824 1799 2881 Nulla

155 2916 253 2961 non
272 2906 518 2964 historia
539 2914 642 2965 aut
658 2909 1030 2982 chronologia
1048 2909 1317 2981 pluribus
1355 2912 1586 2969 saeculis
1617 2913 1676 2968 in
1704 2928 1801 2982 pu-

155 2991 289 3049 blica
335 2995 464 3052 luce
505 2997 694 3067 posita
746 2999 937 3068 patuit
985 2999 1291 3058 conatibus
1339 3004 1691 3073 scriptorum
1744 3008 1801 3059 et

153 3079 582 3155 descriptorum,
609 3090 722 3142 tam
749 3100 847 3157 per
866 3093 1062 3144 aetates
1082 3090 1271 3147 cultas
1290 3105 1461 3162 quam
1501 3091 1798 3150 barbaras.

1913 1943 2039 1985 rere
2059 1942 2091 1984 a
2112 1935 2318 1999 quarto
2342 1928 2560 1984 Christi
2588 1928 2819 1995 saeculo,
2846 1942 2971 1999 quae
3009 1934 3265 1997 tempora
3303 1940 3575 1996 compro—

1913 2017 2050 2074 bent
2081 2017 2417 2089 pontiﬁcum
2450 2018 2857 2073 Romanorum.
2883 2015 3034 2086 Quin
3083 2015 3256 2071 etiam
3300 2014 3576 2084 epistolas

1911 2106 2243 2162 eorumdem
2297 2107 2544 2177 posteris
2583 2118 2708 2162 esse
2748 2110 3138 2175 prmservatas,
3167 2117 3279 2159 non
3316 2104 3432 2173 jam
3478 2116 3577 2172 per

1915 2203 2106 2268 partes
2149 2203 2207 2253 et
2228 2195 2565 2268 fragmenta,
2591 2202 2655 2252 ut
2688 2195 2746 2250 in
2775 2193 3019 2249 historia
3042 2192 3298 2262 Eusebii,
3323 2192 3420 2247 sed
3454 2192 3573 2262 ple«

1917 2300 2162 2358 rumque
2195 2287 2448 2357 integras
2472 2291 2600 2356 post
2623 2283 2923 2345 Siricium,
2957 2287 3023 2337 ut
3050 2282 3414 2337 eruditorum
3437 2294 3573 2336 con—

1914 2390 2089 2433 sensu
2121 2377 2237 2446 jam
2267 2375 2468 2446 liquet.
2506 2374 2609 2428 His
2658 2373 2917 2428 addenda
2953 2378 3091 2426 sunt
3116 2369 3429 2440 aequalium
3461 2382 3575 2425 au-

1913 2470 2138 2520 ctorum
2179 2463 2545 2520 testimonia:
2580 2461 2968 2516 Ecclesiarum
2998 2457 3275 2530 origines,
3316 2462 3419 2512 aut
3478 2457 3579 2512 in—

1911 2560 2198 2609 crementa
2245 2567 2345 2623 per
2388 2553 2547 2622 ipsos
2594 2557 2828 2619 curata;
2878 2548 3027 2604 azdes
3080 2559 3256 2602 sacrae
3302 2545 3572 2616 fundatae,

1910 2648 2125 2699 ornatae
2146 2643 2231 2699 vel
2264 2644 2546 2699 restitutm
2577 2656 2711 2698 cum
2742 2635 3229 2707 inscriptionibus
3250 2636 3524 2707 genuinis
3553 2652 3572 2697 ε

1910 2732 2063 2805 leges
2095 2734 2242 2802 latae,
2269 2733 2574 2805 privilegia
2600 2743 2903 2794 concessa;
2940 2724 3152 2780 itinera
3180 2723 3426 2794 publica:
3467 2739 3575 2781 ne—

1909 2824 2201 2879 cessitatis
2224 2837 2397 2879 causa
2414 2830 2712 2893 suscepta;
2733 2820 2864 2875 vita:
2887 2817 3119 2874 illorum
3157 2813 3229 2870 ab
3253 2814 3577 2888 aequalibus

1913 2913 2251 2985 plerumque
2295 2912 2686 2983 scriptoribus
2718 2912 2936 2969 litteris
2976 2911 3293 2968 mandatae:
3323 2911 3380 2963 et
3409 2918 3575 2977 quae—

1910 3016 2139 3073 cunque
2182 3007 2521 3075 argumenta
2565 3001 2827 3058 historiae
2857 3005 3207 3057 connectunt
3252 2992 3575 3052 Christiani

1910 3098 2093 3147 coetus
2113 3096 2307 3162 caput,
2329 3091 2549 3147 Christi
2572 3091 2630 3146 in
2653 3091 2828 3146 terris
2845 3090 3152 3158 vicarium,
3190 3100 3321 3143 cum
3349 3082 3577 3153 reliquo

154 3170 305 3230 Nulla
321 3175 858 3245 proindeimmunis
886 3176 1050 3233 fuita
1073 3157 1413 3236 necessitate
1441 3184 1796 3247 secernendi,
1830 3157 1880 3220 Ο
1910 3157 2200 3236 Ecclesia:-
2222 3157 2460 3250 corpore
2522 3178 2739 3251 ubique
2800 3180 3059 3250 gentium
3129 3188 3399 3247 expanso.
3465 3172 3579 3226 Nec

155 3265 449 3329 praesertim
510 3266 573 3322 in
623 3265 1051 3339 chronol0gicis
1122 3270 1401 3332 numeris,
1475 3284 1799 3343 germanam

156 3346 434 3410 lectionem
470 3356 668 3412 idonei
690 3359 1015 3429 scriptoris,
1045 3361 1285 3434 ejusque
1300 3348 1565 3419 cedicum
1587 3362 1803 3433 proba-

154 3442 321 3496 torum
345 3445 582 3512 publica
598 3450 961 3519 uactoritate,
980 3450 1379 3521 adiscrepanti
1403 3455 1802 3510 numeratione

155 3527 486 3593 privatorum
522 3536 939 3607 exemplorum,
983 3526 1525 3596 commentariorum
1546 3547 1603 3597 et
1635 3554 1802 3598 ama—

155 3621 461 3678 nuensium.
524 3625 600 3679 Ut
657 3627 810 3682 enim
865 3629 1133 3684 reticeam
1184 3629 1461 3685 celebrem
1513 3630 1671 3686 illam
1741 3632 1797 3687 in

155 3703 408 3767 Ecclesiis
439 3714 842 3784 quaestionem.
890 3730 1063 3787 quam
1094 3719 1148 3772 S.
1194 3719 1557 3790 Augustinus
1590 3719 1692 3775 lib.
1726 3733 1799 3775 xv

152 3793 212 3848 de
235 3796 421 3872 Civit.,
454 3817 586 3873 cap.
627 3800 712 3872 Η,
744 3808 1174 3872 famosissimum
1198 3806 1469 3877 appellat.
1502 3807 1799 3865 subortam

152 3892 210 3937 ex
234 3886 627 3961 discrepantia
662 3894 989 3950 Graecorum
1040 3895 1303 3951 codicum
1335 3896 1406 3952 ab
1454 3897 1710 3953 Hebraeis
1741 3900 1799 3955 in

153 3981 460 4037 centenario
480 3995 772 4038 annorum
799 3998 1038 4040 numero
1061 3984 1316 4056 plurium
1342 3986 1800 4055 patriarcharum

152 4062 269 4119 vitae
296 4068 560 4127 addendo
592 4070 681 4127 vel
709 4073 1084 4141 detrahendo,
1112 4078 1169 4129 et
1198 4074 1401 4130 sistam
1432 4075 1583 4131 intra
1629 4075 1805 4133 lucu-

154 4149 426 4216 hrationes
473 4162 745 4218 humanae
813 4168 1038 4219 tantum
1081 4164 1387 4220 industrim
1442 4165 1802 4223 adminiculo

153 4243 397 4318 scriptas,
428 4248 714 4307 fastorum
737 4251 1073 4307 collectores
1093 4253 1306 4321 Latini,
1335 4260 1419 4310 tot
1459 4255 1799 4311 criticorum

148 4332 354 4401 judicio
377 4343 565 4398 vexati
603 4342 663 4398 in
699 4342 1056 4398 restituenda
1085 4343 1391 4399 consulum
1423 4345 1592 4415 serie,
1629 4358 1799 4416 quam

154 4422 259 4479 sive
286 4442 388 4484 suo
416 4431 541 4487 sive
564 4431 970 4502 imperitorum
1019 4434 1461 4489 amanuensium
1491 4434 1637 4489 vitio
1662 4447 1798 4489 cor-

1910 3272 2121 3328 desunt
2152 3271 2212 3325 in
2244 3269 2644 3340 compluribus
2668 3269 2841 3325 etiam
2873 3265 3227 3339 sepulcrales
3269 3261 3430 3321 tituli
3481 3265 3579 3315 at—

1913 3374 2025 3432 que
2056 3359 2487 3431 inscriptiones,
2519 3364 2575 3413 et
2604 3372 2672 3413 ex
2705 3357 2797 3412 his
2829 3356 3121 3412 nonnullae
3170 3369 3202 3409 a
3233 3352 3468 3423 regibus
3522 3352 3582 3402 et

1912 3450 2192 3521 Augustis
2246 3449 2485 3504 honoris
2529 3460 2701 3503 causa
2754 3452 3031 3501 exarata):
3098 3443 3247 3514 quod
3306 3437 3579 3510 praestitit.

1910 3538 2166 3594 Adriano
2191 3538 2431 3593 Carolus
2476 3540 2851 3608 cognomento
2892 3536 3153 3606 Magnus.
3206 3531 3264 3587 Si
3320 3529 3456 3602 quis
3513 3527 3573 3581 in

1911 3634 2070 3684 tanta
2120 3628 2599 3683 documentorum
2652 3624 2819 3693 cepia
2844 3620 3197 3692 despondeat
3256 3622 3452 3677 animo
3513 3636 3579 3702 a_c

1912 3720 2174 3786 desperet
2203 3715 2587 3769 Romanorum
2630 3712 2965 3782 pontiﬁcum
3023 3709 3272 3778 epochas
3303 3712 3575 3782 prosequi

1912 3821 2017 3863 nos
2065 3817 2247 3875 posse,
2293 3804 2344 3857 is
2380 3799 2631 3872 profecto
2665 3798 2952 3854 abstineat
2984 3810 3213 3853 necesse
3248 3805 3336 3853 est
3364 3812 3397 3853 a
3426 3813 3587 3869 qua-t

1911 3907 2141 3964 cunque
2173 3892 2441 3948 tentanda
2481 3888 2850 3959 chronologia
2905 3887 3233 3958 principum
3278 3893 3335 3944 et
3367 3902 3579 3960 regno-

1915 3998 2066 4054 rum,
2089 3996 2218 4039 cum
2239 3980 2397 4037 nulla
2419 3979 2599 4035 series
2620 3978 3050 4047 praesidentium
3073 3976 3409 4047 reipublicae
3443 3992 3580 4049 qua-

1916 4074 2059 4131 libet
2085 4077 2362 4144 potestate
2395 4082 2494 4139 per
2513 4067 2725 4123 smcula
2756 4066 3157 4137 septemdecim
3207 4067 3569 4139 ostendatur,

1914 4178 2041 4237 qua:
2090 4161 2456 4233 singulorum
2508 4162 2665 4231 gesta
2724 4162 2781 4212 et
2837 4155 3075 4212 annales
3122 4155 3452 4226 comprobet
3494 4161 3578 4214 tot

1912 4254 2296 4321 documentis,
2353 4254 2497 4322 quot
2546 4249 3018 4304 demonstrantur
3055 4248 3113 4300 et
3185 4243 3456 4316 leguntur
3515 4245 3576 4300 in

1911 4350 2106 4413 aperta
2130 4340 2395 4397 Ecclesia:
2428 4339 2556 4395 luce
2575 4338 2646 4393 de
2678 4336 2829 4392 Petri
2861 4332 3110 4405 apostoli
3142 4331 3580 4390 successoribus

1911 4441 1967 4489 et
1996 4431 2122 4488 orbi
2164 4430 2497 4487 Christiano
2544 4423 2993 4498 praesidentibus
3036 4436 3104 4479 ex
3141 4422 3414 4479 cathedra
3457 4421 3577 4479 Ro-

154 4525 425 4589 ruperant,
474 4527 646 4578 aetate
687 4528 876 4577 autem
927 4527 1125 4577 nostra
1167 4521 1239 4578 ab
1281 4522 1580 4579 erroribus
1624 4522 1800 4580 ferme
1830 4521 1884 4583 D
1913 4535 2096 4579 mana.

152 4605 402 4663 omnibus
416 4611 750 4683 expurgati,
770 4611 915 4667 satis
935 4624 1222 4683 superque
1238 4613 1631 4683 comprobant,
1675 4618 1799 4669 utt—

212 4728 286 4798 (α)
301 4732 356 4788 S.
380 4734 490 4792 Leo
517 4736 785 4807 Magnus,
818 4750 989 4792 serm.
1019 4736 1092 4792 de
1119 4738 1157 4794 S
1214 4737 1478 4794 Laurent.

1979 4739 2058 4808 (b)
2085 4739 2131 4794 Il
2160 4738 2309 4794 Petr.
2343 4750 2408 4809 Il,
2455 4733 2540 4791 45.
