3950 6428
395 337 501 396 315

1187 335 1279 390 ΑΙ)
1316 335 1753 390 ANASTASIUM
1789 334 2308 391 PROLOGOMENA
2343 335 2523 390 EDIT.
2563 333 2993 390 ROM.—VATIC.

3696 330 3806 390 316

1409 638 2040 743 FBANCISCI
2134 639 2786 745 BLANCHINI

1758 866 2451 940 OBSERVATIONES

996 1057 1100 1114 AD
1144 1057 1559 1114 OPUSCULA
1624 1056 1813 1112 TRIA
1874 1052 2502 1112 CHRONOLOGICA
2560 1052 3190 1122 SUBSEQUENTIA.

1257 1220 1374 1281 Ea:
1422 1216 1714 1280 Arabico
1771 1213 2112 1297 Fara/ensi
2148 1175 2331 1279 nunc
2381 1215 2682 1296 primum
2733 1216 2940 1278 edita.

1909 1383 2250 1393 ___——-

459 1511 747 1582 Quantum
770 1511 1085 1580 adjumenti
1109 1512 1360 1569 contulit
1380 1512 1449 1568 ad
1479 1512 1898 1582 reparationem
1927 1510 2119 1570 Ro-A
2150 1526 2288 1582 rem,
2319 1515 2514 1582 utpote
2543 1509 2858 1580 plurimum
2904 1509 3108 1565 idonea
3123 1505 3192 1562 ad
3226 1505 3604 1562 illustrandas
3639 1504 3801 1560 Vitas

390 1613 568 1656 mana;
589 1600 995 1674 chron010giaa,
1026 1608 1136 1658 tam
1164 1603 1490 1658 consularis
1529 1615 1698 1672 quam
1750 1601 2036 1670 Caesarea),

389 1705 532 1746 usus
553 1689 831 1746 fastorum
860 1693 1324 1762 municipalium,
1356 1692 1412 1746 in
1444 1691 1692 1746 coloniis
1724 1704 2045 1761 prmserva—

389 1783 502 1844 tus,
537 1779 852 1848 prmsertim
881 1779 1016 1834 Urbi
1044 1786 1101 1834 et
1134 1780 1293 1834 Latio
1339 1780 1640 1849 proximis,
1683 1779 2038 1834 tantumdem

390 1867 649 1935 praesidii
681 1868 1092 1923 administrant
1117 1869 1186 1924 ad
1229 1869 1582 1939 pontiﬁciam
1611 1868 2036 1924 ordinationem

387 1959 702 2024 temporum
737 1957 1170 2017 restituendam.
1199 1958 1453 2014 ecclesiae
1469 1972 1536 2014 ac
1569 1957 1914 2013 monasteria
1940 1969 2040 2011 re-

385 2043 579 2114 gionis
595 2045 1040 2102 suburbicariaa:
1066 2062 1192 2118 qua:
1220 2061 1331 2102 non
1353 2051 1546 2103 minus
1566 2053 1778 2104 attenta
1809 2049 1902 2104 sed
1914 2049 2035 2105 ιιιὶ-

384 2137 498 2188 tate
527 2133 652 2189 suis
686 2134 743 2190 in
765 2135 1068 2193 codicibus
1087 2137 1761 2209 consignaruntannales
1790 2145 1890 2194 aut
1915 2139 2038 2194 sal-

384 2225 494 2276 tem
526 2223 769 2294 epochas
801 2227 1136 2296 pontiﬁcum
1163 2229 1542 2283 maximorum
1574 2239 1744 2298 quam
1775 2228 2036 2284 ministri

383 2323 504 2366 com
515 2315 922 2368 mentarienses
947 2317 1273 2370 earumdem
1292 2315 1652 2370 coloniarum
1672 2313 1951 2369 referrent
1977 2315 2036 2369 in

383 2399 646 2472 publicas
663 2401 908 2472 tabulas,
935 2416 1048 2458 una
1068 2416 1197 2457 cum
1221 2403 1486 2474 collegiis
1499 2403 1803 2459 consulum
1823 2403 2040 2458 Roma—

381 2501 610 2552 norum,
645 2491 910 2560 proprios
927 2491 1268 2546 duumviros
1298 2497 1355 2546 et
1394 2493 1794 2562 magistratus.
1835 2490 2038 2559 Speci-

383 2589 510 2630 men
527 2577 701 2647 hujus
718 2578 1132 2646 praesidiidaho
1145 2579 1334 2634 tribus
1349 2581 1406 2634 in
1425 2579 2034 2649 proximisopusculis,

381 2677 450 2720 ex
475 2665 710 2721 archivo
735 2665 992 2722 Farfensi
1015 2657 1335 2736 opportune
1351 2669 1662 2737 descriptis
1684 2682 1833 2723 anno
1855 2681 2036 2737 supe—

383 2753 528 2808 riori
555 2771 570 2822 ;
593 2768 722 2809 cum
750 2768 816 2809 eo
841 2757 1248 2810 concessissem
1282 2757 1350 2811 ad
1384 2757 1756 2825 perﬁciendae
1788 2757 2035 2812 nonnul-

2151 1600 2485 1669 pontiticum
2516 1599 2908 1654 Anastasianaa
2934 1595 3312 1652 collectionis.

2220 1690 2470 1746 Priorem
2503 1689 2755 1744 codicem
2783 1686 3271 1742 membranaceum
3303 1685 3456 1740 circa
3505 1681 3672 1738 tinem
3702 1695 3806 1738 un-

2147 1778 2357 1834 decimi
2390 1777 2587 1833 saeculi
2620 1777 2902 1846 scriptum
2931 1780 3135 1831 vocant
3157 1774 3481 1830 Ghronicon
3513 1770 3802 1832 Farfense,

2148 1867 2507 1938 complexum
2538 1867 2720 1936 primo
2750 1865 2998 1934 epochas
3022 1865 3430 1934 imperatorum
3457 1877 3489 1917 a
3511 1861 3662 1917 Julio
3691 1859 3806 1915 Cae-

2147 1969 2275 2011 sare
2303 1955 2370 2010 ad
2402 1957 2638 2010 Leonem
2668 1956 2757 2022 IV,
2795 1955 3031 2010 insertis
3073 1955 3246 2010 etiam
3293 1953 3524 2025 regibus
3569 1947 3802 2017 Gothis,

2147 2043 2420 2100 Vandalis
2465 2049 2520 2098 et
2573 2045 2977 2116 Langobardis,
3027 2043 3128 2114 qui
3178 2043 3357 2098 Italiae
3417 2042 3802 2110 imperarunt,

2146 2147 2365 2190 necnon
2391 2130 2642 2191 ducibus
2667 2137 2920 2206 ejusdem
2953 2137 3143 2208 gentis
3186 2131 3643 2202 Langobardicte,
3679 2134 3800 2184 tam

2144 2233 2275 2282 ante
2292 2237 2462 2292 quam
2484 2231 2607 2294 post
2627 2226 2988 2281 Desiderium
3009 2239 3194 2295 regem
3219 2241 3235 2294 ;
3253 2223 3462 2280 deinde
3482 2223 3808 2290 imperato-

2149 2328 2238 2368 res
2264 2313 2657 2369 Occidentales
2686 2327 2718 2369 a
2759 2313 2960 2369 Carolo
2991 2315 3192 2383 Magno
3222 2313 3290 2368 ad
3339 2310 3652 2366 Henricum
3701 2307 3804 2376 III,

2148 2415 2276 2458 cum
2308 2403 2638 2456 recensione
2662 2403 2874 2457 ducum
2905 2405 3443 2468 Beneventanorum,
3473 2399 3810 2469 Spoletano-

2148 2506 2275 2547 rum
2308 2499 2363 2548 et
2387 2491 2812 2560 Sabinensium,
2836 2491 3054 2546 additis
3082 2491 3256 2545 etiam
3293 2489 3630 2544 nominibus
3656 2501 3814 2545 mar-

2147 2583 2419 2637 chionum
2450 2587 2507 2636 et
2535 2582 2810 2637 comitum
2845 2581 2902 2633 in
2930 2580 3122 2634 eodem
3155 2578 3458 2634 Sabinensi
3491 2583 3681 2634 tractu
3711 2591 3805 2635 oc-

2145 2672 2504 2726 currentium
2531 2683 2712 2740 usque
2741 2669 2810 2724 ad
2841 2681 3054 2723 annum
3092 2663 3244 2722 1084.

2217 2762 2473 2816 Alterum
2523 2773 2655 2815 vero
2701 2759 2953 2814 codicem
3003 2758 3218 2828 pariter
3279 2755 3802 2830 membranaceum,

385 2842 470 2898 las
501 2842 927 2898 observationes
971 2845 1400 2916 geographicas,
1445 2859 1572 2916 quae
1615 2846 1793 2901 Italiae
1817 2847 2028 2902 choro-
2061 2832 2114 2892 Β
2145 2851 2414 2920 ampliori
2440 2849 2619 2905 forma
2645 2848 2968 2918 praeditum,
3003 2847 3294 2916 appellant
3323 2847 3622 2916 Regestum
3645 2848 3805 2903 Gre-

383 2931 682 3002 graphiam
712 2933 1156 2988 emendatiorem
1189 2935 1546 3004 exhiberem,
1576 2937 1849 3005 producta
1879 2935 2031 2990 linea

383 3020 702 3076 meridiana
731 3035 763 3076 a
788 3023 931 3076 mari
963 3024 1178 3092 Supero
1208 3024 1276 3078 ad
1308 3021 1576 3090 lnferum,
1614 3025 1898 3094 auspiciis
1918 3024 2034 3079 Cle-

383 3110 593 3164 mentis
628 3110 707 3165 XI
735 3117 945 3166 sancta:
991 3113 1274 3168 memori-.3
1313 3113 1604 3182 pontificis
1635 3127 1733 3183 per
1761 3114 2032 3169 Thermas

381 3194 727 3254 Diocletiani
770 3201 887 3269 jam
941 3201 1168 3272 signata
1197 3209 1254 3258 et
1307 3203 1741 3274 magniﬁcenter
1789 3209 2024 3260 ornata:

383 3287 673 3342 consimili
708 3288 870 3358 plane
887 3290 1084 3345 studio
1101 3291 1508 3363 acdiligentia,
1541 3305 1652 3362 qua
1673 3293 1730 3346 in
1751 3292 2034 3348 ﬂorentis-

385 3375 532 3430 simo
562 3376 881 3432 Galliarum
917 3392 1088 3450 regno
1115 3379 1344 3450 collegae
1373 3381 1556 3436 nostri
1583 3394 1613 3436 e
1641 3381 1796 3452 regia
1828 3382 2032 3435 Scien—

384 3462 594 3518 tiarum
627 3465 937 3532 academia,
974 3468 1276 3523 mandante
1309 3469 1594 3524 Ludovico
1615 3472 1835 3542 Magno,
1859 3484 2034 3524 saecu-

382 3550 499 3606 lum
524 3566 589 3608 ac
608 3552 828 3609 litteras
843 3560 1118 3610 arternum
1140 3557 1504 3618 illustraturo
1523 3559 1801 3629 principe,
1823 3559 2030 3613 lineam

383 3641 759 3698 meridianam
791 3657 858 3699 ex
885 3645 1288 3701 Observatorio
1321 3648 1582 3702 Parisino
1609 3649 2030 3717 producendam

381 3738 660 3787 curarunt
706 3733 843 3788 hinc
883 3735 952 3790 ad
996 3735 1397 3792 Mediterranei
1440 3738 1616 3792 maris
1680 3737 1846 3792 littus
1878 3737 2033 3794 circa

381 3821 718 3891 Massiliam,
756 3825 886 3880 inde
915 3827 985 3881 ad
1011 3825 1300 3880 Oceanum
1328 3827 1495 3896 juxta
1523 3828 1812 3884 Caletum:
1861 3842 2030 3899 quam

383 3907 549 3962 edere
572 3923 744 3980 prope
768 3912 917 3967 diem
949 3919 1172 3982 parant.

453 3995 570 4051 Hoc
596 3998 778 4068 igitur
807 4001 1056 4058 consilio
1085 4003 1296 4060 ductus
1317 4019 1446 4062 cum
1477 4006 1546 4060 ad
1583 4005 1829 4061 Sabinos
1858 4005 2035 4062 colles

385 4097 473 4138 me
502 4087 894 4159 contulissem,
919 4098 977 4145 et
1013 4092 1429 4150 humanissime
1473 4102 1744 4164 exceptus
1790 4109 1970 4150 essem
2001 4109 2033 4150 a

387 4176 863 4234 reverendissimo
893 4193 959 4234 ac
986 4181 1430 4254 religiosissimo
1463 4183 1664 4239 abbate
1687 4187 1750 4238 Ι).
1782 4185 2033 4240 Archan-

384 4262 510 4333 gelo
537 4264 790 4322 Piccioni
814 4269 1084 4341 Romano,
1117 4273 1174 4326 in
1193 4273 1544 4342 centenaria,
1568 4287 1736 4343 quam
1779 4276 2037 4344 proxime

383 4353 621 4425 attingit
649 4361 706 4410 et
735 4373 1002 4430 prospere
1017 4363 1194 4430 degit,
1222 4368 1386 4417 aitate
1405 4362 1688 4432 regularis
1707 4363 2036 4433 disciplinae

385 4453 618 4522 speculo
647 4459 706 4508 et
723 4451 1057 4520 exemplari,
1087 4453 1237 4506 inter
1253 4457 1454 4506 caetera
1475 4451 1892 4520 hospitalitatis
1917 4451 2040 4508 ofﬁ-

385 4541 496 4608 cia,
531 4555 656 4611 quae
674 4554 890 4595 mecum
916 4539 1236 4595 liberaliter
1250 4545 1630 4594 exercuerunt
1656 4555 1755 4610 pro
1780 4542 2036 4613 ingenita

386 4630 536 4685 sacri
572 4629 738 4684 illius
753 4629 980 4684 ordinis
996 4628 1367 4684 beneﬁcentia
1401 4635 1521 4684 tum
1547 4631 1688 4699 ipse,
1713 4635 1832 4686 tum
1853 4631 2036 4687 simil-

386 4717 515 4773 limi
547 4731 652 4773 suo
675 4717 907 4787 praesuli
938 4719 995 4772 in
1032 4717 1173 4773 bene
1205 4719 1275 4774 de
1316 4719 1602 4774 universis
1642 4720 1927 4788 merendo,
1967 4733 2034 4776 ac

388 4808 674 4878 praecipue
695 4809 765 4863 de
789 4822 1080 4864 sacrarum
1115 4809 1438 4865 litterarum
1470 4811 1689 4866 studiis
1722 4823 2036 4881 eorumque

386 4897 731 4966 cultoribus,
765 4899 1017 4968 ejusdem
1050 4898 1295 4955 coenobii
1327 4899 1612 4969 monachi,
1659 4914 1772 4968 prae
1813 4899 2037 4954 caeteris

387 5001 518 5042 vero
547 4989 698 5044 adm.
731 5001 842 5042 rev.
875 4989 1067 5044 Patres
1091 4989 1154 5042 D.
1189 4989 1528 5044 Vincentius
1567 4989 1817 5044 Manenti
1854 4987 2034 5058 prior,

387 5083 444 5133 et
468 5078 538 5130 D.
567 5074 898 5134 ‘Bernardus
925 5077 1248 5139 Cretonius.
1283 5079 1585 5146 prmfectus
1605 5078 1858 5146 archivo,
1889 5080 2036 5148 ejus-

389 5181 501 5238 que
519 5169 577 5220 in
597 5167 958 5224 documentis
973 5169 1232 5237 apprime
1253 5172 1534 5234 versatus,
1553 5167 1848 5238 complura
1871 5167 2038 5224 illius

389 5263 756 5312 monumenta
787 5258 932 5312 mihi
966 5259 1270 5328 spectanda
1315 5257 1672 5313 obtulerunt.
1717 5258 1872 5312 Duos
1905 5271 2038 5314 vero

389 5345 634 5412 codices,
685 5349 1032 5419 antiquitate
1060 5362 1127 5404 ac
1169 5361 1356 5404 rerum
1385 5349 1444 5403 in
1495 5348 1571 5402 iis
1617 5348 2035 5416 descriptarum

392 5434 724 5532 priestantia
771 5435 1038 5504 celebres,
1075 5437 1219 5532 mihi
1253 5437 1590 5493 evolvendos
1620 5450 1686 5492 ac
1717 5451 1818 5506 pro
1860 5435 2036 5492 libitu
2067 5471 2122 5532 D

389 5518 796 5576 describendos
817 5537 947 5577 cum
973 5524 1326 5590 attulissent,
1353 5525 1466 5579 tria
1492 5538 1560 5579 ex
1594 5524 1716 5580 illis
1747 5525 2031 5594 opuscula

388 5605 794 5677 chron010gica
825 5611 1023 5680 selegi,
1058 5626 1184 5682 quae
1210 5613 1304 5667 his
1355 5613 1415 5667 in
1448 5612 1871 5683 Prolegomenis
1898 5613 2038 5668 ede-

2144 2941 2294 3013 gorii
2328 2939 2588 2995 monachi
2613 2938 2958 3005 Catinensis,
2986 2936 3322 3006 perductum
3348 2949 3414 2990 ex
3445 2947 3598 2989 anno
3633 2935 3804 2992 ειη-ἱ-

2141 3030 2216 3084 sti
2249 3026 2345 3083 661
2383 3029 2451 3083 ad
2479 3040 2692 3082 annum
2736 3023 2893 3089 4140,
2941 3039 3008 3080 ex
3059 3025 3330 3095 genuinis
3377 3023 3803 3093 diplomatibus

2139 3117 2574 3182 donationibus,
2592 3115 2917 3186 privilegiis
2933 3127 3288 3170 summorum
3307 3112 3664 3182 pontificum,
3683 3113 3806 3168 Cte-

2143 3219 2356 3277 sarum,
2392 3219 2587 3277 regum
2634 3203 3156 3275 Langobardorum,
3189 3202 3402 3257 ducum
3451 3200 3804 3271 Spoletano-

2143 3309 2290 3360 rum,
2324 3296 2598 3350 comitum
2629 3293 3032 3348 Sabinensium
3065 3291 3430 3360 aliorumque
3463 3289 3802 3360 principum

2140 3385 2465 3438 etvirorum
2494 3381 2834 3449 illustrium,
2866 3393 3110 3450 quorum
3146 3379 3340 3434 icones
3363 3377 3678 3448 aliquando
3711 3379 3806 3434 in-

2141 3478 2430 3528 seruntur.
2471 3471 2790 3542 Prmtigitur
2822 3471 2960 3525 huic
2992 3469 3244 3524 secundo
3274 3468 3460 3524 codici
3518 3468 3800 3540 prologus

2139 3559 2986 3617 domniJoannisGrammatici
3005 3571 3134 3613 cum
3164 3557 3416 3612 carmine
3445 3557 3800 3628 acrosticho,

2140 3651 2402 3721 Gregorii
2429 3649 2754 3704 Catinensis
2778 3661 2979 3703 nomen
3007 3648 3086 3702 ita
3108 3647 3390 3717 signante.
3427 3645 3810 3715 Compendia-

2143 3741 2262 3795 rias
2281 3739 2500 3810 prologi
2518 3746 2681 3794 notas
2707 3738 2950 3802 integris
2975 3735 3686 3803 dictionibusexpandam.

2219 3885 2245 3917 α
2293 3879 2348 3920 IN
2403 3877 2617 3919 CHRISTI
2673 3877 2761 3918 DEI
2841 3874 3240 3918 OMNIPOTENTIS
3314 3872 3524 3916 NOMINE
3593 3873 3806 3920 INCIPIT

2142 3949 2418 3992 PROLOGUS
2469 3948 2659 3990 DOMINI
2707 3947 2972 3988 JOIIANNIS
3019 3943 3350 3986 GRAMMATICI
3400 3943 3571 3984 SUPER
3625 3945 3806 3990 HUIUS

2402 4019 2512 4060 BRI.

2402 4021 2512 4060 BRI.

2143 4021 2594 4133 OPER’INLINOMINE
2639 4088 2854 4131 SANCTE
2901 4089 2965 4129 ΕΤ
3016 4072 3320 4128 ΙΚΒῙῨΙΒΠΑΕ
3367 4084 3685 4128 TRINITATIS
3729 4088 3805 4128 AD

2063 4124 2112 4188 Ο
3115 4124 3213 4197 -Βέῐ
3249 4124 3258 4125 7
3277 4124 3808 4199 GGENIITRICISHEEg-Z

2142 4235 2354 4282 PERQUE
2400 4234 2646 4276 VIRGINIS
2690 4231 2878 4276 MARIE
2917 4228 3348 4272 GLORIOSISSIME
3412 4227 3635 4271 DOMINE
3688 4229 3803 4272 N0-

2145 4307 2204 4350 ST
2210 4305 2294 4348 RE
2303 4333 2314 4347 .

2219 4423 2244 4454 κ
2271 4404 2482 4470 Impera
2493 4405 2588 4455 nte
2603 4402 2819 4454 Domno
2840 4396 3143 4453 HENRICO
3163 4397 3261 4470 IIII
3280 4394 3666 4470 Romanorum
3693 4394 3806 4470 Pa;

2146 4475 2319 4531 tricio
2347 4465 2404 4528 et
2427 4473 2770 4541 lmperatore
2799 4471 2886 4524 AB
2919 4469 3314 4526 incarnatione
3350 4465 3574 4521 Domini
3599 4465 3801 4541 Nostri

2141 4547 2273 4601 JESU
2293 4537 2682 4600 Christi’anno
2706 4542 3014 4596 millesimo
3037 4541 3405 4611 nonagesimo
3424 4537 3676 4592 secundo
3692 4538 3804 4590 In-o

2143 4617 2398 4673 dictione
2427 4628 2522 4668 xv.
2547 4615 2644 4669 xvi
2674 4614 2954 4668 Kalendas
2985 4613 3181 4681 Majas.

2220 4708 2245 4740 α
2261 4687 2465 4762 Divina
2482 4685 3000 4762 inspirantegratia
3012 4677 3230 4762 placuit
3241 4685 3464 4762 Doman
3475 4677 3802 4762 BERrARDOO

2145 4751 2606 4814 reverentissimo
2632 4751 2841 4811 abbati"
2875 4751 3050 4824 hujus
3091 4755 3352 4810 Ecclesia-
3408 4751 3800 4824 Pharphensis

2144 4831 2509 4886 nobilissima
2542 4836 2704 4898 gente
2738 4842 2837 4897 pro
2877 4822 3034 4882 enito
3065 4827 3405 4882 Florentinis
3432 4822 3623 4889 Urbis,
3659 4834 3802 4890 qua-

2145 4904 2306 4954 tinus
2321 4901 2494 4954 istius
2512 4901 2660 4954 sacri
2678 4845 2924 4954 cuanogii
2944 4899 3210 4954 universa
3244 4896 3569 4954 privilegia.
3583 4901 3639 4950 et
3657 4907 3802 4954 brae—

2145 4904 2306 4958 tinus
2321 4901 2494 4956 istius
2512 4896 2660 4954 sacri
2678 4896 2924 4956 cdenobii
2944 4899 3210 4954 universa
3244 4896 3569 4968 privilegia,
3583 4901 3639 4950 et
3657 4907 3803 4968 prae-

2145 4979 2324 5042 cepta,
2371 4985 2584 5027 necnon
2629 4977 2686 5026 et
2727 4977 2927 5036 tomos,
2975 4977 3032 5024 et
3079 4966 3288 5041 legales
3341 4969 3571 5024 chartas
3601 4966 3801 5042 nimia

2144 5037 2424 5099 vetustate
2461 5044 2579 5112 jam
2630 5056 2768 5111 pene
2809 5037 3161 5110 consumpta
3192 5041 3250 5095 in
3302 5053 3480 5112 unum
3527 5037 3800 5112 volumen

2145 5109 2644 5190 colligeret'atque—
2664 5113 2733 5190 ad
2783 5109 3115 5190 memoriam
3162 5111 3522 5190 posteritatis
3559 5109 3803 5190 studio-

2145 5179 2377 5242 sissime
2433 5179 2738 5252 declarata,
2801 5179 3177 5238 veracissime
3218 5179 3802 5252 transcriptaﬁrelin-

2187 5270 2338 5313 uere.
2373 5259 2440 5311 Et
2468 5258 2571 5310 hoc
2590 5251 3044 5324 prudentissimo
3073 5261 3264 5310 actum
3281 5253 3395 5309 fuit
3432 5251 3702 5315 consilio,
3727 5263 3802 5304 ne

2147 5273 2338 5381 gnere.
2373 5273 2440 5311 bl.
2468 5273 2571 5310 [106
2590 5273 3044 5324 pruaenusmmo
3073 5273 3395 5310 amulum".
3432 5273 3702 5315 υυιιδιιιυ,
3727 5273 3802 5304 ue

2171 5334 2292 5403 orte
2323 5328 2474 5396 quod
2502 5327 2819 5403 saepissime
2842 5327 2959 5396 jam
2990 5326 3216 5381 evenire
3249 5326 3532 5390 novimus,
3555 5329 3657 5403 aut
3687 5335 3803 5403 cu—

2147 5399 2375 5474 stodum
2409 5398 2790 5474 negligentia,
2817 5402 2918 5474 aut
2942 5473 2945 5474 ν
2965 5403 3244 5474 vetustate
3281 5399 3668 5474 consumente
3696 5398 3803 5474 ni-_-

2149 5469 2284 5536 mia,
2318 5468 2587 5537 prtedicta
2617 5468 2898 5524 oblivioni
2933 5470 3294 5525 traderentur
3324 5468 3798 5537 praaceptartomi

2145 5534 2358 5594 chartie
2386 5547 2555 5594 cartze
2585 5546 2642 5594 et
2687 5540 3006 5610 privilegia.
3073 5539 3208 5608 Quae
3260 5534 3540 5610 veraciter
3587 5534 3802 5610 elucu—

2144 5610 2363 5666 brando
2394 5611 2545 5666 nihil
2575 5611 2664 5666 eis
2687 5607 2924 5666 omnino
2953 5611 3289 5668 addidimus
3317 5608 3408 5664 vel
3450 5607 3796 5676 minuimus,
