3950 6434
187 345 278 408 347
1184 349 1553 406 BLANCHINI
1590 349 1686 406 AD
1721 351 1794 404 III
1832 349 2063 405 OPUSC.
2107 349 2254 418 SEQ.
2298 348 2582 404 OBSERV.

3491 345 3603 404 348

189 488 280 532 nec
325 473 700 540 mutavimus,
752 470 847 526 sed
894 467 1187 543 corruptis
1220 455 1502 539 partibus
1545 469 1832 543 rethorice
1857 470 1913 528 A
1943 469 2406 543 dial0gorumlib
2429 487 2516 528 ιιι.
2549 470 2804 543 capitulo
2833 488 2988 532 xuii.
3014 475 3358 532 mentionem
3383 475 3602 533 faciens

188 545 512 606 emendatis.
541 558 607 599 eo
630 549 888 612 respectu
919 555 1030 612 quo
1051 541 1263 612 scripta
1290 547 1454 596 erant
1473 554 1538 596 ea
1569 541 1834 612 legaliter

189 617 602 673 transtulimus.
654 610 750 681 pei-
793 610 996 668 manus
1039 610 1350 667 confratris
1393 613 1578 667 nostri
1619 610 1834 682 magna:

189 687 513 759 sagacitatis
541 685 876 759 GAREGQRII
904 683 1208 759 Sabinensi
1237 683 1528 759 Comitatu
1569 683 1830 738 oriundi.

191 753 450 815 in'castro
475 757 794 812 Catinensi.
838 753 1225 810 nobilissimis
1258 753 1594 822 parentibus
1627 767 1836 824 proge-

190 829 309 898 niti,
335 835 392 884 et
412 835 621 884 nostra;
649 826 916 883 Ecclesiae
957 825 1074 882 fere
1103 824 1172 879 ab
1220 824 1466 880 infantia
1499 824 1646 880 lacte
1682 838 1836 880 enu—

189 900 326 957 triti.

241 991 284 1040 ϐ
316 1001 580 1038 ιιεθοιιῐνε
599 1001 832 1036 SANCTAB
857 999 1062 1035 SERVVS
1076 998 1424 1040 FAMVLVSOVE
1458 998 1686 1034 MARIAE.

245 1055 288 1102 lt
315 1052 430 1111 egni
462 1051 698 1112 perpetui
729 1051 831 1098 vita
859 1049 1077 1112 cupiens
1101 1048 1334 1112 adipisci.

250 1115 290 1164 E
307 1109 518 1172 jusdem
545 1109 754 1172 semper
775 1111 1041 1159 renovavit
1067 1111 1257 1172 scripta
1279 1109 1456 1158 beatae.

250 1129 290 1164 Εἰ
335 1129 518 1162 11508111
545 1129 754 1172 semper
775 1129 1041 1159 ΓΘΠΟΥΗΝΗ
1067 1129 1257 1171 θυι-ιριᾶ
1279 1129 1456 1158 beatae.

243 1177 286 1227 G
307 1129 506 1224 liscens
531 1178 649 1236 post
677 1174 877 1221 obitum
904 1173 1162 1220 famosum
1193 1171 1423 1233 linquere
1450 1173 1650 1219 votum.

243 1239 284 1290 Ο
317 1238 466 1290 ntulit
499 1237 636 1284 hunc
665 1237 869 1290 genitor
898 1235 1203 1284 Donadeum
1247 1248 1454 1290 quoque
1482 1233 1649 1280 Dono.

317 1238 466 1300 ptulit
499 1233 636 1300 hunc
665 1237 869 1296 genitor
898 1235 1203 1284 Donadeum
1247 1248 1454 1296 quoque
1482 1233 1649 1280 Dono.

243 1302 287 1350 Β
315 1299 562 1349 estituens
585 1299 742 1346 libras
772 1301 1035 1354 centenas,
1063 1310 1122 1344 ac
1151 1309 1484 1357 monagenas.

239 1372 262 1421 I
310 1385 341 1419 n
363 1371 538 1431 templi
562 1369 743 1417 fratres
773 1359 1146 1431 ΘΕΟΤΟΚΟΟ
1177 1367 1288 1416 εξ·άο
1320 1367 1560 1431 benigna.

241 1433 287 1482 V
321 1439 340 1479 t
363 1429 604 1494 caperent
630 1445 824 1479 norma}
856 1430 1199 1494 pharphensis
1231 1429 1442 1494 praemia
1468 1441 1644 1494 sacrm.

245 1496 281 1545 S
313 1496 360 1544 ic
384 1489 583 1556 primus
603 1499 778 1556 pastor
811 1489 1186 1556 BERA'RDVS
1217 1489 1496 1556 monachat
1520 1491 1702 1538 ambos

241 1559 279 1608 C
311 1553 464 1606 salum
495 1553 650 1618 paulo
681 1559 799 1617 post
830 1557 1065 1614 migravit
1093 1555 1145 1618 in
1183 1555 1364 1618 ordine
1399 1553 1580 1618 major.

241 1623 286 1668 Α
320 1633 451 1666 unos
485 1614 575 1667 sex
603 1614 767 1666 denos
799 1627 916 1678 post
951 1617 1145 1665 Christi
1188 1614 1327 1678 mille
1369 1615 1446 1678 vel
1479 1619 1615 1663 octo.

240 1682 283 1731 T
312 1683 496 1730 andem
522 1681 611 1743 qui
643 1677 886 1728 minimus
918 1679 1071 1727 frater
1107 1677 1515 1743 GREGORIVS
1541 1679 1742 1726 auctus.

247 1743 268 1794 Ι
321 1740 789 1806 ndequeterdeuos
813 1743 1153 1806 trancendens
1172 1740 1288 1806 plus
1309 1741 1482 1806 minus
1495 1753 1678 1788 annos.

240 1806 284 1855 N
315 1819 394 1854 am
421 1804 692 1867 postquam
717 1809 910 1852 vestem
937 1805 1230 1865 percepitin
1255 1804 1433 1852 ordino
1461 1814 1677 1850 normae.

239 1868 283 1940 ἓ
312 1867 500 1940 xliletis
525 1866 672 1940 (lienis
703 1869 850 1940 annis
881 1867 960 1914 bis
983 1866 1454 1940 necne‘qilatern‘is:

239 1930 283 1978 Ν
317 1925 462 1978 ostro
485 1931 700 1989 migrato
720 1930 884 1990 primo
897 1932 1098 1990 pastore
1128 1925 1484 1978 BERARDO.

239 1992 276 2041 S
311 1993 472 2040 cedas
507 1991 598 2038 has
631 1995 837 2052 compte
885 2000 1144 2038 cartarum
1177 1991 1409 2048 Virginis
1444 1991 1610 2037 almae.

241 2054 260 2102 Ι
312 2055 446 2100 ussit
476 2053 729 2102 Berardus
765 2057 960 2100 tantum
997 2053 1136 2114 quod
1162 2052 1289 2099 abba
1323 2053 1604 2100 secundus.

237 2115 274 2164 S
309 2117 496 2176 cripsit
526 2117 665 2163 enim
693 2115 853 2174 gratis
877 2115 991 2163 vitae
1019 2115 1138 2176 quia
1163 2115 1371 2174 praemia
1393 2117 1594 2177 quaerit.

235 2178 279 2227 G
313 2179 588 2236 regorium
621 2191 826 2235 nosces,
853 2177 916 2224 de
949 2178 1179 2225 versibus
1205 2177 1285 2224 his
1308 2179 1643 2228 catinensem.

234 2239 280 2289 G
318 2243 576 2287 rammata
601 2239 643 2286 si
677 2238 864 2298 relegis
893 2252 1007 2300 qua:
1033 2241 1148 2286 sunt
1173 2241 1384 2287 exordia
1427 2240 1569 2288 dicti.

235 2301 272 2350 S
307 2302 596 2362 eriptorem
623 2301 858 2350 Christus
884 2316 1037 2363 quem
1069 2302 1226 2350 donet
1255 2303 1502 2351 scandere
1523 2304 1724 2352 caelum.
1752 2321 1774 2346 ››

243 2391 464 2464 subtus
494 2391 802 2464 imaginem
826 2391 1148 2448 Farfensem
1177 2394 1434 2462 Deiparze
1459 2393 1718 2464 Virginis
1743 2392 1838 2448 hic

183 2461 466 2532 depictam
497 2461 714 2532 legitur
739 2469 796 2517 et
826 2463 1151 2532 proximum
1182 2461 1458 2519 disticon.

239 2568 520 2618 Presbiteri
542 2568 748 2617 PETRI
781 2571 903 2616 sunt
923 2569 1031 2617 haec
1059 2571 1336 2629 primordia
1361 2570 1496 2630 libri,

241 2630 430 2680 Soldos
457 2645 682 2693 namque
712 2633 891 2680 decem
929 2647 1020 2693 pro
1053 2633 1206 2680 cartis
1245 2632 1430 2693 optulit
1458 2635 1586 2694 ipse.

251 2712 555 2782 Prologum
594 2713 819 2784 Regesti
870 2710 1116 2768 ﬁdeliter
1162 2714 1514 2770 reddendum
1565 2714 1669 2769 hoc
1715 2713 1840 2769 loco

185 2799 336 2869 duxi,
368 2806 433 2856 u’t
462 2807 756 2856 constaret
779 2802 850 2856 de
879 2803 1228 2871 antiquitate
1267 2817 1332 2858 ac
1370 2803 1705 2858 sinceritate
1729 2803 1841 2859 do-

186 2896 575 2945 cumentorum
603 2891 753 2945 unde
771 2890 1074 2946 collectum
1108 2891 1222 2948 fuit
1240 2905 1455 2947 necnon
1480 2893 1551 2947 de
1571 2893 1837 2962 Gregorii

184 2977 501 3034 Catinensis
527 2979 836 3048 diligentia
870 2981 926 3034 in
955 2981 1208 3052 singulis
1233 2989 1499 3037 accurate
1524 2989 1580 3060 et
1600 2982 1844 3038 ﬁdeliter

185 3065 596 3124 describendis.
631 3069 742 3124 Nec
771 3069 1022 3124 otiosum
1044 3067 1164 3126 fore
1192 3069 1447 3126 arbitror
1474 3071 1692 3126 indicia
1723 3085 1846 3142 pro-

189 3151 326 3211 ferre
351 3157 576 3225 peritiae
599 3157 814 3228 prioris
833 3157 999 3214 illius
1022 3159 1380 3232 chronologi,
1401 3174 1433 3215 a
1461 3174 1576 3230 quo
1591 3159 1845 3216 Chroni-
1874 3149 1921 3207 C

187 3256 282 3298 con
313 3245 586 3302 Farfense
605 3259 673 3301 ex
699 3247 902 3302 iisdem
927 3247 1288 3304 documentis
1309 3247 1532 3304 archivi
1559 3257 1612 3304 et
1639 3248 1844 3305 biblio-

185 3331 351 3388 thecae
379 3335 792 3406 colligebatur.
813 3336 1122 3392 Undecimo
1142 3338 1296 3392 enim
1311 3338 1524 3393 saeculo
1539 3351 1667 3393 terte
1681 3338 1846 3392 Chri-

187 3421 376 3480 stianae
432 3437 568 3481 cum
625 3423 921 3497 scriberet,
968 3433 1140 3497 atque
1184 3426 1507 3484 illustraret
1557 3427 1840 3499 originem

189 3514 542 3582 monasterii,
599 3510 757 3570 felici
829 3515 976 3570 satis
1041 3521 1248 3571 conatu
1300 3516 1612 3586 explicavit
1669 3523 1841 3588 atque

185 3594 453 3656 distinxit
484 3601 746 3657 involuta
787 3603 1097 3672 czeteroqui
1129 3609 1185 3658 et
1227 3603 1476 3660 obscura
1519 3604 1840 3660 Gothorum

190 3689 430 3756 tempora
465 3691 551 3745 ita
579 3695 644 3745 ut
671 3691 823 3746 inter
855 3691 1106 3760 aequales
1144 3705 1282 3748 suos
1309 3693 1587 3747 excellere
1621 3693 1680 3747 in
1723 3699 1846 3750 arte

190 3773 594 3850 chronOIOgiea
638 3779 924 3834 videatur.
965 3779 1154 3848 Quare
1184 3793 1252 3834 ex
1299 3779 1519 3850 regulis
1565 3781 1750 3849 prima
1791 3788 1845 3839 et

191 3866 348 3920 tertia
369 3868 618 3924 critices
643 3871 962 3938 temporum
987 3867 1160 3939 paulo
1179 3873 1312 3924 ante
1332 3868 1672 3926 constitutis
1693 3885 1849 3940 opu—-

191 3951 326 4008 sculi
361 3957 745 4024 praecedentis
763 3957 950 4027 capite
969 3955 1023 4027 2,
1047 3971 1178 4014 cum
1203 3958 1465 4014 idnotum
1497 3959 1596 4026 sit,
1625 3972 1842 4028 nempe.

193 4039 331 4098 inter
362 4047 727 4114 proximiora
760 4053 924 4102 aetate
962 4060 1028 4102 ac
1061 4047 1186 4102 loco
1215 4048 1557 4103 documenta
1592 4047 1689 4102 illa
1725 4060 1849 4102 esse

193 4132 556 4204 praeferenda,
607 4149 734 4206 qum
780 4149 878 4206 per
923 4135 1160 4192 idoneos
1214 4138 1371 4193 viros
1413 4151 1481 4192 ac
1521 4136 1850 4206 disciplinaa

193 4228 502 4296 temporum
537 4231 759 4301 peritos
804 4229 971 4286 nobis
1011 4229 1436 4291 ministrentur,
1469 4227 1852 4296 consequitur

196 4318 251 4367 ut
291 4315 464 4374 istius
505 4319 786 4376 Chronici
818 4324 1110 4375 auctorem
1157 4332 1270 4373 non
1321 4317 1479 4386 parvi
1521 4315 1847 4372 faciendum

195 4402 484 4462 nobiscum
531 4409 793 4465 sentiant
831 4411 1117 4479 quotquot
1146 4419 1215 4462 ex
1263 4407 1522 4476 proxime
1553 4405 1852 4461 referendo

1865 1797 1919 1858 B

1941 541 2043 616 ait.
2080 543 2377 616 Prioribus
2421 541 2650 614 quoque
2696 545 3014 600 Gothorum
3058 548 3436 616 temporibus.
3485 546 3602 603 fuit

1936 613 2102 682 juxta
2131 613 2505 689 spoletanain.
2529 613 2759 689 urbem.
2797 617 2886 670 vir
2906 619 3036 672 vitae
3063 613 3409 673 venerabilis
3429 632 3598 689 ysaac

1943 697 2090 738 nom.
2129 685 2230 759 qui
2266 701 2446 756 usque
2476 686 2542 742 ad
2573 693 2824 742 extrema
2858 701 2996 756 pene
3017 689 3325 758 gothorum
3345 685 3600 759 tempora

1942 756 2220 831 pervenit.
2275 771 2441 831 quem
2491 764 2818 814 nostrorum
2863 756 3040 814 multi
3085 766 3367 816 noverunt
3412 756 3600 831 fma-

1942 827 2096 900 xime
2121 840 2284 900 sacra
2317 829 2478 899 virgo
2500 831 2783 900 gregoria.
2809 844 2936 899 quae
2959 844 3112 884 nunc
3138 833 3196 885 in
3223 831 3326 886 hac
3348 827 3601 900 Humana

1945 896 2085 972 urbe
2110 899 2274 966 juxta
2298 891 2802 956 ecclEsiamvbeatte
2827 891 3068 956 MARLE
3099 916 3322 971 semper
3353 891 3600 972 virginis

1945 967 2186 1023 habitat.
2222 972 2288 1024 Et
2318 976 2442 1040 post
2494 985 2689 1040 pauca.
2723 971 2902 1026 Multa
2927 979 3114 1026 autem
3147 967 3600 1028 de'eodem'viro

1949 1045 2217 1114 narrante
2248 1042 2561 1114 venerabili
2605 1050 2762 1112 patre
2808 1043 3125 1098 heleuterio
3155 1045 3382 1114 agnovi.
3413 1045 3514 1114 qui
3545 1048 3603 1098 et

1951 1109 2102 1183 hunc
2135 1109 2508 1168 familiariter
2539 1109 2788 1182 noverat,
2818 1120 2874 1168 et
2902 1115 3027 1183 ejus
3057 1109 3248 1170 verbis
3274 1115 3392 1170 vita
3432 1109 3603 1170 Iidem

1949 1182 2252 1254 praebebat.
2278 1185 2382 1254 llic
2415 1185 2608 1254 itaque
2630 1182 2976 1241 venerabilis
3002 1199 3170 1254 ysaac
3199 1192 3362 1242 ortus
3402 1199 3473 1241 ex
3505 1185 3605 1240 hi-

1949 1253 2087 1326 talia
2133 1267 2244 1309 non
2297 1253 2428 1322 fuit,
2464 1253 2560 1311 sed
2609 1258 2858 1326 primum
2897 1257 2968 1311 de
3004 1253 3180 1326 syrize
3226 1257 3488 1326 partibus
3531 1257 3602 1312 ad

1947 1323 2299 1390 spoletanam
2353 1327 2547 1382 urbem
2592 1323 2770 1384 venit.
2812 1323 3066 1383 Prudens
3113 1323 3292 1384 lector
3331 1328 3603 1384 animad-

1945 1400 2128 1469 verte,
2171 1411 2297 1465 qua:
2346 1397 2579 1454 fuerunt
2624 1399 2941 1455 Gothorum
2995 1407 3247 1469 tempora
3290 1400 3473 1469 prima
3518 1397 3602 1454 vel

1949 1479 2074 1542 quae
2104 1468 2507 1542 Romanorum,
2545 1471 2885 1540 priusquam
2933 1468 3139 1526 hitalia
3171 1468 3376 1542 gentili
3410 1469 3603 1541 gladio

1947 1535 2202 1612 ferienda
2230 1535 2594 1612 traderetur.
2647 1535 2881 1598 Constat
2927 1543 3110 1612 igitur
3155 1535 3439 1612 quoniam
3473 1547 3607 1596 ante

1948 1606 2168 1684 prmfziti
2191 1610 2598 1680 gloriosissimi
2621 1613 2913 1684 pontiﬁcis
2935 1606 3047 1669 non
3070 1606 3356 1669 modicum
3379 1619 3606 1680 tempus

1945 1680 2242 1754 conditum
2266 1689 2354 1737 est
2382 1680 2790 1739 monasterium
2819 1685 2994 1740 istud.
3033 1699 3132 1754 pro
3159 1699 3224 1739 eo
3247 1684 3398 1754 quod
3432 1695 3604 1737 vene-

1949 1751 2156 1826 rabilis
2206 1755 2492 1826 memoriaa
2545 1756 2770 1811 beatum
2820 1769 2988 1826 ysaac
3034 1751 3311 1825 collegam
3357 1753 3607 1810 scillicet

1945 1824 2304 1879 sanctissimi
2337 1825 2511 1893 hujus
2535 1827 2794 1882 Monachi
2819 1824 3386 1882 LaurentiiAhbatis.
3413 1839 3524 1880 non
3547 1837 3608 1880 se

1944 1896 2164 1967 vidisse
2191 1911 2270 1949 ss.
2299 1897 2654 1965 temporibus
2677 1899 2940 1953 extitisse
2963 1899 3294 1967 descripsit.
3317 1897 3413 1952 sed
3440 1896 3604 1967 prio-

1948 1965 2113 2021 ribus
2141 1967 2374 2022 illorum
2391 1969 2708 2024 Gothorum
2724 1969 3078 2037 temporibus
3097 1965 3278 2024 fuisse
3300 1965 3606 2022 manifesta

1949 2037 2230 2094 relatione
2264 2039 2556 2107 professus
2585 2047 2688 2094 est.
2724 2042 2859 2095 Nam
2889 2041 3080 2110 priora
3105 2040 3424 2096 Gothorum
3457 2042 3609 2092 tem-

1951 2123 2106 2179 pora.
2141 2117 2204 2164 ut
2233 2111 2428 2165 verius
2449 2111 2659 2180 conjici
2691 2109 2897 2181 potest,
2925 2117 2988 2166 ut
3022 2112 3078 2164 in
3111 2111 3348 2181 scriptis
3369 2109 3608 2181 Chroni-

1948 2195 2028 2236 ca
2063 2181 2319 2236 historia:
2344 2182 2534 2237 Orosii
2562 2179 2890 2252 Presbyteri
2919 2179 3349 2251 reperiturﬁllla
3375 2179 3610 2235 fuerunt

1952 2252 2182 2324 quando
2215 2261 2488 2324 regnante
2517 2254 2804 2308 Archadio
2838 2255 3179 2322 imperatore
3211 2267 3325 2323 quo
3358 2259 3609 2324 tempore

1950 2322 2298 2379 Ambrosius
2318 2326 2468 2394 apud
2513 2325 2919 2380 Mediolanum.
2955 2322 3244 2379 Martinus
3271 2337 3400 2378 vero
3439 2322 3610 2390 cujus

1951 2396 2242 2467 gloriosus
2271 2396 2470 2450 extitit
2511 2399 2812 2450 transitus.
2842 2410 2874 2450 a
2903 2397 3132 2450 Domini
3164 2397 3432 2464 passione
3459 2406 3608 2448 anno

1949 2480 2237 2522 cccc.xxu.
2281 2469 2469 2521 astatis
2508 2480 2624 2522 sua}
2653 2481 2805 2522 anno
2830 2480 3026 2521 Lxxxi.
3079 2468 3454 2536 EpiSCOpatus
3479 2477 3609 2518 vero

1950 2552 2108 2594 xxvr.
2137 2539 2191 2590 in
2216 2538 2414 2606 galliis
2431 2539 2579 2607 apud
2604 2545 2858 2593 turonos.
2880 2539 3102 2606 etapud
3122 2538 3399 2591 Bethleem
3422 2536 3611 2590 Hiero-

1949 2623 2078 2678 nym
2091 2623 2175 2664 us.
2191 2609 2368 2678 quiex
2382 2611 2550 2678 pletis
2569 2623 2675 2663 xei.
2692 2610 3081 2663 vita-annisad
3097 2609 3388 2663 Christum
3409 2607 3610 2676 migra-

1948 2683 2051 2735 vit.
2081 2681 2237 2735 velut
2257 2681 2444 2735 sidera
2461 2681 2778 2735 radiabant.
2805 2681 3080 2749 Radagasi
3095 2695 3160 2735 us
3179 2694 3273 2734 rex
3289 2679 3608 2733 Gothorum

1951 2753 2049 2822 qui
2085 2757 2298 2806 virtute
2319 2759 2373 2806 et
2401 2759 2604 2807 natura
2626 2752 2907 2807 barbarus
2925 2759 3068 2819 erat,
3089 2757 3154 2806 et
3184 2751 3375 2805 scitha
3398 2749 3610 2803 habens

1953 2863 2142 2904 secum
2171 2862 2316 2904 ccxc.
2357 2849 2636 2904 hominen
2673 2851 2858 2919 primo
2884 2849 3104 2904 italiam
3129 2847 3460 2904 devastavit.
3493 2847 3611 2900 ita-

1954 2935 2062 2989 que
2091 2929 2218 2988 post
2248 2929 2517 2992 regnante
2551 2921 2723 2975 fratre
2753 2924 2879 2990 ejus
2914 2921 3158 2976 honorio
3187 2919 3480 2974 halaricus
3514 2930 3610 2971 rex

1952 2993 2268 3046 Gothorum
2309 2995 2536 3048 Romam
2573 2995 2801 3047 invasit.
2843 3000 3174 3062 partemque
3194 2992 3318 3060 ejus
3343 3003 3474 3060 igne
3495 3001 3612 3062 cre-

1957 3064 2151 3128 mavit,
2211 3077 2335 3118 vuu
2398 3065 2448 3118 k.
2507 3065 2780 3132 septemb.
2840 3061 2992 3118 anno
3051 3061 3410 3117 conditionis
3483 3061 3612 3128 ejus

1953 3147 2236 3212 lCLx._ltil.
2271 3149 2336 3212 ac
2367 3135 2568 3212 (ἤιξε-γι.
2602 3143 2727 3205 post
2753 3149 2923 3206 quam
2950 3134 3136 3190 fuerat
3159 3134 3216 3212 in
3241 3146 3364 3188 eam
3395 3134 3608 3212 ingres-

1955 3220 2070 3260 sus.
2097 3207 2410 3275 Depredata
2435 3207 2578 3262 Urbe
2603 3205 2868 3274 egressus
2895 3213 2997 3260 est.
3023 3219 3154 3260 cum
3190 3205 3612 3275 incarnationis

1953 3272 2258 3331 dominicae
2283 3285 2550 3348 ageretur
2586 3272 2774 3334 annus
2804 3291 3023 3332 cccxm.
3061 3284 3198 3331 tunc
3239 3276 3413 3348 etiam
3458 3272 3609 3348 apud

1951 3345 2392 3425 YPPODitjegiu'rn
2426 3348 2890 3425 fulgentissimus
2911 3349 3208 3425 totiusque
3230 3345 3467 3425 florebat
3493 3345 3614 3425 hla-

1953 3420 2131 3488 gister
2187 3418 2450 3474 Ecclesia:
2500 3422 2878 3491 Augustinus.
2936 3419 3108 3474 tertio
3153 3419 3340 3491 ipsius
3393 3418 3614 3491 civita-

1953 3486 2030 3543 tis
2059 3491 2387 3545 obsidionis
2413 3505 2562 3546 anno
2593 3486 2784 3547 mense
2810 3505 2888 3545 vr.
2909 3497 2967 3546 et
2986 3494 3117 3544 Lx‘x.
3150 3486 3281 3542 vittae
3300 3490 3356 3542 in
3381 3486 3613 3540 Christo

1953 3561 2192 3638 quievit.
2217 3563 2432 3638 Deinde
2457 3569 2658 3638 agente
2682 3564 3053 3631 prmsulatum
3069 3561 3329 3638 Romanae
3349 3555 3614 3638 Ecclesiae

1953 3631 2114 3686 leone
2145 3646 2175 3686 a
2203 3634 2497 3700 genserico
2532 3635 2702 3687 Roma
2735 3639 2896 3700 rapta
2927 3638 3028 3686 est.
3081 3637 3378 3698 postquam
3427 3631 3650 3700 primo-

1954 3715 2072 3755 eam
2107 3695 2361 3757 alaricus
2389 3704 2676 3757 invaserat
2706 3717 2767 3758 ιι.
2807 3695 2929 3770 jam
2980 3695 3103 3754 vice
3149 3695 3394 3767 expletis
3445 3695 3515 3750 ab
3545 3708 3612 3749 eo

1959 3779 2210 3840 tempore
2252 3787 2388 3826 ann.
2444 3786 2634 3827 xum.
2686 3789 2716 3826 a
2750 3773 3084 3828 conditione
3131 3771 3256 3840 ejus
3305 3781 3403 3822 iCC.
3439 3773 3612 3840 atque

1959 3839 2089 3897 νιιιξ
2109 3851 2163 3896 et
2207 3843 2276 3896 ab
2325 3845 2722 3898 incarnatione
2749 3845 2882 3898 Chr.
2917 3843 3097 3896 ccch.
3139 3839 3244 3896 vii.
3297 3842 3427 3895 Post
3459 3839 3512 3891 h.
3549 3851 3606 3892 ιι.

1957 3913 2316 3981 temporibus
2335 3917 2550 3985 agapiti
2584 3929 2740 3984 papa}
2760 3927 2911 3970 anno
2927 3914 3233 3969 duninicae
3255 3909 3616 3966 incarnatio-

1958 3987 2052 4040 nis
2097 3998 2362 4040 bxxvmt.
2397 3987 2556 4056 gothi
2613 3986 2803 4042 urbem
2857 3985 3171 4056 possident.
3220 3985 3486 4038 universa
3521 3993 3618 4056 per

1958 4057 2268 4111 circuitum
2293 4052 2725 4126 direptionibus
2749 4066 2804 4112 et
2823 4052 3111 4112 incendiis
3127 4055 3454 4110 absumunt.
3481 4052 3618 4126 qui-

1961 4128 2068 4182 bus
2095 4128 2368 4198 guittigis
2399 4125 2669 4198 regnabat
2719 4129 2843 4196 Quo
2873 4135 3127 4197 tempme
3153 4127 3212 4182 in
3235 4125 3616 4198 Orientejus-r

1961 4193 2226 4254 tinianus
2279 4193 2612 4270 imperabat.
2646 4193 2898 4270 denique
2945 4193 3111 4268 capto
3155 4199 3402 4270 guittige
3454 4193 3614 4270 gothi

1967 4271 2333 4327 liildebadum
2363 4265 2761 4328 'constituunt
2807 4265 3370 4340 regem—quietiam
3419 4265 3616 4340 eodem

1963 4356 2113 4398 anno
2148 4345 2471 4411 perimitur.
2507 4353 2562 4398 et
2591 4358 2825 4413 regnum
2843 4339 3345 4413 accepit’lirarius.
3381 4339 3482 4408 qui
3519 4347 3620 4390 nec

1963 4417 2098 4469 dum
2133 4429 2282 4470 anno
2330 4416 2554 4485 expleto
2581 4411 2904 4486 jugulatur,
2939 4423 3077 4469 tunc
3125 4411 3238 4486 sibi
3275 4414 3334 4466 in
3378 4420 3616 4486 regnum

195 4495 499 4561 specimine
533 4498 704 4554 illius
733 4497 952 4570 ingenii
987 4499 1099 4554 vim
1130 4510 1196 4553 ac
1222 4496 1574 4554 soliditatem
1615 4509 1854 4568 perspe—
1883 4496 1938 4558 D
1971 4479 2614 4570 ιινευιῑοίυηεΒίιίιιξῇιὲηὶι
2641 4479 2742 4558 ill“
2763 4479 3421 4570 ἀίοθιιιιιυντοιίιρλίιειι
3444 4479 3616 4570 Enﬂi‘

197 4589 332 4642 ctam
383 4589 638 4648 habeant
687 4589 747 4644 in
790 4595 922 4658 apte
971 4589 1298 4661 colligendo
1341 4595 1397 4645 et
1444 4589 1850 4646 constituendo

197 4683 515 4734 commensu
549 4685 896 4748 temporum,
926 4692 1039 4734 non
1069 4679 1196 4734 sine
1229 4679 1496 4748 prudenti
1527 4678 1854 4733 hzesitatio—

199 4761 282 4815 nis
309 4768 652 4826 testimonio
680 4766 778 4822 ubi
806 4772 961 4822 certa
985 4767 1055 4822 ad
1074 4768 1514 4822 asseverandum
1541 4773 1852 4837 exacteque

197 4848 583 4913 deﬁniendum
616 4863 955 4928 argumenta
981 4856 1146 4912 illum
1169 4857 1518 4912 destituunt.
1554 4857 1648 4911 Sic
1669 4856 1853 4927 igitur

202 4938 248 4994 is
277 4945 592 5004 perscribit
632 4946 704 5002 de
748 4945 937 5016 prima
967 4941 1307 5002 fundatione
1341 4945 1675 5002 monasterii
1709 4945 1855 5000 Far-

201 5029 386 5090 tensis.

224 5201 234 5212 .
265 5152 290 5182 α
333 5134 606 5212 Legimus
628 5139 826 5212 tamen
855 5135 919 5212 in
946 5133 1252 5191 autentica:
1275 5133 1743 5212 .constrpctionis
1772 5133 1857 5190 il-

201 5200 311 5278 lius
360 5200 726 5278 pr'ohazmio.
773 5207 922 5278 Qsod
972 5220 1004 5262 a
1051 5205 1407 5278 temporibus
1436 5206 1852 5278 _Romanorum

203 5277 527 5347 priusquam
551 5276 768 5334 Hitalia
794 5276 998 5349 gentili
1018 5277 1212 5348 gladio
1233 5276 1488 5349 ferienda
1512 5278 1852 5346 traderetur,

202 5351 306 5418 tres
355 5350 467 5404 viri
526 5351 602 5406 de
651 5347 817 5405 Siria'
859 5347 1236 5417 advenerunt,
1296 5347 1523 5404 scilicet
1567 5362 1752 5418 ysaac,
1801 5355 1858 5403 et

200 5416 447 5489 Joannes,
474 5427 660 5492 atque
689 5421 1033 5484 Laurentius
1063 5433 1194 5492 cum
1226 5416 1330 5482 Sua
1360 5416 1631 5492 germana
1663 5416 1859 5484 sorore

203 5488 462 5575 susanna.
509 5488 591 5552 ne
635 5506 880 5575 quorum
925 5493 1110 5575 primo
1153 5488 1418 5575 deorum
1453 5488 1656 5575 beatus
1714 5492 1858 5560 Papa

203 5559 525 5644 Gregorius,
551 5559 669 5644 qui
687 5577 720 5644 a_
751 5559 1095 5644 beato'petro
1123 5560 1319 5626 extitit
1350 5565 1509 5626 vai.
1543 5567 1599 5616 et
1630 5576 1724 5636 per
1751 5559 1863 5644 an—

205 5635 678 5716 numpominlczp
706 5635 1156 5716 incarna'tionies
1185 5646 1333 5716 ocul.
1365 5646 1696 5716 mensesque
1724 5647 1760 5716 x
1787 5639 1865 5686 at-

208 5706 453 5771 quedics
475 5720 576 5761 xx.
636 5705 757 5761 ind.
802 5719 864 5760 ιι.
912 5719 998 5761 ιιι.
1027 5719 1162 5762 non.
1207 5711 1319 5760 oct.
1373 5719 1430 5759 in
1464 5704 1862 5774 pontiﬁcatum

207 5783 286 5832 est
310 5787 673 5852 assumptus.
723 5781 1042 5851 imperante
1081 5779 1302 5850 tyberio
1345 5786 1612 5850 augusto.
1653 5777 1749 5832 Sic
1801 5776 1861 5830 in

1963 4553 2075 4629 que
2101 4562 2356 4616 exercitu
2381 4561 2618 4616 collecto
2641 4553 2846 4615 rursus
2872 4563 3195 4614 universam
3231 4553 3490 4612 hitaliain
3521 4553 3621 4629 in-

1963 4627 2138 4688 vadit.
2179 4632 2489 4703 urbemque
2519 4632 2805 4687 obsessam
2842 4645 3077 4701 perxui.
3101 4627 3614 4703 diesintroierunt.

1961 4703 2320 4788 temporibus
2351 4696 2537 4788 vi'gilii
2585 4719 2736 4788 papae
2780 4696 3184 4788 et'justiniani
3228 4696 3616 4788 imperatoris.

1961 4766 2187 4852 scilicet
2245 4766 2838 4852 postincarna'tionis
2871 4766 3190 4830 dominicae
3239 4766 3614 4852 annospxh.

1961 4849 2084 4902 ind.
2118 4839 2349 4903 xmfab
2375 4848 2663 4902 Archadio
2698 4848 2891 4916 itaque
2920 4857 3071 4914 rege,
3116 4839 3386 4908 usquead
3435 4839 3622 4918 illi“?

1961 4933 2095 4974 num
2121 4921 2434 4988 juniorem.
2469 4919 2576 4974 sub
2621 4933 2735 4992 quo
2777 4913 2972 4992 narses
2995 4913 3393 4992 Romanorum
3432 4913 3622 4992 patri-

1963 4992 2084 5045 tius
2109 4983 2235 5046 cum
2267 4992 2428 5048 totila
2456 4983 2772 5044 novissimo
2794 4989 3099 5056 gothorum
3122 4983 3411 5056 dimicans
3452 4990 3623 5031 eum-

1964 5077 2074 5132 que
2127 5078 2406 5133 superans
2474 5048 2936 5133 eﬁugavit._2inni
2996 5057 3134 5107 sunt
3188 5048 3320 5133 fere,
3353 5059 3618 5133 nxxviiu.

1967 5119 2161 5188 ﬁriora
2195 5119 2327 5188 Item
2361 5119 2623 5200 tempori?
2654 5127 2972 5200 Gothorum
3005 5126 3282 5200 ceperunt
3309 5119 3624 5188 imperante

1963 5205 2208 5258 valente.
2237 5190 2632 5273 quando'item
2654 5197 2827 5273 Gothi
2863 5190 3204 5273 pergentem
3234 5190 3563 5273 hannorum
3589 5202 3623 5244 a

1967 5275 2203 5330 sedibus
2234 5259 2489 5340 proliriis
2518 5269 2766 5338 expulsi.
2804 5259 3050 5340 transito
3075 5261 3338 5340 Danubio
3364 5259 3625 5340 ingentes

1967 5361 1999 5400 a
2047 5330 2280 5426 praefato
2331 5330 2608 5426 principe
2633 5339 3062 5426 suscipiuntur1
3096 5336 3231 5418 Nam
3264 5330 3623 5426 tezmporibus

1968 5404 2348 5470 valentiniani
2413 5404 2814 5470 imperatoris.‘
2848 5409 3000 5463 inter
3046 5405 3242 5462 tracize
3299 5404 3440 5458 ﬁnes
3491 5416 3622 5458 cum

1970 5487 2353 5543 communiter
2385 5474 2728 5537 habitarent.
2783 5479 2864 5534 ibi
2891 5480 3068 5536 divisi
3109 5483 3262 5534 sunt.
3302 5474 3620 5546 Fridigern.

1971 5571 2101 5614 cum
2152 5555 2568 5624 suprascriptis
2613 5552 2968 5623 ostrognthis
2999 5553 3214 5608 vocatis
3262 5545 3619 5624 orientalem.

1972 5617 2276 5686 Alicernus
2307 5641 2438 5680 vero
2454 5617 2596 5678 'cum
2620 5638 2726 5679 suo
2746 5617 2998 5681 exercito
3019 5625 3115 5680 cui
3141 5617 3478 5680 vocabulum
3503 5621 3626 5675 erat

1973 5697 2329 5780 guisigothis
2353 5697 2416 5752 It.
2454 5697 2516 5778 Ρ..
2540 5695 2949 5780 occidentalem
2971 5699 3316 5780 optinentes.
3347 5687 3626 5780 ἔξξὲ

1973 5761 2264 5841 prolixius
2294 5768 2658 5824 narravimus
2696 5775 2759 5824 ut
2791 5768 2986 5840 priora
3009 5761 3322 5842 ’gothorur‘n
3369 5761 3626 5818 ῑθωροη
