3950 6404
202 446 298 505 324

1217 447 1583 503 BLANCHINI
1621 446 1714 502 AD
1752 446 1823 500 IlI
1862 444 2096 502 OPUSC.
2137 447 2283 516 SEQ.
2325 448 2610 505 OBSERV.

3522 452 3630 511 322

203 579 397 651 priora
454 579 739 648 opuscula
769 578 1178 651 chronologica
1208 593 1335 649 quae
1363 578 1546 633 eidem
1578 574 1855 631 cbronico
1879 569 1942 630 A
1976 574 2295 633 obsedisset
2323 584 2379 633 et
2406 578 2735 647 recepisset,
2762 579 2819 635 in
2845 579 3087 636 basilica
3116 581 3392 637 Vaticana
3421 594 3628 636 conse—

204 669 604 741 praﬁguntur,
630 669 776 724 mihi
798 682 908 723 non
929 668 1133 739 liquet,
1152 666 1403 738 nequeid
1426 666 1639 721 rescire
1663 670 1857 720 nostra

207 758 452 815 multum
486 758 767 814 interesse
793 764 954 826 puto.

272 847 498 919 Regesti
520 851 813 902 auctorem
838 888 853 916 ,
881 851 939 901 et
959 845 1196 901 secundi
1218 844 1489 900 Chronici
1520 844 1670 914 quod
1690 844 1861 913 Rege-

204 938 291 991 sto
320 934 696 1003 praemittitur
723 934 781 988 in
813 933 1086 1003 ampliori
1108 932 1324 997 codice,
1357 944 1484 987 esse
1510 930 1853 1002 Gregorium

200 1024 561 1080 Catinensem
581 1026 808 1079 constat
832 1036 901 1077 ex
935 1021 1164 1091 praeﬁxo
1189 1021 1317 1089 ejus
1346 1021 1598 1086 nomine,
1634 1026 1756 1074 tum
1791 1018 1851 1073 in

203 1112 397 1180 titulo,
433 1118 555 1168 tum
602 1112 663 1167 in
711 1112 966 1167 carmine
1014 1110 1363 1180 acrosticho,
1396 1123 1461 1164 ac
1519 1108 1856 1164 testimonio

200 1200 438 1256 Joannis
464 1199 861 1255 Grammatici.
878 1198 1117 1255 Duobus
1141 1204 1330 1255 autem
1365 1197 1697 1253 memoratis
1722 1210 1859 1265 opu-

205 1288 388 1345 sculis
411 1288 860 1360 chronol0gicis,
893 1287 1129 1349 minori,
1148 1294 1204 1343 et
1218 1286 1546 1350 vetustiori,
1570 1285 1854 1341 Chronico

205 1378 539 1446 praemissis.
592 1390 790 1445 nempe
829 1377 1101 1449 Catalogo
1152 1377 1586 1446 imperatorum,
1638 1380 1769 1436 etc.,
1804 1379 1861 1428 et

202 1464 470 1538 Catalogo
535 1467 924 1522 Romanorum
995 1464 1356 1536 pontiﬁcum,
1415 1478 1545 1520 cum
1591 1461 1857 1530 Gregorii

206 1555 486 1611 indicatio
529 1554 688 1611 nulla
742 1560 1085 1625 apponatur,
1140 1560 1313 1624 prout
1345 1552 1505 1609 nulla
1546 1551 1859 1621 apponitur

208 1643 318 1713 ipsi
338 1644 628 1700 Chronico
652 1644 863 1700 minori
896 1651 952 1699 et
973 1643 1302 1709 vetustiori,
1329 1642 1429 1698 illa
1455 1641 1755 1697 lubentius
1778 1652 1858 1694 re-

206 1729 411 1787 ferrem
455 1732 523 1788 ad
559 1732 900 1802 scriptorem
927 1732 1318 1803 antiquiorem
1366 1729 1646 1801 Gregorio
1692 1728 1856 1783 Cati—

204 1821 388 1882 nensi,
415 1822 730 1891 praesertim
745 1836 876 1877 cum
892 1822 1140 1878 duorum
1164 1819 1577 1890 opusculorum
1604 1818 1853 1888 primum

1968 664 2119 717 crari
2144 677 2241 733 per
2261 666 2664 722 schismaticos
2681 682 2746 722 ac
2766 668 3062 737 depositos
3084 670 3386 738 episcopos
3406 668 3629 724 curavit

1971 758 2028 807 et
2055 767 2205 808 anno
2236 755 2497 824 proximo
2525 752 2663 811 4084
2700 759 3012 825 imperator
3058 757 3129 812 ab
3160 772 3227 814 eo
3275 759 3539 814 coronari
3567 758 3627 812 in

1971 842 2339 898 Lateranensi
2382 844 2588 900 voluit.
2652 847 2703 900 Is
2760 860 2891 903 vero
2923 853 3233 903 contumax
3287 854 3344 903 et
3394 848 3628 905 rebellis

1973 931 2210 998 perinde
2238 932 2652 1003 inGregorium
2680 933 2771 989 VII
2795 948 2859 990 ac
2888 934 2947 990 in
2984 936 3268 992 Victorem
3304 940 3375 993 IlI
3407 945 3465 992 et
3485 939 3629 991 Pas-

1969 1019 2188 1074 chalem
2224 1020 2290 1087 II,
2320 1021 2584 1092 Gregorii
2613 1036 2994 1086 successores,
3020 1037 3053 1079 a
3078 1025 3296 1095 quibus
3320 1026 3629 1081 damnatus

1972 1106 2182 1163 iterum
2221 1122 2288 1164 ac
2336 1111 2510 1165 tertio
2566 1125 2698 1166 cum
2742 1112 2947 1168 haeresi
3012 1127 3115 1168 sua
3161 1112 3294 1183 fuit,
3338 1112 3622 1182 Farfense,

1973 1196 2299 1252 coenobium
2324 1212 2392 1253 ac
2420 1198 2791 1256 Sabinensem
2819 1207 3067 1257 tractum
3089 1203 3394 1271 tyrannide
3419 1214 3524 1257 sua
3548 1202 3627 1256 ita

1972 1290 2315 1354 occupatum
2340 1286 2615 1357 detinuit,
2645 1293 2710 1344 ut
2736 1288 3128 1359 legitimorum
3164 1290 3501 1359 pontificum
3532 1303 3627 1344 no-

1974 1373 2200 1429 minain
2224 1376 2350 1443 ejus
2373 1375 2829 1433 tabulas-referre
2854 1392 3017 1434 nemo
3044 1380 3121 1434 sit
3146 1393 3365 1449 ausus;
3405 1379 3501 1434 sed
3541 1379 3626 1433 hae

1975 1460 2104 1517 loco
2132 1462 2386 1520 Victoris
2412 1466 2486 1520 IlI
2514 1480 2580 1521 ac
2604 1466 2899 1523 Paschalis
2930 1467 2998 1537 Il,
3028 1468 3127 1538 qui
3152 1470 3622 1539 supprimuntur,

1974 1552 2521 1621 pseudopontiﬁcem
2552 1554 2918 1621 Clementem,
2960 1557 3119 1625 tertii
3159 1558 3389 1612 nomine
3433 1572 3494 1613 se
3528 1558 3628 1626 ja—

1970 1644 2237 1711 ctantem,
2267 1654 2336 1696 ex
2355 1647 2632 1699 attentata
2669 1645 2900 1700 Henrici
2950 1647 3323 1702 coronatione
3350 1647 3419 1702 ad
3455 1646 3622 1703 ﬁnem

1971 1728 2170 1782 saeculi
2221 1728 2544 1798 praeferant.
2595 1734 2710 1787 Nos
2762 1734 3039 1789 asterisco
3084 1734 3351 1803 apposito
3401 1735 3625 1791 brevem

1977 1821 2167 1870 notam
2190 1818 2260 1872 ad
2297 1817 2450 1873 hunc
2480 1833 2693 1875 annum
2721 1821 3038 1889 adjecimus
3078 1823 3136 1877 in
3164 1823 3420 1879 editione
3438 1824 3627 1879 Chro—

201 1908 470 1966 videatur
497 1909 774 1980 compleri
816 1910 970 1966 circa
1000 1922 1215 1965 annum
1248 1907 1387 1964 4056
1424 1907 1586 1977 (totis
1609 1910 1859 1976 quatuor
1890 1897 1941 1957 Β
1975 1904 2116 1970 nici,
2147 1912 2211 1960 ut
2243 1920 2520 1963 memores
2550 1909 2671 1964 sint
2702 1909 2939 1965 lectores
2961 1910 3227 1980 quisnam
3261 1912 3370 1967 iste
3394 1913 3473 1967 sit
3494 1912 3627 1969 Cle-

201 2001 257 2053 et
294 1998 685 2070 quadraginta
736 2003 1044 2067 antequam
1083 1997 1388 2065 Berardus,
1430 1996 1556 2063 ejus
1600 1993 1859 2049 nominis

200 2085 380 2142 abbas
410 2086 722 2153 secundus,
771 2085 1105 2154 praeciperet
1133 2084 1411 2154 Gregorio
1460 2082 1854 2138 collectionem

200 2172 459 2245 Regesti,
489 2180 555 2231 ut
574 2188 644 2229 ex
677 2173 914 2244 prologo
937 2172 1176 2229 Joannis
1204 2172 1578 2228 Grammatici
1606 2184 1861 2239 compro-

201 2261 393 2331 batur)
428 2281 443 2323 :
476 2263 698 2333 adjecta
752 2268 976 2318 tantum
1009 2262 1067 2317 in
1120 2267 1407 2330 postremo
1453 2274 1623 2316 versu
1656 2264 1856 2327 morte,

202 2352 436 2408 Henrici
468 2353 563 2420 ΙΙΙ,
595 2352 933 2422 consignata
953 2363 1103 2406 anno
1124 2347 1281 2419 4084,
1310 2362 1494 2420 neque
1513 2348 1633 2405 ullo
1653 2348 1860 2404 comite

206 2446 519 2496 memorato
546 2446 673 2510 post
694 2453 911 2495 annum
946 2436 1102 2495 4040.

270 2527 532 2584 Alterum
585 2541 653 2583 ex
703 2527 934 2584 duobus
973 2527 1276 2597 opusculis
1323 2530 1682 2596 compactum
1727 2538 1856 2581 cum

208 2616 488 2674 Chronico
510 2615 769 2673 Farfensi
796 2617 1006 2672 minori
1030 2622 1085 2672 et
1105 2616 1433 2681 vetustiori,
1456 2614 1861 2683 complectitur

210 2706 633 2778 chronologiam
695 2706 1030 2771 pontiﬁcum
1084 2705 1469 2761 Romanorum
1500 2717 1533 2759 a
1580 2704 1636 2759 S.
1695 2704 1859 2757 Petro

211 2794 273 2851 ad
324 2796 696 2852 Benedictum
745 2796 860 2865 VII,
912 2808 1112 2865 nempe
1160 2793 1230 2849 ad
1263 2799 1479 2850 annum
1511 2789 1636 2847 984.
1671 2792 1859 2861 Quare

218 2882 515 2955 plusquam
539 2883 752 2940 saeculo
776 2883 999 2955 integro
1020 2883 1293 2953 praecedit
1311 2883 1616 2953 Regestum
1648 2881 1856 2951 Grego-

213 2971 283 3026 rii
314 2972 665 3041 Catinensis,
715 2987 900 3043 usque
926 2972 1252 3028 Chronicon
1283 2968 1642 3042 (secundum)
1673 2970 1857 3041 Rege-

213 3065 297 3116 sto
326 3061 621 3130 praeﬁxum
647 3066 705 3117 et
741 3060 895 3117 infra
924 3060 1298 3130 afferendum,
1330 3060 1482 3130 quod
1517 3060 1859 3130 perducitur

211 3149 273 3205 ad
294 3162 506 3206 annum
541 3147 700 3205 4099.

1974 2006 2151 2048 mens.
2188 1996 2289 2050 Est
2316 2010 2449 2051 vero
2480 1997 2798 2053 Guibertus
2830 1998 2930 2053 ille
2954 1999 3300 2070 Parmensis,
3334 2001 3629 2057 cancella—

1973 2082 2099 2137 rius
2147 2084 2381 2140 Henrici
2426 2086 2747 2141 Germaniae
2817 2086 2989 2157 regis,
3035 2088 3343 2144 Cadaloum
3391 2090 3627 2160 antipa-

1972 2184 2102 2239 pam
2155 2176 2601 2242 promovendum
2665 2176 2895 2231 curavit
2936 2190 3088 2232 anno
3138 2174 3296 2246 4064,
3335 2179 3450 2247 jam
3503 2185 3620 2234 tum

1974 2261 2301 2329 praeludens
2323 2262 2565 2319 nefariis
2589 2264 2994 2321 molitionibus
3013 2280 3155 2335 quas
3179 2267 3300 2337 ipse
3319 2280 3389 2322 ex
3417 2268 3622 2323 Raven-

1973 2351 2097 2405 nati
2147 2352 2279 2407 sede
2339 2353 2509 2408 malis
2561 2354 2790 2409 artibus
2839 2355 3141 2424 impetrata
3194 2357 3261 2411 ad
3315 2357 3625 2413 Romanam

1973 2439 2231 2502 inhians,
2281 2440 2616 2496 mahinatus
2647 2449 2734 2496 est
2761 2442 2971 2498 deinde
3001 2448 3200 2499 contra
3229 2445 3572 2517 Grégorium
3606 2465 3621 2517 ;

1969 2528 2150 2583 donec
2216 2529 2331 2584 voti
2386 2543 2617 2598 compos
2673 2528 2879 2599 factus,
2930 2544 2996 2585 ac
3046 2532 3199 2588 veris
3250 2534 3624 2602 pontiﬁcibus

1969 2630 2191 2685 semper
2244 2616 2527 2688 infensus,
2581 2632 2701 2674 sua:
2752 2619 3069 2689 impietatis
3128 2636 3323 2691 poenas
3369 2624 3615 2693 dederit,

1971 2712 2091 2766 tum
2120 2707 2286 2762 vivus
2334 2720 2366 2760 a
2421 2706 2692 2763 ﬁdelibus
2733 2709 2993 2779 undique
3032 2710 3330 2781 expulsus,
3378 2718 3500 2767 tum
3551 2713 3619 2768 ad

1969 2808 2182 2851 annum
2229 2793 2366 2851 4099
2405 2797 2489 2851 vel
2534 2793 2670 2852 4400
2702 2811 2831 2854 cum
2883 2798 2997 2853 vita
3053 2801 3320 2871 excessit,
3381 2806 3436 2856 et
3497 2809 3623 2871 post

1970 2891 2205 2940 mortem
2238 2885 2582 2942 exbumatus
2611 2893 2784 2957 atque
2818 2887 2877 2942 in
2918 2889 3291 2957 proﬂuentem
3323 2890 3624 2961 dispersus

1965 2986 2116 3029 anno
2146 2971 2302 3029 4405.

2037 3063 2251 3118 Hornm
2287 3065 2593 3134 tyrannide
2623 3078 2893 3135 Oppressa
2933 3066 3110 3123 Roma
3141 3068 3266 3137 ipsa
3296 3082 3426 3124 cum
3456 3070 3625 3141 inge-

1970 3150 2257 3220 misceret,
2282 3158 2337 3207 et
2366 3159 2667 3224 cogeretur
2702 3154 3022 3226 legitimum
3067 3156 3385 3225 principem
3428 3171 3494 3212 ac
3533 3172 3623 3227 pa-

274 3238 507 3295 Btatem
536 3240 823 3296 diversam
845 3240 1092 3297 duorum
1121 3237 1565 3309 praecedentium
1596 3250 1859 3307 opuscu—
1888 3219 1937 3281 (ἶ
1969 3244 2179 3295 storem
2226 3255 2395 3296 suum
2432 3219 2490 3296 in
2521 3255 2650 3297 arce
2692 3219 2993 3313 SiAngeli
3028 3219 3316 3299 scelerata;
3345 3219 3623 3302 custodite

215 3326 386 3384 lorum
438 3329 692 3385 minoris
718 3330 941 3386 codicis
970 3343 1003 3385 a
1034 3329 1206 3385 tertio
1247 3326 1529 3398 opusculo
1559 3326 1620 3381 in
1658 3328 1857 3383 codice

214 3419 401 3488 majori
435 3425 687 3490 reperto,
715 3418 1129 3476 observandam
1160 3432 1285 3474 esse
1315 3417 1481 3486 duxi,
1515 3421 1580 3472 ut
1624 3417 1855 3487 indaga-

214 3519 319 3563 rem
349 3521 452 3564 cur
480 3509 546 3565 in
589 3509 877 3566 Chronico
901 3508 1130 3580 Regesti
1160 3506 1332 3578 (quod
1382 3505 1700 3562 secundum
1737 3507 1853 3573 jam

212 3598 515 3670 appellabo)
538 3598 735 3670 plures
753 3598 1040 3667 antipapa:
1058 3596 1212 3651 circa
1234 3596 1401 3650 ﬁnem
1427 3600 1850 3659 rerenseantur,

214 3693 263 3742 et
292 3687 476 3756 plures
504 3702 577 3745 ex
611 3686 897 3755 legitimis
925 3685 1200 3741 Romanis
1223 3682 1599 3753 pontiﬁcibus
1619 3695 1858 3738 eorum-

214 3775 326 3832 dem
352 3783 674 3849 temporum
708 3777 1083 3831 reticeantur.

277 3866 330 3922 id
351 3881 478 3925 vero
515 3867 820 3924 observare
845 3873 901 3922 et
926 3863 1343 3921 observandum
1387 3861 1611 3917 caeteris
1642 3873 1857 3931 prapo—

216 3965 334 4010 nere
384 3956 773 4013 necessarium
830 3955 999 4011 duco.
1055 3951 1331 4008 Ostendet
1377 3950 1530 4006 enim
1584 3950 1851 4004 vitiosam

217 4043 478 4113 originem
507 4049 787 4101 Actorum
816 4042 1229 4113 complurium,
1252 4055 1377 4111 quae
1403 4038 1632 4095 factiosi
1658 4038 1855 4094 homi—

145 4168 156 4178 .
219 4142 307 4186 nes
331 4143 520 4191 contra
545 4134 885 4204 apostolicae
916 4133 1071 4188 sedis
1095 4132 1228 4201 jura
1253 4132 1311 4185 in
1344 4129 1467 4185 foro
1498 4142 1563 4183 ac
1594 4127 1853 4184 tribuna-

216 4215 356 4276 libus
373 4224 539 4280 etiam
570 4223 820 4279 minoris
842 4221 1109 4277 subsellii
1135 4218 1355 4275 nefario
1376 4232 1523 4275 ausu
1560 4222 1699 4273 tunc
1732 4229 1849 4285 per-

219 4305 458 4382 ﬁcienda,
490 4313 810 4382 scriptores
837 4324 970 4365 vero
1012 4309 1202 4364 aetatis
1234 4314 1442 4364 nostrae
1494 4304 1848 4376 imprudenti

216 4400 441 4457 consilio
464 4401 755 4474 vulganda
778 4405 1061 4456 curarunt
1083 4398 1188 4453 hoc
1205 4411 1273 4453 ex
1294 4398 1549 4460 archivo,
1574 4401 1847 4465 tanquam

219 4483 415 4546 indicia
440 4491 717 4547 subversa
749 4503 817 4544 ex
854 4496 995 4545 tunc
1026 4488 1329 4558 potestatis
1350 4499 1633 4556 supremte
1682 4498 1852 4540 sum-

1969 3330 2154 3383 manci
2164 3334 2357 3398 patum
2372 3344 2683 3395 asservare,
2700 3332 3035 3388 schismatis
3046 3346 3177 3389 vero
3189 3334 3619 3404 antesignanos.

1964 3414 2309 3472 Guibertum
2348 3425 2405 3473 et
2448 3420 2777 3489 Henricum,
2811 3426 3116 3476 coronatos
3160 3422 3218 3475 in
3254 3422 3619 3477 Lateranensi

1966 3506 2322 3576 patriarchio
2360 3514 2414 3564 et
2467 3509 2525 3564 in
2575 3510 2870 3578 Vaticano,
2906 3523 3068 3565 sacra
3110 3514 3168 3565 et
3216 3510 3453 3580 profana
3488 3512 3622 3579 jura

1965 3601 2284 3652 evertentes
2311 3596 2548 3663 intueri,
2580 3597 2763 3652 donec
2796 3598 3198 3653 invenirentur
3236 3598 3481 3666 publica:
3513 3611 3627 3653 ma-

1962 3682 2192 3750 jestatis
2243 3684 2502 3739 vindices
2548 3684 2744 3740 ﬁdeles
2796 3686 2855 3738 B.
2884 3685 3051 3740 Petro
3076 3685 3252 3754 cives,
3285 3699 3351 3740 ac
3380 3686 3619 3742 Romani

1966 3770 2224 3824 nominis
2262 3776 2319 3825 et
2349 3771 2587 3827 virtutis
2635 3786 2930 3839 memores,
2980 3772 3082 3841 qui
3132 3773 3247 3828 haec
3290 3780 3542 3828 monstra
3588 3786 3621 3828 a

1965 3858 2290 3913 cervicibus
2316 3859 2717 3928 propulsarent
2739 3878 2753 3929 ;
2775 3861 2907 3930 quis
2930 3860 3130 3916 mirari
3154 3866 3344 3931 potuit
3372 3862 3428 3916 in
3451 3862 3624 3917 ChrO'

1965 3947 2097 4002 nico
2151 3948 2404 4003 secundo
2475 3950 2702 4020 Regesti
2769 3948 3024 4005 Farfensi
3097 3951 3454 4019 monasterii,
3518 3949 3619 4007 ubi

1965 4042 2154 4091 castra
2178 4049 2243 4092 ac
2263 4038 2623 4108 tyrannidem
2643 4038 2846 4093 ﬁxerat
2866 4039 3169 4105 Henricus,
3196 4053 3504 4110 suppressa
3527 4054 3623 4096 no-

1963 4126 2119 4181 mina
2151 4127 2487 4196 pontiﬁcum
2518 4127 2931 4198 legitimorum,
2957 4129 3262 4201 solumque
3296 4130 3619 4185 invasorem

1959 4214 2300 4271 Guibertum
2330 4215 2641 4271 Clementis
2667 4218 2738 4271 ΙΙΙ
2764 4218 2995 4273 nomine
3033 4232 3163 4273 cum
3193 4224 3459 4274 consorte
3484 4232 3617 4274 sce—

1962 4303 2144 4359 lerum
2177 4305 2420 4361 Henrico
2460 4312 2802 4375 postremam
2845 4307 3110 4377 paginam
3154 4306 3390 4375 implere
3420 4306 3432 4360 l
3465 4307 3617 4375 Quin

1961 4395 2135 4449 etiam
2167 4394 2467 4451 observare
2492 4396 2658 4464 juvat
2706 4395 2976 4451 Chronici
3031 4396 3268 4451 secundi
3304 4396 3616 4453 terminum

1960 4482 2218 4538 eumdem
2250 4498 2375 4539 esse
2420 4498 2486 4539 ac
2519 4484 2715 4540 saeculi
2754 4484 3071 4553 undecimi,
3126 4485 3262 4541 licet
3314 4485 3619 4557 Regestum

218 4589 416 4635 morum
448 4581 789 4651 pontiﬁcum
821 4579 880 4633 in
910 4591 1072 4634 suam
1098 4577 1400 4633 ditionem.
1436 4576 1619 4631 Pende
1649 4575 1851 4643 inspe—
1878 4568 1933 4629 D
1966 4576 2091 4626 acta
2124 4574 2441 4641 posteriora
2472 4574 2766 4630 contineat
2788 4588 2887 4644 per
2905 4588 3087 4630 annos
3121 4574 3505 4646 quadraginta
3523 4589 3621 4630 sa:-

217 4665 319 4721 ctio
340 4680 403 4724 ex
420 4671 637 4739 epocha
661 4669 1000 4739 consignata
1026 4668 1087 4722 in
1117 4666 1402 4721 Chronico
1442 4664 1713 4729 secundo,
1745 4676 1847 4719 seu

216 4753 876 4827 GregoriiCatinensisad
893 4770 1107 4812 annum
1128 4752 1285 4810 4532.
1306 4754 1403 4811 ubi
1430 4754 1669 4825 legitur:
1688 4756 1849 4807 Hen-

218 4845 345 4898 ricus
366 4848 471 4903 ΙΙΠ
506 4865 607 4902 rex
627 4847 703 4901 ad
722 4848 818 4901 hoc
842 4847 1231 4901 monasterium
1241 4846 1511 4914 peruenit.
1538 4844 1669 4898 Post
1691 4842 1850 4897 bien-

220 4931 359 4988 nium
375 4938 561 4992 statim
580 4934 963 5007 consequitur
987 4948 1097 4989 aara
1114 4934 1371 4990 deterior
1409 4934 1489 4987 ita
1530 4936 1801 5000 concepta
1826 4948 1840 4985 :

219 5018 430 5078 Clemens
452 5026 549 5097 Pp.
579 5029 682 5083 111.
706 5026 979 5079 Henricus
1008 5025 1327 5093 imperator.
1353 5020 1630 5089 Quisnam
1669 5019 1846 5075 fuerit

220 5106 307 5165 ille
326 5111 590 5186 Clemens,
617 5116 886 5188 quisnam
908 5113 1006 5169 ille
1024 5114 1326 5177 Henricus,
1347 5109 1580 5165 Baronii
1598 5108 1846 5164 Annales

219 5195 417 5257 docent.
465 5204 771 5274 Henricus,
805 5207 872 5261 ut
914 5201 985 5258 ab
1040 5202 1147 5257 hoc
1180 5199 1479 5268 incipiam,
1514 5204 1571 5253 et
1622 5197 1849 5253 acerri-

221 5297 331 5342 mus
355 5289 447 5347 ille
477 5293 664 5350 hostis
694 5292 1028 5363 apostolica:
1060 5290 1238 5357 sedis,
1273 5288 1445 5343 toties
1483 5288 1847 5343 anathemate

222 5379 510 5445 Perculsus,
539 5390 597 5438 et
626 5382 1036 5439 communione
1066 5393 1131 5434 ac
1165 5390 1341 5447 regno
1372 5376 1634 5445 privatus
1664 5376 1846 5430 itera-

221 5460 287 5517 tis
307 5471 971 5528 sententiissummorum
997 5466 1332 5537 pontiﬁcum
1359 5464 1841 5532 etconciliorum;

221 5554 311 5620 (ιυὶ
339 5569 506 5615 ausus
535 5567 735 5616 contra
754 5561 810 5614 S.
827 5558 1170 5630 Gregorium
1185 5556 1277 5610 VII
1291 5554 1512 5622 judicia
1534 5553 1838 5619 intentare,

224 5653 306 5707 ρει·
328 5662 601 5706 summum
636 5650 844 5706 scelus.
876 5648 1219 5705 Guibertum
1244 5644 1574 5713 antipapam
1594 5643 1844 5697 Clemen-

222 5729 289 5786 tis
309 5734 375 5792 ΙΙΙ
401 5740 628 5796 nomine
660 5738 918 5810 obtrudi,
968 5744 1025 5794 et
1047 5751 1198 5793 anno
1244 5732 1403 5803 4083,
1436 5747 1565 5791 cum
1608 5734 1841 5788 Romam

1965 4660 2083 4714 culi
2116 4660 2544 4732 subsequentis.
2581 4662 2736 4718 Unde
2761 4663 3036 4735 colligere
3067 4678 3376 4733 possumus
3395 4665 3618 4732 Grego-

1960 4747 2111 4802 rium
2141 4750 2503 4805 Catinensem
2531 4757 2815 4820 postrema
2846 4752 2962 4807 haec
2976 4758 3233 4820 tempora
3265 4764 3376 4805 non
3400 4750 3619 4820 signas-

1958 4849 2036 4902 se,
2070 4837 2166 4892 sed
2195 4837 2502 4894 factiosum
2533 4838 2786 4910 aliquem
2819 4852 3226 4895 amanuensem
3252 4838 3401 4892 Petri
3429 4837 3616 4892 abba-

1955 4926 2055 4997 tis,
2092 4926 2382 4984 Farfensis
2415 4946 2427 4982 :
2460 4928 2531 4983 de
2580 4942 2695 4997 quo
2724 4928 2929 4982 abbate
2985 4924 3288 4980 consulere
3341 4924 3488 4978 satis
3532 4933 3620 4980 est

1951 5017 2243 5086 Spondani
2282 5018 2584 5086 Epitomen
2632 5015 3007 5070 Baronianam
3044 5026 3114 5066 ex
3164 5011 3615 5069 Bibliothecario

1956 5106 2068 5163 ista
2098 5106 2461 5177 colligentem
2492 5105 2561 5158 ad
2609 5115 2825 5157 annum
2860 5099 3000 5155 4408
3033 5117 3047 5153 :
3098 5120 3124 5151 α
3155 5099 3340 5169 Αηηο,
3398 5100 3613 5173 inquit,

1952 5195 2172 5249 Christi
2200 5193 2511 5248 millesimo
2527 5190 2841 5244 centesimo
2858 5194 3055 5243 octavo
3069 5187 3390 5243 indictione
3408 5188 3612 5259 prima,

1957 5280 2254 5337 Paschalis
2272 5293 2416 5349 papa
2441 5280 2527 5347 (ut
2553 5285 2756 5332 auctor
2775 5282 2862 5331 est
2890 5275 3393 5347 Bibliothecarius)
3412 5292 3618 5337 rursus

1959 5368 2387 5427 tumultuantes
2417 5366 2694 5435 quosdam
2728 5366 3115 5421 Romanorum
3148 5366 3417 5435 (quorum
3444 5368 3619 5437 prin-

1955 5460 2118 5529 cipes
2146 5460 2310 5511 erant
2334 5453 2659 5509 Ptolomeus
2690 5467 2881 5509 comes
2910 5453 3295 5521 Tusculanus,
3325 5462 3380 5510 et
3413 5458 3616 5513 Petrus

1955 5550 2027 5606 de
2068 5546 2346 5602 Columna
2400 5541 2577 5597 abbas
2628 5542 2939 5612 Farfensis)
2998 5548 3370 5612 usurpatores
3424 5561 3613 5602 rerum

1955 5635 2249 5703 Ecclesiae,
2281 5631 2546 5700 aliosque
2567 5634 2634 5689 ad
2669 5631 3045 5689 defectionem
3085 5632 3359 5702 populum
3386 5649 3617 5703 permo-

1957 5731 2152 5783 ventes
2168 5719 2543 5791 compescuit,
2568 5735 2739 5793 Opera
2768 5720 3013 5777 maxime
3036 5722 3191 5777 Petri
3218 5720 3425 5777 Leonis
3444 5728 3617 5790 atque
