3950 6396
307 449 412 506 3‘23

1090 450 1183 504 AD
1220 448 1654 503 ANASTASIUM
1693 446 2206 503 PROLEGOMENA
2251 448 2428 502 EDIT.
2470 447 2899 505 ROM.—VATIC.

3612 446 3718 504 324

308 575 512 630 Leonis
538 577 936 647 Frangipanis,
972 576 1475 632 nobilissimorum
1503 576 1713 630 civium
1742 577 1952 628 Roma—
1982 569 2043 629 A
2072 572 2592 645 chronographiam
2641 576 2877 631 secundi
2933 576 3108 645 hujus
3149 573 3443 643 Chronici,
3492 587 3558 629 ea
3604 588 3719 630 non

309 676 510 719 norum
539 666 785 720 ﬁdeliter
818 680 918 735 pro
950 668 1074 734 ipso
1096 666 1371 720 Paschale
1399 665 1711 734 agentium.
1750 680 1774 710 υ

378 753 921 823 Miroranonymum
944 754 1111 809 illum
1138 755 1496 821 scriptorem,
1527 753 1625 822 qui
1649 764 1798 805 anno
1824 748 1959 805 4689

306 843 553 898 Parisiis
573 844 760 897 edidit.
781 858 895 898 una
922 858 1052 897 cam
1076 843 1486 897 dissertatione
1505 842 1779 896 historica
1804 842 1957 896 circa

309 934 658 986 numismata
703 932 981 987 nonnulla
1011 931 1200 986 Caroli
1233 932 1445 1002 Magni,
1479 938 1534 985 et
1563 944 1957 985 successorum

307 1020 497 1074 Romae
545 1021 792 1090 signata,
842 1021 1013 1075 etiam
1050 1021 1256 1075 Actum
1297 1034 1364 1074 ex
1416 1020 1648 1073 archivo
1680 1017 1954 1081 Farfensi,

307 1121 431 1176 cap,
462 1106 518 1176 8,
549 1110 918 1178 productum,
942 1110 1232 1178 pertinens
1252 1109 1321 1163 ad
1349 1122 1561 1163 annum
1590 1105 1728 1161 ΗΟό
1758 1122 1825 1161 ex
1845 1119 1957 1175 quo

310 1195 628 1267 infringere
660 1212 718 1251 se
752 1211 915 1267 posse
955 1199 1177 1268 putavit
1201 1199 1332 1266 jura
1379 1210 1656 1266 supremae
1688 1196 1961 1249 domina-

308 1285 490 1339 tionis
520 1300 877 1341 summorum
912 1286 1243 1355 pontiﬁcum
1278 1287 1335 1341 in
1360 1301 1518 1340 suam
1537 1286 1835 1352 ditionem,
1868 1299 1960 1339 uo-

308 1372 486 1427 luerit
516 1376 809 1429 attendere
840 1389 899 1429 se
941 1376 1041 1429 illa
1073 1376 1325 1429 mutuari
1356 1389 1385 1429 e
1408 1375 1647 1429 scriniis
1674 1373 1822 1427 Petri
1850 1373 1959 1427 ab—

308 1460 458 1516 batis
488 1462 797 1531 Farfensis,
829 1464 997 1519 ducis
1031 1465 1412 1532 perduellium
1444 1464 1500 1518 S.
1533 1464 1594 1516 R.
1628 1465 1684 1516 E.
1724 1476 1820 1529 per
1858 1462 1955 1516 illa

307 1555 580 1619 tempora,
614 1551 827 1620 quibus
848 1553 1119 1620 antipapa
1146 1559 1202 1606 et
1234 1551 1611 1605 haeresiarcha
1642 1549 1957 1604 Guibertus

307 1639 589 1706 ejusmodi
615 1639 814 1694 farinae
855 1641 1191 1696 hominibus
1212 1641 1482 1695 ecclesias
1514 1654 1576 1693 ac
1607 1640 1956 1693 monasteria

307 1727 669 1796 repleverat;
719 1730 788 1784 de
846 1745 956 1799 quo
1021 1731 1097 1784 ita
1154 1730 1357 1785 scribit
1408 1731 1512 1783 Leo
1560 1728 1848 1782 Ostiensis
1897 1728 1955 1781 in

304 1814 589 1870 Chronico
618 1818 968 1887 Cassinensi,
1001 1819 1083 1873 lib
1112 1833 1195 1882 III,
1225 1833 1347 1887 cap.
1372 1815 1441 1873 70
1471 1840 1483 1873 .
1517 1839 1541 1869 α
1572 1817 1680 1886 Qui
1703 1816 1958 1871 Guiber—

2069 660 2543 734 distinguentem,
2595 679 2663 719 ex
2708 678 2856 720 anno
2917 663 3054 721 4050
3106 665 3349 720 minoris
3400 663 3719 718 habendam

2071 763 2288 806 moneo.
2306 752 2601 821 Superiori
2626 760 2787 808 :etate
2808 753 3357 823 occurruntaliquot
3380 751 3720 821 pontiﬁcum

2068 840 2296 907 epochze
2320 841 2538 896 iteratae
2564 849 2690 911 post
2716 843 3012 898 biennium
3032 849 3133 898 aut
3154 842 3493 910 triennium,
3516 852 3720 909 nempe

2070 927 2314 996 Eugenii
2342 931 2408 998 II,
2439 931 2507 985 ad
2540 945 2721 986 annos
2746 930 2851 985 820
2876 938 2932 986 et
2957 928 3065 985 823
3097 949 3111 999 ;
3143 930 3328 1001 Sergii
3362 931 3430 994 II,
3463 930 3533 984 ad
3576 941 3715 983 ann.

2068 1014 2175 1069 838
2212 1023 2267 1072 et
2303 1016 2401 1073 8H
2432 1037 2447 1085 ;
2484 1020 2688 1075 Leonis
2719 1020 2933 1089 quarti,
2967 1019 3035 1074 ad
3077 1032 3211 1073 ann.
3269 1016 3376 1073 830
3399 1026 3456 1073 et
3505 1014 3633 1081 833,
3659 1022 3719 1072 et

2067 1104 2359 1161 Anastasii
2380 1108 2537 1162 tertii
2561 1110 2630 1163 ad
2650 1122 2783 1163 ann.
2815 1106 2921 1163 906
2944 1114 3003 1162 et
3022 1105 3148 1176 908,
3179 1120 3296 1163 uno
3328 1106 3452 1162 loco
3477 1105 3717 1175 abmsze,

2072 1200 2135 1248 ut
2157 1196 2224 1249 ad
2250 1194 2494 1251 alterum
2520 1197 2990 1254 transferrentur.
3026 1197 3282 1253 Redditaa
3305 1201 3445 1252 sunt
3474 1203 3723 1267 utroque

2073 1282 2131 1336 in
2164 1282 2308 1353 loco,
2355 1300 2485 1341 cum
2518 1300 2629 1341 non
2664 1287 2806 1341 satis
2853 1292 3074 1342 constet
3114 1291 3244 1341 utra
3287 1299 3483 1340 earum
3510 1285 3581 1341 ab
3606 1300 3722 1342 au-

2068 1376 2226 1427 ctore
2250 1373 2521 1428 Chronici
2554 1376 2801 1444 primum
2836 1376 3060 1446 signata
3090 1374 3270 1430 fuerit
3292 1392 3309 1445 ς
3334 1388 3517 1444 neque
3534 1388 3722 1445 appa-

2068 1467 2188 1515 reat
2251 1475 2384 1516 num
2441 1464 2562 1531 ipse
2623 1464 3042 1531 posterioribus
3092 1465 3253 1519 curis
3308 1477 3379 1518 an
3435 1463 3722 1519 recentior

2070 1550 2359 1619 quispiam
2414 1550 2894 1607 bibliothecarius
2923 1566 2990 1607 ex
3037 1552 3282 1622 repertis
3311 1552 3504 1608 serius
3531 1553 3725 1607 docu—

2070 1639 2279 1693 mentis
2329 1640 2577 1707 priorem
2632 1641 2931 1696 lectionem
2973 1648 3301 1697 mutaverit.
3335 1642 3527 1697 Nostri
3563 1640 3718 1710 quod

2068 1733 2191 1781 erat
2220 1729 2494 1795 muneris,
2532 1730 2780 1785 ﬁdeliter
2821 1731 3207 1785 indicavimus
3239 1731 3411 1785 etiam
3448 1730 3592 1784 vitia
3622 1734 3719 1783 at—

2070 1817 2504 1884 queerasiones,
2534 1831 2601 1871 ne
2622 1818 2911 1887 quispiam
2940 1819 3067 1887 plus
3099 1819 3336 1877 tribuat.
3362 1824 3465 1874 aut
3497 1832 3593 1887 per
3614 1830 3721 1873 nos

308 1908 421 1969 tus,
452 1905 621 1959 etiam
672 1907 855 1974 pulsis
910 1908 1214 1962 catholicis
1241 1907 1530 1977 θρὶεςοιιὶδ
1562 1912 1618 1960 et
1646 1904 1955 1960 abbatibus
1989 1895 2041 1955 B
2069 1904 2350 1959 tributum
2390 1905 2707 1961 arbitretur
2750 1907 2841 1961 his
2872 1908 3240 1977 chronologis
3261 1922 3430 1977 quam
3474 1921 3573 1977 par
3616 1907 3717 1961 sit.

305 1991 675 2047 ecclesiarum
714 1997 1056 2064 pra-positis,
1086 1997 1324 2051 scientia
1349 1998 1563 2065 pariter
1591 2001 1649 2048 et
1676 1995 1955 2064 religione

306 2080 677 2149 pollentibus,
712 2085 1016 2140 sceleratos
1036 2094 1091 2139 et
1120 2086 1330 2140 idiotas
1349 2085 1600 2155 singulis
1618 2084 1955 2139 civitatibus

304 2174 360 2223 et
388 2171 669 2226 cmnobiis
691 2174 776 2227 vel
804 2175 1092 2242 ecclesiis,
1124 2175 1407 2243 singulos.
1443 2174 1730 2227 interdum
1762 2180 1952 2228 autem

304 2255 474 2312 binos
499 2260 583 2313 vel
606 2274 830 2315 annuos
875 2264 1137 2329 przclatos
1168 2262 1485 2316 damnabili
1518 2262 1733 2329 prioris
1767 2262 1956 2329 magi—

302 2346 409 2399 stri
436 2349 527 2403 sui
558 2349 814 2403 Simonis
859 2351 1005 2417 Magi
1051 2351 1425 2403 mercimonio
1477 2348 1858 2411 substituens,
1896 2349 1955 2401 in

308 2437 840 2504 deprtedationibus
872 2445 1203 2491 sanctorum
1237 2436 1493 2490 locorum
1528 2442 1583 2489 et
1602 2436 1957 2488 Christiano-

305 2539 433 2579 rum
476 2526 590 2579 sibi
642 2540 752 2579 non
796 2526 1128 2591 faventium,
1167 2525 1301 2588 imo,
1336 2529 1391 2577 et
1436 2522 1777 2585 faventium,
1818 2524 1956 2575 dum

304 2625 417 2665 non
496 2619 646 2666 esset
705 2615 803 2682 qui
871 2619 1091 2666 armato
1141 2611 1455 2680 resisteret,
1508 2611 1673 2679 longe
1732 2610 1957 2677 lateque

305 2699 604 2753 voluntate
625 2702 857 2768 quidem
876 2700 1121 2753 Neronis
1137 2706 1192 2753 et
1218 2698 1395 2769 Decii,
1426 2698 1520 2753 sed
1557 2698 1749 2753 minus
1780 2698 1954 2767 possi-

307 2786 539 2842 bilitate
565 2797 856 2843 crassatus
885 2794 996 2842 est.
1032 2807 1057 2836 »

376 2876 580 2930 Simile
611 2877 909 2945 quidpiam
961 2876 1210 2945 contigit
1262 2876 1364 2930 hoc
1397 2876 1523 2945 ipso
1566 2877 1624 2931 in
1671 2876 1954 2932 Chronico

307 2965 559 3021 secundo
584 2965 738 3020 circa
765 2966 1014 3020 medium
1044 2964 1240 3019 saeculi
1260 2965 1491 3031 decimi,
1520 2966 1588 3019 ad
1611 2979 1959 3035 consequen-

306 3054 387 3107 tia
428 3059 703 3121 tempora,
752 3054 983 3123 quando
1025 3052 1305 3107 fat-tiones
1350 3053 1408 3107 in
1451 3054 1615 3109 Italia
1660 3066 1725 3108 ac
1767 3055 1955 3109 Roma:

306 3142 622 3210 przesertim
661 3141 910 3197 suborta:
936 3140 1156 3196 crebris
1182 3141 1597 3197 schismatibus
1646 3142 1952 3197 Ecclesiam

2068 1994 2127 2047 In
2156 1994 2541 2061 prioriautem
2561 1996 2931 2065 chronologia
2968 1997 3299 2065 pontiﬁcum
3334 1996 3720 2051 Romanorum

2066 2082 2255 2150 (quam
2291 2082 2461 2136 habes
2507 2082 2655 2138 infra
2701 2084 2792 2138 his
2835 2086 2893 2138 in
2939 2085 3376 2155 prolegomenis)
3427 2084 3721 2153 descripta

2066 2183 2135 2223 ex
2160 2171 2279 2225 alio
2324 2172 2604 2227 anteriori
2636 2174 2850 2237 codice,
2902 2189 3070 2243 quem
3122 2181 3321 2230 vocant
3366 2175 3720 2229 Chronicum

2067 2258 2352 2325 Farfense,
2387 2260 2486 2314 ubi
2512 2264 2805 2316 erasiones
2838 2264 3030 2317 nullas
3056 2265 3401 2334 invenimus,
3440 2264 3498 2318 in
3524 2261 3725 2332 penul-

2068 2347 2209 2401 timo
2241 2354 2461 2402 tantum
2482 2363 2648 2403 versu
2674 2350 3032 2406 Bonifacium
3061 2353 3413 2421 antipapam,
3432 2358 3490 2407 et
3510 2355 3723 2421 quarto

2066 2440 2199 2487 ante
2231 2434 2394 2488 illum
2441 2435 2564 2490 loco
2606 2438 2842 2491 Leonem
2904 2439 3118 2505 pariter
3168 2440 3721 2507 pseudopontiﬁcem

2067 2521 2251 2575 Octavi
2286 2523 2517 2575 nomine
2549 2523 2839 2577 intrusum
2859 2538 2985 2579 cum
3010 2525 3437 2595 oﬁ‘enderimus,
3474 2526 3723 2583 fortasse

2066 2608 2295 2663 additos
2326 2610 2692 2677 suspicamur
2736 2611 2806 2665 ab
2854 2612 3123 2681 imperito
3155 2613 3384 2667 homine
3410 2616 3721 2670 vetustiori

2065 2709 2134 2750 ex
2163 2697 2429 2768 Catalogo
2472 2698 2530 2752 in
2571 2698 3028 2767 prtecedentibus
3068 2702 3403 2756 desinente:
3444 2701 3541 2757 ubi
3572 2704 3722 2758 vitio

2066 2788 2456 2855 amanuensis,
2488 2794 2551 2843 ut
2580 2788 2854 2858 arbitror,
2884 2798 3014 2844 ante
3031 2791 3450 2860 Marinum(qui
3472 2801 3719 2859 quartus

2069 2876 2424 2943 praeponitur
2457 2883 2767 2932 memorato
2804 2878 2994 2947 Leoni)
3039 2885 3153 2933 tres
3187 2880 3487 2947 pontiﬁces
3511 2880 3717 2935 omissi

2066 2970 2222 3033 sunt,
2252 2966 2495 3020 Joannes
2526 2967 2623 3031 XI,
2651 2968 2758 3021 Leo
2783 2968 2875 3021 VII
2905 2975 2961 3021 et
2984 2968 3275 3036 Stphanus
3290 2970 3389 3023 IX.

2134 3053 2345 3109 Caetera
2394 3055 2454 3109 in
2493 3056 2689 3111 eodem
2742 3055 2923 3124 priori
2982 3057 3267 3112 Chronico
3315 3064 3462 3113 recte
3508 3071 3715 3127 proce—

2065 3141 2232 3196 dunt

307 3228 773 3297 proscindebant.
820 3229 1070 3298 Apparet
1113 3242 1210 3296 per
1232 3230 1457 3283 eosdem
1484 3243 1665 3284 annos
1711 3230 1952 3285 vitiatus
1984 3215 2035 3281 C
2138 3232 2450 3303 Hacigitur
2478 3233 2770 3303 praemissa
2795 3234 3004 3289 notitia
3030 3235 3289 3291 codicum
3318 3240 3711 3303 etauctorum,

304 3318 481 3373 codex
507 3318 768 3372 erasione
800 3320 1095 3373 nominum
1120 3332 1183 3371 ac
1207 3319 1655 3385 tmuspositione
1674 3318 1956 3387 legitimo-

306 3420 431 3460 rum
452 3406 807 3474 pontiﬁcum,
826 3406 920 3460 sed
946 3406 1308 3473 potissimum
1327 3406 1753 3461 intermissione
1776 3407 1956 3461 schis-

308 3494 652 3550 maticorum
696 3500 869 3565 atque
922 3493 1281 3548 intrusorum
1333 3508 1577 3563 quorum
1620 3496 1955 3551 nominibus

300 3582 612 3637 asteriscos
640 3588 695 3638 et
726 3583 924 3638 breves
942 3590 1106 3637 notas
1135 3582 1193 3636 in
1219 3583 1477 3652 margine
1496 3583 1785 3638 addendas
1814 3598 1956 3638 cen-

305 3670 423 3740 sui,
462 3676 528 3727 ut
548 3669 783 3726 facilius
809 3671 1029 3726 secerni
1055 3678 1305 3740 possent.
1339 3672 1439 3726 His
1459 3673 1633 3726 etiam
1663 3673 1734 3727 de
1762 3675 1957 3728 causis

1297 3983 1859 4055 CATALOGUS

2066 3320 2178 3375 tria
2226 3322 2326 3375 illa
2357 3322 2634 3391 Opuscula
2684 3323 3091 3395 chronologica
3121 3324 3253 3379 inde
3283 3332 3550 3380 accurate
3604 3325 3719 3380 de-

2065 3410 2280 3478 scripta
2327 3416 2452 3467 tuto
2507 3409 2759 3479 proferre
2802 3412 2919 3480 jam
2978 3426 3305 3481 possumus,
3365 3420 3560 3483 utpote
3586 3413 3716 3469 suis

2065 3500 2235 3553 etiam
2248 3500 2413 3555 vitiis
2435 3506 2491 3555 et
2507 3500 2885 3556 schismatum
2906 3501 3146 3557 indiciis
3162 3502 3392 3558 veritati
3421 3502 3715 3557 historica

2069 3585 2389 3656 profutura.

1972 3986 2707 4059 IMPERATORUM.

1428 4153 1471 4195 Α
1506 4154 1691 4197 JULIO
1736 4154 1982 4198 CESARE
2026 4155 2112 4199 AD
2141 4156 2481 4201 HENRICUM
2521 4158 2591 4201 III

312 4291 440 4354 Ubi
457 4292 662 4355 etiam
691 4292 954 4372 legitur
979 4295 1192 4355 series
1232 4311 1468 4372 regam
1523 4297 1885 4357 G’ot/zormn
1915 4302 1979 4359 et
2030 4299 2649 4379 Langobardorum,
2697 4317 2845 4361 cum
2879 4301 3161 4363 ducibus
3217 4300 3613 4383 Spoletanz's
3637 4318 3718 4364 ac

892 4392 1398 4452 Beneventanis
1420 4409 1673 4453 necnon
1690 4394 2021 4475 pluribus
2052 4397 2404 4459 comitibus
2432 4396 2836 4461 Sabinensis
2865 4402 3131 4462 tractas

1670 4553 1761 4614 (EX
1792 4554 2054 4604 Chronico
2091 4556 2360 4621 Farfcnsi.)

1798 4703 2213 4715 —_

373 4835 565 4891 Julius
593 4835 783 4890 Cesar.
815 4832 1004 4889 Primo
1026 4834 1495 4904 imperavitanno
1516 4834 1687 4892 Urbis
1711 4839 1955 4895 condita:
1987 4839 2041 4899 D
2071 4841 2254 4911 Hujus
2298 4857 2449 4899 anno
2496 4845 2615 4899 XV.
2657 4844 2927 4901 Christus
2976 4845 3302 4916 baptizatus
3349 4851 3475 4902 est:
3515 4846 3714 4916 XVIII,

302 4925 656 4979 DCXCVII".

376 5014 725 5070 Octavianus
774 5014 933 5069 ﬁlius
983 5013 1205 5068 Octavii
1249 5014 1543 5069 Senatoris
1589 5034 1604 5085 ;
1652 5016 1955 5085 imperavit

303 5103 474 5157 annis
504 5103 608 5173 leg.
677 5104 806 5157 LVI.
842 5103 1028 5157 XLVI.
1065 5122 1080 5170 ς
1110 5103 1257 5157 vixit
1290 5103 1560 5157 LXXVII.
1598 5104 1779 5173 IIujus
1804 5119 1955 5161 anno

307 5192 537 5260 imperii
582 5192 745 5246 XLII.
793 5193 956 5246 Jesus
984 5192 1252 5246 Christus
1292 5192 1479 5247 Filius
1525 5194 1623 5247 Dei
1676 5195 1955 5250 Dominus

307 5288 500 5333 noster
524 5280 844 5336 Secundum
878 5280 1191 5335 Hebraeosa
1218 5282 1417 5337 mundi
1452 5282 1741 5350 principio
1784 5286 1956 5337 annis

305 5373 489 5421 aetate.
522 5369 843 5423 Secundum
873 5369 1133 5423 Hebraeos
1164 5383 1195 5424 a
1238 5371 1435 5424 mundi
1468 5372 1757 5440 principio
1788 5374 1957 5427 annis

306 5447 391 5517 It—I.
426 5465 744 5519 DCCCCLII.
800 5467 1121 5521 Secundum
1152 5468 1378 5523 Graecos
1419 5470 1587 5523 annis
1625 5451 1714 5523 ἶι.
1766 5471 1952 5525 DVIII.

305 5551 477 5605 Urbis
503 5552 714 5606 DCCLI.
750 5555 902 5606 obiit.

375 5640 675 5711 Tyberius,
740 5642 1060 5715 privignus,
1097 5658 1287 5716 gener,
1342 5653 1397 5699 et
1447 5646 1606 5701 ﬁlius
1650 5648 1956 5715 adoptione

304 5730 550 5801 Augusti
609 5731 916 5799 imperavit
978 5734 1147 5787 annis
1190 5734 1395 5804 XXIII,
1457 5736 1605 5789 vixit
1651 5737 1950 5792 LXXXIII.

2070 4944 2290 5001 passus,
2315 4934 2465 4987 obiit.

2135 5020 2249 5073 Hoc
2288 5023 2345 5073 in
2378 5021 2638 5075 Chronico
2682 5027 2896 5077 numeri
2934 5040 3142 5093 semper
3188 5027 3571 5094 exprimuntur
3614 5041 3722 5092 per

2068 5108 2253 5159 literas
2280 5112 2586 5164 numeratos
2626 5113 2904 5181 alphabeti
2931 5115 3133 5167 Latini.
3191 5112 3505 5181 Compendii
3535 5118 3719 5168 tamen

2066 5212 2257 5249 caussa
2288 5200 2574 5253 reddemus
2600 5207 2877 5268 sequentes
2894 5218 2993 5269 per
3022 5205 3193 5269 ci/‘ras
3219 5203 3509 5256 Arabicas.

2137 5285 2314 5353 Gajus
2335 5287 2633 5355 Callicula,
2670 5303 2843 5357 nepos
2873 5290 3088 5345 Tiberii
3131 5304 3264 5345 ann.
3308 5289 3364 5361 3,
3416 5304 3594 5345 mens.
3624 5286 3714 5361 40,

2066 5374 2193 5428 dies
2221 5378 2273 5442 δ,
2306 5376 2453 5429 vixit
2478 5378 2649 5431 annis
2678 5376 2767 5449 39,
2792 5381 3017 5432 occisus.

2135 5472 2414 5528 Claudius
2434 5482 2671 5543 patruus
2685 5477 2977 5532 Calliculae
2996 5478 3164 5533 Drusi
3193 5477 3445 5549 privigni
3468 5478 3716 5548 Augusti

2065 5560 2383 5616 Octaviani.
2414 5564 2595 5631 Hujus
2616 5579 2765 5620 anno
2782 5567 3033 5621 secundo
3064 5567 3262 5621 Petrus
3280 5568 3510 5621 Romam
3532 5566 3715 5635 venit,

2066 5663 2218 5703 anno
2239 5650 2545 5705 dominica:
2572 5655 2992 5711 Incarnationis
3033 5652 3120 5726 45,
3155 5661 3212 5710 et
3241 5655 3393 5711 sedit
3426 5656 3482 5711 in
3510 5655 3719 5711 cathe—

2070 5738 2175 5793 dra
2195 5740 2365 5795 annis
2393 5738 2485 5809 25,
2513 5742 2666 5795 obiit.
