3950 6464
189 350 280 410 329
1464 346 1807 404 CATALOG.
1848 347 2062 403 suum.
2106 345 2306 402 PONT.
3492 355 3598 416 330

248 475 574 533 Haistulfus
603 490 762 548 regn.
1858 472 1916 531 A
2013 472 2126 526 Azo
2156 485 2346 527 comes
2363 471 2560 528 Sabin.

245 566 595 621 Desiderius
618 577 926 636 germanus
972 563 1208 619 Rachisi
1241 563 1414 634 regis.
1458 563 1564 617 Hic
1593 574 1832 633 regnum
2011 560 2218 630 .Ioseph
2248 562 2367 616 dux
2395 560 2591 616 Sabin.

191 654 428 726 perdidit
458 655 614 710 circa
640 667 856 710 annum
885 656 1106 708 Incarn.
1137 652 1194 708 (1.
1218 649 1324 708 774
1343 659 1400 708 et
1421 666 1534 708 una
1553 665 1684 707 cum
1706 662 1835 706 con-
2012 649 2197 704 Teuzo
2223 663 2412 705 comes
2435 649 2631 704 Sabin.

184 745 304 815 juge
335 742 395 798 in
427 742 724 798 Franciam
754 747 841 797 est
868 742 1114 798 delatus.
2013 737 2449 794 Transmundus
2471 739 2611 794 dux.

249 832 636 887 Theodoricus
663 831 782 887 dux
813 831 1027 900 Spolet.
2013 824 2145 882 Otto
2177 824 2228 895 4,
2263 827 2577 896 imperator
2605 839 2755 884 anno
2780 828 3009 885 Domini
3039 827 3166 888 960.

251 921 670 989 Hildeprandus
701 920 819 976 dux
849 920 1062 990 Spolet.
1502 948 1510 958 ς
2014 913 2325 970 Pandolfus
2357 915 2642 986 princeps,
2671 921 2728 972 et
2755 916 3032 974 marcbio.

251 1009 558 1067 Guinichis
582 1011 700 1065 dux
728 1009 940 1078 Spolet.
2013 1003 2354 1060 Benedictus
2389 1017 2600 1060 comes.

253 1099 512 1167 Karolus,
533 1112 630 1154 rex
647 1100 1017 1167 Francorum,
1032 1100 1090 1153 et
1113 1097 1498 1153 Romanorum
1523 1096 1835 1166 imperator
2013 1092 2377 1148 Crescentius
2403 1106 2609 1148 comes.

190 1189 402 1259 primus
443 1188 603 1244 ﬁlius
642 1187 834 1257 Pipini
868 1187 1022 1258 regis
1064 1187 1334 1242 Francor.
1359 1186 1678 1242 Coronatur
1696 1197 1829 1240 ann.
2012 1183 2297 1238 Johannes
2317 1196 2526 1238 comes.

189 1279 338 1334 Dom.
368 1273 495 1332 774.
2013 1271 2422 1341 TbeOphanius
2450 1272 2588 1341 imp.
2617 1284 2768 1328 anno
2797 1273 3029 1331 Domini
3051 1273 3176 1333 990.

255 1367 493 1435 Pipinus
516 1365 674 1422 ﬁlius
701 1366 892 1422 Caroli
926 1366 1063 1435 imp.
2015 1361 2148 1418 Otto
2176 1359 2230 1430 3,
2265 1361 2426 1417 ﬁlius
2452 1360 2683 1417 Ottonis
2709 1359 2765 1430 2,
2799 1362 3002 1433 imper.
3033 1377 3185 1422 anno
3207 1365 3438 1424 Domini
3472 1365 3599 1426 996.

253 1453 562 1510 Guinichis
590 1454 709 1510 dux
729 1454 945 1524 Spolet.
1130 1500 1135 1505 .
2018 1449 2348 1519 Bainerius,
2379 1454 2435 1504 et
2455 1449 2821 1507 Crescentius
2849 1452 3108 1510 comites.

252 1542 496 1598 Karolus
521 1540 558 1598 2
585 1543 724 1612 imp.
2018 1539 2304 1594 Girardus
2324 1552 2534 1594 comes.

252 1631 541 1686 Bernadus
565 1643 663 1686 rex
691 1629 1045 1702 Langobard.
2017 1628 2304 1683 Jobannes
2325 1640 2532 1683 comes.

249 1718 575 1774 Ludovicus
599 1718 910 1788 imperator
941 1716 992 1786 4,
1018 1717 1177 1774 ﬁlius
1199 1715 1413 1773 Caroli.
2019 1716 2326 1772 Heinricus
2350 1713 2400 1781 4,
2426 1729 2523 1772 rex
2551 1729 2702 1772 anno
2729 1719 2960 1776 Domini
2993 1718 3150 1778 4003.

249 1806 559 1862 Lotbarius
590 1807 748 1862 ﬁlius
774 1807 1048 1864 Ludovici
1082 1804 1135 1876 4,
1165 1807 1495 1876 imperator.
1871 1792 1926 1853 Β
2021 1805 2331 1860 Heinricus
2359 1802 2412 1869 2,
2449 1818 2548 1860 rex
2581 1804 2631 1873 4,
2666 1805 2978 1877 imperator
3002 1823 3152 1867 anno
3180 1811 3412 1868 Domini
3445 1809 3604 1870 4044.

248 1895 540 1952 Gerardus
567 1896 708 1952 dux.
2020 1894 2409 1963 Crescentius,
2439 1899 2494 1949 et
2519 1893 2680 1951 Oddo
2704 1897 2964 1953 comites.

247 1985 671 2040 Eschrotonius
700 1997 912 2040 comes.
2023 1982 2181 2038 Odde
2200 1987 2256 2037 et
2277 1983 2400 2037 Ber.
2433 1982 2694 2038 comites.

245 2073 635 2144 Berengarius
662 2072 801 2130 dux.
2023 2072 2340 2143 Gregorius
2380 2085 2588 2128 comes.

243 2162 582 2218 Ludovicus
609 2159 646 2215 2
677 2162 1010 2232 imperator,
1047 2161 1208 2218 ﬁlius
1238 2160 1521 2216 Lotharii.
2023 2161 2184 2218 Oddo
2213 2165 2270 2217 et
2297 2162 2501 2217 Petrus
2529 2162 2790 2218 comites.

242 2250 505 2306 Karolus
535 2248 586 2319 4,
624 2250 782 2326 ﬁlius
812 2250 1086 2306 Ludovici
1119 2251 1257 2320 imp.
1286 2263 1436 2305 anno
1461 2247 1690 2305 Domini
1715 2244 1840 2303 880.
2024 2249 2185 2307 Oddo
2229 2255 2284 2306 et
2312 2251 2676 2307 Crescentius
2703 2252 2959 2324 germani
2992 2255 3252 2312 comites.

240 2338 503 2394 Karolus
547 2339 876 2407 imperator.
2024 2339 2406 2396 Chuonradus
2428 2342 2631 2409 lmper.
2655 2354 2807 2397 anno
2835 2342 3065 2398 Domini
3090 2341 3247 2400 4028.

242 2427 443 2484 Guido
465 2427 735 2495 princeps
767 2427 946 2481 Italiae
982 2427 1181 2496 imper.
1204 2440 1354 2483 anno
1382 2426 1614 2483 Domini
1643 2423 1770 2481 890.
2027 2428 2411 2494 Crescentius,
2441 2433 2498 2482 et
2519 2428 2806 2483 Iohannes
2830 2443 3008 2500 nepos
3034 2431 3181 2501 ejus.

245 2516 594 2572 Lambertus
625 2515 784 2571 ﬁlius
813 2516 1102 2572 Guidonis
1136 2517 1337 2585 imper.
2027 2516 2313 2571 Johannes
2335 2516 2643 2571 Patricius.

244 2606 408 2675 Hugo
454 2617 552 2660 rex
579 2617 730 2659 anno
771 2605 1002 2659 Domini
1036 2601 1162 2658 927.
2027 2604 2392 2660 Crescentius
2429 2611 2484 2660 et
2515 2605 2646 2660 Otto
2675 2605 2934 2663 comites.

243 2695 566 2749 Lotharius
591 2693 751 2748 ﬁlius
783 2692 1041 2763 Hugonis
1073 2692 1246 2764 regis.
2028 2693 2336 2748 Heinricus
2364 2691 2418 2760 3,
2452 2707 2551 2748 rex
2580 2706 2730 2750 anno
2761 2695 2991 2751 Domini
3021 2694 3182 2754 1040.

243 2782 610 2850 Bonifacius,
652 2787 709 2837 et
731 2781 1057 2837 Thebaldus
1083 2781 1242 2836 ﬁlius
1276 2781 1402 2850 ejus
1431 2781 1626 2837 duces.
2028 2781 2336 2837 Heinricus
2369 2781 2680 2850 imperator
2708 2797 2858 2840 anno
2886 2785 3113 2841 Domini
3149 2784 3308 2846 4047.

240 2871 658 2944 Berengarius,
700 2875 756 2926 et
782 2869 1127 2927 Adelbertus
1158 2870 1318 2926 ﬁlius
1346 2871 1473 2940 ejus
1503 2883 1661 2942 regn.
1693 2883 1846 2926 anno
2028 2870 2338 2925 Heinricus
2370 2870 2509 2939 imp.
2540 2868 2594 2940 2,
2628 2885 2778 2929 anno
2808 2875 3036 2931 Domini
3064 2873 3221 2949 4056,
3253 2880 3458 2940 indict.
3486 2881 3541 2941 9.

169 2960 330 3016 Dom.
375 2958 511 3016 954.
2031 2959 2338 3016 Heinricus
2360 2959 2500 3029 imp.
2527 2957 2582 3030 2,
2617 2959 2666 3017 Θ
2696 2958 2814 3036 [hoc
2838 2969 2917 3019 est
2933 2969 3182 3022 mortuus
3202 2966 3300 3045 est]
3324 2984 3474 3031 anno
3495 2975 3620 3031 Do-

235 3050 435 3107 Sarilo
482 3050 767 3107 marcbio.
1960 3048 2103 3104 mini
2140 3046 2298 3104 4059.

239 3141 351 3194 Leo
384 3139 515 3195 dux
543 3139 744 3195 Sabin.
1872 3129 1922 3192 C
2029 3137 2341 3193 Heinricus
2363 3134 2418 3208 3,
2452 3137 2591 3208 imp.
2623 3152 2774 3196 anno
2801 3141 3032 3200 Domini
3061 3141 3220 3202 4084.

235 3227 570 3285 Rainerius
597 3229 718 3284 dux
736 3227 932 3284 Sabin.

182 3377 3603 3406 —___________________________—________

1078 3487 1567 3556 CATALOGUS
1643 3487 2125 3556 SUMMORUM
2202 3489 2725 3559 PONTIFICUM

163 3623 259 3686 Ex
284 3621 537 3687 eodem
573 3619 902 3683 Chronico
949 3618 1278 3697 Farfensi,
1322 3618 1566 3698 scripto
1596 3619 1773 3680 circa
1805 3618 2010 3681 ﬁnem
2049 3620 2278 3681 saeculi
2314 3619 2677 3699 undecimi,
2724 3622 2837 3684 sed
2884 3639 2967 3685 ex
3005 3627 3356 3692 vetustiori
3395 3631 3619 3696 codice

239 3703 337 3792 (ut
363 3699 675 3792 videtur)
701 3704 1076 3792 excerptus,
1112 3715 1264 3792 cum
1297 3716 1343 3788 θ.
1376 3700 1437 3760 S.
1465 3697 1672 3792 Petro
1704 3699 2044 3789 pertingat
2087 3697 2835 3792 ad‘Beuedictum‘ejus
2866 3704 3159 3792 nominis
3186 3710 3331 3787 VII,
3381 3727 3620 3792 nempe

237 3777 327 3846 ad
369 3777 933 3846 Christi'annum
963 3781 1102 3840 984.
1140 3779 1279 3839 Hoc
1327 3777 1400 3839 in
1461 3779 1783 3855 Catalogo
1821 3778 2294 3856 exprimuntur
2344 3796 2483 3840 non
2536 3777 2737 3841 modo
2779 3782 2966 3852 anni,
3026 3800 3290 3849 menses
3317 3777 3410 3852 'ac
3451 3777 3592 3854 diés

238 3841 895 3944 (imbris—pontiﬁces
932 3858 1196 3944 singuli
1227 3841 1735 3944 sederunttsed’
1754 3841 1959 3920 etiam
2000 3857 2188 3936 anni,
2226 3873 2486 3920 menses
2517 3875 2594 3920 ac
2628 3859 2768 3921 dies
2798 3841 3304 3941 interpoiiti—ﬁcii
3331 3841 3622 3934 ἔξιίῦΪὲ

237 3935 754 4006 (Sationis-sedis
780 3955 994 4020 usque
1009 3935 1092 4001 ad
1113 3935 1548 4000 Benedictum
1569 3939 1687 3999 III.

227 4174 445 4230 Beatus
461 4176 688 4230 Petrus
702 4170 952 4242 primum
974 4170 1033 4225 in
1053 4167 1335 4226 Cathedra
1355 4167 1681 4224 Antioohiae
1706 4168 1859 4224 sedit
2037 4168 2336 4225 Evaristus
2361 4169 2495 4225 anni
2522 4169 2656 4242 xiii,
2691 4185 2765 4226 m.
2797 4172 2901 4241 vii,
2932 4174 2996 4229 (1.
3039 4175 3104 4245 ii,
3138 4182 3495 4250 temporibus
3520 4186 3627 4244 Do-

158 4265 331 4318 annis
353 4265 466 4333 vii,
491 4261 719 4318 deinde
743 4260 937 4316 urbem
961 4261 1192 4314 Romam
1221 4258 1518 4330 ingressus
1543 4257 1856 4314 Dominicaa
1969 4259 2220 4329 mitiani,
2251 4261 2444 4314 Nerva:
2473 4263 2647 4329 atque
2673 4261 2925 4331 Trajani,
2953 4266 3198 4322 cessavit
3216 4268 3344 4326 dies
3359 4273 3552 4330 xviiii.

160 4351 786 4410 incarnationisanno
802 4349 896 4405 xlv
912 4350 1036 4438 ejus
1051 4347 1380 4438 cathedram
1403 4346 1700 4438 sedi‘tann.
1721 4361 1850 4438 xxv,
1881 4348 1936 4408 D
2036 4347 2359 4438 Alexander
2375 4361 2507 4404 ann.
2534 4363 2590 4420 x,
2612 4362 2685 4403 m.
2705 4349 2808 4418 vii,
2837 4351 2952 4423 d.l,
2983 4356 3342 4425 temporibus
3368 4361 3620 4438 Trajani,

159 4443 409 4498 mensib.
461 4443 534 4512 ii,
589 4439 755 4496 dieb.
788 4439 892 4507 vii,
932 4437 1160 4493 Claudii
1207 4436 1572 4506 imperatoris
1603 4450 1754 4492 anno
1786 4437 1852 4504 ii,
1967 4451 2110 4492 cess.
2143 4437 2200 4492 (1.
2236 4452 2404 4492 xxxv.

156 4532 538 4602 temporibus
560 4526 1070 4601 TyberiiCaesaris
1090 4532 1145 4581 et
1172 4524 1323 4595 Gaji,
1356 4525 1584 4581 Claudii
1613 4531 1670 4580 et
1690 4527 1861 4581 Nero-
2040 4527 2246 4581 Xistus
2290 4539 2423 4582 ann.
2474 4541 2531 4596 x,
2575 4541 2650 4583 m.
2687 4527 2778 4598 iii,
2813 4529 2878 4586 (1.
2921 4532 3041 4604 xxi,
3080 4537 3319 4608 tempor.
3359 4537 3624 4615 Adriani,

155 4621 269 4675 nis.
313 4623 424 4676 Hic
464 4627 612 4692 post
645 4618 1106 4674 incarnationem
1133 4615 1365 4670 Domini
1397 4628 1547 4670 anno
1574 4615 1692 4685 lxx,
1732 4620 1856 4685 post
1967 4628 2116 4670 cess.
2154 4615 2218 4671 (1.
2261 4615 2301 4670 i.

154 4710 495 4804 passionem
545 4723 695 4766 vero
735 4708 862 4777 eius
884 4719 1042 4804 panno
1087 4703 1330 4804 xxxviii,
1359 4718 1488 4760 cum
1528 4704 1858 4775 coapostolo
2038 4723 2422 4792 Telesphorus
2460 4737 2594 4780 ann.
2626 4725 2709 4795 xi,
2740 4740 2814 4782 In.
2864 4727 2930 4797 ii,
2975 4729 3033 4785 (1.
3075 4731 3221 4802 xxii,
3265 4736 3624 4804 temporibus

151 4800 329 4856 Paulo
372 4804 726 4857 caronatur
753 4795 1049 4867 martyriO-
1077 4796 1116 4863 1"
1965 4810 2243 4868 Antonini
2273 4815 2471 4882 Marci,
2500 4828 2644 4870 cess.
2676 4816 2734 4871 (1.
2767 4817 2870 4872 vii.

218 4887 795 4948 Linusseditannis
819 4886 900 4958 xi,
927 4884 1222 4942 mensibus
1243 4883 1680 4955 iii,diebusxii,
1705 4889 1859 4940 tem—

148 4981 398 5048 poribus
441 4976 738 5035 Neronis.

215 5069 424 5127 Cletus
473 5069 614 5126 sed.
675 5079 814 5122 ann.
855 5066 964 5137 xii,
999 5080 1071 5122 m.
1105 5066 1206 5123 id.
1245 5067 1330 5140 xi,
1363 5063 1722 5136 temporibus
1745 5063 1862 5117 Ve-

144 5160 411 5228 spasiani
447 5165 513 5214 et
545 5155 708 5212 Titi.

213 5248 492 5306 Clemens
533 5245 673 5303 sed.
721 5257 854 5300 ann.
889 5245 1044 5314 viiii,
1092 5259 1163 5301 m.
1218 5244 1283 5311 ii,
1316 5244 1375 5298 (1.
1413 5258 1472 5312 x,
1503 5240 1861 5310 temporibus

2038 4919 2256 4992 Yginus
2280 4935 2414 4977 ann.
2441 4921 2557 4990 iiii,
2589 4936 2664 4978 m.
2689 4922 2806 4991 iiii,
2830 4924 2889 4979 (1.
2918 4924 3021 4992 vii,
3051 4925 3408 4994 temporibus
3429 4928 3619 4988 Severi

1966 5010 2164 5078 Marci,
2185 5025 2329 5066 cess.
2359 5011 2417 5066 (1.
2455 5012 2545 5066 iii.

2037 5116 2342 5187 Annicius,
2370 5131 2502 5173 ann.
2526 5118 2656 5186 viii,
2691 5131 2764 5172 m.
2800 5118 2893 5187 iii,
2925 5117 2983 5172 (1.
3019 5115 3111 5186 iii,
3143 5121 3498 5189 temporibus
3516 5125 3626 5183 Se—

1967 5205 2088 5261 veri
2122 5217 2195 5258 m.
2227 5218 2370 5259 cess.
2397 5205 2455 5260 (1.
2483 5205 2624 5260 xvii.

143 5338 360 5404 Galba,
397 5345 460 5394 et
509 5333 901 5404 Vespasiani.
951 5307 1210 5389 Cessavit
1253 5307 1862 5402 Episcopatusdiebus
1969 5309 2180 5404 *λῗίυε
2209 5322 2341 5404 ἔπηξ’
2377 5310 2568 5404 Χία-,αλ
2613 5307 2729 5375 iiii,
2775 5308 2834 5365 ἀ·
2870 5309 2960 5380 iii,
2995 5313 3350 5382 temporibus
3377 5320 3618 5376 antonin

143 5427 290 5483 xxii.

1302 5396 1317 5401 ’
1466 5396 1480 5402 ’
1969 5399 2080 5454 Pii.
2113 5410 2256 5452 cess.
2283 5397 2341 5452 d.
2368 5396 2523 5452 xiiii.

212 5519 550 5576 Anacletus
584 5513 782 5571 annis
818 5513 900 5579 xi,
936 5527 1008 5568 m.
1041 5513 1082 5583 i,
1113 5512 1172 5568 (1.
1207 5511 1311 5580 vii,
1360 5508 1718 5582 temporibus
1744 5510 1772 5564 Ι

2062 5503 2247 5559 Sother
2276 5515 2410 5558 ann.
2434 5502 2589 5570 viiii,
2617 5515 2689 5556 m.
2720 5501 2810 5573 iii,
2839 5504 2897 5559 (1.
2929 5519 3024 5574 xx,
3054 5509 3410 5579 temporibus
3432 5513 3622 5571 Severi

145 5608 406 5682 mitiani,
444 5601 738 5666 cessavit
765 5601 892 5658 dies
919 5602 1054 5657 xiii.
1975 5593 2208 5665 septimi
2243 5605 2387 5648 cess.
2419 5592 2478 5648 (1.
2512 5603 2660 5646 xxii.

439 5709 727 5763 Parnm”
768 5697 1039 5755 CXXVII.

3275 5695 3333 5754 44
