3950 6404
359 421 466 480 343
1142 424 1236 478 ΑΙ)
1279 424 1714 482 ANASTASIUM
1764 424 2278 481 PROLEGOMENA
2328 425 2506 480 EDIT.
2571 424 3002 482 ROM.—VATIC.
3669 426 3779 484 344

473 537 720 590 Ann.D.
863 537 989 592 Ind.
2035 537 2095 595 A
2226 537 2378 589 Ann.
2452 539 2512 589 D.
2626 537 2749 591 Ind.

358 635 578 678 ιιιιινιιι
869 639 926 680 VI

2119 638 2372 678 “LXXXVI
2634 639 2690 678 IX

361 723 540 765 κιχιχ
863 725 944 767 VII
2123 727 2401 767 MLXXXVII
2629 727 2666 769 Χ

360 811 516 854 “LXX
870 814 972 858 VIII
2122 816 2424 858 MLXXXVIII
2626 817 2685 857 XI
2832 815 2958 859 DOM.
2994 815 3118 857 BER.
3157 817 3239 857 SS.
3270 816 3308 858 I.
3347 816 3473 860 ΑΒΒ.

355 898 536 941 ιιιιι
873 901 933 943 IX

2883 890 3072 946 Rainl.
3097 891 3225 945 abb.

361 985 566 1028 κιιιιι
870 989 906 1030 x
2122 993 2382 1035 utxxxix
2633 995 2711 1035 xu
2849 981 3012 1035 Bern.
3047 977 3156 1051 (ΙΙ.)
3183 979 3315 1034 abb.

362 1073 591 1117 ILXXIII
870 1077 931 1119 XI
2121 1082 2235 1122 ΠΧΩ
2629 1083 2736 1124 XIII

359 1161 579 1205 unxxrv
870 1165 952 1207 xu
1081 1154 1249 1225 Greg.
1285 1149 1444 1230 [VIL]
1488 1157 1584 1226 Pp.

1167 1167 1249 1225 eg.
1285 1149 1444 1230 [VIL]
1488 1157 1584 1226 Pp.
2122 1169 2253 1210 uxcr
2634 1172 2727 1213 λιν

364 1250 560 1293 ιιιχν
867 1254 974 1296 XIII

2122 1259 2278 1300 lXCII
2631 1259 2704 1300 XV

362 1338 580 1382 ILXXVI
872 1343 970 1383 XIV
2125 1347 2304 1388 MXCIII
2632 1349 2648 1390 I

360 1428 603 1471 ιιιινιι
874 1432 949 1474 XV
2126 1434 2296 1476 MXCIV
2635 1436 2677 1478 II

365 1515 628 1560 [LXXVIII
873 1521 889 1563 I

2217 1523 2272 1564 εν
2635 1525 2697 1566 ιιι
2845 1513 3017 1567 Lunae
3087 1509 3418 1566 obscuratio
3492 1511 3634 1566 VIII.
3707 1510 3777 1564 K.

370 1603 591 1648 anxix
882 1611 921 1654 ιι
2943 1601 3105 1654 Mart.
3153 1599 3577 1670 Stellarumque
3606 1612 3786 1655 occa-

365 1694 561 1737 anxx
878 1701 939 1741 ιιι
2962 1689 3050 1743 sio
3080 1689 3146 1742 II.
3173 1701 3284 1743 non
3307 1702 3397 1758 ap.

365 1782 589 1828 ινιιιχι
873 1789 930 1830 IV

2131 1790 2301 1832 MXCVI
2645 1792 2697 1832 IV

367 1870 610 1916 ILxxxii
871 1877 906 1916 v
1088 1865 1367 1921 Henricus
1419 1865 1553 1936 (IV.)
1618 1883 1716 1923 rex
1769 1869 1836 1923 ad
1903 1869 2010 1924 hoc
2049 1846 2102 1906 Β
2137 1879 2330 1921 ιιχενιι
2643 1880 2675 1918 v
2859 1866 3219 1922 llierosolim.
3250 1867 3336 1921 Vl.
3373 1867 3438 1920 K.
3471 1865 3668 1922 Octob.
3705 1879 3794 1922 re-

1154 1961 1400 2010 monast.
1463 1957 1648 2024 primo
1687 1957 1862 2012 venit.
2929 1960 3182 2024 cuperat,
3217 1961 3304 2009 est
3334 1968 3365 2008 a
3411 1955 3786 2012 Christianis.

362 2049 625 2094 ILxxxm
866 2055 924 2098 vi
1084 2044 1106 2064 '
1160 2043 1418 2098 Clemens
1463 2042 1610 2115 (111.)
1662 2045 1758 2114 Pp.
1831 2045 2014 2100 Hein—
2928 2043 3178 2099 Columze
3220 2045 3480 2112 plurimae
3509 2043 3580 2099 ab
3622 2045 3795 2100 occi-

1147 2131 1305 2187 ricus
1333 2133 1536 2202 imper.
2931 2134 3100 2188 dente
3165 2135 3222 2188 in
3299 2134 3576 2189 orientem
3648 2148 3798 2204 per—

1073 2223 1095 2244 '
1149 2222 1376 2276 Sch-ism.
1442 2224 1496 2276 Is
1560 2228 1639 2277 est
1713 2223 1981 2278 Guibertu
2931 2235 3062 2292 gere
3109 2223 3245 2278 visa:
3315 2227 3450 2278 sunt
3497 2222 3614 2277 Ber.
3675 2222 3797 2292 (Π.)

1146 2312 1434 2380 antipapa.
2933 2310 3062 2366 abb.

364 2410 624 2454 ιιιιιιν
884 2411 965 2454 VII

2141 2416 2356 2459 Ιιιενιιι
2646 2415 2700 2456 VI

365 2500 598 2543 ILxxxv
875 2499 980 2541 VIII
1094 2487 1289 2542 Fames
1318 2487 1508 2543 valida
1554 2487 1684 2545 fuit.

1173 2499 1289 2542 mes
1318 2487 1508 2543 valida
1554 2487 1684 2545 fuit.
2141 2504 2317 2547 nxcnx
2648 2501 2728 2543 vn

1377 2770 2002 2877 FRANCISCI
2096 2773 2746 2877 BLANCHINI

1221 2963 1696 3024 PREMONITUM
1762 2969 1857 3024 AD
1907 2967 2047 3025 DUO
2102 2968 2487 3038 SEQUENTIA
2544 2967 2916 3024 OPUSCULA.

436 3200 561 3256 Duo
585 3198 841 3269 proxima
871 3198 1167 3270 opuscula,
1191 3199 1352 3256 Vitas
1375 3201 1730 3270 pontiﬁcum,
1758 3202 1842 3256 uti
1876 3215 2015 3270 spe-
2049 3202 2097 3260 C
2126 3200 2527 3270 compluribus
2556 3205 2686 3256 ante
2718 3215 2823 3256 nos
2851 3200 3084 3256 sarculis
3114 3199 3597 3269 conscriptorum,
3633 3213 3792 3254 non—

370 3303 454 3356 ro,
491 3288 870 3346 illustrabunt
897 3303 1006 3344 non
1033 3303 1144 3345 uno
1169 3289 1226 3344 in
1255 3289 1398 3345 loco.
1421 3291 1560 3346 Cum
1583 3291 1734 3345 enim
1761 3290 2020 3345 observa-

369 3383 491 3434 tum
539 3378 618 3433 sit
659 3379 983 3434 earumdem
1018 3379 1274 3434 Vitarum
1315 3379 1646 3447 scriptores,
1701 3379 2015 3447 praesertim

366 3467 750 3538 antiquiores.
785 3467 1171 3535 consuevisse,
1207 3480 1309 3536 pro
1337 3481 1491 3521 more
1512 3467 1781 3521 Actorum
1819 3467 2020 3536 publi-

368 3569 565 3612 corum
610 3569 721 3610 non
785 3555 949 3610 modo
995 3561 1249 3624 tempora
1303 3553 1664 3625 singulorum
1710 3553 2021 3624 diligenter

365 3657 699 3700 enumerare
731 3659 830 3714 per
857 3644 1215 3707 consulatus,
1250 3643 1346 3698 sed
1386 3645 1558 3698 etiam
1594 3643 1716 3698 loca
1748 3643 2023 3698 adnotare

369 3733 469 3788 ubi
501 3733 828 3789 eorumdem
860 3735 1002 3788 Vita:
1023 3733 1323 3788 exordium
1355 3732 1622 3801 contigit,
1649 3739 1706 3786 et
1731 3732 1824 3787 ubi
1859 3738 2024 3786 actus

369 3821 624 3890 supremi
638 3825 810 3891 atque
822 3819 1013 3876 ofﬁcia
1036 3827 1258 3891 peracta
1277 3828 1445 3890 sunt;
1463 3833 1642 3890 eaque
1661 3820 1780 3875 loca
1806 3820 2024 3874 idcirco

372 3909 652 3964 notabilia
685 3910 888 3964 iisdem
921 3910 1044 3964 visa
1069 3908 1372 3965 fuerintac
1404 3910 1648 3978 posteris
1692 3909 2022 3977 indicanda,

371 3994 623 4063 suscepti
654 3996 848 4064 operis
874 3997 1024 4050 ratio
1055 3995 1282 4050 videtur
1311 4009 1342 4050 a
1366 3996 1531 4051 nobis
1565 3995 1852 4065 postulare
1902 4001 2028 4064 post

376 4095 441 4137 ea
475 4082 742 4150 praesidia
772 4087 1095 4153 comparata
1129 4097 1253 4154 quae
1292 4084 1360 4138 ad
1397 4083 1829 4154 chronologiam
1874 4081 2027 4136 refe-

379 4179 606 4236 runtur,
644 4178 706 4227 ut
731 4172 900 4227 etiam
933 4173 1004 4228 de
1034 4172 1408 4243 topographia
1444 4172 1618 4240 hujus
1649 4171 1907 4225 historiae
1944 4171 2029 4224 di-

380 4260 688 4318 lucidanda
709 4263 1048 4333 cogitemus.
1076 4263 1246 4317 Porro
1267 4262 1323 4314 in
1343 4261 1598 4330 singulis
1617 4258 2026 4328 propemodum

377 4353 526 4408 Vitis
543 4359 870 4408 recensetur
891 4352 1053 4407 locus
1070 4350 1350 4404 natalium
1372 4356 1428 4404 et
1447 4349 1606 4404 locus
1622 4348 2028 4417 depositionis.

377 4442 436 4497 Si
458 4447 650 4496 autem
692 4440 745 4496 is
788 4441 975 4494 Romae
1005 4440 1084 4492 sit
1124 4443 1294 4492 natus
1332 4438 1431 4506 qui
1465 4437 1711 4492 subinde
1750 4436 1897 4490 Petri
1929 4449 2033 4490 ca-

381 4530 640 4586 thedram
669 4528 762 4582 hic
787 4534 874 4582 est
893 4532 1214 4587 assecutus,
1237 4526 1382 4579 solet
1403 4525 1756 4594 biographus
1780 4525 2034 4593 regionis

385 4632 613 4694 quoque
642 4629 844 4671 nomen
875 4627 1179 4685 apponere,
1211 4620 1266 4669 et
1297 4615 1640 4684 quandoque
1681 4621 1894 4683 partem
1937 4627 2034 4668 re-

384 4710 577 4784 gionis
603 4707 888 4764 illustrem
912 4704 1111 4773 aliqua
1134 4702 1414 4773 peculiari
1447 4703 1874 4772 nuncupatione
1899 4717 2035 4771 pro-

383 4803 551 4860 ferre.
587 4801 780 4868 Neque
811 4796 1000 4851 minor
1027 4799 1115 4850 est
1140 4794 1449 4865 diligentia
1480 4794 1784 4862 scriptoris
1819 4794 1875 4848 in
1911 4793 2033 4849 loco

383 4889 770 4962 depositionis
800 4885 1130 4942 indicando.
1154 4886 1427 4940 Memorat
1447 4884 1597 4938 enim
1619 4884 2032 4952 coemeterium,

386 4981 684 5040 basilicam
706 4983 807 5034 aut
826 4975 1085 5044 titulum,
1113 4974 1211 5030 ubi
1231 4974 1381 5042 quod
1411 4974 1645 5029 mortale
1669 4974 1832 5029 illius
1853 4977 2037 5044 ponti-

387 5073 514 5129 ﬁcis
542 5069 730 5126 fuerat
747 5065 1151 5136 sepeliebatur.
1182 5065 1260 5118 Ne
1283 5063 1466 5134 igitur
1485 5064 1555 5119 ad
1589 5065 1852 5134 singulas
1876 5065 2038 5120 Vitas

389 5163 597 5218 iterare
620 5170 890 5227 cogamur
919 5155 1336 5223 expositionem
1371 5155 1626 5224 regionis
1652 5160 1752 5209 aut
1781 5162 2038 5211 coemete-

387 5251 464 5307 rii
494 5248 582 5304 sic
611 5245 876 5313 indicati,
916 5243 1384 5313 compendiosius
1414 5257 1536 5298 esse
1577 5244 1855 5299 duximus
1897 5260 2038 5314 pro-

384 5338 533 5392 ferre
577 5336 692 5391 duo
734 5332 1032 5402 opuscula,
1087 5332 1233 5386 hanc
1282 5333 1716 5402 t0pographiam
1768 5335 2038 5390 nonnihil

388 5423 768 5480 declaratura.
799 5421 1182 5490 Antiquitatis
1213 5420 1340 5475 laus
1373 5423 1607 5490 utrique
1637 5423 1914 5476 conciliat
1941 5437 2042 5477 au-

390 5510 732 5576 ctoritatem,
765 5513 822 5562 et
848 5508 1114 5577 designat
1141 5513 1329 5577 partes
1352 5507 1541 5579 Urbis,
1583 5515 1686 5564 aut
1715 5511 2036 5566 suburbani

391 5594 540 5668 agri,
569 5595 638 5650 de
682 5593 895 5663 quibus
931 5595 1126 5665 agitur
1165 5597 1224 5650 in
1271 5599 1602 5652 recensione
1645 5600 1900 5668 regionis
1937 5607 2040 5655 aut

389 5681 724 5750 cemeterii,
756 5693 886 5735 cum
931 5694 1030 5748 per
1071 5687 1292 5737 aetatem
1326 5683 1559 5739 illorum
1600 5687 2035 5758 opusculorum,

2125 3291 2259 3346 dum
2295 3289 2647 3343 excidissent
2679 3289 2976 3358 parietinae
3016 3289 3342 3344 eorumdem
3383 3288 3789 3354 aediﬁciorum,

2129 3393 2253 3448 quae
2283 3378 2641 3446 postmodum
2665 3377 2881 3447 diruta,
2911 3391 2976 3432 ac
3018 3375 3192 3432 ferme
3217 3377 3338 3432 solo
3373 3383 3594 3446 aac'juata
3627 3383 3788 3443 sunt,

2132 3480 2232 3521 nec
2253 3467 2473 3521 viarum
2497 3467 2708 3521 ductus
2729 3475 2783 3520 et
2806 3467 3101 3535 regionum
3116 3464 3458 3520 discrimina
3479 3465 3644 3519 novis
3661 3479 3796 3520 con-

2132 3555 2480 3610 structionib
2493 3570 2555 3610 us
2567 3555 2785 3621 variata
2805 3555 3196 3610 reddidissent
3211 3568 3275 3610 ea
3290 3554 3520 3609 nomina
3539 3554 3794 3623 posteris

2131 3643 2491 3699 obscurtora.

2208 3767 2457 3822 Primum
2496 3768 2676 3836 igitur
2705 3781 2772 3821 ex
2807 3766 2964 3821 hisce
3009 3765 3309 3835 opusculis
3354 3767 3795 3837 topographicis

2138 3855 2381 3924 protulit
2399 3869 2466 3910 ex
2494 3855 2690 3910 codice
2711 3855 3135 3910 membranaceo
3159 3856 3292 3909 noni
3321 3855 3538 3920 saeculi,
3565 3863 3794 3924 reperto

2137 3943 2196 3997 in
2229 3943 2577 3998 bibliotheca
2611 3942 2995 3998 Einsidlensis
3040 3943 3392 4000 monasterii.
3422 3943 3487 3996 R.
3523 3943 3578 3996 P.
3625 3944 3792 3998 Joan.

2137 4031 2530 4097 Mabillonius,
2559 4037 2616 4084 et
2661 4029 2861 4084 retulit
2897 4029 3045 4085 inter
3080 4031 3280 4086 Vetera
3309 4029 3598 4097 Analecta,
3645 4033 3791 4086 tomi

2140 4119 2328 4188 quarti
2372 4134 2496 4188 pag.
2527 4116 2652 4186 506,
2686 4119 2780 4173 cui
2817 4117 3026 4174 titulus
3060 4121 3261 4175 merito
3304 4121 3594 4188 ascriptus
3644 4117 3793 4174 fuit:

2137 4210 2438 4276 Descriptio
2468 4209 2751 4273 regionum
2787 4207 2962 4260 Urb-is.
3001 4209 3098 4262 Est
3135 4209 3288 4262 enim
3315 4207 3581 4263 ordinata
3627 4221 3797 4277 quae—

2139 4297 2266 4352 dam
2290 4296 2646 4351 enumeratio
2673 4296 3047 4352 aediﬁciorum
3075 4298 3495 4366 praecipuorum
3521 4296 3607 4352 vel
3638 4299 3796 4353 intra

2139 4385 2417 4438 ambitum
2451 4383 2621 4438 Urbis
2651 4384 2861 4439 Romae.
2892 4386 2976 4439 vel
3005 4391 3163 4440 extra
3202 4385 3426 4453 Urbem,
3458 4385 3656 4439 dextra
3687 4385 3800 4440 la:—

2140 4488 2321 4544 vaque
2365 4473 2766 4543 spectabilium
2811 4475 2869 4528 in
2913 4489 3214 4544 progressu
3263 4489 3331 4528 ex
3374 4475 3572 4544 aliqua
3620 4474 3798 4531 Urbis

2062 4568 2114 4627 D
2141 4569 2301 4632 porta
2331 4563 2630 4618 adcertum
2651 4564 2959 4618 terminum
2994 4564 3198 4617 viatori
3219 4565 3622 4618 constitutum.
3653 4563 3797 4620 Post

2141 4666 2236 4706 eas
2259 4653 2677 4722 descriptiones
2711 4654 3006 4724 regionum
3041 4653 3229 4718 Urbis,
3257 4668 3400 4723 quas
3431 4654 3642 4708 saeculo
3676 4655 3800 4709 Va—

2146 4741 2450 4796 lentiniani
2477 4748 2532 4795 et
2557 4741 2815 4796 Valentis
2835 4741 3259 4796 concinnarunt
3283 4741 3554 4797 Publicus
3577 4742 3798 4814 Victor,

2143 4837 2198 4886 et
2227 4832 2430 4886 Sextus
2474 4829 2677 4899 Rufus,
2713 4831 2872 4886 illam
2904 4830 2974 4884 ab
3022 4831 3164 4885 Aldo
3207 4832 3524 4896 Manuccio,
3578 4831 3727 4887 hanc
3765 4847 3803 4888 a

2147 4921 2423 4975 Panvinio
2438 4926 2630 4975 nostro
2647 4922 2896 4990 primum
2916 4921 3120 4990 editas,
3142 4919 3355 4976 nullam
3375 4921 3477 4976 hac
3491 4929 3806 4978 vestustio-

2148 5023 2262 5064 rem
2301 5009 2443 5064 mihi
2478 5010 2726 5079 contigit
2768 5009 3084 5064 observare.
3135 5010 3358 5078 Quanto
3407 5017 3595 5065 autem
3646 5010 3804 5068 bono

2146 5099 2354 5153 veteris
2387 5098 2644 5152 historiae
2669 5099 2725 5152 et
2748 5099 2825 5152 rei
2855 5098 3198 5166 antiquaria:
3233 5098 3345 5152 illae
3370 5101 3655 5166 productae
3677 5098 3807 5156 fue-

2149 5189 2286 5256 rint,
2311 5188 2561 5242 declarat
2579 5187 2890 5242 Panvinius
2910 5187 2967 5240 in
2988 5186 3319 5256 prazfatione
3339 5188 3407 5242 ad
3431 5189 3489 5241 P.
3511 5189 3804 5246 Victorem

2151 5280 2230 5332 ita
2255 5276 2642 5346 perscribens:

2224 5442 2249 5471 (ι
2291 5420 2395 5475 Hic
2427 5434 2578 5476 unus
2612 5419 2846 5475 libellus
2891 5426 2996 5489 est,
3049 5421 3218 5489 cujus
3268 5420 3635 5488 potissimum
3697 5437 3808 5492 ope

2150 5525 2346 5566 omnes
2389 5511 2490 5580 qui
2553 5510 2828 5565 hactenus
2871 5510 2943 5565 de
2999 5509 3168 5565 Urbis
3207 5511 3396 5564 Romae
3445 5512 3807 5580 antiquitate

2150 5600 2507 5668 scripserunt
2537 5599 2745 5653 mirum
2780 5599 2838 5653 in
2870 5600 3095 5654 modum
3121 5599 3399 5654 sublevati
3425 5607 3581 5652 sunt.
3621 5600 3810 5670 Cujus

2147 5690 2321 5745 etiam
2342 5687 2427 5743 vel
2469 5687 2614 5742 male
2645 5686 2924 5743 intellecti
2947 5688 3032 5743 vel
3074 5689 3294 5744 concisi
3325 5689 3630 5746 occasione
3659 5691 3807 5747 mul-
