3950 6410
165 423 270 482 345

1207 425 1576 483 BLANCHINI
1613 425 1708 482 AD
1745 427 1979 485 OPUSC.
2025 430 2092 486 II.
2134 431 2263 502 SEQ
2302 434 2544 493 MONIT.

3506 441 3613 500 346

167 555 252 604 tos
287 549 498 617 passim
530 563 756 605 errores
791 551 848 605 in
883 550 1153 605 universa
1189 549 1442 606 Romana
1472 551 1824 622 antiquitate
1851 553 1909 611 A
1933 552 2143 624 dicem,
2175 556 2312 612 dum
2359 559 2480 628 ipse
2524 561 2689 616 modo
2720 574 2787 616 ex
2821 575 2957 630 una,
2994 564 3162 620 modo
3195 579 3264 620 ex
3295 565 3410 622 alia
3439 567 3611 622 Urbis

164 639 598 695 commiserunt.
634 658 660 688 »

236 727 342 782 Par
360 734 513 783 certe
535 727 763 782 utilitas
781 731 954 798 atque
981 726 1212 783 ubertas
1234 741 1343 783 non
1368 733 1455 784 est
1483 727 1717 784 illarum
1741 741 1828 782 ve-

163 816 476 870 tustiorum
509 815 966 885 descriptionum
989 816 1116 871 Ruﬁ
1142 822 1198 872 et
1224 817 1476 873 Victoris
1497 817 1606 872 sub
1632 818 1830 872 Valen-

164 904 412 974 tiniano,
453 904 602 960 Urbe
641 905 896 960 nondum
946 919 978 961 a
1023 906 1230 961 Gothis
1277 906 1495 974 diruta,
1541 919 1608 962 ac
1652 907 1829 963 istius

162 993 466 1063 Anonymi,
501 1007 670 1064 quem
704 994 1012 1062 scripsisse
1047 994 1434 1066 intelligimus
1477 1000 1608 1066 post
1638 995 1828 1052 clades

165 1082 446 1151 plurimas
472 1084 662 1139 Roma
692 1096 724 1138 a
753 1083 1018 1138 barbaris
1052 1083 1264 1139 illatas.
1298 1086 1438 1140 Nam
1468 1091 1670 1141 octavo
1702 1085 1829 1140 cir-

163 1172 310 1226 citer
339 1171 426 1226 vel
454 1185 602 1228 nono
622 1185 748 1228 ara
767 1171 1114 1228 Christiana
1141 1173 1352 1229 saculo
1381 1174 1526 1229 hanc
1560 1188 1684 1229 esse
1713 1173 1833 1229 tri-

164 1259 448 1316 buendam
475 1265 718 1330 constat,
751 1274 882 1316 cum
911 1261 1196 1330 posterior
1225 1262 1306 1316 sit
1325 1268 1488 1317 atate
1518 1263 1785 1318 Belisarii
1811 1280 1828 1328 ς

166 1349 382 1418 quippe
402 1363 531 1404 cum
558 1349 616 1405 in
641 1363 705 1405 ea
736 1356 1122 1405 memorentur
1142 1352 1356 1405 molinae
1382 1350 1528 1422 (pag.
1553 1349 1662 1408 509
1686 1353 1827 1406 edit.

164 1437 408 1506 Mabill.)
437 1452 539 1494 seu
567 1437 1004 1509 molendinaria,
1029 1445 1084 1494 et
1106 1441 1390 1496 vetustior
1417 1453 1541 1496 esse
1566 1440 1832 1495 videatur

163 1525 347 1580 Leone
379 1527 446 1581 ιν
474 1527 714 1596 ejusque
748 1526 818 1581 de
859 1528 1092 1582 nomine
1130 1527 1430 1597 appellata
1474 1527 1644 1583 Urbis
1687 1529 1832 1583 Leo—

165 1614 319 1668 nina
349 1614 593 1682 ambitu,
629 1629 742 1684 quo
773 1615 1104 1671 Vaticanam
1137 1616 1440 1671 basilicam
1467 1617 1638 1687 eique
1662 1617 1833 1685 adja—

160 1705 354 1758 centia
387 1703 600 1774 pradia
630 1704 905 1773 providus
939 1703 1038 1760 ille
1069 1703 1327 1774 pontifex
1359 1711 1583 1761 tutatus
1607 1711 1692 1761 est
1721 1705 1832 1759 ad—

159 1804 365 1846 versus
415 1790 742 1862 frequentes
803 1794 1074 1849 incursus
1137 1793 1550 1848 Saracenorum
1603 1810 1616 1846 :
1664 1806 1829 1847 nemo

1938 647 2101 709 porta
2131 643 2302 714 (quod
2335 646 2591 716 hospites
2617 663 2682 703 ac
2711 651 2999 721 peregrini
3033 653 3239 723 solent)
3260 656 3328 710 ad
3354 656 3607 726 aliquem

1938 733 2272 803 terminum,
2307 749 2413 790 suo
2443 737 2639 792 itineri
2669 739 2790 794 sive
2815 752 2882 794 ex
2905 741 3175 796 condicto
3201 745 3606 816 constitutum,

1939 820 2062 875 sive
2092 819 2236 877 forte
2261 821 2492 880 fortuna
2525 825 2781 882 oblatum
2818 829 3168 898 procederet,
3203 831 3514 887 observans
3549 833 3607 887 in

1940 907 2029 962 via
2067 923 2193 978 qua
2235 911 2346 980 ipsi
2382 913 2826 971 observarentur
2869 922 3071 973 notatu
3109 919 3306 990 digna.
3351 921 3610 976 Accessit

1941 996 2147 1053 iisdem
2180 999 2434 1068 schedis,
2471 1004 2551 1059 ita
2584 1004 2974 1074 perfunctorie
3003 1009 3278 1077 exaratis,
3314 1014 3380 1064 ut
3406 1009 3610 1064 dextra

1941 1099 2043 1154 pro
2060 1087 2324 1144 sinistris
2343 1093 2689 1162 quandoque
2710 1095 3034 1162 enuntient,
3055 1109 3198 1151 nova
3225 1096 3605 1166 perturbatio,

1937 1185 1971 1228 a
1999 1179 2350 1244 compactori
2397 1180 2771 1250 negligentia,
2815 1188 2917 1238 aut
2960 1184 3299 1252 supinitate,
3337 1191 3401 1239 ut
3439 1184 3607 1240 arbi-

1939 1267 2081 1331 tror,
2101 1263 2364 1332 profecta.
2385 1268 2743 1325 Membranas
2758 1270 2909 1326 enim
2929 1271 3080 1336 illas,
3096 1272 3323 1341 duplici
3339 1273 3610 1329 columna

1938 1363 2206 1407 versuum
2242 1354 2300 1408 in
2332 1355 2586 1427 singulis
2612 1356 2775 1413 foliis
2803 1359 3116 1416 distinctas
3141 1361 3247 1430 (uti
3279 1369 3515 1430 apparet
3537 1376 3607 1418 ex

1940 1438 2269 1497 dimidiatis
2297 1443 2660 1500 dictionibus
2688 1448 2748 1501 in
2773 1446 2975 1517 aliquo
3003 1462 3169 1504 versu
3191 1450 3482 1519 expressis
3511 1464 3612 1520 per

1942 1527 2168 1584 litteras
2193 1532 2488 1600 capitales,
2526 1533 2742 1602 quibus
2773 1537 3122 1605 respondent
3153 1538 3386 1608 syllaba
3416 1551 3480 1594 ac
3504 1538 3611 1593 lit-

1939 1621 2076 1672 tera
2119 1620 2371 1675 eamdem
2415 1621 2729 1679 dictionem
2779 1625 3134 1694 complentes
3183 1631 3240 1682 et
3281 1627 3607 1683 columnam

1943 1705 2260 1774 proximam
2291 1708 2546 1775 ejusdem
2580 1712 2801 1782 pagina
2828 1721 3193 1782 occupantes,
3229 1714 3438 1784 illique
3459 1715 3610 1782 jun-

1940 1792 2156 1864 genda)
2204 1796 2395 1850 secuit
2455 1797 2674 1868 aliquis
2726 1799 2784 1854 in
2838 1807 3026 1869 partes
3075 1803 3239 1872 (luas,
3294 1809 3469 1873 atque
3524 1802 3607 1857 ita

159 1892 273 1935 non
311 1879 596 1950 intelligit
626 1881 771 1937 hanc
814 1882 892 1936 ita
926 1882 1093 1952 longe
1132 1881 1202 1937 ab
1235 1882 1359 1937 illis
1391 1883 1630 1950 distare,
1665 1886 1731 1936 ut
1761 1895 1831 1936 ne
1864 1873 1918 1934 B
1941 1883 2247 1952 compegit,
2316 1886 2483 1953 quasi
2557 1887 2838 1942 columna
2913 1896 3421 1959 consequerentur,
3495 1904 3608 1946 non

157 1967 413 2024 conferri
444 1969 678 2038 quidem
714 1971 915 2039 possit.
957 1970 1084 2024 Ruﬁ
1119 1971 1272 2024 enim
1300 1977 1356 2025 et
1379 1971 1635 2026 Victoris
1663 1971 1829 2040 plena

157 2064 243 2113 est
277 2057 564 2125 recensio,
607 2057 858 2128 elegans,
902 2057 1204 2128 castigata,
1241 2058 1496 2130 singulis
1532 2059 1590 2113 in
1631 2061 1830 2129 regio-

157 2144 337 2201 nibus
388 2157 740 2200 enumerans
785 2146 964 2214 vicos,
1010 2145 1307 2214 adiculas,
1364 2146 1594 2217 templa,
1647 2147 1825 2215 lacus,

157 2233 414 2303 balinea,
466 2234 740 2303 thermas,
787 2234 1032 2289 adiﬁcia
1076 2234 1328 2306 denique
1373 2240 1689 2291 memoratu
1733 2237 1834 2291 di-

157 2337 286 2393 gna,
316 2326 439 2377 tam
491 2321 723 2390 publica
765 2336 936 2392 quam
982 2323 1222 2391 privata.
1264 2323 1336 2378 At
1370 2323 1486 2378 hac
1514 2323 1832 2393 descriptio

154 2411 416 2481 jejunior
462 2423 692 2482 paucas.
721 2410 1030 2466 admodum
1080 2411 1466 2466 indicationes
1509 2412 1828 2483 insignium

162 2501 653 2556 monimentorum
695 2503 1006 2568 percenset.
1057 2500 1340 2554 Redditur
1370 2505 1620 2555 attamen
1661 2501 1831 2556 utilis

159 2589 429 2645 ordinata
455 2587 578 2658 illa,
610 2587 745 2642 licet
768 2601 936 2658 parca
966 2587 1323 2643 indicatione
1354 2588 1631 2650 locorum,
1663 2589 1832 2658 juxta

158 2678 261 2732 via
300 2677 546 2732 ductum
587 2677 785 2732 dextra
832 2676 1088 2746 lavaque
1118 2677 1505 2746 sequentium,
1539 2684 1596 2732 et
1623 2677 1832 2734 obver—

159 2767 416 2823 santium
456 2767 509 2822 ei
549 2767 647 2837 qui
693 2766 890 2836 aliqua
933 2779 1000 2821 ex
1038 2770 1201 2836 porta
1236 2766 1408 2821 Urbis
1450 2767 1720 2836 procedat
1758 2769 1827 2824 ad

156 2856 358 2928 aliam,
398 2857 484 2911 vel
529 2856 598 2912 ad
635 2860 854 2910 certum
894 2855 999 2910 via
1040 2869 1157 2910 sua
1198 2855 1508 2911 terminum
1549 2856 1702 2911 intra
1742 2856 1828 2914 vel

155 2952 313 3001 extra
347 2943 555 3000 Urbem
582 2963 598 3015 τ,
624 2945 680 2998 in
705 2944 989 3014 ejusmodi
1015 2944 1487 3015 progressionum
1510 2945 1704 3000 titulis
1729 2946 1830 3001 in-

155 3035 445 3091 dicatum.

225 3123 460 3178 Utinam
494 3123 562 3178 ad
603 3135 705 3178 nos
738 3122 1090 3192 pervenisset
1120 3121 1314 3177 minus
1345 3121 1591 3191 abrupta
1614 3128 1671 3178 et
1709 3123 1828 3179 mi—

1941 1968 2311 2024 coharerent.
2379 1972 2680 2040 Ejusmodi
2748 1981 2935 2030 tamen
2998 1976 3273 2032 damnum
3343 1990 3608 2046 reparare

1943 2069 2055 2111 non
2087 2056 2204 2113 fuit
2229 2057 2487 2125 difﬁcile,
2531 2073 2659 2116 cum
2697 2061 2986 2118 dictiones
3021 2063 3161 2132 ipsa
3198 2071 3610 2121 consecuturas

1943 2145 2193 2215 syllabas
2220 2146 2701 2215 demonstrarent,
2733 2151 2818 2205 uti
2857 2150 3160 2206 observare
3195 2153 3408 2221 poterit
3439 2154 3610 2224 quis—

1943 2233 2078 2304 quis
2105 2234 2389 2290 editionis
2419 2236 2847 2294 Mabilloniana
2885 2239 3126 2310 paginas
3159 2240 3239 2295 ita
3270 2241 3610 2312 contulerit,

1941 2322 2028 2377 uti
2056 2335 2158 2378 nos
2180 2324 2522 2392 praestitisse
2544 2332 2866 2396 cognoscet.
2905 2328 3162 2397 Exempli
3185 2342 3357 2385 causa
3383 2335 3610 2398 postre-

1941 2424 2069 2465 mus
2093 2425 2292 2468 versus
2321 2427 2446 2484 pag.
2469 2410 2575 2469 507
2595 2415 2732 2469 edit.
2766 2415 3088 2472 Mabillonii
3125 2418 3609 2487 prosequentibus

1941 2499 2052 2554 iter
2074 2513 2106 2554 a
2132 2507 2292 2568 porta
2317 2501 2602 2558 Flaminia
2635 2504 2788 2558 intra
2816 2503 3021 2560 Urbem
3053 2506 3121 2560 ad
3159 2505 3352 2561 lavam
3386 2507 3606 2563 indicat

1938 2594 2242 2656 sequentes
2281 2603 2481 2646 versus
2527 2605 2648 2662 pag.
2698 2589 2824 2661 508,
2866 2597 2922 2647 et
2964 2607 3094 2648 cum
3135 2594 3221 2648 eis
3265 2594 3505 2649 titulum
3546 2595 3603 2650 S.

1939 2675 2192 2730 Silvestri
2217 2676 2299 2748 (in
2330 2679 2519 2749 capite
2552 2693 2704 2736 nunc
2735 2681 3106 2752 appellatum)
3131 2687 3182 2735 et
3211 2684 3290 2737 sic
3326 2699 3428 2752 per
3467 2699 3608 2752 por-

1940 2765 2107 2818 ticum
2146 2781 2315 2834 usque
2357 2766 2676 2822 Columnam
2715 2772 2810 2825 AR
2857 2769 3001 2840 (lege
3042 2770 3157 2842 AN)
3189 2789 3205 2840 ;
3236 2785 3366 2826 mox
3411 2771 3604 2828 eadem

1938 2852 2031 2908 via
2071 2853 2354 2910 Flaminia
2395 2855 2549 2911 intra
2591 2857 2787 2912 urbem
2835 2859 3156 2930 prOgressis
3195 2859 3602 2915 sinistrorsum

1939 2942 2158 3012 pariter
2187 2942 2427 2999 oll‘ertur
2464 2945 2661 2999 Forma
2699 2949 2947 3013 Virginis
2983 2947 3166 3017 (aqua
3196 2947 3424 3029 scilicet
3465 2948 3606 3003 Vir-

1937 3029 2112 3102 ginis)
2138 3033 2344 3098 fracta,
2389 3032 2598 3088 deinde
2638 3033 2828 3088 Sancti
2859 3037 3106 3089 Marcelli
3137 3035 3369 3091 titulus.
3404 3038 3606 3090 Iterum

1929 3134 2032 3188 per
2051 3122 2323 3189 porticum
2347 3135 2520 3190 usque
2544 3122 2621 3176 ad
2643 3123 2953 3192 Apostolos.
2978 3124 3121 3192 Quis
3150 3125 3346 3196 itaque
3371 3137 3483 3180 non
3508 3125 3604 3178 vi—

154 3210 529 3268 nuscont‘usa
547 3211 1824 3281 hacqualiscunquepercensio.Nosceremus
1853 3195 1903 3258 C
1935 3209 2066 3264 deat
2111 3209 2256 3264 hanc
2304 3212 2696 3266 recensionem
2745 3213 3126 3268 adificiorum
3179 3195 3265 3270 ad
3301 3213 3602 3268 sinistram

152 3301 358 3357 saltem
378 3299 688 3371 vestigium
711 3299 946 3369 aliquod
968 3299 1191 3354 viarum
1215 3298 1474 3353 omnium
1499 3301 1828 3368 pracipua—

151 3405 298 3458 rum,
327 3403 467 3460 qua
501 3391 558 3443 in
592 3388 739 3443 Urbe
778 3386 1297 3458 frequentabantur
1330 3393 1456 3457 post
1485 3389 1676 3445 clades
1705 3388 1827 3446 Go-

155 3477 338 3532 tbicas
361 3484 422 3532 et
450 3475 816 3544 Vandalicas,
846 3489 910 3530 ac
931 3475 1290 3544 direptiones
1323 3475 1822 3546 Langobardorum

154 3572 206 3620 et
226 3567 675 3621 Saracenorum.
708 3563 781 3618 At
810 3563 956 3618 malo
991 3562 1316 3617 litterarum
1349 3560 1466 3617 fato
1492 3564 1740 3634 contigit
1763 3572 1826 3620 ut

155 3655 423 3710 collectio
479 3654 591 3708 ista
640 3652 734 3707 ab-
764 3659 999 3708 auctore
1047 3649 1401 3705 scriberetur
1451 3651 1825 3722 negligenter,

159 3758 309 3800 more
337 3741 813 3798 adversariorum
847 3746 949 3796 aut
978 3739 1321 3794 schedarum
1372 3741 1659 3795 memoria
1695 3746 1831 3797 tan—

157 3839 271 3889 tum
298 3845 506 3902 causa,
536 3837 601 3887 ut
627 3843 797 3886 casus
817 3827 1058 3899 obtulit,
1081 3827 1288 3884 dietim
1313 3826 1620 3884 relatarum
1647 3830 1704 3885 in
1727 3845 1834 3887 co-

1934 3297 2382 3353 constitutorum
2429 3299 2577 3368 ejus,
2623 3301 2788 3370 quia
2832 3302 3000 3357 Porta
3035 3302 3317 3357 Flaminia
3348 3302 3417 3356 ad
3461 3314 3605 3356 san-

1934 3391 2056 3441 ctos
2076 3386 2379 3442 duodecim
2406 3388 2698 3456 apostolos
2729 3389 2821 3444 via
2853 3390 3136 3445 Flaminia
3171 3386 3366 3464 [hodie
3391 3389 3604 3445 Curri—

1932 3475 2118 3530 culari
2149 3471 2325 3548 dicta]
2353 3476 2506 3532 intra
2536 3476 2741 3532 Urbem
2777 3479 3063 3547 procedat.
3092 3479 3445 3551 jungendam
3479 3490 3605 3532 esse

1931 3565 2100 3620 alteri
2123 3564 2386 3620 sectioni.
2413 3578 2475 3619 ea
2504 3581 2631 3636 qua
2657 3566 3023 3623 dextrorsum
3049 3568 3322 3624 visuntur
3344 3567 3599 3623 eamdem

1931 3653 2023 3707 via
2065 3653 2483 3707 demonstranti
2535 3668 2661 3724 pag.
2715 3651 2841 3724 508,
2891 3656 2988 3711 sed
3043 3657 3342 3724 peturbato
3396 3655 3604 3711 ordine

1936 3741 2270 3811 postposita
2299 3746 2356 3795 et
2389 3741 2469 3796 ita
2502 3741 2836 3811 perscripta
2857 3744 2887 3796 ‘?

1703 3923 1810 3976 Via
1837 3923 2205 3977 Lateranense

1186 3995 1380 4050 Sancti
1416 3989 1710 4045 Laurentii
1748 3993 1807 4047 in
1845 3993 2062 4049 Lucina

1197 4062 1457 4121 TONlNl.
1500 4060 1830 4119 Obeliscum

1204 4137 1482 4192 Columna
1516 4134 1790 4189 Antonini

156 4206 306 4279 Unde
333 4205 650 4278 colligitur
679 4218 883 4261 versus
915 4207 1298 4275 pracedentes
1324 4222 1451 4279 pag.
1482 4200 1588 4260 507
1625 4218 1756 4261 cum
1786 4205 1879 4261 bis
1902 4205 2393 4277 consequentibus
2417 4210 2474 4262 et
2499 4205 2841 4275 postpositis
2877 4220 3005 4279 pag.
3031 4205 3140 4264 508
3181 4208 3262 4265 ita
3288 4222 3415 4266 esse
3449 4207 3601 4278 jun-

158 4278 367 4346 gendos

1244 4352 1296 4407 A
1325 4351 1494 4405 Porta
1522 4348 1801 4403 Flaminia
1838 4363 2012 4418 usque
2038 4350 2132 4402 uia
2164 4348 2528 4403 Lateranense

735 4437 802 4490 In
826 4435 1072 4490 Sinistra
1099 4438 1490 4494 Pariturrium

664 4506 860 4562 Sancti
893 4507 1160 4564 Silvestri
1192 4517 1248 4564 et
1271 4511 1359 4564 sic
1391 4523 1489 4578 per

630 4578 919 4648 porticum
960 4593 1142 4649 usque
1174 4581 1497 4636 columnam
1531 4578 1888 4635 ANTONINI.

664 4649 861 4704 Sancti
897 4651 1175 4706 Marcelli.
1207 4653 1416 4707 Iterum
1452 4665 1552 4720 per

629 4721 918 4791 porticum
956 4736 1142 4794 usque
1167 4723 1236 4778 ad
1269 4723 1576 4793 Apostolos

1991 4435 2185 4491 Sancti
2215 4437 2510 4492 Laurentii
2545 4437 2605 4492 in
2629 4437 2846 4495 Lucina
2871 4440 2933 4494 In
2965 4439 3136 4496 dextr

2251 4577 2581 4635 Obeliscum

2248 4650 2524 4706 Columna
2556 4652 2836 4708 Antonini

2249 4721 2353 4776 Via
2391 4723 2765 4780 Lateranense

217 4813 440 4868 lndicat
463 4823 605 4866 vero
631 4776 1001 4865 itinerarium
1028 4776 1666 4881 Anonv‘mirsein‘porta
1689 4776 1826 4865 lila-
1852 4814 1907 4875 D
1937 4809 2176 4865 titulum
2224 4812 2402 4864 sancti
2436 4776 2808 4874 Marcelliiet
2848 4815 3045 4868 iterum
3077 4828 3180 4882 per
3219 4815 3491 4883 porticum
3529 4814 3597 4868 ad

153 4903 326 4958 minia
349 4900 776 4966 constitutum,
814 4905 871 4954 et
895 4908 1218 4968 pergentem
1255 4907 1408 4956 recta
1431 4913 1614 4969 usque
1639 4899 1707 4954 ad
1742 4899 1826 4954 ti—

151 4990 295 5045 tulos
316 4989 512 5045 sancti
547 4986 803 5042 Marcelli
833 4992 888 5041 et
909 4993 1238 5043 sanctorum
1259 4987 1565 5043 duodecim
1587 4993 1827 5056 aposto—

151 5077 350 5143 lorum,
378 5078 804 5134 sinistrorsum
835 5075 1067 5145 quidem
1099 5075 1315 5132 vidisse
1339 5076 1682 5129 Paritum‘um
1701 5074 1824 5142 (alii

150 5165 446 5235 legendum
481 5170 698 5236 putant
726 5166 1110 5226 Periturrium,
1137 5165 1242 5219 hoc
1273 5170 1361 5218 est
1383 5163 1663 5218 ambitum
1693 5168 1829 5218 tur—

151 5255 291 5311 rium
313 5255 386 5311 29
416 5270 450 5310 a
479 5258 653 5325 porta
677 5252 960 5307 Flaminia
995 5254 1062 5308 ad
1090 5251 1521 5326 Pincianam,in
1544 5251 1828 5308 manibus

150 5350 200 5396 et
239 5346 388 5400 clivo
435 5341 922 5410 conspicuarum,
968 5354 1114 5412 quas
1153 5347 1450 5395 enumerat
1491 5353 1614 5411 pag.
1656 5337 1823 5411 514);

152 5433 346 5490 deinde
389 5432 649 5490 titulum
694 5433 872 5484 sancti
908 5430 1180 5492 Silvestri,
1225 5429 1376 5484 unde
1420 5445 1519 5497 per
1555 5433 1827 5498 porticum

149 5521 227 5589 (ex
266 5525 342 5578 iis
380 5536 520 5594 qua
565 5525 914 5588 supererant
955 5519 1013 5573 in
1049 5519 1259 5587 Campo
1299 5517 1524 5588 Martio)
1551 5533 1724 5585 usque
1752 5517 1827 5570 ad

154 5610 467 5667 Columnam
494 5609 868 5665 ANTONINI
890 5607 1114 5678 (nempe
1151 5609 1218 5662 ad
1246 5605 1575 5661 Cochlidem
1605 5607 1677 5659 M.
1701 5605 1827 5660 Au-

157 5702 270 5756 relii
307 5698 637 5767 Antonini)
668 5709 1032 5769 progressum
1081 5696 1140 5752 in
1163 5696 1407 5752 sinistra
1446 5694 1828 5764 pertransisse

1938 4897 2174 4954 titulum
2209 4898 2305 4952 SS.
2333 4900 2701 4967 apostolorum
2733 4902 3078 4969 pervenisse,
3113 4904 3169 4953 et
3193 4901 3260 4954 ad
3293 4900 3454 4954 Viam
3482 4900 3600 4952 La-

1936 4994 2294 5050 teranensem,
2321 5001 2448 5056 qua
2469 4987 2574 5055 (uti
2598 5002 2665 5042 ex
2692 4989 2866 5043 titulo
2891 4987 3170 5042 sectionis
3192 4985 3447 5056 apparet)
3469 4986 3602 5042 fue-

1939 5083 2027 5132 rat
2053 5077 2369 5133 constituta
2404 5076 2578 5144 hujus
2610 5076 2842 5130 itineris
2875 5081 3039 5128 meta.
3193 5087 3195 5092 ί

2007 5169 2376 5220 Dextrorsum
2411 5177 2542 5218 vero
2562 5167 2788 5217 constat
2817 5163 3123 5217 adnotasse
3146 5163 3385 5218 titulum
3410 5165 3597 5219 sancti

1936 5255 2225 5307 Laurentii
2261 5254 2320 5303 in
2351 5252 2580 5311 Lucina,
2611 5251 2821 5304 deinde
2863 5251 3176 5312 obeliscum,
3219 5264 3419 5319 nempe
3458 5251 3600 5307 obe-

1938 5341 2144 5396 liscum
2180 5339 2462 5406 insignem
2495 5337 2691 5405 Campi
2734 5337 2949 5404 Martii,
2996 5345 3190 5393 nostra
3234 5341 3406 5394 etiam
3438 5348 3602 5396 atate

1932 5430 2210 5498 jacentem
2242 5437 2414 5495 prone
2439 5426 2697 5480 eumdem
2721 5425 2982 5492 titulum,
3007 5426 3175 5494 cujus
3200 5441 3330 5495 pars
3353 5429 3600 5486 maxima

1936 5520 2252 5572 etiamnum
2284 5511 2499 5566 visitur
2526 5512 2582 5566 in
2612 5513 2755 5569 cella
2781 5515 3004 5570 vinaria
3031 5515 3238 5570 domus
3266 5517 3523 5586 privata,
3546 5525 3604 5573 et

1937 5620 1966 5659 τι
1996 5604 2253 5660 Nardino
2280 5600 2636 5657 describitur
2664 5601 2766 5658 lib.
2797 5615 2874 5671 vr,
2909 5618 3033 5674 cap.
3064 5601 3118 5671 6,
3155 5618 3278 5676 pag.
3315 5601 3440 5667 354,
3479 5618 3601 5658 me—

1939 5698 2195 5751 morante
2227 5704 2400 5761 pr0pe
2441 5689 2592 5746 hunc
2632 5691 2973 5766 obeliscum,
3014 5692 3141 5750 loco
3174 5693 3310 5763 styli
3346 5696 3598 5747 erectum
