3950 6402
379 367 485 427 347
1175 373 1269 428 ΑΙ)
1305 372 1747 430 ANASTASIUM
1780 371 2298 430 PROLEGOMENA
2335 371 2512 426 EDIT.
2555 368 2996 425 ROM.—VATIC.

3696 368 3803 426 348

378 491 636 562 Augusto
673 492 729 547 in
768 492 977 562 Campo
1009 492 1238 561 Martio,
1277 492 1364 548 uti
1406 491 1632 547 Plinius
1671 497 1886 560 narrat,
1926 490 2027 546 lib.
2055 494 2112 552 A
2211 490 2426 546 Addam
2461 502 2686 560 quoque
2714 489 2978 544 veritatis
3016 492 3530 560 auctoramentum,
3563 503 3633 545 ex
3665 504 3802 560 per-

382 595 578 650 xxxvr,
637 595 760 652 cap.
815 580 868 653 9,
919 584 987 637 ad
1043 582 1547 652 deprehendendas
1591 582 1733 637 solis
1777 581 2029 649 umbras,

377 670 718 740 dierumque
757 686 822 725 ac
854 671 1106 726 noctium
1151 671 1604 742 magnitudinem
1641 671 1698 724 in
1731 670 2032 724 sciaterico

379 757 667 828 horoligio
727 759 1074 814 horizontali
1127 759 1519 826 indicandam,
1576 765 1796 827 reperta
1853 755 2033 812 fuisse

378 844 693 916 fragmenta
739 859 892 900 anea
921 847 1193 901 deaurata
1236 847 1563 916 regularum
1609 846 1776 900 horas
1805 851 1860 900 et
1900 858 2034 899 um—

377 933 535 987 bram
566 935 984 988 denotantium.
1031 936 1160 989 Post
1188 934 1501 989 obeliscum
1533 934 1896 990 dextrorsum
1928 947 2034 988 oc—

377 1021 646 1076 currebat
686 1024 934 1076 columna
980 1024 1272 1086 Antonini,
1317 1023 1432 1078 alia
1476 1024 1701 1079 scilicet
1743 1022 2028 1092 columna,

378 1125 503 1179 qua
555 1110 767 1165 ibidem
809 1113 1065 1180 perstitit
1107 1119 1289 1167 erecta
1337 1113 1394 1166 in
1437 1112 1584 1167 clivo
1623 1112 1822 1166 Citorio
1862 1111 2031 1181 vulgo

375 1199 531 1253 dicto
576 1213 760 1268 usque
806 1200 875 1254 ad
925 1213 1137 1255 annum
1189 1198 1344 1271 4702,
1390 1215 1518 1255 cum
1559 1201 1916 1271 detegeretur
1962 1213 2030 1254 ex

377 1286 658 1356 stylobate
704 1292 877 1359 atque
919 1290 1319 1360 inscriptione,
1361 1289 1635 1344 celebrem
1680 1288 1838 1343 illam
1881 1301 2025 1358 esse,

375 1375 665 1430 Antonino
697 1378 795 1432 Pio
825 1378 1143 1433 dedicatam
1173 1379 1232 1432 in
1264 1379 1389 1447 ejus
1417 1378 1736 1447 apotheosi,
1769 1380 1940 1446 atque
1967 1375 2026 1430 in

375 1465 826 1520 numismatibus
865 1480 1190 1536 expressam
1225 1487 1236 1521 :
1272 1472 1327 1522 et
1360 1467 1577 1522 idcirco
1618 1468 2026 1520 transferretur

373 1552 440 1606 ad
466 1557 729 1608 ornatum
763 1553 872 1610 fori
908 1556 1152 1625 proximi
1187 1561 1318 1611 ante
1350 1556 1622 1626 palatium
1646 1554 2026 1624 juridicundo

370 1645 426 1694 et
440 1641 692 1710 publicis
711 1643 1017 1700 tabulariis
1031 1647 1392 1700 asservandis
1411 1658 1590 1714 nuper
1605 1648 2022 1698 constructum.

370 1730 503 1785 Post
545 1745 665 1786 eam
706 1733 1039 1789 Columnam
1083 1734 1360 1790 Antonini
1402 1735 1488 1789 Pii
1531 1733 1916 1804 pertingimus
1954 1733 2021 1788 ad

2142 578 2370 633 turbata
2432 579 2651 633 ratione
2707 578 3027 632 sectionum
3077 577 3391 646 Itinerarii,
3453 591 3675 633 necnon
3732 592 3799 632 ex

2141 668 2394 734 ejusdem
2425 667 2631 721 erratis
2670 666 3032 734 capiendum.
3075 665 3377 722 Observari
3418 665 3589 721 velim
3626 666 3800 735 hujus

2142 755 2431 810 Itinerarii
2464 760 2751 809 auctorem
2785 755 2843 808 in
2875 755 3127 825 singulis
3162 755 3344 824 portis
3375 756 3565 809 Roma
3597 755 3800 809 consi-

2142 851 2291 899 stere
2331 851 2504 914 atque
2536 845 2644 898 iter
2682 844 2934 914 dirigere
2959 844 3044 898 vel
3081 843 3147 898 ab
3179 857 3290 899 una
3334 843 3504 898 Urbis
3538 849 3700 912 porta
3727 842 3795 897 ad

2139 933 2334 1002 aliam,
2359 933 2496 987 vela
2522 938 2680 1002 porta
2701 933 2768 988 ad
2794 934 3022 1000 Forum,
3049 933 3135 988 uti
3157 946 3225 987 ex
3254 932 3450 987 titulis
3474 933 3798 987 sectionum

2139 1027 2380 1077 constat.
2415 1021 2734 1076 Consilium
2770 1021 2858 1075 illi
2891 1019 3095 1090 fuerat,
3131 1021 3278 1091 quod
3325 1034 3473 1089 sape
3502 1021 3649 1088 dixi,
3685 1019 3799 1074 ob—

2141 1115 2368 1166 servatu
2407 1108 2674 1181 digniora
2708 1110 2776 1164 ad
2811 1110 3108 1165 sinistram
3147 1111 3260 1164 sita
3294 1109 3351 1163 in
3384 1123 3497 1164 una
3527 1108 3800 1164 columna

2137 1200 2464 1269 disponere,
2509 1198 2736 1269 prailxa
2771 1199 2937 1253 litera
2969 1199 3025 1261 S,
3072 1197 3301 1253 sinistri
3349 1197 3549 1252 lateris
3581 1197 3794 1265 indice,

2135 1288 2221 1343 vel
2245 1295 2474 1343 extensa
2502 1289 2722 1358 integra
2748 1287 3003 1342 dictione
3031 1290 3090 1340 in
3119 1289 3388 1352 sinistra;
3413 1299 3629 1341 necnon
3650 1287 3799 1340 dex—

2136 1381 2387 1431 trorsum
2417 1376 2602 1446 posita
2631 1376 2690 1429 in
2716 1375 2833 1430 alia
2857 1376 3122 1430 columna
3148 1374 3446 1443 collocare,
3479 1373 3576 1428 cui
3601 1373 3798 1428 littera

2134 1467 2181 1519 D
2212 1465 2546 1534 signiﬁcans
2574 1465 2872 1519 dexterum
2912 1463 3064 1518 latus
3096 1462 3536 1534 progredientis,
3571 1461 3658 1516 vel
3689 1473 3799 1514 ex-

2137 1558 2295 1608 tensa
2324 1554 2526 1621 dictio,
2561 1555 2621 1607 in
2668 1554 2892 1606 dextera
2937 1552 3342 1623 praﬂgeretur.
3379 1553 3588 1606 Mirum
3628 1549 3796 1604 dictu

2135 1647 2240 1711 est,
2269 1655 2615 1712 anonymum
2648 1647 2909 1698 nostrum
2942 1642 3256 1711 aliquando
3281 1640 3508 1695 easdem
3540 1637 3722 1708 siglas
3751 1637 3797 1689 D

2133 1737 2188 1786 et
2212 1731 2248 1786 S
2285 1735 2652 1800 permutasse,
2677 1738 2732 1785 et
2756 1744 2819 1785 ea
2847 1745 2970 1800 qua
2999 1731 3065 1785 ad
3091 1729 3381 1784 dexteram
3417 1728 3803 1782 obversaren-

369 1818 520 1873 viam
553 1821 1002 1892 Lateranensem,
1036 1837 1156 1878 eam
1185 1823 1409 1878 scilicet
1440 1838 1564 1894 qua
1598 1823 1730 1877 inde
1763 1822 2025 1891 perducit
2056 1817 2107 1876 B
2135 1831 2249 1891 tur,
2285 1835 2383 1892 pro
2410 1822 2671 1876 sinistris
2704 1820 3058 1891 negligenter
3087 1819 3393 1876 obtrudere
3425 1837 3441 1887 -,
3471 1825 3570 1874 aut
3592 1831 3623 1872 e
3647 1830 3801 1872 con-

368 1908 435 1962 ad
465 1911 824 1980 Lateranum,
848 1913 1209 1968 dextrorsum
1238 1915 1512 1970 ﬂectendo
1535 1928 1632 1983 per
1657 1913 1779 1969 loca
1801 1913 1861 1968 in
1885 1926 2027 1982 pro-

366 2003 544 2058 ximis
573 2005 839 2060 versibus
874 2006 951 2060 ita
986 2005 1265 2060 recensita
1297 2020 1310 2056 :

577 2095 830 2150 Therma
850 2096 1251 2152 Alexandrina

579 2183 769 2239 Sancti
806 2185 1122 2252 Eustachii,
1157 2190 1213 2238 et
1244 2185 1490 2240 rotunda

581 2272 835 2327 Therma
864 2273 1283 2327 Commodiana

579 2361 944 2426 Minervium,
978 2367 1034 2415 et
1059 2362 1127 2415 ad
1156 2364 1209 2415 S.
1247 2363 1495 2414 Marcum
1524 2378 1537 2414 :

438 2451 770 2518 Descriptor
813 2449 1130 2515 Itinerarii,
1178 2462 1308 2503 cum
1339 2463 1406 2503 ex
1448 2456 1610 2518 porta
1640 2448 1922 2502 Flaminia
1954 2449 2022 2504 ad

367 2538 515 2593 viam
559 2539 990 2592 Lateranensem
1033 2550 1134 2591 nos
1178 2536 1491 2604 perducens
1539 2537 1737 2592 dextra
1776 2536 2026 2605 lavaque

371 2624 594 2694 potiora
616 2624 862 2678 aediﬁcia
889 2624 1304 2689 recensuisset;
1333 2624 1540 2678 iterum
1563 2624 1724 2678 sistit
1744 2624 1803 2678 in
1829 2630 2022 2695 porta;

369 2717 426 2766 et
453 2724 723 2766 converso
759 2711 967 2766 itinere
998 2710 1140 2766 foris
1174 2724 1387 2779 muros,
1422 2711 1539 2765 hac
1568 2711 1771 2767 addit:

585 2803 644 2855 In
679 2803 781 2855 Via
812 2800 1102 2855 Flaminea
1137 2799 1279 2856 foris
1311 2814 1538 2856 murum

585 2892 644 2944 In
676 2891 912 2943 Dextera
943 2889 1132 2944 Sancti
1168 2889 1455 2944 Valentini

584 2979 645 3034 In
675 2977 924 3033 Sinistra
961 2976 1204 3032 Tiberis.

441 3067 554 3122 Hac
579 3065 760 3137 igitur
786 3066 1181 3122 observatione
1207 3066 1488 3133 adhibita,
1520 3067 1801 3122 sectiones
1829 3071 2028 3123 trans—

2133 1927 2296 1968 verso
2323 1925 2448 1982 qua
2477 1911 2546 1966 ad
2581 1911 2775 1965 lavam
2803 1911 3044 1979 viderat,
3071 1910 3300 1964 dextera
3331 1908 3704 1977 inscripsisse
3735 1907 3799 1961 in

2134 2003 2262 2057 suis
2291 2001 2656 2056 adversariis.
2693 2001 2820 2054 Hac
2846 2014 3046 2068 nempe
3066 1999 3379 2054 ostendunt
3405 2003 3618 2070 quanto
3642 1995 3804 2052 faci—

2136 2092 2271 2146 liori
2296 2091 2458 2159 lapsu
2485 2091 2737 2160 hospites
2765 2090 2932 2146 illius
2951 2090 3139 2144 atatis
3161 2102 3272 2144 non
3294 2089 3599 2143 admodum
3623 2086 3804 2142 culta

2138 2194 2367 2250 peccare
2409 2182 2700 2249 potuerint
2741 2180 2798 2234 in
2843 2179 3238 2235 describendis
3281 2175 3806 2249 epigrammatibus

2133 2271 2415 2340 antiquis,
2443 2282 2755 2338 eorumque
2783 2269 3040 2324 numeris
3081 2268 3468 2339 chronologia
3496 2264 3807 2320 indicibus

2133 2372 2201 2413 ex
2226 2357 2602 2428 autographis
2628 2357 2916 2426 Catalogis
2945 2356 3342 2422 basilicarum,
3372 2369 3439 2409 ex
3464 2353 3720 2408 arcubus
3742 2357 3810 2407 et

2137 2445 2522 2502 monumentis
2551 2447 2879 2514 principum
2905 2459 2970 2499 ac
3003 2444 3465 2512 magistratuum,
3495 2444 3597 2513 qui
3627 2445 3812 2512 pote—

2137 2543 2266 2592 rant
2315 2536 2600 2605 integrum
2643 2533 2747 2587 via
2785 2534 3024 2587 ductum
3073 2531 3306 2586 mendos
3355 2531 3589 2586 reddere
3634 2532 3812 2585 sini-

2136 2633 2319 2682 strum
2347 2639 2414 2680 ex
2453 2625 2702 2678 dextero.
2739 2622 2924 2690 Quare
2956 2635 3066 2676 non
3111 2621 3327 2690 injuria
3365 2621 3564 2676 censui
3600 2622 3658 2675 in
3705 2621 3812 2676 his

2137 2715 2422 2771 ﬁdendum
2457 2727 2578 2768 esse
2601 2713 2795 2782 potius
2822 2711 3052 2766 lectioni
3079 2711 3342 2765 codicum
3377 2710 3700 2779 positorum
3737 2712 3809 2767 in

2133 2803 2504 2860 bibliothecis
2526 2801 2693 2857 Urbis
2717 2799 3015 2871 proximis,
3039 2806 3095 2855 et
3115 2813 3242 2855 cum
3261 2799 3640 2869 autographis
3663 2813 3810 2856 mo-

2137 2893 2428 2949 numentis
2449 2905 2594 2960 sape
2620 2891 2858 2955 collata,
2894 2903 3063 2960 quam
3091 2888 3312 2943 cateris
3337 2888 3407 2942 ab
3433 2887 3596 2943 Italia
3624 2890 3812 2960 longe

2136 2983 2391 3050 remotis,
2434 2994 2676 3051 quorum
2723 2984 2912 3034 textus
2953 2993 3081 3033 cum
3112 2979 3491 3049 autographis
3530 2977 3808 3037 conferre

2133 3073 2229 3127 vix
2263 3071 2361 3125 ille
2393 3069 2598 3139 potuit,
2633 3068 2732 3138 qui
2769 3068 2976 3136 raptim
3008 3081 3072 3122 ea
3102 3067 3461 3122 describebat
3493 3080 3645 3122 more
3679 3067 3806 3123 iti-

373 3156 572 3226 posita
595 3155 769 3224 hujus
793 3155 1082 3210 itinerarii
1104 3156 1172 3210 ad
1193 3170 1359 3211 suum
1381 3158 1636 3211 ordinem
1660 3157 2022 3227 rediguntur,
2053 3142 2102 3204 C
2136 3160 2414 3229 nerantis,
2444 3172 2552 3213 non
2577 3157 2719 3212 satis
2740 3155 2978 3225 eruditi,
3003 3163 3103 3211 aut
3128 3169 3296 3211 mora
3318 3155 3699 3226 impatientis,
3734 3166 3806 3212 ut

371 3259 434 3300 ac
474 3245 755 3313 sejunctis
799 3244 1064 3314 partibus
1103 3250 1540 3299 connectuntur.
1583 3244 1640 3299 Si
1689 3245 2027 3301 membrana

372 3333 496 3387 ista
521 3333 914 3388 Einsidlenses
946 3331 1191 3389 fuissent
1219 3333 1471 3403 integra,
1507 3334 1649 3388 satis
1674 3335 2026 3390 commodam

371 3421 540 3476 Urbis
574 3422 1046 3494 ichnographiam
1093 3422 1454 3490 haberemus,
1486 3430 1540 3477 et
1570 3423 2024 3479 cameteriorum

369 3510 689 3582 catalognm
715 3510 1186 3581 topographicum
1214 3509 1547 3580 pleniorem.
1569 3512 1773 3566 Verum
1797 3525 1863 3566 ex
1890 3527 2028 3581 por-

371 3608 557 3656 tarum
595 3600 1026 3654 enumeratione
1072 3613 1242 3669 quam
1289 3599 1539 3669 exhibet,
1591 3606 1826 3670 apparet
1869 3615 2033 3657 com-

375 3687 572 3757 plures
616 3690 901 3743 sectiones
929 3689 1269 3743 desiderari.
1318 3689 1554 3744 Prastat
1586 3695 1835 3744 attamen
1865 3689 2031 3752 illius

369 3776 557 3830 atatis
602 3776 940 3832 documenta
991 3777 1281 3847 qualibet,
1326 3776 1464 3832 licet
1507 3777 1843 3835 detruncata
1890 3793 2028 3848 pro-

370 3863 599 3934 ducere,
640 3878 810 3934 quam
842 3866 920 3921 iis
948 3866 1183 3921 omnino
1223 3863 1492 3921 fraudare
1534 3866 1837 3924 historiam
1867 3870 2028 3924 Ana-

371 3951 558 4004 stasii.

2137 3249 2384 3304 reditum
2419 3251 2745 3301 maturaret.

2208 3339 2310 3392 His
2338 3337 2708 3406 pramonitus
2739 3337 2936 3390 Lector
2968 3335 3260 3405 permittet
3286 3339 3351 3389 ut
3375 3333 3612 3388 schedas
3641 3334 3808 3390 Ein-

2138 3427 2436 3495 sidlenses,
2470 3437 2780 3494 earumque
2806 3424 3087 3479 sectiones
3109 3422 3210 3477 tali
3237 3422 3438 3478 ordine
3462 3423 3800 3495 disponam,

2139 3516 2239 3586 qui
2272 3514 2598 3570 methodum
2625 3512 2913 3567 Itinerarii
2950 3512 3164 3579 reddat,
3200 3512 3346 3566 citra
3379 3510 3553 3565 ullam
3581 3511 3806 3568 verbo—

2141 3619 2268 3662 rum
2289 3609 2390 3658 aut
2412 3615 2680 3658 versuum
2701 3600 3212 3670 detruncationem,
3236 3601 3476 3656 servatis
3503 3600 3807 3657 dictioni-

2141 3693 2251 3749 bus
2271 3691 2520 3763 singulis
2536 3690 2812 3746 editionis
2835 3688 3275 3760 Mabilloniana,
3301 3690 3466 3759 cujus
3485 3687 3622 3744 folia
3643 3690 3804 3746 dex-

2139 3787 2226 3836 tra
2253 3781 2503 3850 lavaque
2529 3779 2648 3851 (ubi
2672 3779 3060 3848 componenda
3095 3779 3249 3851 sunt)
3273 3779 3555 3849 appositis
3580 3793 3800 3838 nume-

2136 3869 2220 3926 ris
2251 3868 2559 3924 indicanda
2589 3868 2806 3923 curavi.

392 4102 3799 4129 Μ

1245 4275 1839 4347 DESCRIPTIO
1889 4237 1964 4300 ‘“’
2041 4275 2557 4346 REGIONUM
2647 4276 2933 4345 unms

405 4562 951 4682 ANONYMI
1010 4560 1837 4680 ITINERARIUM
1898 4563 2140 4679 PER
2179 4563 2630 4696 URBEM,
2680 4565 2818 4682 ET
2875 4564 3228 4683 CIRCA
3276 4566 3737 4699 UBBEM.

371 4751 539 4812 Cum
577 4747 1102 4812 indicationibus
1140 4746 1659 4810 observabilium
1705 4746 2162 4888 adiﬁciorum,
2209 4746 2457 4810 ibidem
2495 4749 2935 4828 superstitum
2973 4751 3150 4812 circa
3185 4753 3496 4813 octavum
3535 4751 3804 4818 Christi

1919 4844 2092 4888 sacu
2122 4845 2238 4888 um

1919 4844 2238 4890 saeculum

440 5047 527 5100 Ea:
551 5062 685 5116 pag.
725 5044 833 5102 544
875 5047 1131 5103 editionis
1159 5049 1575 5103 Mabiiloniana
1605 5052 1966 5119 praemittitur
1984 5054 2336 5177 garriat-otio
2361 5057 2648 5122 portarum
2692 5055 2874 5118 Urbis,
2909 5055 3137 5124 ejusque
3172 5069 3454 5111 murorum
3490 5057 3741 5114 ambitus

1882 5138 1945 5176 ac
2051 5138 2195 5177 scrin
2221 5140 2292 5177 ιο.

1882 5138 1945 5176 ac
1984 5138 2292 5194 descriptio.

439 5370 487 5425 Α
513 5377 672 5438 porta
691 5377 876 5432 sancti
898 5377 1051 5432 Petri
1079 5377 1158 5447 (ὁ)
1179 5391 1309 5433 cum
1339 5379 1463 5448 ipsa
1487 5384 1668 5449 porta,
1693 5391 1877 5450 usque
1900 5394 2025 5448 por-
2055 5383 2110 5443 D
2202 5380 2249 5436 A
2276 5385 2436 5449 porta
2461 5382 2744 5440 Flaminia
2768 5398 2899 5440 cum
2928 5385 3052 5456 ipsa
3075 5391 3238 5454 porta
3261 5400 3445 5458 usque
3469 5387 3538 5442 ad
3565 5391 3808 5457 portam

368 5463 480 5512 tam
513 5459 858 5517 Flamineam
901 5469 1089 5520 turres
1120 5479 1214 5520 xvr
1247 5468 1675 5538 propugnacula
1707 5482 2016 5540 DCCLxxxii,

374 5551 667 5615 posternas
699 5563 783 5619 ιιι,
814 5555 1166 5608 necessarias
1202 5569 1308 5609 mi.
1340 5557 1620 5612 Fenestra
1659 5559 1900 5628 majores
1927 5559 2021 5615 fo—

372 5640 634 5691 rinsecus
659 5649 793 5707 cvu,
825 5640 1073 5696 minores
1098 5656 1247 5697 va1.

2131 5469 2462 5526 Pincianam
2517 5473 2792 5543 clausam,
2840 5481 3030 5532 turres
3079 5490 3306 5546 xxvmt,
3354 5481 3808 5548 propugnacula

2129 5571 2376 5630 nexum,
2428 5575 2735 5636 necess.ui,
2783 5563 3044 5622 fenestra
3087 5567 3327 5635 majores
3371 5564 3577 5623 forins.
3610 5582 3805 5643 Lxxv,

2131 5660 2383 5704 minores
2412 5662 2580 5704 CXVII.
