3960 6450
455 406 554 469 354

1291 404 1386 459 AD
1416 402 1848 459 ANASTASIUM
1884 400 2399 460 PROLEGOMENA
2433 400 2611 458 EDIT.
2651 399 3068 459 ROM.-VAT[C.

3752 402 3859 466 352

461 535 744 604 culorum,
793 535 1236 604 interceptoriim
1281 529 1434 584 inter
1476 534 1696 604 portam
1727 528 2093 604 Portuensem
2119 531 2178 588 A
2207 526 2449 604 viamex
2477 526 2683 604 itinere
2707 525 3066 604 institutoad
3089 525 3294 582 limina
3314 527 3856 604 apostolorumpro

463 611 520 660 et

461 669 664 730 reliam
692 676 772 730 ibi
797 677 967 730 sitam
1005 672 1184 729 fuisse
1213 670 1664 740 quamproxiine,
1699 683 1811 738 qua
1835 682 1903 724 ex
1931 669 2100 723 Uibis

464 739 1364 817 murisregionisTranstiberinge
1387 739 1853 817 progreditnurin
1876 752 2101 795 summo

459 809 751 872 Janiculo'
767 819 836 873 ad
869 816 924 872 8.
969 813 1274 870 Pancratii.
1306 809 1517 866 Cetera
1562 809 1948 879 explicatione
1987 822 2098 865 non

463 887 748 942 indigent.

532 904 951 1013 ῐίἹιιξζιῗιιξξξιᾱιιιιῑιι
981 955 1051 1011 ad
1085 951 1496 1010 illustrandum
1525 950 1697 1007 Urbis
1723 950 2005 1006 ambitum
2035 963 2104 1005 ex

461 1026 570 1083 hac
595 1027 1004 1097 descriptione,
1038 1024 1284 1091 scilicet,
1318 1022 1570 1077 turrium
1605 1021 2104 1097 numerumpluri-

462 1098 575 1154 mis
602 1100 660 1152 in
689 1092 831 1154 locis
859 1092 1102 1167 spectari
1125 1097 1441 1150 etiamnum
1466 1096 1856 1167 superstitem.
1879 1092 2108 1167 _Nume—

463 1169 587 1224 ravi
625 1172 778 1225 enim
825 1183 858 1224 a
895 1164 1055 1239 porta
1085 1167 1360 1221 Piuciana
1392 1165 1478 1239 _ad
1532 1165 1810 1239 Salariam
1857 1164 2005 1218 duas
2048 1167 2106 1217 et

462 1240 695 1312 viginti,
741 1235 981 1312 quot'ab
1029 1237 1324 1312 Anonyiuo
1372 1235 1804 1312 describuntur,
1858 1246 2104 1312 quarum

463 1302 736 1366 trEdecim
759 1302 937 1366 'intra
969 1309 1165 1364 hortos
1196 1302 1642 1367 'Ludovisianos,
1678 1317 1874 1360 novem
1909 1304 1970 1357 in
1996 1302 2108 1357 ad-

465 1379 817 1437 haerentibus
841 1381 1027 1436 vineis
1053 1391 1235 1448 usque
1263 1377 1332 1432 ad
1367 1376 1684 1448 proximam
1710 1381 1926 1448 portam
1955 1373 2107 1448 Sala-

464 1453 632 1524 riam.
650 1453 878 1507 Distant
904 1444 1348 1524 invicem'_ferme
1367 1444 1666 1524 aequaliter
1695 1447 1882 1514 spatio
1901 1444 2105 1524 pedum

464 1522 845 1578 Romanorum
870 1528 1099 1577 centum
1122 1521 1328 1596 viginti
1355 1532 1387 1572 a
1412 1515 1819 1596 centraturris
1839 1515 2103 1596 uniusad

461 1599 722 1649 centrum
750 1592 1157 1666 proximaqui
1179 1584 1314 1666 sunt
1336 1602 1536 1657 passus
1667 1584 2108 1666 guiliumomille

462 1656 825 1718 constituunt
855 1656 1196 1718 milliarium
1228 1656 1541 1714 Romanum
1572 1656 1866 1724 lapidibus
1883 1656 2108 1711 distin-

461 1738 619 1788 ctum
649 1741 814 1788 vetate
834 1731 1166 1802 Vespasiani
1193 1744 1259 1784 ac
1285 1734 1503 1802 nostra.
1523 1730 1788 1782 Latitudo
1813 1727 1996 1781 turi-is
2020 1731 2108 1802 est

465 1805 670 1872 pedum
691 1804 928 1859 circiter
944 1797 1038 1858 Ἄ).
1062 1803 1308 1857 Cortiiiae
1337 1813 1468 1854 vero
1491 1799 1642 1853 inter
1673 1808 1863 1853 turres
1894 1803 1957 1850 ut
1985 1797 2108 1872 plu-

463 1869 674 1930 rimam
710 1875 922 1944 pedum,
940 1881 1189 1940 centum,
1225 1872 1283 1926 in
1313 1883 1444 1944 sex
1475 1883 1646 1944 arcus
1691 1873 1941 1938 aequales
1981 1869 2106 1936 ple-

463 1939 1066 2014 rumque'distributa,
1102 1939 1183 1996 ita
1217 1948 1278 1996 ut
1309 1941 1450 1996 iniri
1485 1939 1652 2014 tacite
1684 1945 1866 2008 possit
1889 1951 1958 2014 ex
1994 1952 2110 1992 iiu-

461 2012 625 2069 mero'
647 2014 895 2070 turrium
922 2026 1144 2070 summa
1173 2025 1443 2082 passuum
1471 2013 1801 2082 contitueiis
1827 2012 2108 2082 ambitum

459 2097 786 2140 murorum.
839 2079 1188 2154 AsSignatis'
1206 2084 1360 2138 enim
1393 2083 1662 2152 passibus
1703 2079 1775 2136 25
1814 2080 2110 2154 distantia:

460 2154 919 2225 uniuscujusque
940 2149 1123 2211 turris
1146 2169 1179 2209 a
1205 2149 1487 2225 proxima,
1514 2166 1642 2225 cum
1668 2159 1856 2225 turres
1885 2164 1953 2225 ex
1982 2149 2104 2204 calo

458 2225 589 2281 culo
615 2221 909 2296 An‘ony‘mi
937 2221 1330 2295 supputeiitur
1353 2222 1478 2296 353,
1517 2223 1578 2296 tit
1613 2223 1868 2278 ambitus
1897 2221 2104 2289 Romae,

454 2295 755 2352 Aureliani
797 2294 857 2352 et
893 2294 1158 2354 Belisarii
1189 2294 1474 2351 moenibus
1505 2295 1799 2358 deﬁnitus,
1834 2303 2107 2360 passuum

454 2363 599 2440 9575
643 2368 1009 2440 septuaginta
1062 2370 1321 2440 quinque
1366 2377 1792 2440 supra_novem
1847 2361 2006 2440 milia
2051 2365 2109 2440 et

457 2433 1098 2508 quiingeu‘tosfllodie,‘
1122 2433 1345 2491 inclusa
1381 2434 1827 2508 urpe‘Leoniua,
1859 2438 1916 2486 et
1941 2433 2110 2485 lani—

454 2501 847 2577 éulofpassus
879 2501 1107 2576 aequare
1135 2508 1356 2561 dicitur
1387 2501 1576 2577 45330.

529 2568 829 2631 Ριιέέωὶεελ
853 2568 1249 2646 descriptione
1270 2581 1444 2644 atque
1471 2573 1676 2646 ordine
1692 2580 1982 2646 portarum
2011 2568 2110 2624 Ur-

458 2644 554 2716 bis
586 2647 734 2702 unde
762 2644 1096 2716 Anonymus
1122 2645 1513 2716 profectiones
1542 2645 1790 2716 orditur,
1825 2644 2109 2716 sectiones

457 2715 750 2786 Itinerarii
772 2719 841 2774 ad
873 2713 1138 2772 ordinem
1167 2725 1459 2786 portarum
1504 2715 1584 2768 ita
1617 2713 1940 2768 referendas
1967 2725 2110 2766 cen-

457 2798 670 2853 semus,
702 2785 852 2844 facto
885 2788 1057 2843 initio
1085 2803 1117 2842 a
1141 2785 1303 2856 porta
1322 2787 1378 2841 S.
1414 2787 1586 2856 Petri,
1620 2797 1789 2854 quam
1819 2787 2096 2856 ipsecon-

455 2857 656 2928 stituit
675 2859 938 2926 primam.
973 2853 1282 2928 (Pam—502.
1315 2873 1467 2910 num.
1492 2853 1584 2917 7'2,
1617 2853 1870 2909 editionis
1899 2853 2109 2908 Mobil-

457 2927 712 2992 lonianw,
728 2945 834 2998 per
861 2945 959 2984 nos
989 2932 1070 2984 ita
1094 2931 1362 2984 ordinatae
1383 2931 1443 2982 in
1467 2930 1746 2982 sectiones.

1072 3035 1378 3107 SECTIO
1437 3037 1501 3104 Ι.

533 3139 625 3201 In
655 3144 866 3222 porta
895 3140 970 3204 δ’.
1005 3143 1207 3206 Petri
1234 3158 1445 3222 usque
1467 3139 1559 3203 ad
1582 3137 1658 3201 δ’.
1690 3135 2016 3201 Paulum.

523 3237 586 3292 In
615 3239 672 3292 8.
697 3234 782 3312 [In
811 3237 1072 3314 sinistra]
1106 3243 1289 3296 sancti
1315 3240 1390 3312 (α)
1417 3237 1711 3296 Laurentii
1730 3247 1786 3293 et
1811 3237 2098 3291 theatrum

452 3321 702 3396 Pompei,
741 3333 800 3382 et
825 3341 924 3396 per
942 3329 1230 3398 porticum
1254 3323 1348 3400 [an
1373 3340 1472 3396 per
1487 3321 1792 3399 posticum]
1825 3337 2008 3395 usque
2026 3325 2096 3378 ad

449 3420 713 3470 sanctum
739 3416 1019 3487 Angelum
1045 3425 1102 3472 et
1125 3415 1196 3487 (ὸ)
1229 3417 1504 3486 templum
1531 3417 1710 3472 lovis.

520 3503 585 3556 In
611 3501 671 3557 d.
703 3498 786 3576 [In
815 3501 1066 3578 dextera]
1091 3505 1156 3575 (ο)
1184 3509 1504 3559 theatrum:
1537 3505 1745 3559 iterum
1781 3516 1880 3573 per
1909 3502 2103 3572 porti-

449 3603 581 3646 cum
642 3604 822 3662 usque
850 3593 920 3648 ad
977 3591 1050 3664 (ιι)
1103 3595 1501 3662 ιςιθμιιιιιιιιιαι.
1534 3594 1669 3648 lude
1705 3606 1804 3662 per
1835 3591 2098 3647 Scholam

447 3679 795 3734 Graecorum.
828 3681 914 3736 Ibi
945 3691 1033 3738 est
1056 3695 1206 3752 aqua
1225 3682 1433 3737 subtus
1459 3689 1706 3736 montem
1729 3679 2096 3749 Aventinum,

446 3779 688 3824 currens
714 3771 868 3825 scala
903 3783 1084 3842 usque
1115 3772 1177 3827 in
1206 3781 1452 3827 montem
1476 3771 1845 3838 Aventinum,
1877 3777 1936 3824 et
1962 3771 2097 3823 bal-

451 3868 622 3912 neum
667 3857 958 3914 Mercurii.
996 3859 1134 3916 lnde
1161 3861 1232 3916 ad
1263 3861 1327 3931 (e)
1370 3869 1592 3931 portam
1633 3858 1915 3914 Ostensis.
1963 3858 2102 3912 Inde

450 3956 552 4014 per
597 3946 884 4014 porticum
930 3959 1111 4018 usque
1165 3950 1235 4004 ad
1289 3950 1592 4005 ecclesiam
1639 3949 1889 4016 Menum;
1931 3954 1988 4000 et
2029 3947 2101 4001 de

449 4033 667 4087 Manna:
692 4047 874 4104 usque
901 4036 971 4091 ad
1002 4045 1265 4094 sanctum
1299 4039 1536 4094 Paulum
1566 4035 1928 4105 apostolum;
1964 4035 2098 4091 inde

449 4119 520 4174 ad
563 4132 824 4178 sanctum
855 4125 926 4196 (Γ)
949 4125 1213 4196 Felicem,
1245 4133 1304 4182 et
1325 4127 1648 4182 Adauctum
1678 4130 1736 4179 et
1767 4124 2091 4178 Emeritam.

447 4207 664 4264 Deinde
715 4210 787 4266 ad
840 4219 1095 4269 sanctam
1159 4215 1548 4280 Petronillam,
1601 4218 1659 4266 et
1734 4213 1996 4274 Nereum,
2045 4219 2104 4268 et

449 4295 795 4353 Achilleum.
821 4301 957 4356 lude
983 4302 1054 4356 ad
1083 4310 1348 4357 sanctum
1379 4302 1649 4368 Marcum,
1682 4306 1740 4354 et
1775 4299 2104 4356 Marcellia-

450 4397 608 4441 num.
640 4387 862 4444 Indead
895 4398 1157 4445 sanctum
1176 4391 1437 4444 Soterum
1462 4407 1476 4457 ;
1502 4389 1635 4444 inde
1663 4389 1732 4444 ad
1749 4389 1804 4443 8.
1827 4389 2054 4444 Sixtum
2083 4407 2099 4458 ς

2137 1813 2252 1911 BQ

2135 3173 2186 3237 Ο

449 4471 534 4576 iiii
573 4479 630 4576 et
662 4473 727 4576 Sf.‘
754 4475 1053 4576 Favianus,
1085 4482 1143 4532 et
1189 4477 1492 4546 Autheros,
1535 4485 1592 4532 et
1621 4477 1930 4533 Miltiades.
1963 4478 2102 4532 Inde
2132 4515 2182 4576 Β

449 4559 522 4613 ad
577 4561 635 4614 8.
687 4560 1036 4618 Cornelium.
1081 4565 1219 4620 inde
1259 4566 1328 4620 ad
1388 4565 1443 4620 S.
1495 4568 1916 4622 Sebastianum.
1964 4569 2102 4622 Inde

449 4653 796 4704 revertentes
852 4663 952 4720 per
999 4652 1148 4708 viam
1196 4655 1439 4724 Appiam
1493 4657 1564 4711 ad
1614 4657 1938 4728 ecclesiam,
1993 4658 2094 4712 ubi

449 4737 506 4792 S.
537 4735 736 4794 Sixtus
765 4753 896 4795 cum
921 4745 1048 4796 suis
1078 4743 1425 4800 diaconibus
1468 4746 1786 4804 decollatus
1823 4757 1928 4804 est.
1962 4751 2100 4810 Inde

451 4837 523 4892 ad
569 4846 788 4908 portam
827 4841 1088 4910 Appiam.
1140 4842 1227 4898 lbi
1253 4841 1435 4900 forma
1459 4843 1529 4916 (υ)
1556 4845 1740 4916 Jopia,
1789 4859 1915 4916 quae
1941 4846 2098 4902 venit

447 4923 524 4980 de
569 4926 799 4998 Marsia,
839 4935 899 4984 et
937 4931 1126 4986 currit
1155 4946 1338 5002 usque
1365 4934 1436 4988 ad
1473 4934 1677 5002 ripam.
1731 4935 1866 4990 Inde
1893 4935 1962 4990 ad
1993 4947 2102 4990 co-

453 5013 674 5072 chleam
715 5015 972 5074 fractam.
1019 5019 1156 5076 Inde
1183 5021 1252 5076 ad
1303 5020 1376 5095 (Ii)
1405 5023 1614 5078 Arcum
1659 5023 2094 5079 recordationis.

451 5105 517 5158 In
560 5105 616 5159 S.
649 5107 904 5164 Thermis
948 5111 1306 5168 Antonianae.
1353 5113 1415 5166 ln
1441 5111 1498 5167 d.
1525 5111 1779 5187 _Xystus.
1817 5112 1878 5165 In
1897 5113 1951 5166 8.
1989 5113 2097 5167 Ne-

454 5207 586 5250 reus
606 5202 664 5252 et
689 5197 1005 5254 Achilleus.
1053 5200 1186 5255 inde
1216 5213 1316 5270 per
1353 5201 1634 5269 porticum
1661 5215 1840 5270 usque
1864 5201 1933 5256 ad
1958 5202 2102 5256 For-

455 5293 626 5337 mam.
649 5285 786 5340 lnde
831 5287 901 5341 ad
935 5287 1023 5342 νιι
1049 5290 1188 5344 vias.
1217 5289 1304 5342 lbi
1330 5297 1528 5344 sancta
1557 5290 1731 5343 Lucia
1759 5297 1816 5342 et
1842 5289 2104 5358 Septizo—

459 5375 622 5428 nium
649 5375 712 5428 In
758 5376 812 5430 8.
838 5377 1041 5432 Circus
1085 5378 1386 5432 maximus.
1416 5378 1478 5430 In
1509 5378 1634 5432 dex.
1689 5378 2003 5432 Palatinus.
2035 5379 2107 5434 Et

459 5460 547 5514 sic
576 5473 675 5530 per
721 5469 1006 5532 porticum
1053 5466 1365 5521 niaximum
1401 5479 1580 5535 usque
1607 5466 1678 5522 ad
1716 5468 2100 5538 Aiiastasiam,

463 5556 521 5602 et
553 5549 686 5605 inde
707 5564 950 5622 semper.

967 5644 1170 5698 ΝΟΤΔΞ
1207 5643 1586 5699 BLANCHINI.

529 5705 808 5778 Auspicio
848 5712 1082 5780 pietatis
1125 5715 1467 5772 Christianae
1513 5717 1744 5773 orditur
1767 5717 2104 5788 Anonymus

566 597 784 674 portam
812 606 868 660 S.
905 597 1053 674 Petiji
1093 602 1160 657 ad
1196 606 1418 669 pontem
1456 599 1689 674 JElium,
1726 600 2099 674 portam__A_u_-
2207 598 2381 653 veteri
2429 597 2654 674 scilicet
2685 597 3103 674 cpnsuetudine
3146 605 3338 674 nostra
3369 599 3672 674 religionis
3705 597 3861 674 viro-

2211 682 2359 740 rum,
2392 667 2462 722 ab
2509 675 2672 741 aetate
2718 667 3062 722 Tertulliani
3095 674 3152 722 et
3191 668 3338 732 Caii,
3392 667 3568 726 ferme
3593 673 3860 741 supparis

2210 752 2328 794 avo
2351 738 2694 808 apostolico,
2723 751 2786 792 ea
2817 744 3181 794 monumenta
3211 741 3396 808 primo
3413 738 3860 807 convisentium,

2211 824 2338 884 gnte
2353 813 2469 884 jam
2495 816 2616 884 tum
2648 817 2924 884 vocarunt
2947 811 3564 884 tropwa_aposiolorum,
3597 814 3678 867 uti
3708 815 3855 884 apud
3904 837 3913 852 ι

2213 878 2519 937 Eusebium
2556 879 2700 950 legis
2729 879 2829 934 lib.
2869 892 2932 946 ii,
2968 893 3091 952 cap.
3129 878 3236 936 25}
3288 883 3401 949 Ego
3421 897 3545 936 vero
3588 878 3863 952 apostolo-

2210 967 2334 1006 rum
2377 958 2577 1020 tmpaea
2599 949 2640 1020 p
2676 965 2824 1004 ssum
2861 949 3158 1004 ostendere.
3211 953 3354 1007 Nam
3399 955 3512 1007 sive
3535 955 3597 1006 in
3622 949 3863 1008 Vatica—

2211 1037 2360 1089 nam,
2407 1024 2518 1076 sive
2545 1021 2621 1074 ad
2649 1020 2946 1074 Ostiensem
2973 1023 3120 1075 viam
3145 1038 3368 1091 pergere
3409 1023 3557 1090 libet,
3586 1029 3863 1078 recurrent

2213 1095 2315 1146 tibi
2357 1098 2556 1161 tropea
2614 1107 2798 1145 eorum
2826 1093 2924 1160 qui
2945 1092 3241 1147 Ecclesium
3271 1094 3425 1146 illam
3460 1093 3858 1161 fundaverant.

2213 1163 2358 1234 Hinc
2399 1163 2583 1234 igitur
2631 1175 2871 1234 exorsus
2900 1175 2933 1216 a
2983 1169 3144 1234 porta
3172 1165 3228 1218 8.
3270 1163 3421 1218 Petri
3462 1164 3532 1220 ad
3564 1163 3862 1220 basilicam

2212 1233 2272 1288 S.
2342 1231 2502 1289 Pauli
2539 1231 2943 1302 proﬁciscitur,
2993 1233 3248 1290 tlexurus
3278 1235 3388 1290 iter
3429 1247 3527 1302 per
3550 1235 3864 1292 celebriora

2215 1304 2534 1360 cmmeteria
2566 1309 2623 1358 et
2650 1306 2954 1358 memorias
2986 1303 3242 1372 priorum
3279 1305 3611 1372 pontiﬁcum
3637 1311 3693 1361 et
3720 1308 3866 1362 Mar-

2216 1381 2406 1444 tyrum
2457 1389 2489 1430 a
2517 1374 2570 1446 8.
2614 1374 2788 1429 Paulo
2834 1373 2904 1429 ad
2953 1373 3006 1428 S.
3042 1374 3474 1446 Sebastianum,
3517 1383 3575 1430 et
3606 1375 3736 1431 inde
3767 1391 3866 1446 per

2214 1446 2456 1516 Appiam
2484 1445 2636 1516 viam
2665 1457 3000 1500 reversurus
3039 1444 3096 1499 in
3124 1444 3348 1501 Urbem.
3380 1447 3462 1501 Ex
3487 1452 3650 1515 porta
3682 1444 3868 1516 igitur

2215 1517 2271 1571 S.
2297 1515 2444 1571 Petri
2483 1528 2579 1584 per
2609 1515 2872 1584 Campum
2891 1517 3154 1586 minorem
3178 1517 3528 1586 appellatum
3557 1515 3867 1586 apud’Nar-

2215 1586 2419 1642 dinum
2453 1586 2552 1641 lib.
2600 1599 2681 1649 vr,
2725 1601 2849 1655 cap.
2883 1585 2938 1653 5,
2968 1586 3078 1656 ubi
3103 1587 3230 1655 ejus
3263 1585 3734 1656 ichnographiam
3769 1601 3868 1644 re-

2255 1659 2424 1738 eries,
2485 1669 2820 1738 progressus
2862 1655 3291 1738 sinistrorsum
3304 1655 3595 1738 conspicit
3615 1657 3868 1738 _iitulum

2259 1767 2270 1780 .
2325 1727 2615 1800 Laurentii
2675 1727 2732 1782 in
2776 1727 3017 1800 Damaso
3056 1741 3243 1800 _pr0pe
3277 1728 3564 1784 theatrum
3614 1728 3866 1800 Pompei,

2257 1800 2367 1854 uod
2400 1799 2763 1853 dextrorsum
2818 1798 3118 1854 relinuuit.

2289 1869 2369 1938 (α)
2389 1870 2524 1939 inde
2554 1882 2650 1937 per
2679 1868 2960 1936 porticum
2991 1867 3210 1939 (plures
3233 1867 3387 1923 enim
3419 1870 3678 1939 porticus
3699 1869 3869 1925 exci-

2217 1937 2349 1994 tatae
2377 1937 2606 1994 fuerant
2635 1942 2704 1993 ad
2727 1937 3114 2008 spatiandum,
3139 1953 3285 2010 quas
3313 1937 3465 1996 inter
3489 1941 3584 1996 hic
3600 1941 3874 2010 constitit

2207 2012 2454 2081 porticus
2478 2010 2728 2082 Philippi
2756 2027 2787 2064 a
2827 2011 3083 2066 Nardino
3118 2009 3328 2064 ibidem
3367 2011 3652 2067 delineata
3679 2023 3735 2066 n.
3777 2009 3870 2082 35)

2217 2094 2400 2152 usque
2420 2081 2489 2136 ad
2521 2091 2784 2136 sanctum
2808 2084 3110 2150 Angelum,
3145 2082 3372 2136 scilicet
3405 2083 3462 2137 in
3494 2083 3637 2138 Foro
3667 2081 3874 2137 Pisca-L

2217 2151 2324 2210 rio.
2355 2152 2453 2206 ubi
2484 2153 2735 2206 eamdem
2767 2151 3034 2207 diacoiiia
3068 2153 3240 2208 hodie
3263 2157 3547 2222 superest.

2286 2223 2366 2291 (b)
2391 2224 2670 2294 Templum
2687 2224 2855 2294 Iovis.
2888 2225 3096 2294 Nempe
3117 2221 3452 2294 Capitolini,
3476 2223 3547 2279 ad
3567 2221 3874 2279 sinistram

2218 2293 2644 2365 progredientis
2675 2293 2894 2365 pariter
2922 2293 3044 2349 siti.

2294 2362 2368 2431 (e)
2397 2364 2688 2416 Theatrum
2711 2363 2976 2430 Intelligo
3009 2365 3295 2419 theatrum
3327 2363 3604 2432 Marcelli,
3625 2363 3695 2420 ad
3719 2362 3878 2419 dex-

2216 2437 2396 2505 teram
2435 2446 2745 2505 assurgeiis
2791 2442 2993 2488 contra
3043 2433 3258 2488 clivum
3327 2435 3742 2505 Capitolinum,
3810 2441 3877 2490 et

2223 2504 2498 2570 templum
2526 2503 2701 2556 lovis.

2287 2571 2372 2640 (at)
2425 2572 2792 2642 Elephantum
2837 2572 3190 2626 Herbarium.
3218 2572 3603 2630 Simulacrum
3645 2575 3879 2633 scilicet

2215 2641 2506 2714 elephanti
2532 2641 2618 2696 ab
2643 2644 2902 2714 Augusto
2952 2649 3202 2714 eregtum
3228 2645 3383 2698 circa
3429 2645 3634 2700 Forum
3667 2647 3873 2703 Pisca-

2219 2711 2392 2787 riu’m,
2416 2714 2502 2768 uti
2533 2711 2824 2787 Nardin’us
2851 2727 2974 2784 pag.
3003 2711 3108 2787 324
3137 2715 3445 2787 prudenter
3467 2722 3754 2787 autumat,
3786 2718 3876 2774 in-

2215 2785 2420 2840 dicans
2448 2787 2747 2840 memorari
2777 2784 2836 2840 in
2867 2788 2972 2840 hac
2997 2785 3227 2855 regione
3256 2797 3360 2840 vni
3391 2784 3523 2842 Fori
3562 2784 3806 2844 Romani
3839 2803 3877 2846 a

2217 2857 2274 2910 P.
2313 2855 2538 2910 Victore
2567 2863 2623 2910 et
2653 2870 2686 2910 a
2707 2855 2925 2910 Notitia
2952 2857 3204 2926 Imperii.

2287 2926 2360 2996 (e)
2383 2926 2478 2980 Ad
2500 2931 2720 2996 portam
2761 2927 3016 2998 Ostensis.
3062 2927 3145 2982 Ad
3177 2932 3393 2997 portam
3422 2926 3707 2984 Ostiensis
3737 2929 3873 2998 viai,

2218 2996 2279 3070 in
2307 3012 2420 3067 qua
2447 2999 2698 3070 primum
2721 2997 2979 3070 occurrit
3003 2996 3258 3068 portions
3277 3006 3438 3070 extra
3459 2998 3664 3070 Urbem
3685 2996 3880 3070 usque

2215 3069 2285 3140 ad
2327 3069 2624 3124 ecclesiam
2676 3068 2942 3139 martyris
2971 3071 3185 3140 Meiinie
3230 3069 3463 3124 nomine
3504 3068 3874 3140 insignitum.

2216 3139 2498 3209 Anonymi
2532 3141 2709 3208 hujus
2737 3146 2900 3210 aetate
2943 3139 3169 3195 videtur
3197 3153 3329 3208 pars
3355 3141 3578 3209 reliqua
3610 3139 3882 3210 porticus

2216 3208 2401 3280 usque
2430 3211 2498 3265 ad
2529 3211 2586 3265 8.
2624 3210 2780 3266 Pauli
2813 3208 2996 3266 fuisse
3023 3210 3282 3280 disjecta.
3308 3208 3552 3266 Sanctus
3579 3208 3884 3267 Adrianus

2214 3295 2358 3351 papa
2377 3285 2631 3336 eamdem
2660 3283 2830 3350 paulo
2854 3289 2982 3350 post
3013 3283 3298 3350 reparavit
3331 3295 3514 3351 usque
3541 3282 3636 3351 ad_
3654 3281 3880 3337 Basili-

2209 3349 2354 3420 cam,
2403 3359 2546 3407 teste
2590 3349 2895 3406 Anastasio
2928 3353 2988 3407 in
3017 3349 3144 3420 ejus
3192 3352 3336 3419 Vita,
3369 3349 3508 3408 sect.
3540 3349 3683 3408 342:
3723 3353 3883 3406 Por-

2209 3425 2376 3476 ticum
2402 3438 2526 3476 vero
2555 3438 2676 3490 qua
2707 3422 2857 3476 ducit
2881 3423 2956 3475 ad
2991 3423 3202 3476 beatum
3234 3424 3471 3477 Paulum
3499 3422 3813 3492 apostolum
3842 3439 3880 3476 a

2207 3501 2372 3562 porta
2414 3507 2536 3546 cum
2586 3494 2809 3546 ecclesia
2856 3495 3032 3546 sancti
3087 3495 3257 3562 Eupli
3301 3509 3470 3564 usque
3525 3493 3602 3546 ad
3654 3494 3879 3563 praedi—

2211 3569 2352 3618 ctam
2403 3564 2686 3618 basilicam
2716 3567 2894 3618 sancti
2939 3565 3102 3618 Pauli
3143 3581 3179 3618 a
3220 3579 3355 3618 novo
3402 3567 3759 3618 restauravit.
3794 3565 3880 3618 De

2209 3633 2526 3690 ecclesias.
2563 3635 2755 3704 ιςιιμιίι
2800 3635 2928 3690 vide
2954 3650 3078 3706 quae
3115 3636 3342 3691 erudite
3371 3635 3694 3706 congressit
3717 3634 3780 3706 V.
3807 3634 3872 3689 C.

2207 3708 2368 3760 Joan.
2388 3706 2567 3761 Maria
2589 3705 3056 3762 Crescimbeni’iii
3079 3706 3334 3762 Historia
3351 3709 3408 3760 8.
3436 3705 3630 3760 uariat
3653 3709 3714 3761 in
3739 3705 3882 3761 Cos-

2214 3777 2444 3845 medim,
2472 3790 2574 3832 seu
2603 3779 2808 3833 Schola
2856 3777 3052 3832 Graeca
3094 3777 3284 3846 dictae,
3309 3777 3413 3832 lib.
3463 3789 3565 3845 Vii,
3606 3789 3740 3846 cap.
3779 3773 3877 3846 29,

2212 3849 2382 3918 cujus
2404 3851 2889 3918 archipresbyteri
2921 3847 3106 3903 oﬁicio
3125 3849 3376 3918 plurima
3405 3861 3537 3918 cum
3562 3848 3733 3902 laude
3754 3860 3886 3916 per-

2213 3916 2500 3987 t'ungitur.
2523 3916 2677 3974 Idem
2709 3916 2974 3974 observat
2998 3916 3132 3984 cap.
3167 3917 3239 3972 36
3279 3917 3608 3972 Martinello
3640 3931 3882 3987 quoque

2219 3998 2586 4043 memoratam
2617 3989 2919 4043 ecclesiam
2968 3988 3119 4042 beati
3153 3987 3389 4056 Hennae,
3417 3989 3659 4043 collecta
3714 3987 3884 4043 insi-

2215 4072 2403 4128 gnem,
2445 4061 2584 4114 dum
2612 4061 2791 4113 statio
2824 4065 3190 4128 perageretur
3207 4059 3277 4112 ad
3303 4058 3359 4112 8.
3395 4059 3635 4112 Paulum
3666 4060 3885 4114 Domi-

2215 4130 2346 4183 nica
2376 4141 2433 4182 iv
2463 4129 2943 4198 Quadragesimai,
2977 4139 3034 4183 et
3056 4128 3116 4184 iu
3147 4129 3306 4184 hisce
3335 4130 3590 4184 scheldis
3623 4129 3886 4185 Binsed-

2212 4200 2474 4254 leiisibus
2521 4207 2913 4254 occurrentem
2973 4199 3122 4254 inter
3167 4207 3386 4269 portam
3446 4203 3770 4255 Ustiensem
3824 4206 3888 4256 et

2212 4271 2515 4325 basilicam
2562 4270 2746 4339 Pauli,
2793 4278 3108 4340 reparatam
3161 4271 3341 4326 tuisse
3387 4285 3421 4326 a
3462 4270 3519 4324 S.
3561 4271 3884 4341 Leonelli,

2214 4345 2300 4396 uti
2358 4341 2700 4396 Anastasius
2749 4339 3006 4411 prodidit
3068 4343 3127 4397 iii
3188 4345 3315 4412 ejus
3369 4342 3498 4396 Vita
3545 4349 3685 4413 sect.
3746 4339 3885 4413 364,

2213 4414 2692 4483 quemadmodum
2754 4423 2989 4468 narrat:
3049 4423 3106 4469 et
3161 4430 3193 4468 a
3239 4417 3296 4468 8.
3330 4412 3590 4468 Paschali
3646 4413 3692 4478 Ι,
3731 4412 3885 4469 sect.

2213 4483 2338 4545 444.
2391 4490 2634 4540 donaria
2676 4484 2859 4540 eidem
2905 4483 3161 4542 ecclesia:
3211 4485 3364 4540 beati
3418 4485 3635 4540 Menum
3689 4484 3890 4540 fuisse

2215 4558 2426 4612 oblata.

2283 4642 2354 4708 (Γ)
2409 4639 2506 4693 Ad
2547 4640 2807 4695 Sanctum
2841 4642 3091 4705 Felicem,
3141 4649 3191 4698 et
3223 4644 3557 4706 Adauctum.
3604 4647 3656 4698 et
3702 4642 3886 4694 Eme-

2209 4713 2393 4785 ritum.
2449 4712 2677 4782 insigne
2727 4715 2832 4785 hoc
2857 4715 3248 4770 cmmeterium
3281 4729 3492 4785 paucos
3519 4723 3653 4772 ante
3687 4724 3884 4768 annos

2209 4783 2495 4837 detectum
2513 4790 2718 4838 esthoc
2733 4784 2858 4856 ipso
2877 4786 2936 4840 in
2952 4787 3075 4840 loco
3094 4783 3573 4856 perltiiierarium
3590 4789 3881 4849 indicato.

2217 4867 2414 4922 nempe
2455 4855 2526 4908 ab
2554 4855 2797 4910 ecclesia
2823 4856 2879 4910 S.
2916 4856 3076 4912 Pauli
3098 4855 3374 4927 superato
3426 4862 3689 4927 proximo
3718 4861 3885 4916 clivo

2218 4935 2276 4988 iii
2319 4934 2410 4988 via
2463 4935 2809 5003 perducente
2856 4935 2926 4988 ad
2959 4936 3015 4988 8.
3067 4935 3488 4990 Sebastianum.
3525 4935 3791 4989 Primum
3850 4945 3888 4987 a

2211 5004 2362 5059 clivo
2389 5005 2663 5073 praedicto
2696 5007 2909 5060 visitur
2940 5006 3000 5059 in
3034 5005 3180 5060 Villa
3221 5006 3538 5072 Mandosia,
3569 5017 3758 5073 nuper
3783 5018 3888 5058 re—

2214 5089 2435 5145 pertum
2488 5077 2706 5131 indicio
2755 5086 3007 5132 veterum
3056 5077 3432 5144 picturarum,
3485 5075 3544 5132 in
3597 5075 3887 5134 cubiculo

2214 5149 2527 5204 cosmeterii
2555 5156 3013 5216 conspectarum,
3042 5161 3170 5218 quae
3202 5149 3380 5203 trium
3402 5155 3738 5204 sanctorum
3771 5161 3890 5202 no—

2216 5223 2372 5275 mina
2423 5221 2530 5274 sub
2560 5220 2889 5273 eorumdem
2935 5219 3291 5288 imaginibus
3335 5221 3613 5274 distincte
3659 5223 3896 5278 retere-

2214 5292 2372 5346 bant.
2403 5291 2635 5344 Easdem
2655 5289 2970 5344 delineavit
2997 5297 3054 5343 et
3077 5291 3525 5344 communicavit
3566 5305 3717 5360 saepe
3749 5299 3892 5351 lau-

2215 5364 2442 5418 dandus
2477 5365 2531 5415 it.
2567 5363 2647 5432 7P.
2677 5362 2923 5432 Joan.ies
2955 5361 3378 5432 Marangoiiius,
3415 5363 3500 5416 uti
3549 5361 3895 5422 luculenter

2213 5433 2528 5500 descripsit
2563 5431 2621 5485 in
2653 5431 3172 5486 Observatioiiibus
3197 5432 3266 5487 ad
3315 5443 3626 5501 martyrum
3662 5448 3894 5492 caeme—

2213 5505 2358 5560 teria
2413 5503 2535 5572 piri
2566 5515 2698 5557 cum
2745 5502 2914 5558 laude
2959 5517 3136 5570 supra
3189 5503 3512 5572 recensitus
3557 5509 3889 5565 canonicos

2211 5571 2506 5631 Boldettus
2549 5573 2652 5628 lib.
2705 5587 2768 5642 ιι,
2797 5587 2921 5643 cap.
2976 5572 3062 5641 48,
3117 5590 3169 5644 ρ.
3219 5571 3346 5629 541.
3391 5573 3580 5642 Quare
3609 5589 3728 5632 non
3763 5581 3888 5633 im-

2215 5647 2421 5701 merito
2448 5644 2938 5701 Bibliothecarius
2967 5658 3024 5699 n.
3057 5643 3155 5700 364
3195 5645 3256 5699 in
3293 5646 3416 5700 Vita
3440 5645 3498 5699 8.
3532 5647 3748 5704 Leonis
3775 5657 3892 5705 ter-

2210 5718 2281 5773 tii
2308 5717 2499 5774 locum
2525 5717 2680 5772 hunc
2701 5715 2914 5773 Felicis
2941 5723 3002 5772 et
3026 5716 3273 5773 Adaucti
3304 5716 3550 5772 ecclesia
3575 5725 3633 5774 et
3660 5732 3889 5777 cmme—
