3960 6386
370 291 478 351 359

1167 290 1261 344 AD
1297 289 1734 346 ANASTASIUM
1774 288 2291 348 PROLEGOMENA
2327 293 2511 349 EDIT.
2560 292 2991 350 ROM.—VATIC.

3690 290 3795 349 360

369 414 577 470 altaris
625 424 997 491 marmoream
1036 424 1105 466 ex
1158 412 1540 491 inscriptione
1589 413 1655 491 in
1682 414 2108 491 _ea_repertaA
2145 418 2553 474 memorat.sed
2585 420 2857 491 intelligo
2884 418 3199 491 obeliscum
3238 417 3380 491 circi
3430 413 3792 481 Sallustiani,

374 482 1032 559 perceperitAlexander
1060 497 1121 559 ca
1133 483 1560 559 rd._‘Me_diceus.
1592 483 1735 559 Vide
1760 484 2028 559 Carolum
2141 491 2385 559 quemin
2410 490 2692 557 proximis
2713 482 2899 546 hortis
2915 488 3318 546 Ludovisianis
3341 489 3623 559 jacentem
3654 497 3798 541 con-

370 553 568 611 Piazza
589 556 659 610 de
698 553 1033 608 Hierarchia
1082 554 1486 623 Cardinalitia,
1540 555 1609 610 ad
1657 554 1891 610 titulum
1935 554 2027 609 SS.

369 625 594 694 Quirici
627 624 746 694 (seu
769 623 1016 695 Cyriaci)
1045 631 1101 679 et
1128 625 1373 695 Julittae,
1399 632 1457 680 et
1492 626 1881 695 antiquatum,
1929 639 2030 680 seu

370 709 745 765 suppressum
773 695 827 748 8.
862 695 1087 763 Cyriaci
1123 694 1182 750 in
1222 696 1505 751 Thermis.

441 769 509 838 (Γ)
554 767 744 838 Sancti
790 766 1060 838 Vitatis...

371 836 627 893 mulacra
657 837 777 891 duo
810 836 868 890 in
901 836 1144 906 thermis
1181 837 1550 892 Constantini
1584 843 1826 906 reperta,
1859 844 1915 892 et
1961 838 2031 892 ad

371 907 582 964 fontem
608 907 667 961 in
679 905 971 978 Quirinali
986 906 1326 962 constituta.
1347 922 1474 978 quae
1492 905 1695 963 nomen
1715 908 1853 963 colli
1870 909 2029 975 dant,

370 981 561 1034 Monte
584 977 806 1032 Cauallo

440 1049 513 1120 (g)
568 1049 623 1103 S.
665 1048 978 1120 Euphemiae
1010 1048 1072 1120 in
1126 1048 1256 1101 Vico
1303 1048 1533 1101 Patricii
1603 1050 1739 1103 Erat
1778 1049 1838 1103 in
1899 1048 2037 1120 Vico

370 1118 621 1175 Patricio
637 1126 800 1173 vetus
819 1118 1060 1172 ecclesia
1079 1123 1136 1172 et
1160 1119 1569 1172 monasterium
1593 1124 1804 1173 sanctaa
1818 1119 2033 1187 Euphe,

370 1192 521 1260 misi,
543 1196 599 1245 et
618 1188 946 1260 archangeli
979 1188 1294 1260 Michaelis,
1325 1194 1466 1242 teste
1513 1188 1817 1244 Anastasio
1881 1202 2040 1260 num-

368 1256 586 1322 338,'et
614 1256 1036 1330 quidem'juxta
1079 1259 1314 1314 titulum
1346 1260 1637 1327 Pudentis,
1672 1273 1837 1330 fnum.
1911 1256 2033 1328 407,

372 1332 432 1387 in
471 1332 598 1387 Vita
633 1328 701 1385 S.
761 1329 965 1385 Leonis
1007 1331 1101 1399 Ill,
1154 1330 1238 1385 uti
1293 1330 1617 1385 observavit
1670 1328 2036 1399 Floravantes

369 1401 736 1482 Martinellus
789 1402 1010 1482 ‘in.sua
1041 1402 1228 1482 ‘Roma
1271 1401 1461 1482 Sacra,
1500 1398 1837 1482 _pa.g._h35_7,_
1865 1414 2036 1470 quam

368 1474 638 1544 Eugeniae
662 1471 930 1544 martyris
941 1471 1237 1527 ecclesiam
1258 1470 1616 1527 cardinalitii
1632 1470 1808 1544 tituli
1825 1471 2039 1527 honore

367 1542 661 1599 decoravit
678 1542 733 1597 S.
771 1544 906 1598 Pius
934 1543 1189 1612 V.Hujus
1218 1547 1404 1596 tamen
1447 1542 1953 1597 successorSixtus
1996 1544 2040 1597 V

370 1615 495 1671 solo
537 1613 805 1685 aequavit,
833 1613 981 1685 dum
1042 1613 1466 1685 amplissimam
1501 1613 1650 1685 viam
1700 1613 1960 1683 aperiret
2005 1626 2038 1667 a

370 1683 622 1741 basilica
659 1684 958 1739 Liberiana
988 1684 1057 1739 ad
1083 1683 1404 1739 columnam
1425 1683 1687 1753 Trajani;
1723 1696 1894 1753 prope
1941 1696 2040 1739 cu-

1111 767 1426 821 ubicavall.
1478 770 1587 834 opt.
1634 766 1897 837 Intellige
1942 765 2033 821 si—

369 1728 1101 1826 tori-imuinonasterium
1118 1728 1439 1826 puellarum
1459 1728 1907 1810 uénuiéaﬁii'ﬁ
1938 1728 2035 1808 in:
2063 1728 2118 1791 Β

372 1820 571 1882 stituit
597 1826 855 1881 Clemens
874 1826 1007 1890 VIII,
1039 1820 1312 1894 providus
1336 1820 1517 1888 Pater,
1555 1831 1616 1881 ut
1649 1825 2033 1894 patrocinium

369 1898 497 1966 ejus
525 1897 775 1980 virginis
802 1903 859 1980 et
891 1896 1177 1980 martyris,
1210 1898 1462 1980 Romano
1479 1896 1688 1980 populo
1720 1897 1779 1980 in
1831 1896 2038 1980 primis

370 1967 713 2035 venerabile,
736 1968 853 2023 aede
884 1979 1043 2037 sacra
1068 1972 1124 2022 et
1144 1967 1411 2037 collegio,
1454 1967 1711 2035 ejusdem
1762 1967 2037 2023 laudibus

367 2038 621 2106 addicto,
661 2042 928 2093 testatum
952 2036 1185 2092 faceret.
1236 2036 1529 2093 Videndus
1552 2051 1617 2091 ea
1653 2038 1724 2092 de
1755 2051 1814 2093 re
1847 2037 2042 2092 lauda.

370 2115 466 2164 tus
494 2110 688 2181 Piaaza
732 2111 791 2165 in
837 2109 1011 2165 titulo
1059 2122 1367 2179 suppresso
1433 2114 1643 2163 sancta:
1684 2108 2036 2181 Euphemia,

370 2192 511 2320 “(in
532 2178 849 2304 ὂὲἓίινεηείἱ
897 2251 959 2303 in
1007 2252 1317 2305 Formonso.
1377 2249 1619 2304 Perinde
1661 2250 1942 2320 scriptum
1976 2249 2036 2304 in

365 2320 615 2401 Virgilio
650 2322 924 2401 Vaticano
944 2337 957 2373 :
1009 2322 1374 2401 Formonsum
1408 2325 1602 2401 pastor
1622 2320 1891 2401 Corydon,
1922 2325 2030 2401 etc.

365 2392 415 2447 A
447 2390 713 2460 Formoso
739 2404 882 2460 papa
912 2390 1300 2460 instauratum
1328 2396 1383 2443 et
1413 2390 1633 2460 idcirco
1658 2390 1880 2444 dictum
1911 2390 2040 2458 opi-

368 2469 540 2517 natur
559 2459 896 2516 Grimald’us
910 2459 1060 2527 apud
1083 2460 1156 2513 Ca
1166 2460 1349 2514 rolum
1373 2460 1533 2512 Piaza
1550 2459 1623 2513 de
1637 2460 1852 2514 Titulis
1866 2460 2029 2514 Card.

368 2532 576 2586 Verum
596 2536 726 2585 ante
749 2529 1003 2584 μοι-ιιιοεί
1024 2535 1245 2583 aetatem
1268 2528 1439 2583 annis
1464 2528 1592 2594 plus
1610 2542 1779 2598 quam
1836 2536 2039 2583 cente—

371 2601 468 2656 nis
495 2601 707 2656 dictam
775 2598 956 2654 iuisse
985 2598 1283 2653 ecclesiam
1328 2598 1385 2652 S.
1407 2600 1693 2652 Laurentii
1709 2600 1785 2652 ad
1810 2602 2037 2654 Formo-

370 2686 511 2731 sam,
537 2674 650 2725 sive
673 2669 749 2723 ad
771 2672 1085 2740 Formosam
1108 2687 1132 2740 ;7
1147 2673 1197 2722 et
1214 2671 1272 2721 in
1297 2670 1547 2722 Formosa
1586 2669 1920 2740 colligimus
1966 2684 2035 2725 ex

371 2741 715 2796 Bibliothec.
764 2740 825 2794 in
858 2740 983 2794 Vita
1020 2739 1075 2794 S.
1108 2739 1372 2808 Adriani,
1424 2753 1558 2794 num
1580 2738 1706 2808 339,
1736 2738 1789 2795 et
1817 2741 1876 2795 in
1908 2741 2036 2795 Vita

370 2812 428 2866 8.
463 2812 669 2867 Leonis
715 2812 806 2879 Ill,
837 2823 994 2864 num.
1018 2808 1143 2879 383,
1177 2807 1285 2867 385
1313 2816 1369 2865 et
1398 2810 1565 2881 alibi,
1601 2807 1771 2867 hodie
1811 2811 2036 2867 dicitur

369 2884 428 2938 S.
462 2883 750 2937 Laurentii
793 2882 1158 2951 Panisperna.

952 3023 1250 3094 SECTIO
1326 3025 1455 3096 IV.

369 3147 427 3211 Α
448 3149 659 3230 porta
688 3146 764 3210 ις.
806 3147 1006 3211 Petri
1039 3163 1268 3230 aqua
1317 3146 1412 3210 ad
1428 3150 1705 3230 portam
1743 3152 1809 3212 et
1851 3148 2038 3212 uiam

1016 3226 1397 3290 Safariam.

942 3341 1019 3414 (a)
1036 3342 1169 3397 PER
1193 3341 1451 3397 ARCUM.

1028 3431 1096 3484 In
1123 3430 1373 3483 sinistra.

443 3517 637 3574 Sancti
667 3517 1026 3588 Apollinaris

443 3606 636 3663 Sancti
659 3606 955 3662 Laurentii
990 3606 1047 3661 in
1077 3606 1296 3662 Lucina

912 3728 1151 3788 FORMA
1168 3729 1412 3786 VIRGIN
1415 3729 1492 3784 IS.

443 3819 516 3890 (b)
544 3819 875 3877 Oboliscum

442 3907 507 3978 (c)
542 3909 734 3964 Sancti
764 3910 1043 3967 Silvestri.
1078 3908 1162 3965 Ibi
1188 3907 1477 3964 balneum.

443 3997 520 4069 (ἀ)
546 3997 739 4053 Sancti
781 3999 989 4055 Felicis
1017 4000 1075 4055 in
1107 4000 1325 4057 Pineis.

444 4088 506 4140 In
536 4087 603 4141 D.
636 4086 924 4157 (e)Circus
944 4089 1290 4147 Flamineus.
1315 4093 1399 4148 Ibi
1423 4092 1480 4147 S.
1498 4090 1705 4163 Agnes.

441 4175 695 4230 Thermaa
723 4175 1121 4233 Alexandrina:
1141 4185 1198 4234 et
1221 4180 1276 4234 S.
1308 4179 1633 4236 Eustachii.

441 4264 725 4336 Rotunda,
748 4270 805 4320 et
830 4266 1086 4322 Thermis
1125 4266 1575 4323 Commodianze.

438 4352 717 4408 Columna
739 4352 1039 4409 Antonini.

439 4441 497 4495 S.
522 4440 803 4503 Susanna,
825 4446 881 4494 et
910 4454 1058 4510 aqua
1082 4441 1154 4496 de
1174 4443 1373 4498 Forma
1406 4443 1782 4496 Lateranense

442 4526 512 4597 (Γ)
536 4526 792 4580 Ἔδει-ωε
819 4526 1209 4593 Sallustianae,
1242 4534 1299 4584 et
1331 4527 1703 4599 pyramidem.

907 4632 1111 4687 ΝΟΤιΕ
1142 4635 1405 4690 BLANCH
1414 4635 1528 4690 INI.

442 4720 516 4793 (a)
552 4722 656 4775 Per
682 4735 888 4775 arcum.
930 4723 1214 4795 Gratiani,
1246 4724 1634 4779 Valentiniani
1656 4724 2025 4788 etTheodos.,

370 4796 442 4852 de
472 4806 586 4863 quo
617 4806 794 4861 supra
818 4802 956 4848 sec!.
983 4808 1044 4862 ιι,
1076 4795 1163 4849 lit.
1192 4813 1247 4849 a.

443 4862 514 4935 (ὅ)
567 4862 893 4920 Oboliscum.
941 4866 1020 4937 De
1064 4865 1317 4923 obelisco
1358 4866 1554 4937 Campi
1599 4866 1792 4922 Martii
1840 4867 2028 4924 adhuc

368 4938 593 5016 iacente
625 4949 797 5016 prope
834 4935 1145 5016 Ecclesiam
1183 4937 1236 5016 S.
1271 4935 1563 4993 Laurentii
1600 4938 1660 4993 in
1707 4938 1923 4994 Lucina
1968 4941 2028 4994 in

376 5008 619 5078 privatis
642 5008 866 5064 aedibus
890 5022 1063 5077 supra
1088 5009 1213 5064 dixi
1242 5022 1438 5078 supra.

446 5075 734 5162 (ρλξᾳηείρ
753 5075 1018 5162 Siiuestri.
1054 5081 1205 5136 Dicti
1237 5083 1296 5133 in
1319 5075 1533 5150 Capite,
1570 5078 1709 5135 olim
1735 5077 1826 5134 SS.
1884 5079 2029 5136 Dio-

376 5149 529 5219 nysii
556 5152 611 5200 et
638 5149 918 5205 Silvestri.
1404 5149 1408 5150 “
1524 5149 1527 5150 ⁷

442 5215 518 5289 (d)
546 5216 735 5273 Sancti
762 5221 955 5275 Felicis
980 5223 1040 5275 in
1060 5223 1263 5276 Pimis.
1297 5222 1529 5275 Praestat
1576 5220 1758 5291 legere
1786 5220 1843 5277 in
1887 5222 2033 5276 Pin—

372 5293 470 5358 cis,
494 5291 785 5345 eratenim
811 5292 868 5345 in
896 5291 1044 5347 colle
1065 5292 1277 5351 Pincio,
1310 5306 1418 5346 non
1437 5293 1619 5363 longe
1638 5305 1670 5347 a
1701 5299 1860 5361 porta
1886 5293 2031 5347 Pin-

373 5363 559 5434 ciana,
595 5368 657 5416 ut
676 5363 1000 5434 communis
1025 5363 1492 5434 antiquariorum
1518 5363 1718 5433 Opinio
1772 5363 1899 5434 fert,
1934 5364 2030 5417 vi-

373 5432 556 5487 denda
588 5433 737 5500 apud
777 5432 1186 5487 Martinellum.

440 5501 505 5583 te)
535 5504 722 5582 Circus
748 5504 1081 5583 minimus.
1117 5502 1655 5583 Flamini_um_vocat
1691 5502 2022 5576 Agonalem,

377 5572 465 5642 uti
494 5572 770 5642 superius
794 5574 1061 5629 adnotavi
1090 5579 1227 5629 sect.
1263 5588 1325 5642 ll,
1360 5574 1445 5630 lit.
1471 5575 1526 5628 b.

441 5640 509 5710 (ί)
547 5640 787 5697 Thermas
812 5644 1262 5714 ,Sallustianw,et
1272 5640 1636 5716 pyramidem.
1668 5645 2026 5717 Pyramidem

2064 3062 2115 3125 C

2053 4391 2108 4454 D

2141 561 2443 630 spicimus.

2748 666 3050 738 SECTIO
3105 668 3199 740 V.

2141 787 2199 850 Δ
2232 793 2444 872 porta
2474 790 2837 855 Flaminea
2874 807 3086 871 usque
3141 789 3267 855 Via
3312 790 3794 852 Lateranense.

2800 890 2869 943 In
2888 890 3133 942 sinistra.

2224 976 2583 1033 Pariturium

2215 1063 2408 1119 Sancti
2429 1065 2713 1133 Silvestri,
2737 1069 2794 1121 et
2813 1064 2901 1121 sic
2922 1078 3021 1135 per
3050 1062 3335 1134 porticum
3358 1073 3542 1132 usque
3566 1059 3798 1117 colum-

2290 1166 2420 1208 nam
2440 1152 2774 1209 ANTONlNl

2216 1241 2416 1297 Forma
2447 1242 2708 1314 Virginis
2738 1241 2919 1298 fracta

2216 1329 2408 1384 Sancti
2452 1324 2737 1387 Marcelli:
2775 1332 2982 1387 lterum
3026 1343 3133 1401 per.
3176 1329 3461 1401 porticum
3500 1340 3687 1398 usque
3727 1324 3798 1381 ad

2324 1416 2647 1487 Apostolos.

2220 1505 2277 1560 In
2306 1506 2409 1561 Via
2441 1507 2723 1564 Flaminia
2750 1505 2893 1564 foris
2916 1520 3143 1565 murum

2218 1593 2279 1647 In
2302 1594 2531 1649 dextera
2559 1595 2751 1651 Sancti
2782 1594 3072 1651 Valentini

2219 1682 2281 1736 In
2310 1682 2550 1737 sinistra
2573 1682 2801 1739 Tiberis

2765 1773 2832 1826 In
2857 1772 3100 1825 dextera.

2216 1859 2410 1917 Sancti
2447 1859 2740 1917 Laurentii
2774 1859 2835 1915 in
2854 1860 3091 1915 Lucina.

2218 1946 2549 2005 Oboliscum

2216 2037 2492 2094 Columna
2518 2037 2797 2093 Antonini

2213 2126 2318 2181 Via
2338 2128 2715 2182 Lateranense

2215 2215 2470 2270 Thermis
2507 2214 2911 2271 Alexandrinae

2215 2303 2407 2359 Sancti
2437 2304 2759 2371 Eustachii,
2787 2309 2844 2359 et
2865 2302 3130 2359 Rotunda

2214 2390 2469 2445 Thermai
2519 2391 2652 2445 Com
2663 2391 2943 2445 modianae

2215 2476 2582 2547 Minervium,
2616 2482 2672 2531 et
2698 2478 2765 2531 ad
2792 2477 3062 2533 Sanctum
3094 2479 3375 2531 Marcum.

2658 2562 2862 2619 NOTAE
2892 2566 3279 2621 BLANCHINI.

2250 2651 2437 2709 Sectio
2459 2652 2569 2708 ista
2607 2653 2878 2723 superius
2902 2653 3187 2723 explicata
3215 2653 3361 2709 Sect.
3382 2653 3473 2722 IV,
3496 2651 3652 2708 notis
3683 2665 3799 2709 non

2146 2742 2390 2813 indiget.

2714 2865 3015 2939 SECTIO
3092 2869 3178 2939 VI
3194 2909 3222 2934 .

2141 2986 2198 3051 Α
2209 2993 2421 3069 porta
2435 2990 2882 3055 Numentana
2902 3008 3114 3072 usque
3136 2992 3387 3053 Forum
3396 2991 3796 3054 Romanum.

2214 3085 2287 3157 (a)
2306 3087 2367 3141 In
2392 3086 2448 3142 S.
2471 3086 2725 3142 Thermaa
2744 3087 3132 3143 Diocletianaa.

2217 3173 2289 3245 (b)
2315 3174 2507 3230 Sancti
2539 3175 2761 3246 Cyriaci
2779 3216 2792 3229 .
2819 3174 2884 3246 (c)
2913 3175 3106 3231 Sancti
3131 3174 3339 3231 Vitalis

2214 3264 2278 3318 In
2306 3263 2371 3317 D.
2404 3263 2661 3319 Thermaa
2689 3263 3079 3319 Sallustiana.

2214 3350 2700 3408 SanctaSusanna
2721 3352 2796 3423 (d)
2820 3357 2877 3407 et
2897 3351 3109 3408 Cavalli
3138 3351 3440 3409 Marmorei

2212 3439 2268 3494 S.
2301 3439 2534 3511 Agathaa
2562 3442 2621 3496 in
2666 3440 2941 3495 Diaconia

2213 3529 2621 3585 Monasterium
2649 3534 2858 3585 sanctae
2900 3529 3133 3601 Agathm

2212 3617 2466 3673 Thermas
2494 3617 2856 3673 Constantini

2214 3707 2277 3761 In
2308 3706 2413 3762 Via
2441 3708 2798 3762 Numentana
2821 3705 2966 3763 foris
2998 3720 3167 3763 muru

2213 3797 2276 3851 In
2306 3796 2555 3852 Sinistra
2590 3803 2800 3853 sanctae
2824 3796 3059 3868 Agatbaa

2213 3887 2275 3939 In
2301 3886 2542 3941 Dextera
2567 3886 2753 3941 sancti
2778 3885 3130 3941 Nicomedis.

2211 3973 2402 4028 Sancti
2432 3972 2687 4028 Marcelli

2212 4059 2295 4115 Ad
2325 4059 2629 4129 Apostolos

2213 4149 2419 4203 Forum
2447 4147 2678 4216 Traiani

2213 4235 2406 4290 Sancti
2439 4234 2715 4290 Hadriani

2660 4323 2863 4379 ΝΟΤΛΕ
2889 4323 3277 4381 BLANCHINI.

2212 4412 2285 4485 (a)
2335 4413 2521 4470 Codex
2580 4412 2851 4485 mutilius
2896 4412 2955 4485 in
3006 4415 3440 4471 enumeratione
3486 4414 3711 4470 viarum
3766 4429 3799 4470 a

2139 4493 2302 4556 porta
2336 4485 2605 4540 Pinciana
2633 4490 2689 4539 et
2724 4484 2945 4540 Salaria
2977 4484 3144 4555 (qu-.e
3185 4487 3422 4542 omnino
3449 4486 3699 4555 desunt)
3728 4499 3797 4541 ex

2138 4562 2305 4640 porta
2352 4558 2704 4640 biomentana
2742 4556 2930 4627 (nunc
2968 4558 3103 4629 Pia)
3138 4559 3213 4611 ad
3241 4561 3437 4614 Forum
3474 4557 3797 4611 Romanum

2140 4627 3141 4782 perli)?§a;ictipyriaci;_in‘thermis
3166 4698 3525 4782 ‘piocletiani
3576 4697 3797 4753 idcirco

2138 4782 2211 4839 ap
2254 4770 2434 4839 ellati,
2462 4771 2545 4825 uti
2576 4776 2712 4825 sect.
2746 4771 2838 4837 Ill,
2866 4770 2955 4825 lit.
2993 4770 3023 4823 ὸ
3054 4769 3462 4839 explicuimus.

2174 4785 2274 4924 ..δὴ
2300 4841 2490 4924 8αησζί
2532 4842 2745 4924 Vitatis
2771 4842 2916 4897 dicti
2960 4843 3018 4894 in
3056 4843 3183 4895 Vico
3230 4842 3408 4908 longo,
3438 4838 3652 4895 titulus
3681 4839 3796 4894 Ve-

2140 4913 2327 4982 stinae,
2364 4913 2464 4981 qui
2494 4918 2754 4981 superest

2209 4983 2288 5053 (ά)
2318 4980 2532 5037 Cavalli
2562 4980 2869 5038 Mamerci.
2903 4983 3086 5052 Supra
3136 4982 3308 5037 etiam
3328 4980 3489 5053 dixit
3518 4984 3789 5053 secth,

2139 5052 2329 5109 Sancti
2363 5056 2559 5108 Vitulis
2588 5058 2647 5108 in
2684 5057 2813 5109 Vico
2836 5056 3012 5125 longo,
3039 5052 3136 5106 ubi
3182 5052 3383 5106 caualli
3401 5053 3610 5122 optimi.
3654 5052 3794 5107 Vide

2141 5131 2305 5182 notas
2334 5125 2415 5181 ibi
2444 5126 2651 5181 relatas
2673 5125 2771 5180 lit.
2806 5125 2891 5179 bb.

2707 5250 3007 5318 SECTIO
3064 5249 3221 5318 VII.

2134 5369 2194 5433 Α
2218 5374 2419 5452 porta
2442 5371 2813 5435 Tiburtina
2859 5387 3071 5451 usque
3096 5372 3348 5432 Forum
3385 5370 3783 5432 Romanum.

2210 5471 2270 5524 In
2301 5470 2361 5523 D.
2388 5470 2641 5525 Ther-mae
2665 5470 3029 5525 Sallustiana

2206 5557 2409 5612 Sancta
2427 5556 2709 5628 Susanna,
2740 5564 2797 5614 et
2826 5556 3042 5612 Cavalli
3066 5554 3371 5611 marmorei

2208 5644 2402 5701 Sancti
2433 5646 2689 5701 Marcelli
