3960 6460
101 454 184 514 365

616 617 916 690 SECTIO
979 621 1137 690 XII.

104 759 146 822 Α
166 761 354 840 porta
409 758 707 844 Aurelia
759 778 988 844 usque,
1019 763 1112 825 ad
1130 765 1406 844 portam
1449 766 1514 828 et
1544 764 1730 828 etiam

657 841 1155 906 Praenestinae;

160 978 176 998 '
198 975 330 1031 Fons
357 975 553 1031 Sancti
604 976 778 1047 Petri,
809 976 908 1032 ubi
942 983 1030 1034 est
1057 991 1252 1035 carcer
1280 979 1406 1049 ejus

159 1064 331 1119 Sancti
359 1064 640 1120 Johannis
676 1070 732 1121 et
756 1067 920 1123 Pauli

157 1153 332 1209 Sancti
354 1152 611 1225 Georgii,
646 1155 837 1212 Sancti
866 1157 1051 1228 Sergii
1081 1170 1180 1228 per
1210 1159 1442 1214 Pontem

159 1242 512 1318 Capitolium,
546 1244 896 1300 Umbilicum
925 1261 1022 1316 per
1040 1246 1275 1304 Arcum.

158 1331 332 1386 Sancti
364 1332 662 1389 Hadriani.
701 1335 898 1405 Equus
927 1335 1064 1392 Con.

158 1421 340 1476 Tancti
367 1422 613 1493 Cyriaci,
646 1430 702 1479 et
739 1424 996 1481 Thermte

223 1512 605 1568 Constantini.
636 1514 841 1570 Forum
873 1529 964 1571 no.

159 1600 350 1657 Forma
381 1602 699 1660 Claudiana

161 1690 291 1745 item
320 1691 572 1748 Thermas
598 1681 946 1751 Diocletiani

156 1779 366 1834 Sancta:
394 1780 631 1852 Agathaa

157 1868 342 1924 Sancti
367 1870 580 1927 Vitalis

153 1958 368 2014 Sanctae
399 1960 770 2018 Pudentianae

154 2046 340 2103 Sancti
394 2050 688 2105 Laurentii
747 2051 806 2106 in
837 2050 1170 2122 Formonso,
1223 2049 1323 2108 ubi
1364 2053 1595 2108 assatus
1633 2054 1740 2109 est.

152 2138 567 2195 Monasterium
615 2140 668 2194 S.
700 2139 954 2210 Agathe.
1189 2133 1196 2142 ’

153 2227 218 2297 (α)
247 2227 509 2296 Molinze,
542 2228 612 2299 (b)
638 2229 784 2284 Mica
814 2242 1007 2297 aurea,
1041 2225 1103 2301 (c)
1133 2230 1351 2286 Sanctae
1372 2230 1566 2287 Mariae

150 2316 340 2372 Sancti
370 2316 757 2389 Chrysogoni,
788 2325 842 2374 et
868 2318 1085 2374 Sanctae
1117 2319 1362 2376 Caeciliae

155 2405 472 2461 Palatinus.
506 2405 588 2460 Ad
617 2407 888 2462 Sanctum
916 2407 1280 2465 Theodorum

151 2493 349 2550 Sancta
375 2494 559 2550 Maria
579 2495 818 2565 antiqua

152 2582 338 2639 Sancti
366 2584 608 2652 Cosmte,
637 2590 694 2640 et
721 2583 987 2641 Damiani

154 2671 435 2729 Palatium
464 2673 696 2742 Trajani

152 2762 569 2818 Monasterium
599 2763 656 2818 S.
683 2761 920 2834 Agathae
939 2761 1211 2820 SUBURA

148 2849 335 2907 Sancti
372 2852 676 2908 Laurentii
711 2853 770 2908 in
798 2853 1108 2910 Formonso
1129 2853 1321 2910 Sancti
1353 2853 1565 2911 Vitalis

148 2939 349 2997 Sancta
407 2941 792 3011 Pudentiana,
826 2948 882 2998 et
908 2943 1115 2999 Sancta
1139 2943 1458 3012 Euphemia

147 3029 218 3103 (Δ)
250 3031 545 3088 Palatium
570 3031 761 3099 Piiati,
793 3033 998 3090 Sancta
1027 3033 1210 3090 Maria
1242 3033 1423 3104 Major

145 3120 391 3177 Sanctus
425 3123 620 3178 Vitus.
666 3123 1024 3194 Nympheum

144 3209 345 3268 Sancta
375 3211 625 3268 Biviana

143 3300 344 3358 Forma
374 3302 710 3360 Claudiana

143 3388 202 3443 in
253 3391 347 3447 via
399 3392 779 3464 Praenestina,
827 3391 972 3450 foris
1026 3393 1276 3466 Murum,
1311 3393 1536 3466 .Forma
1561 3390 1748 3449 Clau—

210 3480 411 3540 diana.

602 3588 806 3647 ΝΟΤᾹΞ
844 3589 1232 3648 BLANCHINI.

143 3697 524 3788 (alpMolinae.
549 3701 1079 3788 n'i‘raqstiberinam
1135 3701 1445 3788 regionem
1473 3714 1550 3788 ett
1584 3707 1746 3788 porta

79 3768 302 3844 Aurelia
343 3773 640 3844 pervadit,
677 3779 740 3829 ut
778 3787 876 3844 per
919 3777 1142 3843 pontem
1189 3768 1599 3842 Senatorium,
1626 3773 1748 3829 sive

79 3843 237 3898 etiam
271 3843 372 3914 per
399 3845 670 3901 Cestium
718 3843 787 3900 ad
827 3846 1032 3900 Forum
1067 3844 1373 3914 pertingat,
1406 3848 1458 3899 et
1509 3857 1748 3914 progre-

81 3913 369 3972 diatur’ad
398 3919 562 3972 viam
606 3917 1039 3972 Praenestinam.
1085 3917 1305 3969 Molinae
1333 3913 1581 3984 primum
1611 3913 1747 3984 Spe-

79 3992 318 4062 ctantur,
347 3989 478 4045 sive
522 3989 584 4043 in
615 3989 818 4062 Monte,
844 3989 1051 4062 Aureo,
1085 4000 1183 4062 per
1207 3987 1745 4062 aquamrTrajanam

82 4060 394 4130 versatiles,
427 4061 506 4116 de
540 4059 760 4130 quibus
781 4059 1081 4114 Fabrettus
1103 4058 1172 4114 de
1203 4061 1306 4129 Aq.
1331 4063 1388 4114 et
1409 4058 1742 4129 Aquteduct.

81 4140 224 4201 num.
273 4129 407 4201 247,
442 4147 515 4187 ex
539 4133 839 4201 Procopio,
878 4132 1051 4184 τούτου
1081 4129 1154 4196 δὲ,
1186 4137 1330 4186 etc.:
1368 4150 1394 4182 α
1435 4131 1477 4185 Ε
1518 4130 1748 4201 regione

74 4199 495 4274 Transtiberim
553 4199 798 4274 magn—us
828 4199 998 4258 Collis
1036 4202 1270 4273 eminet,
1323 4201 1521 4272 ibique
1551 4199 1748 4258 oinnes

76 4272 386 4330 molitrinaa
433 4277 562 4346 jam
617 4272 751 4330 inde
798 4275 935 4331 olim
992 4272 1748 4346 exstructmrsuntmuippe

78 4357 269 4414 magna
321 4362 502 4418 aquae
552 4346 664 4413 vis,
715 4360 814 4416 per
836 4347 1000 4418 alveu
1030 4365 1055 4398 ιι
1103 4345 1428 4402 structilem
1460 4345 1527 4401 ad
1575 4346 1746 4418 collis

74 4419 334 4487 verticem
383 4417 670 4484 deducta,
725 4419 858 4475 inde
909 4417 1226 4474 vehementi
1259 4429 1388 4474 cum
1437 4418 1650 4487 impetu
1685 4417 1742 4473 in

74 4486 284 4562 declive
319 4491 602 4559 labitur;
642 4508 667 4539 υ
708 4490 828 4545 sive
867 4488 1197 4562 ﬂuviatiles,
1230 4505 1372 4562 quas
1410 4486 1745 4545 necessitate

71 4559 322 4618 dictante
363 4563 702 4619 Belisarius
741 4561 1059 4628 adinvenit,
1091 4559 1298 4616 incisis
1339 4562 1604 4617 videlicet
1647 4574 1744 4630 per

70 4631 282 4704 Gothos
298 4635 360 4689 in
385 4636 575 4690 Urbis
592 4633 898 4690 obsidione
919 4634 1116 4704 aquted
1129 4633 1378 4704 uctibus,
1409 4633 1506 4688 ubi
1523 4632 1746 4688 Fabret-

71 4705 160 4777 tus
187 4703 407 4762 ibidem
447 4713 739 4762 memorat
780 4719 936 4777 num,
970 4702 1078 4762 348
1125 4711 1180 4760 et
1204 4703 1328 4769 350,
1374 4719 1442 4761 ex
1471 4705 1745 4775 ProcOpio

72 4775 146 4860 ita
174 4777 549 4860 describens
580 4797 662 4860 :_«
692 4778 801 4833 Pro
834 4775 1003 4860 ponte
1050 4776 1174 4860 (sub
1210 4779 1481 4860 Ianiculo)
1525 4777 1746 4860 aptatis

70 4846 330 4918 funibus,
360 4857 420 4906 et
448 4851 528 4906 ab
565 4853 812 4920 utraque
835 4846 1105 4905 ﬂuminis
1129 4847 1253 4918 ripa
1275 4846 1634 4920 validissime
1657 4861 1748 4904 ex-

68 4922 266 4989 tensis,
289 4922 472 4978 binos
488 4919 1055 4992 lembos’colligavit,
1087 4919 1339 4990 hipedali
1365 4921 1516 4976 inter
1531 4925 1750 4992 utrum-

66 5005 173 5058 que
213 4993 429 5050 relicto
456 4993 691 5064 spatio,
716 5005 830 5064 qua
860 4990 1061 5062 majori
1096 4993 1313 5062 impetu
1337 5005 1368 5048 e
1394 4993 1588 5064 pontis
1623 4990 1750 5046 for-

65 5064 189 5138 nice
219 5078 380 5138 aqua
416 5063 815 5138 decurrebat;
848 5068 972 5138 tum
1021 5064 1248 5138 duabus
1295 5063 1466 5119 molis
1513 5064 1749 5138 utrique

63 5135 249 5209 lembo
273 5133 620 5209 impositis,
648 5137 706 5192 in
740 5133 925 5209 medio
945 5136 1288 5200 machinam,
1319 5148 1432 5209 qua
1454 5133 1615 5209 mola:
1636 5133 1748 5209 vol;

64 5208 115 5260 vi
149 5205 391 5277 possent.
436 5209 784 5279 suspendit.
835 5208 996 5265 Alios
1025 5205 1390 5264 continenter
1420 5205 1634 5279 lembos
1676 5205 1745 5261 ad

61 5293 272 5360 eorum
295 5278 609 5360 rationem
643 5281 744 5360 qui
780 5294 924 5360 pone
949 5288 1140 5360 erant,
1173 5278 1504 5344 connexuit,
1530 5291 1594 5332 ac
1623 5291 1749 5360 ma-

61 5353 264 5408 chinas
323 5356 541 5410 eodem
594 5350 762 5407 medo
804 5353 1084 5420 immisit;
1130 5350 1259 5422 qua:
1302 5362 1502 5422 omnes
1538 5350 1750 5422 ordine

65 5426 199 5492 proli
213 5427 412 5482 uentis
429 5440 509 5497 aq
522 5438 620 5482 uae
643 5424 1090 5497 vit-ircumactae,
1121 5421 1413 5497 appositas
1435 5421 1548 5476 sibi
1572 5421 1750 5478 molas

62 5499 308 5568 ciebant,
339 5506 399 5554 et
430 5493 904 5570 quantumAUrbi
936 5510 1084 5566 opus
1107 5500 1230 5570 era_t
1253 5493 1555 5570 moleb_ant.
1580 5512 1607 5544 ι)

125 5571 199 5634 (b)
234 5563 388 5624 Mica
426 5563 643 5624 aurea.
686 5568 891 5624 Micam
923 5563 1155 5624 auream
1185 5568 1392 5622 Sextus
1420 5563 1603 5620 Rufus
1629 5563 1758 5620 col-

61 5638 202 5721 locat
256 5645 515 5721 regione
567 5641 828 5721 secunda
862 5643 1015 5721 Inter
1061 5638 1393 5721 mansiones
1404 5636 1672 5721 Albanas
1701 5639 1758 5692 et

59 5709 643 5773 Arinamentarium.
697 5713 932 5769 Diversa
966 5713 1161 5782 itaque
1210 5709 1324 5767 fuit
1372 5709 1755 5782 MicaﬁAurea,

61 5785 125 5874 de
147 5802 257 5874 qua
290 5794 508 5874 noster
530 5787 882 5874 Anqnymus
903 5784 962 5839 in
998 5779 1102 5874 hac
1133 5782 1365 5874 regione
1382 5779 1760 5874 Etvﬂ'l‘rtansti-

1238 453 1638 522 DESCRIPTIO
1675 455 2041 514 REGIONUM
2076 450 2305 513 URBIS.

3387 451 3505 514 366‘

1751 591 1807 649 A
1838 606 2188 657 caenationem
2229 613 2355 658 esse
2405 598 2729 657 observavit
2770 599 3082 662 Nardinus,
3135 600 3286 657 unde
3329 601 3499 657 Poeta

1841 675 2093 744 prospici
2121 674 2204 729 ait
2232 672 2454 728 tholum
2491 672 2843 726 Caesareum:

1963 752 2101 801 Mica
2120 766 2282 815 vocor
2306 767 2318 811 ;
2357 752 2480 815 quid
2506 752 2605 800 sim
2635 751 2810 815 cernis
2837 763 2848 810 ;
2886 752 3106 815 coanatio
3135 765 3293 814 parva
3319 767 3333 814 ;

2027 816 2102 864 Ex
2130 829 2212 863 me
2255 813 2550 864 Caesareum
2586 814 2843 876 prospicis
2874 826 2995 862 ecce
3025 813 3245 864 tholum.

1838 887 2083 962 Auream
2113 887 2348 962 dictam
2385 890 2548 955 putat
2584 883 2654 940 ab
2703 891 2943 941 ornatus
2976 884 3287 962 elegantia,
3314 903 3494 962 eoque

1841 959 2072 1014 nomine
2110 959 2524 1027 interpretatur
2560 969 2684 1013 esse
2714 971 2893 1012 unum
2937 969 3004 1012 ex
3035 961 3350 1016 cmnaculis
3382 959 3501 1018 Do-

1841 1030 2094 1086 mitiani.
2133 1029 2206 1084 At
2237 1030 2380 1085 mihi
2427 1029 2717 1098 reputanti
2756 1034 2950 1084 animo
2975 1028 3295 1087 Martialem
3342 1034 3500 1090 cele-

1839 1100 2007 1157 brare
2049 1099 2154 1156 lib.
2205 1114 2281 1169 iV,
2329 1115 2415 1171 ep.
2465 1099 2554 1170 64,
2587 1100 2784 1155 villam
2832 1099 3076 1156 alterius
3125 1102 3409 1159 Martialis
3441 1105 3500 1160 in

1839 1172 2102 1228 Janiculo
2147 1174 2412 1244 positam,
2465 1186 2632 1244 quam
2687 1171 3010 1228 luculenter
3051 1172 3332 1238 describit
3376 1175 3500 1232 illis

1842 1244 2141 1301 versibus:

2093 1324 2231 1388 Tulli
2257 1323 2448 1388 jugera
2479 1338 2645 1388 pauca
2674 1323 2924 1374 Martialis

2092 1385 2278 1446 Longo
2310 1385 2538 1436 Janicuii
2562 1387 2695 1449 jugo
2726 1389 3056 1449 recumbunt,
3089 1393 3186 1439 etc.

1847 1458 2006 1515 subit
2032 1459 2306 1530 cogitatio
2330 1459 2402 1514 de
2431 1462 2575 1514 Mica
2605 1463 2792 1516 Aurea
2827 1461 2922 1516 hic
2942 1466 3245 1518 memorata
3271 1463 3351 1518 ita
3380 1476 3512 1520 sen-

1847 1531 2054 1599 tiendi,
2087 1539 2148 1585 ut
2178 1531 2536 1587 cmnaculum
2567 1530 2744 1586 fuerit
2770 1533 2828 1587 in
2855 1539 3043 1589 monte
3067 1533 3255 1590 Aureo
3275 1535 3396 1591 sive
3422 1536 3515 1592 Ja-

1849 1602 2068 1676 niculo,
2092 1602 2175 1676 vel
2207 1615 2240 1656 a
2267 1603 2480 1676 montis
2507 1603 2737 1659 nomine
2760 1604 2980 1676 dictum
3016 1608 3158 1660 Mica
3181 1607 3392 1676 Aurea,
3421 1604 3506 1663 vel

1849 1673 1918 1750 ad
1951 1672 2272 1750 exemplum
2307 1673 2837 1750 ill_ius_cmnat_ionis_
2857 1675 3146 1750 Augustas,
3175 1692 3346 1748 quam
3374 1672 3510 1734 Nar-

1849 1745 2028 1801 dinus
2051 1745 2295 1800 Auream
2333 1745 2403 1798 ab
2429 1746 2711 1816 elegantia
2751 1745 3226 1806 cultus'credidi't
3250 1750 3506 1808 eamdem

1853 1816 1912 1872 in
1933 1817 2200 1887 secunda
2231 1816 2463 1887 regione
2493 1815 2698 1872 a’Rufo
2727 1817 3084 1876 collocatam.

1923 1885 1987 1960 (c)
2029 1888 2243 1942 Sancta:
2301 1885 2514 1944 Mariae.
2589 1889 3050 1948 Transtiberim:
3114 1894 3263 1949 unde
3313 1893 3382 1948 ad
3449 1892 3505 1949 S.

1768 1931 1820 1992 Β
1851 1931 2280 2044 Chrysogonum
2320 1931 2806 2044 progressusjper
2824 1931 3042 2044 p‘én'téiw;
3061 1931 3510 2044 rc'g'éi'i‘inﬁfsie

1819 2073 1832 2094 ,
1853 2044 1953 2102 per
2006 2031 2365 2102 Senatorium

1853 2044 1953 2102 per
2006 2034 2365 2087 Senatorium
2444 2038 2543 2087 aut
2576 2037 2746 2087 etiam
2792 2046 2890 2101 per
2941 2034 3282 2106 Sublicium)
3326 2035 3512 2090 tendit

1849 2118 1948 2172 per
1968 2119 2156 2176 arcum
2184 2101 2327 2176 (Jani
2370 2073 2612 2176 i'ortasse
2642 2102 3085 2175 quadrifrontis,
3139 2105 3509 2176 spectabilem

1851 2172 2003 2248 apud
2026 2174 2079 2248 S.
2101 2172 2695 2248 Georgiidiacﬁoniam‘,
2725 2181 2779 2229 et
2799 2188 2994 2232 arcum
3013 2172 3508 2248 Argentariorum)

1853 2245 1922 2300 ad
1961 2246 2296 2313 Palatinum,
2326 2251 2376 2300 et
2413 2247 2488 2300 ad
2518 2252 2768 2302 sanctum
2802 2245 3154 2304 Theodorum.
3183 2250 3267 2304 Ibi
3311 2245 3510 2305 sancta

1853 2318 2039 2391 Maria
2074 2320 2335 2391 Antiqua,
2359 2322 2425 2391 et
2447 2317 2670 2391 reliqua
2699 2318 2966 2390 tediiicia,
2994 2321 3110 2391 jam
3132 2321 3418 2391 explicata
3451 2321 3512 2376 in

1855 2388 2213 2444 sectionibus
2238 2389 2658 2459 superioribus.

1925 2460 2001 2530 (d)
2026 2461 2301 2535 Palatium
2333 2461 2520 2535 Pilati.
2552 2461 2676 2535 Nisi
2716 2462 2822 2518 hoc
2849 2475 3051 2519 nomen
3090 2462 3312 2535 vulgari
3349 2478 3512 2520 som-

1856 2531 1955 2607 nio
1978 2531 2349 2607 tribuendum
2380 2532 2484 2607 sit,
2524 2531 2693 2607 qu_a_l_e
2735 2539 2929 2607 nostra
2974 2539 3138 2590 aetate
3175 2531 3514 2607 contingunt

1855 2601 2037 2678 inepti
2075 2602 2292 2678 quique
2320 2617 2350 2658 e
2378 2601 2558 2678 plebe,
2589 2604 2761 2678 Pilati
2793 2606 3069 2678 palatium
3098 2601 3512 2678 similiter'ap—

1857 2673 2155 2748 pellantes,
2181 2675 2325 2748 citra
2360 2674 2544 2748 ullius
2572 2673 2878 2745 scriptoris
2907 2678 3326 2748 testimonium,
3360 2673 3510 2735 aedes

1854 2745 1922 2820 ad
1969 2751 2194 2820 pontem
2237 2746 2598 2820 Senatorium
2622 2751 2982 2820 superstites
3017 2763 3190 2820 prope
3218 2750 3281 2804 S.
3315 2745 3508 2806 Mariae

1855 2817 2216 2888 Egyptiacaa,
2248 2832 2390 2886 quas
2431 2817 2574 2873 olim
2616 2817 2970 2876 inhabitatas
3001 2817 3247 2877 feru‘nta
3272 2821 3509 2877 Nicolao

1855 2887 2149 2962 Laurentii
2197 2887 2338 2957 tilio,
2384 2889 2685 2962 crederem,
2723 2891 2970 2948 libenter
2994 2893 3251 2961 thermas,
3299 2899 3357 2949 et
3404 2907 3514 2962 pa-

1857 2961 2060 3036 latium
2087 2963 2304 3036 Novati,
2336 2975 2637 3036 conversas
2663 2960 2844 3036 fuisse
2873 2964 2944 3019 ab
2969 2960 3263 3036 Anonymo
3290 2960 3514 3036 nostro,

1854 3031 1940 3088 vel
1967 3031 2038 3086 ab
2069 3033 2194 3100 ejus
2221 3031 2576 3104 descriptore
2602 3035 2796 3091 saeculi
2821 3035 3006 3093 octavi
3037 3035 3121 3093 vel
3136 3031 3286 3092 'noni
3318 3037 3376 3092 in
3399 3031 3516 3092 Pa-L

1859 3104 2051 3158 latium
2077 3104 2266 3157 Pilati.

1878 3106 2051 3158 atium
2077 3105 2266 3157 Pilati.

1928 3179 1946 3200 "
1976 3176 2113 3264 Fons
2161 3178 2338 3264 sanctni
2381 3178 2550 3264 Petri,
2591 3177 2689 3264 ub‘z‘
2715 3182 2813 3264 est
2840 3179 3208 3264 carcernejus.
3258 3179 3305 3236 A
3352 3185 3515 3264 porta

1778 3263 1828 3326 ρ
1857 3245 2092 3326 Aurelia
2125 3248 2568 3326 procedentibus
2610 3250 2680 3307 ad
2728 3250 2988 3326 :l‘itulum
3027 3245 3123 3326 SS:
3167 3245 3407 3326 Joannis
3457 3261 3515 3308 et

1860 3317 2020 3374 Pauli
2059 3318 2278 3388 nullus,
2309 3320 2457 3390 quod
2487 3321 2689 3390 sciam,
2722 3320 2849 3380 fons
2869 3324 3053 3379 sancti
3095 3323 3246 3379 Petri
3280 3323 3363 3380 vel
3396 3337 3525 3381 car-

1858 3404 1953 3446 cer
2000 3390 2275 3446 occurrit.
2335 3390 2482 3448 Fons
2524 3397 2581 3448 et
2624 3406 2816 3449 carcer
2854 3394 2909 3449 S.
2961 3395 3112 3450 Petri
3158 3395 3410 3452 vinculis
3463 3400 3520 3452 et

1861 3461 2147 3530 baptismo
2183 3462 2275 3517 SS.
2303 3463 2556 3519 Processi
2606 3471 2664 3519 et
2706 3466 3041 3521 Martiniani
3077 3465 3410 3522 illustratus
3442 3465 3516 3522 ab

1859 3533 2214 3616 antiquariis
2241 3534 2581 3616 poniturgad
2611 3535 3013 3616 Mamertinum
3052 3538 3122 3593 ad
3151 3538 3386 3616 radices
3402 3537 3517 3593 Ca-

1863 3604 2262 3677 pitolii._Puto
2286 3605 2645 3677 Anony'mum
2688 3614 2946 3664 nostrum
2990 3608 3262 3664 memoria
3291 3609 3516 3677 lapsum

1861 3673 2210 3730 confundere
2237 3673 2466 3731 fontem‘
2492 3676 2549 3730 S.
2583 3678 2731 3730 Petri
2754 3679 2822 3734 ad
2866 3684 3120 3733 sanctam
3149 3673 3398 3734 Priscain
3453 3679 3514 3736 in

1857 3746 2276 3818 Aventino,ubi
2304 3746 2783 3818 administratum
2806 3747 2998 3804 ferunt
3026 3749 3098 3803 ab
3122 3748 3515 3818 apostolorum

1860 3817 2122 3888 principe
2160 3817 2463 3888 baptisma,
2507 3831 2636 3873 cum
2668 3818 2784 3873 alio
2812 3818 2968 3874 fonte
3005 3819 3075 3875 ad
3111 3817 3512 3878 Mamertinum

1857 3890 1954 3943 ubi
1982 3904 2165 3943 carcer
2209 3888 2329 3955 ejus
2371 3901 2441 3943 ex
2474 3889 2762 3944 communi
2797 3891 3083 3946 sententia
3125 3893 3428 3956 asseritur,
3460 3899 3518 3949 et

1860 3959 2038 4015 fontis
2063 3959 2868 4031 scaturiginecomprobatur.
2907 3963 3122 4019 Ductus
3155 3965 3386 4021 itineris
3411 3967 3516 4021 hac

1862 4033 1921 4087 in
1954 4032 2206 4088 sectione
2228 4031 2479 4101 suscepti
2511 4048 2544 4085 α
2567 4037 2728 4102 porta
2751 4035 2980 4089 Aurelia
3001 4036 3076 4090 ad
3095 4039 3273 4091 sancti
3287 4039 3516 4093 Joannis

1859 4109 1908 4158 et
1932 4105 2096 4157 Pauli
2113 4102 2322 4176 fontem
2337 4103 2515 4158 alium
2537 4105 2719 4159 sancti
2747 4106 2894 4162 Petri
2911 4108 3005 4164 vix
3030 4113 3214 4176 potest
3233 4109 3510 4176 indicare,

1859 4189 2029 4250 quam
2064 4175 2139 4250 _in
2181 4175 2364 4250 titulo
2393 4181 2596 4230 sanctae
2632 4177 2850 4250 Priscae,
2894 4179 2993 4233 ubi
3029 4175 3212 4235 fertur
3242 4187 3514 4250 exceptus

1858 4247 2116 4317 hospitio
2179 4246 2381 4302 beatus
2438 4249 2756 4316 apostolus.
2810 4249 2948 4304 Inde
2996 4263 3066 4305 ex
3123 4246 3408 4307 Aventino
3453 4251 3518 4309 iit

1859 4333 2214 4395 prOgressus.
2249 4319 2704 4395 ad_orientalem
2773 4321 2996 4395 plagam
3042 4321 3195 4378 Circi
3251 4323 3508 4395 Maximi,

1856 4397 1912 4446 et
1936 4391 2003 4446 ad
2048 4390 2284 4446 titulum
2317 4391 2414 4445 SS.
2456 4393 2685 4445 Joannis
2737 4390 2785 4447 et
2832 4390 3014 4457 Pauli,
3049 4398 3167 4450 tum
3213 4395 3282 4450 ad
3337 4390 3515 4450 sancti

1857 4463 2094 4537 Georgii,
2127 4463 2202 4516 ad
2232 4463 2561 4532 Capitolium
2605 4469 2662 4520 et
2693 4464 2916 4537 reliqua
2948 4465 3070 4522 loca
3105 4466 3162 4522 in
3199 4467 3511 4524 Itinerario

1853 4535 2162 4604 descripta.

1773 4593 1825 4654 D
1873 4677 1886 4681 _
1928 4593 2134 4681 Praeter
2158 4605 2280 4681 vias
2312 4605 2464 4662 inter
2486 4605 2700 4681 Urbem,
2727 4608 3086 4666 sectionibus
3111 4610 3517 4681 superioribus

1854 4677 2144 4753 delinitas,
2173 4677 2704 4753 __l_eguntu_r_apud
2769 4681 3051 4753 Anonymi
3115 4677 3508 4753 itinerarium,

1855 4719 3278 4824 ἒᾷἰὶῗ³ῑιῖεῖἱήιῖῗῖἑξῖξι3Ϊῗῖἕςωίὲἓὶἴὲ¹ίὶἷὰεοέιίἱῖἶεὶ
3293 4719 3518 4810 ’ἰὶιέἨᾶ

1853 4821 1976 4875 rias
2008 4829 2318 4891 martyrum
2361 4821 2418 4877 et
2447 4821 2772 4878 cmmeteria
2797 4831 2958 4880 extra
2990 4837 3286 4879 murorum
3317 4823 3512 4878 ambi-

1857 4897 1979 4947 tum
2010 4894 2088 4965 ita
2113 4892 2469 4965 detruncata,
2499 4900 2564 4949 ut
2581 4908 2766 4965 operae
2786 4896 3034 4964 pretium
3065 4907 3176 4949 non
3209 4895 3288 4949 sit
3315 4895 3511 4950 eadem

1857 4963 2145 5046 supplere,
2201 4978 2332 5021 cum
2363 4979 2432 5022 ex
2459 4963 3072 5046 "opus‘gulo’proxime
3127 4969 3510 5046 consecutura

1855 5034 2140 5092 distincte
2162 5034 2586 5093 recenseantur.
2620 5034 2954 5106 Fragmenta
2986 5034 3378 5092 Einseldensis
3405 5049 3511 5092 co-

1855 5107 2008 5164 dicis
2036 5121 2162 5179 pag.
2189 5109 2442 5163 indicata
2479 5109 2558 5163 ita
2592 5106 2930 5163 redduntur.

2177 5189 2241 5240 In
2271 5189 2363 5242 via
2391 5188 2638 5240 Portensi
2680 5191 2837 5240 extra
2870 5186 3172 5241 Civitatem.

1857 5271 1919 5324 In
1947 5268 2049 5321 Via
2078 5266 2309 5322 Aurelia
2348 5272 2507 5321 extra
2535 5267 2860 5337 Civitatem,
2897 5266 2954 5322 in
2988 5266 3219 5323 dextera
3249 5268 3514 5324 Sancti...

1860 5342 1921 5395 in
1950 5339 2051 5393 Via
2077 5337 2300 5393 Salaria
2323 5344 2483 5392 extra
2507 5337 2832 5403 Civitatem,
2877 5339 2936 5394 in
2965 5339 3201 5394 dextera
3226 5342 3511 5395 Sanctae...

1862 5413 1923 5467 ln
1948 5410 2051 5466 Via
2075 5409 2344 5465 Pinciana
2375 5416 2534 5466 extra
2567 5408 2890 5476 Civitatem,
2917 5409 2974 5466 in
3006 5409 3240 5468 dextera
3271 5412 3508 5469 Sancti..

2007 5481 2159 5538 Proti
2189 5486 2243 5538 et
2281 5481 2564 5552 iliacynti.
2819 5481 3012 5538 Sancti
3034 5481 3339 5541 Hermetis.

2436 5561 2572 5618 Item
2609 5561 2668 5616 in
2703 5561 2947 5619 demto-ra.

1865 5633 2046 5702 Abdo,
2077 5638 2132 5690 et
2160 5634 2374 5690 Sennes

1871 5707 2181 5774 Pancratii,
2208 5704 2485 5769 Processi,
2525 5711 2582 5760 et
2615 5706 2949 5763 Martiniani

1867 5778 2194 5845 Saturnini,
2236 5779 2452 5835 Sanctaa
2491 5775 2816 5837 Felicitatis
2853 5793 2985 5837 cum
3019 5793 3117 5837 vn.
3147 5781 3318 5840 Filiis

61 5849 254 5918 berina
282 5862 495 5918 adhuc
525 5849 815 5932 gradiens
842 5870 911 5912 ex
939 5859 1130 5932 monte
1155 5849 1344 5932 Aurea
1381 5851 1451 5910 ad
1479 5853 1531 5908 S.
1574 5851 1763 5932 Chry:
1871 5849 2179 5932 Dasilisste,
2208 5850 2401 5932 Sancti
2433 5849 2719 5932 Pamphili

66 5944 366 6003 sogonum.
397 5920 658 5994 Micam,
695 5929 766 5987 de
796 5941 908 6001 qua
954 5925 1241 5985 Martialis
1283 5925 1385 5983 lib.
1428 5938 1493 5981 ιι.
1541 5937 1630 5996 ep.
1672 5920 1744 5980 59

1871 5921 2064 5978 Sancti
2095 5921 2597 5994 Johannis_caput.
