3960 6456
454 444 565 507 367

1249 444 1343 502 AD
1383 445 1899 505 PROLEGOMENA
1946 445 2382 507 ANASTASIUM
2430 450 2607 507 EDIT.
2645 444 3077 504 ROM.—VATIC.

876 804 1502 914 APPENDIX
1574 810 1749 914 AD
1821 807 2574 920 OPUSCULUM
2648 809 3455 919 PRIECEDENS.

1480 1032 1595 1095 DE
1660 1031 2178 1098 REGIONIBUS
2244 1035 2494 1099 URBIS
2556 1036 2836 1099 ROMIE.

1935 1215 2350 1234 ῃ

517 1341 659 1399 Cum
715 1342 886 1400 hocce
915 1339 1197 1412 opusculo
1242 1339 1502 1413 septimi,
1545 1338 1632 1397 vel
1682 1339 1869 1396 octavi
1901 1338 2101 1395 saeculi
2124 1363 2181 1424 Α
2214 1341 2459 1397 maxime
2503 1341 2863 1399 doctissimis
2901 1343 3047 1400 viris
3086 1342 3495 1417 intelligimus,
3545 1345 3866 1419 praesertim

454 1430 664 1488 itinera
685 1432 839 1488 intra
876 1431 1082 1487 Urbem
1111 1430 1402 1501 descripta
1439 1431 1561 1486 sint
1584 1442 1683 1500 per
1709 1428 2101 1500 quatordecim

454 1520 629 1576 istius
655 1521 917 1593 regiones
937 1525 1143 1591 quarto
1182 1524 1314 1576 ante
1342 1518 1533 1588 ipsum
1559 1517 1769 1573 saeculo
1793 1530 1826 1572 a
1850 1516 2020 1588 Rufo,
2047 1520 2105 1572 et

454 1622 484 1663 a
504 1610 732 1665 Victore
754 1609 1094 1679 descriptas,
1116 1606 1674 1679 placuiteditoribus
1697 1604 2100 1661 Analectorum

454 1695 545 1753 illi
601 1697 890 1771 pmﬁgel‘e
939 1698 1175 1754 titulum
1231 1698 1534 1766 Descriptio
1589 1698 1870 1763 regionum
1922 1694 2100 1749 Urbis.

450 1787 755 1856 Pr0pterea
779 1789 1113 1846 censuimus
1132 1786 1399 1844 nonnihil
1427 1786 1697 1856 prodesse
1714 1786 1782 1841 ad
1807 1783 2103 1841 illustran-

448 1878 590 1936 dum
614 1877 1005 1951 Anastasium,
1036 1888 1093 1935 et
1122 1878 1302 1950 Vitas,
1339 1876 1437 1932 ubi
1456 1877 1720 1948 regiones
1748 1875 1919 1931 Urbis
1950 1889 2104 1946 prae—

449 1984 582 2040 sepe
606 1970 957 2025 indicantur.

522 2060 728 2116 Verum
774 2061 1036 2133 regiones
1064 2058 1389 2129 Anastasio,
1412 2060 1471 2113 et
1508 2056 1974 2113 bibliothecariis
2005 2069 2102 2112 re—

449 2150 704 2223 censita,
735 2154 873 2206 sunt
908 2154 1123 2220 septem
1161 2148 1317 2219 illae;
1363 2148 1708 2218 quandoque
1736 2152 2103 2202 occurrentes

446 2240 619 2296 etiam
646 2240 706 2295 in
747 2239 918 2295 libris
943 2238 1277 2294 Ritualihus
1315 2237 1545 2292 ordinis
1577 2237 1839 2307 Romani,
1876 2236 1935 2291 in
1958 2250 2101 2307 quas

449 2330 663 2385 summi
685 2328 987 2401 pontiﬁces
1008 2328 1349 2396 redegerunt
1365 2314 1620 2381 vetustas
1641 2327 2098 2396 quatuordecim,

447 2417 520 2473 ab
573 2418 833 2489 Augusto
877 2414 1245 2484 constitutas,
1284 2419 1342 2468 et
1394 2413 1454 2468 in
1496 2415 1760 2484 antiquis
1808 2415 2104 2484 lapidibus

449 2506 794 2577 singillatim
822 2509 1208 2575 enumeratas,
1228 2501 1515 2571 praecipue
1539 2515 1671 2557 vero
1699 2502 1758 2556 in
1778 2503 2105 2571 Capitolino

454 2606 736 2651 marmore
763 2594 872 2648 sub
891 2592 1145 2648 Adriano
1169 2590 1322 2661 apud
1348 2594 1658 2645 Gruterum
1674 2590 1831 2646 edito
1854 2591 1948 2647 fol.
1975 2590 2104 2665 248,

2213 1430 2549 1486 Mabillonio
2596 1431 2655 1486 in
2679 1432 3098 1489 Commentario
3128 1433 3198 1489 ad
3237 1433 3511 1491 Ordinem
3545 1435 3865 1492 Romanum

2216 1518 2296 1574 ita
2320 1519 2596 1576 scribenti
2629 1534 2754 1592 pag.
2783 1518 2885 1576 48:

2288 1627 2314 1660 α
2359 1608 2664 1679 Explorata
2701 1615 2789 1665 est
2816 1610 2986 1666 Urbis
3024 1611 3241 1669 divisio
3268 1613 3329 1669 in
3360 1618 3573 1685 septem
3601 1613 3870 1685 regiones

2213 1697 2651 1771 ecclesiasticas,
2695 1713 2823 1755 cum
2866 1713 2933 1756 ex
2963 1700 3210 1773 Augusti
3236 1703 3464 1759 decreto
3496 1704 3873 1775 in_quatuor-

2211 1786 2397 1842 decim
2451 1786 2657 1844 fuisset
2696 1789 3054 1847 distributa:
3097 1793 3195 1848 sed
3237 1792 3401 1865 longe
3431 1793 3737 1849 obscurior
3761 1796 3871 1862 est,

2213 1889 2341 1946 qua:
2370 1884 2558 1932 tamen
2580 1877 2746 1948 longe
2773 1881 3056 1949 posterior
3075 1879 3441 1951 fuit,divisio
3466 1882 3565 1937 illa
3586 1881 3876 1937 ecclesia—

2212 1966 2378 2038 stica,
2402 1971 2599 2037 utpote
2624 1968 2790 2024 modo
2820 1969 3093 2043 obsoleta,
3135 1984 3307 2041 quam
3332 1970 3547 2042 civilis,
3587 1972 3872 2026 hactenus

2204 2060 2451 2111 retenta.
2477 2057 2746 2114 omnium
2771 2060 2986 2129 optime
3011 2060 3304 2115 Nardinus
3333 2060 3534 2127 situm,
3559 2074 3624 2116 ac
3646 2060 3872 2115 limites

2212 2146 2496 2215 cujusque
2528 2146 2782 2216 regionis
2816 2148 3221 2204 ecclesiasticae
3259 2149 3577 2220 assignavit
3609 2162 3680 2204 ex
3708 2151 3879 2203 Ana-

2211 2235 2410 2305 stasio,
2435 2235 2537 2305 qui
2566 2243 2812 2292 montem
2833 2239 3177 2294 Aventinum
3208 2239 3267 2294 in
3301 2240 3506 2309 prima,
3531 2238 3590 2293 in
3612 2238 3876 2295 secunda

2212 2323 2365 2380 viam
2414 2324 2830 2391 Mamertinam,
2875 2326 3176 2382 basilicam
3220 2331 3284 2384 S.
3339 2329 3635 2384 Laurentii
3692 2342 3880 2399 super

2213 2418 2473 2467 sanctum
2515 2411 2856 2467 Clementem
2922 2415 2982 2469 in
3025 2416 3214 2483 tertia,
3270 2422 3325 2471 et
3355 2423 3529 2485 caput
3577 2418 3754 2472 Tauri
3813 2419 3872 2473 in

2215 2503 2420 2572 quinta
2438 2500 2702 2555 collocat.
2738 2501 2897 2556 Alias
2925 2504 3191 2571 designat
3229 2504 3377 2558 idem
3400 2511 3604 2559 auctor
3628 2519 3698 2561 ex
3723 2520 3883 2563 con-

2209 2592 2452 2660 jectura.
2473 2590 2575 2643 His
2602 2590 2746 2645 adde
2773 2591 2833 2645 in
2861 2592 3092 2662 regione
3109 2598 3312 2662 quarta
3338 2592 3575 2648 titulum
3603 2596 3877 2666 Vestinae,

453 2696 511 2738 n.
544 2681 599 2754 8,
635 2696 881 2753 quarum
909 2681 970 2736 in
1001 2680 1190 2737 locum
1239 2686 1647 2736 successerunt
1671 2680 1843 2750 paulo
1871 2681 2101 2739 diversa
2140 2698 2190 2760 Β
2213 2692 2283 2735 ex
2306 2678 2480 2734 veteri
2504 2679 2883 2749 inscriptione
2913 2695 3038 2751 qua:
3070 2681 3284 2753 legitur
3322 2681 3383 2736 in
3413 2682 3602 2738 Romae
3629 2684 3882 2740 subter—

452 2771 995 2841 circumscriptione
1024 2769 1458 2841 quatuordecim
1496 2769 1756 2841 regiones
1784 2771 1952 2827 Urbis
1992 2773 2103 2829 ho-

450 2864 547 2920 die
561 2862 731 2918 dictae
744 2862 926 2917 Riom'.
942 2861 1217 2917 Videmur
1232 2860 1428 2932 itaque
1447 2862 1701 2917 Vitarum
1724 2863 2097 2935 expositioni,

450 2959 508 3009 et
537 2952 815 3009 lectorum
849 2950 1145 3007 commodo
1188 2948 1423 3006 felicius
1445 2950 1791 3023 consulturi,
1819 2952 1869 3007 si
1898 2960 2104 3023 praeter

451 3043 675 3098 viarum
712 3040 952 3109 indicia,
986 3052 1370 3110 proponamus
1396 3053 1495 3109 per
1519 3039 1741 3095 brevem
1782 3040 2104 3098 indicatio-

452 3145 579 3188 nem
609 3139 728 3186 tum
756 3131 1056 3202 regionum
1083 3129 1518 3200 quatuordecim
1547 3130 1620 3185 ab
1646 3129 1908 3200 Augusto
1934 3132 2102 3200 posi-

450 3228 640 3278 tarum
684 3226 741 3276 et
769 3220 878 3276 sub
907 3219 1225 3275 Theodosio
1256 3206 1518 3288 principe
1571 3232 1669 3289 per
1696 3219 1998 3290 Victorem,
2044 3225 2102 3277 et

450 3312 663 3368 Rufum
688 3311 1109 3382 descriptarum
1137 3320 1235 3381 per
1266 3311 1491 3380 potiora
1515 3310 1760 3366 aediﬁcia
1792 3311 1852 3366 in
1894 3311 2099 3367 iisdem

449 3402 678 3458 inclusa
714 3420 730 3473 ;
771 3407 892 3458 tum
937 3408 1150 3471 septem
1188 3399 1709 3455 ecclesiasticarum
1750 3399 1836 3472 (ut
1872 3402 2098 3472 vocant)

448 3506 592 3563 quas
615 3492 915 3562 pontiﬁces
938 3489 1122 3546 nostri
1146 3489 1383 3546 totidem
1410 3490 1674 3545 diaconis
1692 3489 2102 3546 administran-

442 3582 548 3637 das
563 3581 1062 3651 concrediderunt,
1088 3593 1190 3635 nec
1213 3592 1324 3635 non
1338 3579 1732 3650 subdiaconis,
1747 3593 1813 3634 ac
1831 3578 2097 3647 notariis,

445 3672 516 3727 ad
544 3680 669 3727 acta
700 3684 1013 3742 martyrum
1034 3669 1338 3726 scribenda
1367 3675 1423 3724 et
1461 3669 1803 3741 colligenda.
1838 3669 2100 3740 Utraaque

444 3761 696 3816 nitidius
728 3763 1179 3831 perciperentur,
1231 3760 1281 3814 si
1321 3759 1755 3815 delinearentur
1794 3759 1855 3813 in
1883 3756 2099 3813 Tabula

444 3864 559 3906 una
604 3856 737 3906 cum
764 3850 1006 3907 indiciis
1044 3850 1289 3921 viarum,
1321 3849 1520 3906 addita
1561 3850 1735 3906 etiam
1770 3854 1929 3918 parte
1973 3848 2098 3918 agri

444 3940 790 4012 suburbani,
827 3955 954 4010 qua:
999 3946 1473 3997 commonstraret
1522 3939 1848 3997 cmmeteria
1883 3942 2103 4010 Marty-

2214 2772 2398 2824 ran'eie
2437 2773 2589 2824 tomo
2617 2772 2686 2840 ll,
2730 2781 2831 2825 seu
2880 2770 2983 2825 lib.
3018 2784 3096 2842 iv,
3128 2784 3254 2841 cap.
3298 2770 3389 2841 25,
3433 2771 3531 2826 ubi
3588 2772 3880 2831 laudatur

2206 2860 2628 2924 Abundantius,
2668 2860 2950 2930 acolythus
2973 2876 3087 2929 reg.
3124 2866 3334 2930 quarta
3372 2866 3434 2916 tt.
3465 2863 3716 2918 Vestinae.
3754 2865 3879 2935 Qui

2210 2951 2421 3008 titulus
2445 2952 2537 3006 SS.
2583 2950 2865 3019 Gervasii,
2896 2957 2953 3007 et
2979 2952 3246 3024 Protasii,
3292 2965 3395 3009 seu
3440 2954 3623 3009 sancti
3657 2955 3878 3012 Vitatis

2210 3048 2405 3113 postea
2432 3041 2774 3111 appellatus.
2804 3058 2832 3091 »

2279 3132 2521 3189 Nardini
2549 3131 2888 3187 sententiam
2920 3131 3104 3202 igitur
3117 3131 3188 3187 de
3215 3130 3550 3203 regionibus
3568 3131 3878 3190 ecclesias-

2210 3220 2365 3293 ticis,
2385 3234 2553 3293 quam
2571 3236 2702 3291 cap.
2735 3218 2787 3291 4,
2816 3220 2953 3277 libri
2976 3222 3213 3277 secundi
3236 3222 3592 3293 perscripsit,
3623 3222 3704 3277 ita
3729 3224 3879 3279 red—

2206 3310 2358 3366 dam.
2392 3314 2702 3367 Praamonet
2729 3312 2988 3382 Augusto
3015 3311 3302 3381 placuisse
3329 3323 3628 3366 numerum
3662 3314 3876 3383 regio—

2209 3414 2347 3457 num
2379 3402 2567 3472 Urbis,
2600 3401 2703 3472 qui
2736 3403 3170 3471 quaternarium
3193 3414 3306 3458 non
3328 3401 3632 3458 excedebat
3650 3414 3723 3456 ex
3754 3416 3879 3458 an-

2207 3492 2373 3563 tiqua
2414 3492 2743 3562 partitione,
2785 3491 3195 3547 commodioris
3234 3492 3536 3562 regiminis
3573 3504 3753 3547 causa
3797 3494 3875 3549 ad

2210 3582 2646 3653 quatuordecim
2688 3595 2917 3653 augere,
2960 3596 3203 3653 quarum
3254 3583 3395 3639 ﬁnes
3447 3596 3516 3638 ex
3560 3584 3880 3639 recensitis

2209 3685 2310 3743 per
2352 3674 2655 3745 Victorem,
2705 3678 2761 3728 et
2789 3672 3021 3745 Rufum,
3066 3678 3123 3729 et
3150 3673 3426 3729 Notitiam
3456 3673 3688 3741 Imperii
3717 3675 3882 3730 adi-

2209 3755 2362 3819 ﬁciis
2380 3776 2449 3819 ac
2491 3763 2636 3819 locis
2660 3761 3085 3818 illustrioribus
3106 3763 3273 3818 hodie
3293 3763 3465 3818 etiam
3484 3761 3760 3832 cognitis,
3781 3777 3881 3819 co-

2211 3858 2381 3909 natus
2410 3857 2497 3908 est
2527 3853 2649 3922 ipse
2687 3851 2857 3907 nobis
2892 3851 3162 3907 exhibere
3201 3851 3539 3921 punctuatis
3586 3850 3769 3907 lineis
3813 3852 3876 3907 in

2211 3942 2395 4013 ﬁgura
2424 3957 2549 4014 pag.
2587 3941 2676 3997 50.
2711 3942 2853 3996 Tum
2883 3941 3113 4013 subdit:

446 4043 572 4086 rum
606 4032 830 4100 potiora
858 4031 1011 4085 intra
1031 4031 1346 4087 secundum
1365 4036 1467 4085 aut
1493 4032 1727 4086 tertium
1752 4030 2000 4098 lapidem
2027 4026 2099 4084 ab
2129 4035 2179 4097 ί]
2280 4034 2463 4101 Major
2502 4031 2808 4100 difﬁcultas
2838 4031 3021 4084 subest
3060 4028 3283 4097 (ﬁnium
3332 4028 3672 4097 regionibus
3705 4031 3881 4086 assi-

442 4121 615 4178 Urbis
639 4122 940 4176 muanibus.
974 4121 1035 4177 Id
1063 4134 1193 4178 vero
1222 4128 1489 4192 praestare
1522 4121 1679 4175 facili
1707 4119 1937 4189 negotio
1963 4118 2099 4188 quis

445 4212 675 4284 poterit,
723 4213 771 4268 si
804 4216 977 4269 unica
1031 4214 1213 4284 ﬁgura
1264 4211 1680 4280 complectatur
1727 4220 1896 4262 unam
1943 4208 2093 4275 apud

443 4305 762 4360 Nardinum
795 4305 1039 4359 incisam
1082 4305 1141 4358 in
1175 4304 1285 4357 ﬁne
1310 4300 1447 4354 libri
1492 4300 1686 4367 primi,
1719 4303 1776 4351 et
1811 4298 1977 4367 duas,
2009 4296 2094 4351 vel

441 4401 558 4451 tres
600 4410 632 4450 a
680 4385 942 4450 Fabretto
986 4393 1305 4447 delineatas
1331 4391 1392 4444 in
1426 4389 1706 4458 opusculo
1749 4388 1981 4444 erudito
2027 4388 2097 4442 de

440 4486 625 4553 Aquis
667 4488 725 4537 et
766 4480 1225 4552 aquaeductibus.
1278 4479 1547 4534 Numeris
1580 4475 1631 4547 4,
1658 4476 1768 4533 238
1792 4484 1849 4532 et
1888 4475 2015 4533 248.
2047 4477 2096 4534 Α

441 4571 799 4629 Nardiniana
820 4568 1056 4639 colliget
1086 4568 1348 4638 regiones
1373 4567 1808 4638 quatuordecim
1857 4567 2085 4624 civiles.

443 4663 492 4718 A
521 4660 906 4717 Fabrettianis
938 4659 1302 4714 mutuabitur
1325 4658 1468 4729 vias,
1488 4664 1545 4713 et
1563 4658 1689 4730 agri
1707 4659 1945 4714 Romani
1967 4658 2101 4715 sub-

444 4751 655 4809 urbani
712 4762 1011 4806 mensuras
1056 4746 1508 4819 diligentissime
1559 4747 1631 4805 ab
1677 4761 1743 4804 eo
1785 4755 2000 4821 captas,
2042 4753 2101 4807 et

448 4849 701 4905 incisas:
730 4848 880 4904 unde
904 4845 1362 4904 cmmeteriorum
1395 4845 1520 4901 loca
1561 4859 1660 4916 per
1689 4847 1812 4903 vias
1835 4843 2100 4916 singulas

445 4939 762 5011 assignare,
783 4934 1088 5011 [adhibitis
1106 4937 1280 4993 etiam
1297 4937 1485 5007 Bosio,
1510 4936 1816 5008 Ariughio,
1839 4935 1909 4991 de
1924 4937 2101 4992 Roma

449 5029 843 5100 subterranea,
865 5035 923 5085 et
948 5027 1203 5085 Boldetto
1232 5027 1304 5084 de
1340 5025 1856 5097 observationibus
1875 5025 1944 5082 ad
1968 5026 2102 5082 Cae-

451 5115 735 5193 meteria],
764 5131 874 5175 non
897 5118 1009 5174 erit
1038 5117 1305 5174 arduum.
1333 5116 1392 5172 Si
1436 5130 1535 5186 per
1568 5115 1985 5187 typographum
2016 5116 2101 5172 li-

450 5210 658 5280 cuerit,
688 5208 942 5265 tabulam
973 5207 1440 5279 topographicam
1460 5204 1795 5262 curabimus
1827 5206 2104 5278 Prolego-

454 5299 640 5355 menis
666 5299 727 5355 in
758 5299 870 5355 ﬁne
899 5299 1313 5370 apponendam.
1345 5299 1581 5352 Interim
1612 5310 1682 5353 ex
1710 5297 1968 5352 Nardino
2000 5296 2101 5352 in-

2208 4121 2586 4193 gnandorum)
2603 4136 2701 4190 per
2738 4126 2980 4190 tempora
2998 4121 3300 4189 primitiuae
3328 4120 3602 4185 Ecclesiae,
3634 4122 3882 4193 quando

2207 4213 2470 4283 regiones
2506 4210 2836 4266 distributa:
2869 4208 3105 4265 fuerunt
3144 4222 3242 4278 per
3271 4210 3570 4278 pontiﬁces
3595 4212 3883 4285 (nostros)

2205 4301 2473 4371 notariis,
2501 4314 2569 4355 ac
2595 4300 2893 4356 diaconis;
2924 4301 3002 4354 De
3024 4300 3352 4355 Clementel
3385 4300 3591 4355 scribit
3609 4302 3883 4359 Anasta-

2205 4391 2361 4447 sius:
2410 4392 2622 4461 Septem
2658 4392 2900 4444 notarios
2933 4392 3177 4445 instituit
3219 4390 3419 4459 quibus
3466 4393 3714 4458 regiones
3768 4394 3879 4447 di—

2204 4483 2353 4548 visit,
2395 4486 2458 4535 ut
2484 4487 2635 4549 gesta
2680 4486 3007 4549 martyrum,
3053 4487 3158 4537 etc.
3206 4483 3313 4537 Ubi
3361 4497 3490 4538 cum
3536 4490 3749 4554 agatur
3800 4485 3883 4540 de

2206 4572 2638 4644 quatuordecim
2672 4572 2935 4642 antiquis
2972 4573 3308 4643 regionibus
3331 4573 3670 4630 distributis
3702 4575 3882 4633 intra

2207 4668 2421 4731 septem
2466 4663 2743 4732 notarios,
2784 4661 3063 4717 credibile
3100 4668 3207 4733 est,
3251 4662 3477 4720 duabus
3522 4665 3881 4735 regionibus

2207 4751 2472 4824 singulos
2521 4752 2779 4808 notarios
2822 4752 3204 4824 praeposuisse
3249 4752 3593 4810 Clementem
3642 4754 3882 4827 (plures

2210 4843 2424 4915 quippe
2445 4855 2557 4899 non
2581 4842 2911 4913 requirebat
2941 4845 3002 4898 in
3041 4841 3293 4914 singulis
3318 4845 3564 4916 exiguus
3586 4858 3883 4905 numerus

2206 4933 2688 5006 Christianorum,
2722 4935 2824 5006 qui
2850 4940 2975 4993 erat
2991 4948 3090 5005 per
3120 4935 3322 4991 Urbem
3340 4934 3517 4991 ferme
3544 4937 3883 5007 aequabili-

2208 5030 2296 5084 ter
2317 5028 2722 5102 dispertitus);
2755 5035 2856 5086 aut
2889 5042 2990 5099 pro
3030 5029 3196 5084 modo
3227 5027 3465 5096 majoris
3493 5029 3744 5098 numeri,
3776 5030 3878 5086 vel

2208 5118 2472 5191 minoris,
2504 5131 2561 5176 et
2599 5121 2659 5176 in
2684 5133 3032 5191 unaquaque
3067 5120 3298 5192 regione
3334 5118 3572 5188 diversi,
3624 5131 3657 5173 a
3695 5117 3883 5177 beato

2204 5208 2489 5265 Clemente
2512 5211 2798 5281 regionem
2818 5210 2998 5266 alicui
3026 5224 3218 5281 unam,
3240 5209 3409 5265 alteri
3435 5208 3599 5276 duas,
3632 5208 3720 5264 vel
3748 5215 3887 5268 tres

2208 5296 2392 5354 fuisse
2419 5300 2764 5371 assignatas.
2791 5300 2942 5356 Idem
2963 5301 3304 5356 Anastasius
3318 5292 3581 5370 prodidit
3610 5299 3682 5354 de
3714 5301 3883 5357 Eva—

453 5389 666 5444 dicatis
707 5389 1144 5459 quatuordecim
1187 5386 1525 5460 regionibus
1553 5385 1828 5443 civilibus
1852 5385 2100 5458 Augusti
2134 5395 2187 5456 ι)
2214 5387 2376 5459 risto,
2401 5395 2615 5460 septem
2645 5392 2922 5447 diaconos
2946 5390 3129 5448 fuisse
3148 5392 3218 5448 ab
3237 5404 3303 5447 eo
3326 5391 3710 5448 constitutos:
3740 5393 3888 5462 qui-

453 5480 681 5535 decreto
700 5478 1071 5551 deﬁnitus,et
1100 5477 1284 5549 ﬁgura
1313 5477 1385 5533 ab
1410 5478 1534 5546 ipso
1563 5476 1847 5532 delineata
1874 5485 2105 5533 utemur

457 5583 583 5640 pag.
612 5567 704 5638 50,
749 5570 1019 5627 nonnihil
1055 5575 1240 5625 tamen
1265 5568 1603 5640 corrigenda
1639 5581 1709 5624 ex
1747 5567 2010 5625 Fabretto
2044 5570 2103 5625 in

456 5658 688 5730 regione
720 5661 924 5731 prima,
956 5665 1185 5730 propter
1208 5659 1387 5717 situm
1416 5660 1625 5716 veteris
1647 5665 1821 5730 portae
1844 5660 1914 5715 Ca
1923 5672 2101 5730 pene,

451 5763 487 5806 a
503 5748 765 5807 Fabretto
781 5750 978 5806 verius
993 5749 1308 5807 indicatum
1326 5750 1435 5806 sub
1453 5750 1639 5807 hortis
1656 5749 2098 5807 Matihaeiorum.

455 5839 723 5910 Ejusdem
744 5839 917 5896 etiam
952 5841 1193 5897 Nardini
1225 5841 1564 5898 sententiam
1593 5840 1665 5898 de
1690 5845 1905 5911 septem
1933 5840 2108 5896 eccle-

456 5931 716 5989 siasticis
747 5932 1081 6006 regionibus
1100 5933 1299 5992 Latine
1325 5932 1648 6003 reddemus,
1672 5945 1844 6003 quam
1872 5930 2102 6003 probari

2214 5476 2323 5533 bus
2348 5478 2635 5536 Fabianus
2658 5495 2858 5553 regens
2882 5482 3194 5538 Ecclesiam
3224 5483 3381 5539 circa
3404 5495 3619 5539 annum
3640 5481 3888 5541 Christi

2211 5570 2319 5628 238
2338 5574 2542 5629 divisit
2571 5575 3007 5645 quatuordecim
3026 5575 3288 5647 regiones
3312 5574 3583 5631 urbanas.
3603 5576 3891 5642 Regiones

2211 5663 2453 5718 urbanas
2472 5669 2673 5734 septem
2699 5666 3021 5721 diaconibus
3046 5667 3255 5730 divisit,
3276 5671 3477 5737 septem
3495 5680 3712 5735 quoque
3725 5668 3890 5721 sub-

2210 5753 2463 5809 diaconos
2493 5756 2715 5816 creavit,
2747 5758 2845 5825 qui
2861 5762 3061 5826 septem
3088 5758 3322 5813 notariis
3356 5759 3722 5829 imminerent,
3753 5763 3883 5816 etc.

2208 5844 2536 5914 Hucusque,
2569 5844 2707 5901 licet
2736 5846 2973 5917 notarii,
3003 5860 3069 5903 ac
3093 5846 3325 5904 diaconi
3354 5846 3628 5903 dicantur
3647 5854 3883 5917 septem

2212 5935 2639 6007 tantummodo;
2686 5940 2936 5993 attamen
2984 5938 3248 6009 regiones
3298 5941 3578 6010 apparent
3624 5937 3882 5998 totidem
