3960 6422
93 362 182 421 369
1376 361 1468 416 DE
1507 357 1925 417 REGIONIBUS
1960 357 2182 416 URBIS.

91 501 241 568 atque
284 495 492 552 eaedem
544 493 727 552 fuisse
769 494 920 566 apud
966 491 1350 559 Christianos,
1402 505 1529 564 quae
1571 490 1722 562 apud
1752 471 1809 527 Α
1841 487 1989 546 tium
2041 507 2054 545 :

89 587 326 643 ethnicos
366 585 744 654 habebantur,
789 598 972 656 neque
1016 584 1288 656 leguntur
1334 583 1655 639 imminutae
1693 595 1726 638 a

93 690 305 732 numero
334 675 684 746 bissepteno.
717 674 903 745 Quare
924 673 1230 730 Ciaconius
1256 671 1485 728 fallitur
1511 673 1568 727 in
1598 673 1726 728 Vita

89 767 272 837 Hygini
309 767 388 822 ita
423 765 816 836 perscribens:
847 785 872 817 α
897 764 980 821 Ad
1016 762 1448 833 promovendam
1482 761 1730 833 religio-

91 869 198 910 nem
226 855 463 922 Christi,
499 854 983 924 praedicationem,
1016 853 1386 924 baptismum,
1421 855 1477 907 et
1505 851 1725 908 eucha-

87 945 290 1001 ristiam
310 945 826 1002 administrandam
851 948 1064 1015 septem
1088 944 1334 1014 primum
1356 941 1610 1012 diaconi,
1630 955 1730 996 se-

87 1041 220 1105 ptem
247 1034 581 1107 regionibus
605 1033 877 1106 praefecti,
901 1049 1025 1106 qua:
1047 1033 1183 1090 solae
1199 1047 1266 1089 ex
1289 1031 1726 1104 quatuordecim

85 1125 149 1180 ab
178 1125 440 1181 incendio
480 1125 726 1181 Neronis
765 1124 933 1181 salva:
963 1127 1020 1180 et
1052 1123 1371 1179 incolumes
1399 1125 1721 1188 evaserunt,

84 1219 370 1271 attestante
405 1215 624 1285 Tacito,
667 1214 767 1286 qui
795 1214 916 1269 ait:
942 1215 1010 1268 In
1036 1214 1280 1281 regiones
1315 1211 1728 1281 quatuordecim

81 1307 238 1361 Roma
275 1305 564 1368 dividitur,
598 1320 836 1374 quarum
874 1309 1112 1374 quatuor
1143 1305 1371 1370 integrae
1409 1301 1725 1363 manebant,

84 1401 181 1450 tres
217 1397 328 1450 solo
355 1400 512 1450 tenus
553 1396 794 1464 dejectae,
826 1399 1027 1465 septem
1063 1395 1296 1463 reliquis
1330 1407 1515 1463 pauca
1558 1395 1732 1446 tecto—

83 1502 192 1540 rum
231 1488 459 1554 vestigia
505 1490 830 1556 supererant
871 1487 1052 1541 lacera
1095 1489 1145 1539 et
1187 1485 1468 1539 semiusta.
1519 1499 1544 1532 ››
1585 1483 1728 1537 Nam

81 1589 248 1646 neque
275 1577 510 1633 Tacitus
539 1576 781 1632 aﬂirmat
811 1576 964 1632 solas
993 1580 1206 1646 septem
1241 1573 1524 1630 mansisse
1555 1571 1732 1627 habi—

80 1670 232 1734 tatas,
275 1667 371 1722 sed
417 1671 639 1723 tantum
683 1671 970 1722 asseverat
1010 1671 1258 1737 quatuor
1307 1665 1572 1732 intactas,
1612 1665 1728 1717 tres

83 1754 395 1812 destructas
420 1763 748 1828 septemque
769 1757 978 1827 partim
1008 1756 1223 1812 laceras
1247 1754 1378 1810 inde
1401 1755 1684 1824 spectatas
1707 1768 1720 1804 :

3396 361 3504 422 3’70

2105 490 2394 562 regionem
2449 489 2694 562 primam
2748 493 2820 549 ad
2862 493 3125 552 Paulum.
3189 495 3495 570 Regionem

1839 585 2056 638 sextam
2100 587 2157 637 et
2199 582 2500 652 septimam
2544 583 2614 638 ad
2660 587 2923 640 sanctum
2953 586 3203 655 Petrum,
3233 592 3343 643 etc.
3388 588 3493 646 Sed

1840 671 2271 728 hebdomadarii
2298 673 2395 727 isti
2423 686 2521 741 pro
2538 678 2790 744 quatuor
2806 675 3145 747 regionibus
3166 680 3498 741 constituti:

1839 776 1969 818 cum
1996 769 2210 833 septem
2250 767 2460 832 essent,
2491 764 2640 834 quod
2673 764 2820 820 alias
2849 770 2968 822 tres
3009 768 3273 838 regiones
3297 771 3496 828 Heruli

1841 859 2206 925 occuparent,
2252 853 2353 925 qui
2377 853 2678 910 catholicae
2700 855 2969 911 Ecclesiae
2991 857 3228 914 minime
3247 873 3503 918 commu-

1841 947 2120 1014 nicarent,
2156 949 2219 1001 ut
2247 949 2375 1014 pote
2397 944 2497 1014 qui
2532 950 2684 1000 secta
2704 950 2894 1000 essent
2917 945 3173 1003 haeretici
3194 947 3434 1018 Ariani;
3466 969 3492 1001 ››

1839 1037 1939 1094 ubi
1984 1038 2053 1093 de
2097 1040 2310 1106 septem
2356 1036 2753 1092 tantummodo
2804 1037 3141 1108 regionibus
3181 1039 3245 1095 tit
3289 1054 3496 1097 sermo.

1836 1128 1995 1184 Haud
2033 1127 2202 1184 facile
2240 1126 2514 1196 adducar,
2548 1129 2612 1181 ut
2644 1127 2891 1198 credam,
2928 1125 3109 1183 fuisse
3146 1143 3178 1184 a
3216 1131 3277 1185 B.
3309 1131 3500 1189 Silve—

1839 1222 1959 1273 stro
1989 1222 2200 1287 septem
2224 1230 2398 1273 novas
2421 1216 2683 1288 regiones
2707 1217 2992 1286 inductas,
3027 1219 3190 1275 nulla
3218 1221 3500 1293 antiqua-

1841 1322 1968 1364 rum
2007 1307 2230 1363 ratione
2260 1306 2458 1362 habita
2487 1323 2500 1361 :
2534 1320 2664 1362 cum
2699 1307 2857 1363 nulla
2900 1307 3162 1366 subesset
3190 1323 3364 1366 causa
3393 1326 3502 1368 cur

1837 1396 2156 1453 Christiani
2186 1400 2385 1452 contra
2427 1395 2601 1452 Urbis
2633 1398 3130 1465 consuetudinem,
3175 1398 3411 1455 diﬂicile
3438 1400 3497 1457 id

1842 1486 2134 1558 negotium
2190 1490 2494 1542 tentarent.
2550 1486 2609 1542 Id
2663 1487 2857 1557 potius
2909 1488 3254 1545 crediderim
3309 1494 3498 1547 tractu

1841 1576 2118 1646 temporis
2160 1576 2436 1647 evenisse,
2469 1580 2534 1632 ut
2563 1577 2692 1632 duae
2750 1577 3025 1648 proximae
3078 1579 3341 1651 regiones
3394 1579 3497 1635 uni

1837 1665 2180 1722 concreditae
2195 1667 2264 1722 ad
2292 1667 2712 1736 procurandum
2733 1667 2793 1723 in
2814 1681 2986 1723 unam
3009 1667 3186 1724 veluti
3210 1668 3502 1724 coalesce—

1840 1761 1984 1825 rent,
2046 1759 2104 1811 et
2150 1755 2206 1810 S.
2260 1753 2538 1810 Silvestro
2593 1754 2930 1812 decernente
2986 1757 3065 1813 ita
3123 1758 3498 1828 imposterum

81 1857 249 1940 neque
276 1851 406 1915 post
432 1845 764 1902 incendium
794 1847 988 1902 minus
1016 1844 1191 1913 culta,
1216 1849 1272 1900 et
1295 1841 1724 1899 habitatoribus
1753 1878 1806 1940 B
1838 1845 2076 1915 servari,
2097 1844 2593 1901 haberenturlnde
2613 1850 2885 1915 perpetuo
2919 1849 3190 1917 tanquam
3228 1851 3498 1917 septemc.

81 1932 335 2004 frequens
378 1937 555 1992 Roma
599 1935 738 2005 fuit,
770 1949 942 2006 quam
971 1939 1138 1990 antea
1175 1933 1401 1999 fuisset,
1435 1936 1724 1988 asserente

79 2023 254 2080 Tacito
285 2025 620 2081 restitutam
657 2022 860 2093 fuisse,
891 2037 960 2079 ac
989 2022 1257 2078 refectam
1287 2021 1718 2093 elegantiorem.

76 2111 373 2182 Colligitur
403 2115 578 2170 etiam
606 2128 675 2169 ex
708 2113 1090 2182 inscriptione
1116 2112 1175 2167 in
1201 2110 1549 2181 Capitolinis
1577 2123 1724 2166 con—

77 2208 419 2258 scrvatorum
446 2202 672 2258 aedibus
696 2207 1003 2270 asservata,
1036 2201 1242 2257 Urbem
1275 2200 1334 2256 in
1364 2199 1722 2270 quatuorde—

77 2290 172 2346 cim
199 2292 474 2363 regiones
505 2305 767 2363 peraeque
786 2290 1032 2347 divisam
1063 2291 1235 2346 etiam
1257 2294 1422 2346 aetate
1439 2289 1681 2346 Adriani
1706 2307 1722 2362 ;

79 2394 186 2449 quae
231 2381 371 2437 talis
417 2386 506 2437 est
554 2380 780 2452 qualem
825 2379 1162 2450 Panvinius,
1204 2384 1261 2435 et
1301 2378 1587 2436 Gruterus
1631 2393 1729 2437 re—

81 2465 272 2541 ferunt,
312 2471 450 2527 licet
480 2470 724 2526 Nardini
758 2469 940 2524 editio
970 2469 1170 2524 variet.

273 2569 422 2623 IMP.
459 2566 776 2621 CAESARI
799 2567 962 2619 DIVI

275 2639 586 2694 ΤΒΑΙΑΝΙ
611 2636 971 2691 PARTHICI.
1004 2637 1138 2690 FIL.

271 2712 432 2765 DIVI
469 2709 772 2764 NERVAE
805 2707 1071 2764 NEPOTI

272 2781 600 2837 TRAIANO
633 2779 1016 2836 HADRIANO

272 2878 631 2936 TRIBVNIC.
671 2878 1064 2934 POTESTAT.
1098 2857 1196 2934 ἦ.

339 2981 466 3034 MP.
505 2993 564 3034 ιι.
599 2979 724 3034 COS
755 2992 837 3033 Ill.
873 2979 930 3032 P.
967 2979 1028 3033 P.

267 3051 369 3105 MA
381 3050 629 3106 GISTRI
661 3051 866 3107 VICOR
881 3051 984 3106 VM
1018 3049 1219 3107 URBIS

265 3123 651 3179 REGIONVM
685 3123 846 3176 XIIII

73 3211 325 3268 Praeterea
356 3212 544 3268 tradit
571 3211 933 3282 Anastasius,
962 3223 994 3266 a
1023 3210 1078 3267 S.
1106 3209 1394 3266 Clemente
1420 3209 1714 3266 distribu-
1743 3235 1792 3298 ρ

14 3289 18 3298 ’
73 3305 145 3354 tas
169 3300 347 3358 fuisse
373 3300 628 3358 notariis
652 3300 916 3372 regiones
949 3300 1404 3371 quatuordecim,
1440 3313 1552 3356 non
1585 3313 1717 3356 vero

72 3397 284 3460 septem.

128 3481 202 3536 Ad
229 3481 307 3551 id,
337 3480 512 3552 plura
544 3483 672 3550 post
696 3478 924 3550 saecula,
954 3477 1170 3550 quibus
1189 3479 1444 3534 Romano
1471 3477 1716 3548 imperio

72 3567 471 3626 incrementum
518 3568 744 3625 nullum
781 3573 1117 3638 accesserat,
1162 3574 1218 3624 et
1262 3567 1322 3622 in
1352 3565 1501 3622 Urbe
1539 3567 1716 3623 Roma

73 3656 372 3715 incolarum
425 3673 707 3714 numerus
753 3657 917 3714 valde
963 3657 1309 3713 imminutus
1354 3655 1541 3712 fuerat
1588 3659 1716 3727 post

70 3749 351 3806 orientalis
384 3748 621 3819 imperii
655 3753 829 3818 caput
864 3743 1426 3816 Constantinopolim
1457 3745 1717 3802 mdiiica-

71 3841 189 3904 tam,
234 3839 430 3896 Victor
477 3838 788 3908 descripsit
830 3850 943 3893 non
990 3835 1143 3892 solas
1190 3841 1401 3906 septem
1453 3836 1714 3907 regiones

71 3924 130 3979 ab
176 3927 439 3985 incendio
502 3928 827 3984 Neroniano
884 3925 1248 3996 superstites,
1301 3925 1398 3981 sed
1459 3931 1712 3981 veterum

13 4055 20 4068 .
71 4019 493 4085 quatuordecim
526 4031 826 4074 numerum
863 4017 1216 4072 universum.
1246 4014 1548 4070 Assentior
1573 4015 1714 4085 qui—

68 4104 178 4161 dem
206 4106 352 4164 inter
380 4107 750 4164 Christianos
776 4111 969 4176 postea
994 4104 1338 4174 obtinuisse,
1365 4110 1428 4160 ut
1453 4103 1713 4174 regiones

66 4194 379 4254 dicerentur
409 4205 648 4267 septem.
680 4195 840 4265 Quod
875 4195 925 4252 si
961 4196 1020 4250 in
1054 4195 1183 4250 Vita
1213 4195 1274 4250 B.
1305 4191 1430 4250 Caii
1462 4194 1713 4250 Anasta-

66 4286 178 4342 sius
201 4288 424 4359 scribit,
453 4300 556 4343 eas
591 4287 807 4358 pariter
838 4284 1018 4342 fuisse
1045 4284 1267 4340 divisas
1294 4303 1306 4340 :
1338 4287 1441 4339 Hic
1469 4286 1713 4353 regiones

65 4376 237 4432 divisit
256 4379 583 4434 diaconibus
605 4396 621 4444 ;
643 4383 699 4433 et
723 4377 772 4433 si
803 4376 860 4431 in
884 4375 1134 4432 concilio
1155 4376 1408 4432 Romano
1437 4378 1708 4445 secundo,

67 4467 272 4524 actione
312 4469 588 4538 secunda,
631 4466 846 4538 legitur
875 4467 946 4522 de
975 4470 1172 4522 sancto
1208 4465 1484 4522 Silvestro
1521 4485 1532 4522 :
1569 4470 1714 4522 Fecit

65 4563 246 4625 septem
291 4562 561 4626 regiones,
603 4561 653 4611 et
695 4556 1014 4611 diaconibus
1060 4556 1248 4610 divisit
1290 4574 1308 4621 ,°
1353 4570 1582 4614 necesse
1628 4567 1715 4619 est

63 4649 338 4720 colligere,
383 4650 659 4720 antiquas
706 4647 838 4704 illas
881 4647 1315 4719 quatuordecim
1358 4661 1390 4703 a
1441 4649 1712 4720 pluribus

65 4739 424 4806 pontificibus
438 4739 599 4795 varie
619 4737 801 4794 fuisse
817 4738 1052 4810 divisas,
1076 4739 1418 4810 quandoque
1440 4742 1706 4814 notariis,

62 4826 361 4898 aliquando
409 4829 678 4886 diaconis
721 4827 1090 4898 distributas,
1140 4828 1195 4883 id
1245 4836 1332 4884 est
1379 4843 1548 4886 unam
1596 4846 1710 4902 prae

61 4917 226 4974 altera
267 4920 435 4975 modo
479 4918 841 4989 ampliorem,
884 4918 1051 4974 modo
1093 4918 1506 4990 angustiorem,
1540 4927 1711 4990 prout

60 5005 390 5062 Christianae
409 5006 789 5078 professionis
816 5006 1152 5063 hominibus
1168 5007 1487 5064 abundaret
1505 5010 1706 5080 magis,

57 5102 148 5150 aut
171 5097 588 5153 destitueretur
611 5116 624 5152 :
649 5097 828 5153 donec
853 5096 1102 5152 sublatis
1126 5097 1630 5167 persecutionibus
1649 5100 1708 5153 B.

58 5183 315 5241 Silvester
343 5189 412 5244 ad
438 5192 654 5257 septem
689 5201 800 5243 non
829 5187 981 5242 ultra
1015 5186 1322 5242 mutabiles
1348 5199 1444 5242 eas
1471 5189 1708 5260 redegit.

59 5277 114 5329 in
159 5278 278 5332 Vita
316 5277 609 5348 Simplicii
659 5291 814 5348 papae
861 5278 1016 5333 circa
1057 5290 1272 5331 annum
1313 5277 1544 5334 Domini
1587 5275 1710 5352 464,

59 5365 386 5423 Anastasius
419 5371 500 5423 ita
531 5367 874 5438 perscribit:
904 5388 930 5419 «
959 5367 1061 5422 Hic
1082 5366 1392 5423 constituit
1419 5367 1488 5422 ad
1515 5368 1571 5423 S.
1603 5369 1713 5424 Pe—

60 5461 199 5512 trum
229 5457 580 5528 apostolum,
609 5462 667 5512 et
694 5457 764 5513 ad
796 5464 1059 5513 sanctum
1093 5455 1333 5512 Paulum
1364 5456 1708 5526 apostolum,

61 5551 106 5598 et
132 5545 194 5600 ad
228 5553 493 5603 sanctum
541 5547 916 5602 Laurentium
951 5553 1255 5618 martyrem
1303 5545 1708 5615 hebdomadas,

62 5642 115 5689 ut
153 5637 466 5709 presbyteri
523 5643 816 5694 manerent
862 5636 942 5692 ibi
991 5642 1222 5708 propter
1269 5637 1612 5708 ptenitentes
1657 5642 1715 5693 et

60 5721 418 5797 baptismum.
454 5727 767 5799 Regionem
794 5726 1026 5785 tertiam
1064 5726 1135 5784 ad
1164 5733 1425 5784 sanctum
1456 5727 1718 5783 Lauren-

1908 1936 2180 2005 Quaanam
2202 1948 2336 1991 vero
2369 1933 2607 1990 fuerint.
2639 1935 2724 1990 hae
2747 1940 2962 2005 septem
2980 1936 3192 2007 iugatae
3213 1937 3497 2007 regiones,

1838 2038 2004 2081 nemo
2036 2023 2206 2080 nobis
2229 2024 2522 2093 edisserit,
2556 2037 2738 2095 neque
2762 2021 2933 2080 facile
2963 2025 3099 2095 quis
3127 2024 3490 2094 explicuerit.

1835 2115 2098 2171 Attamen
2145 2113 2202 2169 id
2244 2117 2466 2169 tentare
2505 2113 2790 2185 gradatim
2840 2112 3042 2183 placet.
3101 2113 3293 2169 Primo
3341 2114 3494 2170 enim

1838 2203 2014 2261 facem
2071 2203 2240 2260 nobis
2297 2201 2612 2274 prmferunt
2664 2203 2903 2259 recitata
2955 2201 3125 2259 verba
3177 2204 3498 2260 Anastasii.

1837 2294 1978 2350 Cum
2027 2293 2285 2349 basilicae
2326 2294 2388 2348 B.
2435 2293 2599 2348 Pauli
2647 2293 2878 2348 addicta
2923 2291 3061 2348 sita
3102 2292 3158 2347 S.
3190 2293 3494 2363 Simplicio

1840 2385 1999 2456 regio
2032 2384 2216 2454 prima
2263 2381 2494 2438 ethnica
2537 2386 2713 2452 porta:
2741 2382 2997 2452 Capenae,
3033 2385 3253 2437 tractus
3298 2396 3497 2452 nempe

1838 2486 2150 2531 excurrens
2196 2475 2356 2528 extra
2385 2471 2592 2527 Urbem
2625 2484 2809 2542 usque
2853 2471 2920 2526 ad
2976 2471 3275 2526 ecclesiam
3306 2472 3359 2527 S.
3395 2473 3499 2528 Se-

1839 2563 2089 2618 bastiani
2125 2561 2271 2618 foris
2303 2575 2518 2626 muros,
2561 2565 2616 2616 et
2644 2561 2829 2616 eidem
2855 2560 3113 2616 basilicae
3145 2561 3444 2631 proximus
3477 2580 3491 2634 ;

1837 2653 2015 2725 Regio
2034 2653 2256 2708 decima
2280 2650 2450 2706 tertia
2466 2651 2872 2707 Aventinensis
2891 2651 3001 2722 ipsi
3023 2650 3280 2707 basilicae
3305 2652 3496 2722 proxi-

1838 2744 1989 2798 mior
2009 2741 2232 2797 ratione
2263 2739 2496 2797 viciniae
2525 2741 2887 2813 conjuganda
2920 2739 3102 2797 fuisse
3122 2740 3353 2797 videtur
3379 2755 3494 2810 prae

1833 2833 2058 2889 caeteris
2087 2847 2217 2888 cum
2253 2832 2355 2888 illa
2399 2833 2584 2903 prima
2613 2851 2626 2887 :
2663 2844 2834 2903 quam
2878 2831 3342 2903 conjugationem
3374 2844 3486 2886 non

1832 2921 2186 2993 probabilem
2228 2923 2416 2994 modo,
2449 2923 2544 2978 sed
2581 2926 2792 2978 certam
2826 2921 3017 2978 reddit
3047 2921 3197 2977 idem
3239 2920 3494 2976 Anasta—

1829 3013 1956 3068 sius
1988 3012 2047 3068 in
2074 3012 2204 3068 Vita
2230 3013 2474 3084 Eugenii
2508 3012 2627 3068 haec
2649 3011 3042 3082 perscribens:
3068 3012 3352 3080 Eugenius
3380 3025 3495 3064 na-

1829 3104 1974 3160 tione
1992 3107 2266 3161 Romanus
2296 3104 2362 3158 de
2389 3104 2607 3171 regione
2627 3105 2817 3174 prima
2845 3101 3232 3157 Aventinense.
3263 3101 3495 3158 Conﬁr-

1832 3199 2022 3251 matur
2052 3209 2120 3251 ex
2150 3194 2396 3265 epistola
2437 3191 2506 3248 49
2549 3193 2688 3249 libri
2719 3206 2819 3250 xxx
2849 3193 2906 3249 S.
2947 3192 3213 3266 Gregorii
3244 3193 3436 3265 Magni
3472 3212 3486 3249 :

1825 3286 2197 3355 Prwcipzmus,
2240 3289 2303 3339 ut
2331 3285 2546 3339 hortum
2577 3285 2866 3354 quemdam
2891 3284 3135 3339 Politani
3155 3283 3484 3354 presbyteri,

1819 3376 2063 3446 positum
2091 3375 2149 3428 in
2169 3377 2386 3444 regione
2424 3377 2608 3445 prima
2627 3378 2755 3430 ante
2786 3376 2996 3444 gradus
3016 3373 3074 3429 S.
3107 3373 3346 3440 Sabinae,
3385 3387 3490 3427 ea:—

1825 3468 2103 3520 cusatione
2122 3469 2446 3536 postposita,
2470 3471 2580 3522 etc.

1897 3554 2027 3612 Alia
2058 3555 2228 3612 verba
2254 3555 2546 3611 Anastasii
2576 3556 2635 3611 in
2668 3554 2993 3625 Simplicio,
3034 3556 3322 3623 Hegionem
3366 3559 3483 3609 ter-

1825 3647 1959 3700 tiam
1979 3645 2055 3698 ad
2069 3649 2319 3699 sanctum
2337 3645 2718 3706 Laurentium,
2738 3645 3049 3700 ostendunt
3062 3644 3187 3715 pari
3205 3642 3488 3701 facilitate

1825 3735 2013 3792 tertia:
2051 3734 2274 3806 regioni
2319 3733 2594 3805 (ethnicis
2635 3733 2806 3789 dictae
2853 3733 3028 3789 Isidis
3062 3737 3119 3788 et
3161 3733 3481 3804 Sarapidis,

1824 3833 2072 3884 extensae
2092 3837 2224 3887 vero
2255 3837 2432 3893 supra
2453 3823 2767 3893 Esquilias,
2790 3837 2859 3878 ex
2884 3835 2950 3879 eo
2977 3823 3214 3879 circiter
3233 3823 3357 3879 loco
3381 3823 3482 3881 ubi

1826 3918 1997 3974 hodie
2050 3914 2378 3971 consistunt
2417 3913 2673 3970 ecclesiae
2714 3914 2770 3970 S.
2813 3914 2964 3970 Petri
3016 3913 3085 3971 ad
3119 3913 3381 3983 Vincula,
3428 3919 3484 3972 et

1822 4008 1913 4064 SS.
1939 4005 2202 4064 Silvestri
2236 4011 2292 4060 et
2322 4002 2554 4060 Martini
2582 4006 2652 4061 de
2680 4003 2974 4062 Montibus
3004 4004 3170 4075 dicti,
3199 4003 3268 4060 ad
3307 4003 3477 4060 aliam

1821 4098 2175 4169 crepidinem
2204 4095 2392 4165 Ccelii,
2429 4093 2528 4151 ubi
2555 4095 2646 4151 SS.
2675 4095 2822 4150 Petri
2855 4099 2911 4151 et
2930 4094 3252 4151 Marcellini
3274 4094 3484 4153 titulus

1822 4197 2046 4247 erectus
2067 4195 2174 4260 est,
2210 4186 2830 4259 includentiquidquid
2859 4187 2916 4241 in
2948 4186 3157 4242 declivi
3192 4191 3350 4256 parte
3371 4186 3483 4242 col-

1825 4281 1970 4338 lium
1993 4282 2143 4351 jacet
2175 4281 2325 4336 inter
2354 4279 2408 4334 S.
2450 4277 2762 4334 Clementis
2805 4277 3066 4346 titulum,
3095 4275 3481 4346 Amphithea-

1821 4378 1977 4429 trum
2021 4371 2298 4438 Flavium,
2343 4373 2400 4424 et
2427 4366 2750 4437 Suburam).
2786 4367 2990 4438 tertiae,
3038 4367 3296 4437 inquam,
3343 4365 3482 4422 huic

1825 4464 2046 4536 regioni
2079 4463 2391 4521 ostendunt
2417 4459 2741 4531 copulatam
2772 4457 2953 4515 fuisse
2986 4457 3270 4530 quintam,
3317 4471 3482 4514 com-

1745 4599 1799 4662 D
1827 4557 2045 4629 plexam
2065 4555 2321 4625 reliquas
2338 4551 2731 4624 Esquiliarum
2756 4555 2946 4622 partes
2967 4563 3094 4605 cum
3120 4548 3267 4605 colle
3287 4549 3479 4604 Vimi-

1872 4661 1879 4662 ,
1901 4646 1939 4662 Io
2033 4660 2045 4662 _
2080 4659 2144 4662 ,,__
2208 4643 2358 4662 A-_2-
2412 4642 2566 4662 ..__II-
2638 4645 2779 4662 ---ιιι
2849 4639 3170 4662 ----ξ...ε,.-
3223 4638 3477 4662 ..-ηιηηεηι

1823 4646 1942 4704 nali
1976 4665 1992 4716 -,
2023 4659 2151 4702 cum
2208 4643 2366 4715 regio
2412 4642 2573 4698 nulla
2633 4645 2783 4698 esset
2849 4639 3170 4712 proximior
3219 4638 3479 4696 ecclesiae

1820 4739 1875 4794 S.
1909 4735 2202 4793 Laurentii
2234 4741 2394 4790 extra
2421 4746 2634 4789 muros.
2662 4731 3048 4788 Conﬁrmatur
3075 4731 3187 4786 ista
3223 4731 3478 4797 conjun-

1820 4827 1938 4884 ctio
1961 4841 2030 4883 ex
2054 4824 2297 4897 epistola
2323 4822 2395 4880 58
2423 4823 2528 4880 lib.
2575 4837 2614 4878 ll
2659 4823 2715 4878 S.
2758 4821 3024 4894 Gregorii
3059 4833 3236 4889 papae,
3264 4818 3324 4872 in
3362 4832 3476 4887 qua

1820 4919 2026 4974 domus
2052 4916 2362 4983 Merulana,
2386 4913 2484 4970 ubi
2507 4911 2901 4969 hodietitulus
2916 4911 2972 4966 S.
2991 4906 3245 4964 Matthazi
3262 4905 3479 4964 visitur

1821 5008 1891 5064 ad
1944 5007 2085 5062 ﬁnes
2142 5006 2360 5078 quintae
2409 5003 2692 5060 referatur
2740 5001 2808 5056 ad
2863 4999 3150 5069 regionem
3195 4995 3472 5051 tertiam:

1821 5096 1962 5163 Quia
2002 5099 2174 5164 igitur
2221 5095 2443 5150 ecclesia
2463 5095 2702 5163 positam
2739 5089 2913 5157 juxta
2963 5087 3181 5141 domum
3226 5085 3481 5139 Merula-

1822 5204 1952 5242 nam
1978 5189 2193 5254 regione
2221 5186 2400 5239 tertia.
2446 5181 2806 5251 Suii‘ragatur
2841 5172 3013 5233 etiam
3044 5174 3388 5230 Anastasius
3416 5175 3476 5230 in

1823 5271 2309 5342 Adriano,dicens
2333 5266 2634 5324 ecclesiam
2653 5271 2708 5321 δ.
2726 5263 3036 5320 Clementis
3065 5263 3123 5318 in
3149 5260 3342 5317 ruinis
3357 5275 3482 5318 esse

1827 5363 2068 5436 positam
2099 5359 2355 5432 regionis
2381 5356 2564 5413 tertia:
2593 5373 2605 5409 :
2640 5355 2882 5410 Titulum
2910 5370 3033 5410 vero
3061 5353 3204 5408 beati
3229 5351 3479 5408 Clemen-

1825 5457 1915 5523 tis,
1950 5452 2100 5524 quod
2132 5450 2303 5507 etiam
2351 5459 2620 5504 casurum
2661 5449 2802 5516 erat,
2829 5451 2884 5501 et
2912 5444 2971 5500 in
3006 5443 3195 5500 ruinis
3224 5441 3478 5514 positum

1823 5545 2076 5613 Regionis
2104 5541 2295 5603 tertiae,
2330 5551 2456 5611 quae
2487 5535 2713 5593 scilicet
2741 5535 2982 5592 ecclesia
3012 5539 3099 5591 est
3130 5532 3190 5588 in
3229 5537 3482 5590 extremo

1829 5634 2086 5706 margine
2128 5630 2413 5701 secundat,
2459 5629 2556 5685 sed
2612 5626 2795 5684 tertiae
2841 5625 3059 5697 subest,
3105 5623 3260 5680 circa
3311 5637 3482 5696 quam

1832 5725 2008 5797 hujus
2051 5723 2238 5780 ruinae
2287 5719 2488 5778 cadere
2529 5722 2857 5792 potuerunt.
2916 5713 3256 5774 Evidentius
3294 5717 3482 5770 tamen
