1980 3203
227 175 278 206 374

614 176 662 204 AD
686 175 905 206 ANASTASIUM’
929 171 1187 204 PROLEGOMENA
1214 175 1302 203 EDIT.
1330 175 1545 204 ROM.—VATIC.

1887 174 1937 207 372

233 239 395 275 percipitur
404 246 437 266 ex
451 238 548 267 eodem
559 238 711 267 Anastasio
726 239 755 266 in
772 239 836 266 Vita
848 237 983 273 Stephani
998 237 1034 264 IlI
1048 245 1055 263 :
1071 235 1100 265 A
1116 236 1327 271 Caelimontana,
1339 238 1577 272 autduodecima.
1593 239 1737 274 appellata
1754 241 1867 268 Piscina
1881 243 1938 269 Pu-

230 284 405 311 Restauravit
418 284 561 310 basilicam
581 284 611 311 S.
627 284 770 311 Laurentii
792 291 873 318 super
887 282 914 309 S.
934 282 1060 308 Clemen—

231 331 284 356 tem
298 329 407 361 regione
430 329 521 355 tertia.
539 328 623 356 Nulla
641 329 748 364 pariter
763 328 917 356 difﬁcultas
939 325 1060 360 impedit

230 373 388 408 quominus
416 379 605 408 assequamur
638 376 780 408 quartam,
796 373 821 400 si
853 371 1060 407 perpendamus

229 417 314 445 verba
326 417 353 444 S.
370 417 501 453 Gregorii
519 417 548 444 in
563 416 581 445 5
595 418 716 452 epistola
730 417 846 445 secundi
862 416 941 444 libri.
956 415 1060 448 Quate-

230 469 284 489 nus
311 455 420 489 doutum
446 463 564 497 positam
587 463 618 488 in
641 463 692 489 hac
715 463 782 489 urbe
817 463 924 495 regione
947 462 1057 494 quarta,

226 506 312 540 juxta
336 507 423 533 locum
448 507 497 540 qui
517 506 676 541 appellatur
697 506 822 533 Gallinas
846 506 923 532 albas
944 504 1059 537 ;locum

232 550 345 578 scilicet
359 557 375 578 a
402 550 487 584 Rufo,
509 553 537 578 et
560 557 576 578 a
597 551 711 578 Victore
736 551 908 578 recensitum
935 549 964 576 in
980 550 1060 575 sexta

233 595 349 630 regione
366 595 444 623 dicta
457 595 523 622 Alta
532 597 638 630 semita,
650 596 679 623 in
688 595 834 630 Quirinali
849 595 952 629 posita,
965 597 993 621 et
1005 593 1060 620 ad—

236 639 354 668 hterenti
369 643 477 675 quartae
497 641 532 668 ad
556 640 692 675 templum
711 641 801 674 Pacis,
824 643 946 667 extensae
967 644 1060 666 veroa

235 684 298 713 loco
313 692 390 713 nunc
404 685 482 713 dicto
499 685 646 715 liPantani
657 685 691 713 ad
703 684 842 712 Suburam
855 684 1057 712 recentiorum.

234 729 303 757 Duae
317 736 392 764 vero,
410 737 482 765 quas
496 730 666 757 Anastasius
682 729 793 757 indicat
806 729 951 764 proximas
971 727 1060 756 fuisse

235 773 363 802 basilicae
374 775 516 802 Vaticanaa
532 774 561 802 in
578 774 642 802 Vita
657 774 812 809 Simplicii,
826 780 925 808 nempe
940 775 1059 806 sextam,

235 821 263 846 et
271 819 432 853 septimam,
443 825 572 853 quaenam
585 818 702 851 fuerint,
714 817 895 846 manifestum
908 816 1060 844 essevide-

237 864 379 897 turgcum
398 863 477 891 nulla
489 870 554 898 pars
570 862 653 891 Urbis
673 863 707 898 (si
719 861 964 890 Transtiberinam
977 860 1059 888 exci-

237 907 311 941 pias)
325 907 477 942 conjuncta
493 907 733 942 magis-atﬁnitate
747 906 802 934 loci
821 913 906 941 quam
924 905 1059 940 planities

236 951 329 986 campi
346 952 511 986 antiquitus
523 951 617 979 divisa
628 951 701 979 duas
718 951 747 978 in
758 951 900 986 regiones,
913 957 1013 985 nempe
1030 950 1059 977 in

235 995 396 1030 septimam,
412 1003 474 1030 quze
490 997 534 1022 υἰα
551 996 620 1023 Lata
635 995 756 1031 dicitur,
772 998 801 1023 et
813 1002 927 1030 nonam,
942 995 991 1025 cui
1005 1001 1060 1022 no—

235 1046 298 1067 men
313 1040 438 1068 inditum
453 1040 554 1068 Circus
569 1040 730 1068 Flaminius
745 1049 751 1067 :
771 1039 877 1076 quibus
893 1040 930 1067 ita
950 1040 1061 1075 jugatis

234 1084 436 1113 ecclesiasticae
443 1085 570 1120 regionis
576 1085 704 1120 septima:
710 1084 877 1120 appellatio,
885 1078 1059 1119 utarbitror,

237 1128 346 1157 tributa
360 1128 426 1157 fuit.
443 1130 532 1157 Sexta:
541 1132 636 1157 autem
647 1136 759 1163 nomen,
775 1127 850 1165 [cum
868 1132 946 1157 sexta
961 1129 1061 1167 ethni-

235 1180 334 1202 corum
350 1176 458 1209 quarta:
478 1174 631 1209 conjuncta
640 1174 700 1209 jam
717 1173 794 1201 dicta
810 1173 859 1209 sit]
877 1176 987 1209 oportet
1003 1174 1061 1202 tri-

236 1218 338 1247 butum
353 1217 443 1246 fuisse
457 1219 567 1254 regioni
584 1218 814 1254 quartadecima:
826 1218 1060 1253 Transtiberinze,

236 1264 266 1291 in
283 1270 339 1299 qua
358 1263 385 1291 S.
410 1263 485 1290 Petri
505 1263 626 1291 ecclesia
650 1264 810 1299 consurgit.
833 1264 905 1291 Huic
928 1263 1008 1291 nulla
1026 1270 1060 1291 ex

235 1308 304 1336 aliis
318 1308 442 1336 Urbanis
451 1308 618 1344 regionibus
626 1309 704 1336 uniri
715 1308 799 1336 facile
810 1307 1062 1343 potuit-,Tiberino

235 1353 324 1381 ﬂuvio
343 1360 360 1380 a
379 1353 492 1380 casteris
511 1353 647 1381 omnibus
665 1360 726 1381 eam
750 1353 833 1388 longe
846 1355 995 1387 separante
1012 1361 1019 1387 ;
1034 1354 1061 1379 et

235 1404 300 1425 cum
317 1397 368 1425 illa
389 1397 583 1433 amplitudine
606 1404 658 1425 sua
679 1398 752 1425 satis
776 1400 895 1433 occupet
918 1397 1060 1424 notarium

236 1442 396 1477 proprium,
424 1445 452 1469 et
478 1442 643 1470 diaconum.
671 1442 832 1477 Supersunt
858 1440 1063 1470 eChristianis

236 1486 405 1522 regionibus
418 1486 492 1522 dum,
504 1486 639 1521 secunda,
656 1489 685 1513 et
699 1486 801 1521 quinta
813 1495 819 1521 ς
837 1489 864 1513 et
875 1492 908 1513 ex
920 1488 1063 1521 quatuor-

238 1531 330 1559 decim
338 1531 465 1559 ethnicis
482 1531 620 1567 quinque,
635 1537 735 1565 nempe
745 1530 881 1564 secunda,
900 1533 1008 1563 octava,
1018 1530 1062 1557 de-

237 1575 323 1610 rima,
334 1575 483 1603 undecima
493 1578 520 1603 et
528 1575 707 1603 duodecima.
717 1574 758 1602 Ad
766 1574 919 1602 secundam
927 1574 1064 1602 Christia-

238 1627 303 1648 nam
320 1620 495 1655 pertinuisse
510 1620 596 1647 etiam
607 1622 733 1647 octavam
748 1619 941 1652 ethnicorum,
958 1618 1064 1646 dictam

239 1666 338 1692 Forum
351 1666 513 1695 Romanum,
529 1664 656 1692 ostendit
668 1663 839 1692 Anastasius
853 1672 860 1697 ;
873 1664 941 1692 dum
957 1663 1065 1691 Zacha-

240 1711 300 1739 rias
317 1710 443 1737 declarat
457 1711 484 1736 S.
499 1709 616 1744 Georgii
631 1703 793 1736 diaconiam
808 1708 914 1736 dictam
936 1709 965 1736 in
981 1708 1066 1736 Vela-

242 1754 305 1790 bro,
326 1754 387 1782 loco
411 1754 524 1782 scilicet
543 1754 577 1781 ad
594 1755 721 1781 octavam
746 1753 877 1781 Veterum
894 1753 1064 1788 pertinente,

243 1799 383 1828 recenseri
401 1799 430 1827 in
446 1798 572 1827 secunda
584 1806 590 1824 2
603 1799 635 1825 In
645 1798 796 1825 venerabili
810 1798 938 1825 diaconia
949 1799 1066 1825 nominis

244 1842 282 1881 [8.
298 1844 426 1880 Georgii]
447 1845 500 1871 sita
515 1844 545 1870 in
560 1843 610 1870 hac
630 1844 751 1871 Romana
779 1844 887 1870 civitate
900 1844 1007 1877 regione
1022 1851 1069 1871 se-

240 1889 332 1916 cunda
346 1889 384 1916 ad
401 1889 495 1916 Vclum
516 1896 640 1915 aureum.
664 1889 703 1915 Ita
712 1888 798 1916 etiam
815 1888 844 1915 in
859 1889 923 1916 Vita
944 1888 1069 1916 Anasta-

244 1933 282 1961 sii
299 1932 341 1960 ait
357 1941 363 1959 :
380 1933 429 1959 Hic
441 1932 505 1965 fecit
517 1932 668 1967 basilicam,
680 1940 742 1966 quae
755 1932 1067 1965 dicitiirljresccntiana,

244 1978 275 2003 in
289 1977 398 2010 regione
413 1975 531 2002 secunda
545 1977 574 2002 in
588 1977 633 2003 via
654 1977 818 2004 Mamertina
837 1978 866 2004 in
885 1977 951 2004 urbe
966 1978 1068 2004 Roma:

246 2028 331 2057 quam
341 2020 415 2048 viam
425 2020 512 2048 ferme
526 2020 670 2049 evidenter
680 2025 792 2051 constat
805 2021 895 2050 fuisse
904 2028 990 2056 prope
1003 2029 1070 2050 car-

245 2072 338 2094 cerem
353 2064 408 2093 sub
420 2065 680 2100 Capitoliodictum
694 2066 892 2095 Mamertinum
909 2066 938 2093 in
953 2066 1068 2101 regione

246 2111 310 2139 Fori
332 2110 451 2139 Romani
465 2120 470 2137 :
489 2113 517 2138 et
533 2111 704 2139 rationabile
726 2111 841 2139 videtur
854 2116 981 2138 asserere
996 2117 1069 2137 con—

243 2157 372 2192 junctam
395 2154 485 2184 fuisse
516 2163 580 2183 cum
603 2158 701 2184 octava
730 2155 845 2190 regione
876 2154 1068 2185 undecimam,

245 2203 438 2235 nuncupatam
455 2200 526 2228 Circi
534 2200 660 2232 Mawimi,
675 2202 726 2228 aut
739 2198 838 2227 saltem
857 2198 939 2226 illius
961 2202 1067 2232 partem

247 2246 372 2281 longiori
388 2245 475 2273 simul
500 2247 527 2272 et
542 2244 704 2281 angustiori
730 2244 823 2271 tractu
840 2243 923 2277 juxta
944 2242 1070 2269 Tiberim

248 2292 455 2319 excurrentem.
479 2289 616 2317 Secunda:
631 2294 734 2317 nomen
749 2287 871 2316 fortasse
894 2286 1022 2314 obtinuit
1038 2293 1071 2314 ex

249 2342 282 2363 eo
305 2334 380 2370 quod
398 2335 497 2370 prima),
511 2333 669 2361 adhaereret
684 2332 737 2360 sub
751 2331 903 2359 Aventino.
920 2330 991 2357 Mihi
1007 2337 1071 2359 vero

248 2387 303 2408 non
318 2382 500 2415 opponantur
525 2377 595 2405 Acta
615 2377 644 2404 S.
661 2376 800 2410 Martinzc,
819 2375 867 2403 ubi
884 2375 1004 2403 ecclesia
1022 2375 1072 2403 illa

248 2424 358 2452 dicitur
373 2422 500 2459 regionis
513 2423 600 2449 sexta
613 2429 622 2456 ;
634 2427 698 2448 nam
713 2420 759 2448 via
773 2420 952 2453 Mamertina,
963 2423 991 2448 et
1006 2421 1073 2448 dia—

245 2469 330 2497 conia
344 2467 373 2496 S.
388 2465 547 2502 Georgiiad
558 2464 656 2494 Velum
669 2471 787 2493 aureum
803 2464 941 2493 dicuntur
951 2466 986 2493 ab
995 2466 1074 2494 Ana-

249 2514 325 2542 tasio
340 2516 467 2548 spectare
488 2510 523 2539 ad
549 2510 695 2546 regionem
720 2509 874 2537 secundum
893 2519 900 2545 ς
917 2511 1073 2546 eodemque

250 2561 323 2587 teste
341 2556 512 2591 Simplicius
534 2555 616 2591 ponit
630 2554 774 2590 regionem
791 2557 898 2581 sextam
915 2555 1073 2590 proximam

249 2601 379 2631 basilicae
391 2601 418 2629 S.
432 2594 527 2628 Petri:
541 2606 604 2635 qua:
623 2599 720 2627 omnia
741 2599 927 2633 comprobant
943 2601 1075 2629 mendose

247 2645 425 2680 descriptum
440 2644 530 2673 fuisse
545 2650 695 2672 numerum
714 2644 743 2671 in
758 2644 838 2671 Actis
856 2644 882 2672 S.
899 2645 1027 2673 Martin'ce
1040 2646 1075 2674 ab

246 2688 426 2722 amanuensi,
437 2687 489 2724 qui
502 2687 565 2722 loco
574 2688 696 2716 unitatis
705 2695 712 2715 ι
722 2688 1034 2724 substituitquinarum
1046 2697 1072 2727 ν,

247 2735 277 2761 et
291 2739 325 2759 ex
340 2731 456 2767 regione
470 2739 489 2759 ιι
504 2731 573 2760 fecit
589 2738 626 2759 IV.
640 2732 746 2767 Quinta
756 2732 880 2768 denique
892 2734 970 2769 regio
980 2734 1073 2762 eccle-

246 2773 553 2809 siastici‘e‘partitionis
567 2783 696 2810 quaenam
712 2777 770 2805 alia
781 2777 945 2813 fuerit,nisi
962 2778 1072 2807 decima

247 2815 380 2847 Veterum
405 2817 482 2845 dicta
506 2821 644 2847 Palatium
664 2825 714 2849 aut
733 2823 866 2857 secunda,
894 2823 941 2850 cui
969 2830 1071 2852 nomen

1116 281 1210 308 blica?
1224 283 1264 310 Ex
1290 282 1514 311 Bibliothecario
1544 284 1573 311 in
1595 284 1747 312 Anastasio
1774 287 1797 313 ll
1823 290 1939 321 apparet

1114 330 1332 360 cognomentum
1358 329 1481 354 Thauma
1502 328 1536 355 ad
1554 335 1614 356 eam
1641 330 1792 364 pertinere,
1811 338 1863 359 nec
1885 338 1937 359 non

1115 371 1194 398 aliud
1213 378 1312 405 nomen
1323 373 1413 407 Caput
1420 374 1506 399 Tauri
1514 382 1522 400 :
1530 374 1696 401 Anastasius
1706 375 1825 412 [inquit]
1833 378 1938 403 notione

1114 415 1251 442 Romanus
1266 425 1299 442 ear:
1310 419 1387 451 patre
1402 420 1480 444 Petro
1496 418 1529 444 de
1542 419 1649 452 regione
1662 421 1758 453 quinta
1773 421 1877 447 Tauma
1890 421 1937 448 Ca-

1111 462 1164 494 put
1174 461 1259 487 Tauri
1269 470 1278 487 ε
1286 461 1321 488 de
1330 468 1385 496 qua
1395 462 1481 489 etiam
1505 463 1706 497 priusdixerat
1718 464 1747 491 in
1759 465 1937 493 Alexandro:

1114 505 1229 532 Natione
1241 506 1378 532 Romanus
1399 514 1433 533 ea:
1452 509 1532 541 patre
1547 507 1709 535 Alexandro
1719 509 1752 535 de
1767 510 1878 543 regione
1892 518 1939 537 ca—

1109 551 1163 583 put
1179 550 1271 576 Tauri.
1282 550 1439 586 Utrumque
1452 558 1552 579 nomen
1567 552 1682 581 exhibet
1693 553 1776 581 nobis
1786 554 1937 582 decimam.

1115 593 1184 620 Nam
1211 594 1333 621 Thauma
1362 595 1447 630 [quod
1475 596 1573 624 Latine
1599 601 1642 624 est
1665 598 1872 633 admirandum]
1895 600 1938 625 vix

1115 638 1242 672 cuipiam
1249 638 1368 674 dignius
1376 639 1469 674 aptari
1480 643 1570 674 potest
1577 648 1662 675 quam
1672 642 1781 670 Palatio
1792 643 1940 678 Augusto—

1118 689 1191 715 rum,
1206 684 1279 717 quod
1296 684 1448 712 maximam
1465 685 1593 720 regionis
1604 689 1710 720 partem
1729 687 1940 721 complecteba—

1117 730 1164 755 tur
1179 736 1185 753 :
1203 731 1231 755 et
1252 728 1340 761 Caput
1357 730 1452 760 Tauri.
1473 730 1515 758 vel
1542 730 1598 758 fuit
1615 731 1770 764 peculiaris
1786 732 1836 759 ille
1861 733 1940 760 vicus

1116 772 1237 799 Palatini
1253 773 1336 800 collis
1349 774 1445 801 dictus
1462 775 1557 808 l'npila
1570 776 1688 804 Bubnlu.
1701 779 1750 803 aut
1764 783 1828 810 pars
1841 777 1941 804 immi—

1118 823 1186 843 nens
1200 818 1267 845 Foro
1282 818 1391 852 Boario,
1418 819 1453 845 ah
1477 828 1553 847 :rneo
1577 821 1670 848 Tauro
1697 828 1796 848 nomen
1820 821 1941 849 fortasse

1116 862 1226 896 adepta.
1256 863 1377 890 Decimm
1403 872 1465 891 vero
1496 866 1687 894 necessarium
1715 870 1757 893 est
1786 868 1939 895 secundam

1118 906 1206 934 fuisse
1230 908 1422 942 conjunctam,
1448 910 1494 937 cui
1520 917 1620 938 nomen
1646 912 1845 939 Calimnntanw
1874 912 1939 947 fuit,

1117 958 1166 978 nec
1183 959 1237 979 non
1254 951 1374 980 fortasse
1387 953 1583 982 duodecimam
1602 956 1645 982 illi
1663 956 1855 990 subjacentem
1874 965 1941 992 per-

1116 995 1192 1023 brevi
1210 1004 1277 1031 gyro
1292 1007 1297 1024 :
1310 997 1366 1025 nisi
1378 998 1700 1033 hmocopulurcturcum
1715 1001 1816 1035 prima,
1831 1005 1938 1036 portam

1115 1041 1264 1075 Capenam,
1279 1045 1307 1069 et
1318 1043 1488 1071 Aventinum
1513 1044 1685 1072 includente.
1704 1046 1765 1073 Hzec
1779 1045 1893 1073 fuerant
1907 1053 1940 1073 ex

1118 1087 1188 1113 meis
1209 1088 1383 1121 conjec-turis
1405 1090 1569 1123 exponenda
1590 1090 1623 1117 de
1644 1093 1749 1124 septem
1774 1090 1942 1125 regionibus

1117 1131 1321 1159 ecclesiasticis
1336 1132 1416 1160 urbis
1438 1134 1540 1160 Romae.
1560 1135 1700 1162 llactenus
1713 1135 1873 1163 Nardinum
1887 1142 1944 1163 au—

1116 1175 1262 1204 divimus:
1280 1177 1330 1211 qui
1354 1184 1418 1204 cum
1445 1178 1639 1205 Martinellum
1657 1179 1738 1214 sequi
1756 1179 1785 1206 in
1809 1179 1945 1214 pluribus

1118 1218 1250 1251 fateatur.
1269 1227 1381 1247 necesse
1401 1220 1484 1249 nobis
1504 1225 1547 1249 est
1568 1223 1694 1255 ejusdem
1718 1227 1803 1257 caput
1819 1223 1835 1251 4
1850 1224 1957 1252 Romae.

1118 1270 1213 1297 sacras,
1228 1267 1278 1291 aut
1296 1268 1401 1298 partem
1415 1265 1606 1292 transcribere
1619 1267 1692 1300 quod
1710 1268 1945 1300 supradictarum

1120 1309 1307 1343 partitionum
1321 1309 1456 1337 elenchus
1471 1310 1536 1344 erit,
1551 1313 1578 1337 et
1594 1310 1781 1338 breviarium.

1156 1363 1167 1377 α
1186 1354 1224 1379 Ex
1235 1353 1379 1387 instituto,
1391 1353 1495 1388 inquit,
1508 1361 1596 1388 pauca
1605 1354 1640 1382 de
1651 1362 1737 1382 sacra:
1748 1355 1834 1382 Urbis
1848 1356 1945 1392 regio-

1119 1397 1205 1424 nibus
1218 1397 1437 1431 explicabimus.
1455 1399 1615 1426 Gentilium
1633 1400 1825 1427 Romanorum
1843 1401 1961 1429 Urbem»

1119 1441 1153 1468 ab
1170 1441 1299 1477 Augusto
1312 1442 1419 1470 Caesare
1436 1443 1463 1469 in
1478 1443 1608 1477 regiones
1621 1445 1838 1478 quatuordecim
1856 1444 1948 1473 fuisse
1973 1473 1974 1477 η

1118 1486 1250 1520 divisazn,
1270 1487 1353 1513 refert
1368 1487 1523 1514 Suetonius
1541 1495 1600 1522 cap.
1623 1487 1667 1515 30.
1690 1489 1821 1515 Eamdem
1839 1489 1869 1516 in
1889 1486 1959 1517 Ne?

1081 1543 1104 1573 Ο
1120 1530 1240 1557 roniano
1255 1531 1387 1558 incendio
1405 1532 1504 1565 majori
1516 1540 1549 1558 ex
1568 1535 1644 1566 parte
1656 1533 1762 1559 arsisse
1777 1533 1947 1560 scribitTa—

1120 1574 1196 1601 citus
1218 1575 1264 1601 his
1289 1575 1383 1602 verbis
1399 1585 1404 1602 :
1422 1577 1450 1602 ln
1475 1577 1605 1611 regiones
1625 1577 1840 1611 quatuordccim
1860 1578 1945 1604 Roma

1120 1619 1273 1654 dividitur,
1291 1628 1410 1654 quarum
1423 1625 1547 1656 quatuor
1564 1622 1680 1656 integra}
1703 1622 1873 1656 manebant;
1890 1626 1948 1649 tres

1122 1664 1182 1690 solo
1199 1667 1282 1691 tenus
1295 1665 1408 1698 (i0j0t'iie
1422 1675 1426 1691 :
1443 1669 1548 1699 septem
1566 1666 1688 1700 reliquis
1706 1674 1793 1700 pauca
1807 1670 1946 1694 tectorum

1122 1708 1242 1744 vestigia
1269 1713 1446 1744 supererant,
1474 1710 1565 1737 lacera
1589 1714 1618 1738 et
1644 1711 1791 1738 semiusta.
1820 1711 1949 1738 Et~ilcet

1122 1752 1247 1780 eamdem
1263 1753 1374 1781 decimo
1400 1754 1521 1782 Neronis
1541 1761 1615 1782 anno
1642 1755 1704 1782 suis
1727 1756 1921 1783 resurrexisse
1934 1762 1949 1782 e

1124 1796 1246 1825 ﬂammis
1265 1798 1398 1826 historici
1415 1802 1565 1833 testentur,
1584 1799 1777 1827 nihilominus
1792 1800 1950 1835 scriptorcs

1125 1842 1198 1870 sacri
1214 1843 1248 1870 de
1270 1847 1376 1878 septem
1403 1844 1570 1880 regionibus
1593 1846 1703 1872 tantum
1726 1844 1810 1872 verba
1827 1844 1947 1878 faciunt,

1125 1887 1199 1922 quod
1215 1887 1328 1916 duabus
1344 1887 1440 1916 forsan
1455 1888 1542 1916 simul
1554 1889 1676 1924 junctis,
1699 1895 1747 1923 per
1760 1888 1811 1916 has
1826 1895 1842 1915 a
1858 1889 1965 1916 mini—-

1126 1932 1195 1960 stris
1206 1932 1339 1961 Ecclesiae
1352 1933 1483 1960 Romanae
1494 1940 1545 1961 sua
1556 1933 1651 1960 munia
1662 1933 1787 1960 exerceri
1801 1933 1950 1967 pontiﬁces

1125 1976 1312 2010 decreverint,
1331 1971 1450 2004 ut'int'ra
1465 1977 1605 2004 dicemus.
1627 1978 1682 2005 Has
1695 1978 1737 2004 sic
1750 1977 1785 2004 ab
1798 1977 1950 2005 Anastasio

1125 2020 1348 2048 Bibliothecario
1360 2020 1515 2047 recensitas
1527 2020 1699 2049 invenimus.

1162 2074 1175 2090 α
1192 2064 1281 2099 Regio
1297 2064 1522 2091 IAventinensis
1542 2064 1572 2091 in
1593 2065 1743 2100 Eugenio]
1758 2067 1903 2102 pontiﬁce,
1924 2071 1952 2095 et

1127 2108 1156 2135 in
1166 2107 1317 2142 Simplicio
1334 2108 1352 2134 I.

1163 2162 1176 2178 (ι
1194 2152 1281 2187 Regio
1297 2153 1321 2180 II
1334 2152 1362 2179 in
1377 2158 1433 2187 qua
1455 2152 1505 2180 Via
1529 2153 1703 2182 Mamurtina
1727 2155 1756 2182 in
1772 2156 1927 2185 Anastasio
1942 2159 1952 2184 l

1085 2219 1111 2248 υ
1128 2195 1261 2248 pontiﬁce
1275 2199 1320 2224 :et
1331 2195 1464 2224 diaconia
1479 2196 1507 2224 S.
1523 2197 1639 2233 Georgii
1656 2199 1690 2226 ad
1706 2199 1804 2228 Velum
1819 2208 1951 2236 aureum,

1128 2240 1157 2268 in
1173 2240 1325 2268 Zaccharia
1340 2241 1360 2268 Ι.

1164 2295 1176 2310 ι(
1194 2285 1281 2321 Regio
1295 2286 1328 2313 lII
1341 2287 1457 2313 notatur
1469 2286 1497 2313 in
1513 2286 1663 2322 Simplicio
1678 2289 1699 2315 I.
1719 2289 1750 2316 In
1770 2288 1823 2317 hac
1838 2290 1896 2318 sita
1911 2295 1953 2319 est

1127 2329 1247 2358 basilica
1260 2330 1286 2357 S.
1299 2330 1455 2364 Laurentii,
1469 2331 1498 2359 in
1507 2332 1649 2366 Stephano
1662 2333 1706 2361 III.
1718 2333 1835 2362 Titulus
1847 2335 1875 2362 S.
1887 2335 1954 2364 Cle—

1129 2374 1244 2409 mentis,
1261 2374 1377 2409 ibidem,
1392 2378 1420 2402 et
1435 2375 1465 2403 in
1480 2376 1606 2405 Adriano
1628 2377 1646 2404 l.

1165 2429 1178 2444 α
1194 2419 1281 2454 Regio
1296 2420 1330 2447 IV
1347 2419 1377 2446 in
1393 2426 1449 2455 qua
1462 2427 1495 2448 ex
1512 2423 1591 2455 patre
1605 2421 1703 2457 Sergio
1719 2424 1804 2450 natus
1816 2422 1874 2452 fuit
1886 2424 1954 2452 Ser-

1128 2463 1194 2500 gius
1204 2464 1226 2491 ll
1243 2463 1380 2498 pontifex.

1165 2519 1178 2534 ιι
1191 2508 1278 2544 Regio
1293 2509 1325 2544 V,
1337 2509 1445 2536 Tauma
1462 2509 1554 2544 Caput
1567 2510 1665 2545 Tauri,
1681 2510 1709 2537 in
1725 2509 1888 2540 Alexandro
1901 2514 1912 2540 I
1927 2517 1955 2541 et

1129 2553 1280 2582 Anastasio
1295 2554 1327 2581 II.

1167 2609 1180 2624 α
1195 2598 1282 2634 Regio
1303 2599 1337 2627 VI
1361 2598 1389 2625 in
1409 2598 1559 2633 Simplicio
1589 2606 1670 2634 papa.
1700 2600 1731 2627 In
1752 2606 1784 2627 ea
1816 2601 1953 2637 templum

1130 2644 1159 2671 S.
1174 2643 1312 2675 Martinus,
1335 2645 1363 2670 et
1378 2650 1462 2670 arcus
1477 2643 1672 2678 Triumphalls
1686 2645 1819 2680 Septimii
1833 2646 1952 2681 Severii,

1131 2691 1161 2716 ut
1176 2689 1204 2716 in
1221 2688 1300 2715 Actis
1311 2687 1395 2715 dictae
1407 2691 1521 2715 sanctae.

1166 2743 1178 2759 α
1195 2733 1282 2769 Regio
1296 2733 1342 2760 VII
1358 2734 1386 2760 in
1402 2733 1510 2761 eodem.

1168 2789 1180 2805 α
1210 2779 1242 2806 In
1269 2778 1320 2806 has
1344 2777 1437 2814 igitur
1460 2777 1601 2813 regiones,
1628 2779 1763 2814 tanquam
1788 2779 1818 2808 in
1846 2782 1953 2817 majora

1129 2823 1262 2857 membra,
1282 2822 1429 2857 pontiﬁces
1445 2822 1554 2856 urbem,
1572 2822 1601 2850 ni
1614 2821 1753 2858 fallimur,
1769 2824 1950 2854 diviserunt:
