3960 6408
176 388 248 451 3'7
250 390 286 449 3
1495 385 1588 443 DE
1625 381 2042 442 REGIONIBUS
2077 383 2297 442 URBIS.
3511 377 3619 439 374

175 536 233 589 et
257 533 475 605 cuique
496 533 719 605 regioni
750 531 988 604 notarii,
1015 527 1384 598 subdiaconi,
1410 528 1669 598 diaconi,
1702 541 1835 598 pre-
1862 505 1924 566 A
1951 506 2009 605 ξς
2036 507 2363 605 Ensjfwhii]
2389 509 2537 605 etin
2565 508 2788 605 (εδ-δῆθε
2820 523 2934 605 una
2955 523 3084 605 cum
3107 508 3377 605 diaconi?
3399 519 3615 605 suprs—

177 596 419 694 sbyleri,
449 596 715 695 qui'ano
748 596 986 681 nomine’
1019 625 1300 682 vocamur
1326 596 1605 692 episcopi,
1647 596 1839 674 “de.
1949 597 2108 655 dicta
2138 600 2393 695 Thermis
2408 597 2833 695 Alexandrinae,
2852 602 2911 656 et
2938 599 3259 695 oratorium
3275 596 3610 668 Salvatoris,

1952 702 2080 760 quae
2122 689 2316 746 omnia
2348 689 2636 761 hodieque
2666 693 3000 761 supersunt.

251 802 355 855 His
388 801 469 857 ita
500 815 569 858 ex
599 801 930 859 Martinello
958 815 1026 858 ac
1066 800 1324 858 Nardino
1354 796 1696 861 observatis.
1731 795 1815 853 ob-

2050 777 2169 834 llud
2204 792 2436 849 quoque
2472 792 2540 836 ex
2569 778 2896 836 Martiuello
2928 779 3239 836 tenendum
3279 782 3385 839 est.
3419 775 3613 848 regio—

175 905 351 947 scura
399 905 525 947 esse
578 904 689 948 non
737 896 924 963 potest
969 891 1261 964 regionem
1314 888 1836 945 ecclesiasticarum
1952 879 2051 964 “ﬁs
2079 867 2198 923 ἀἱαὶ
2231 868 2693 964 filiumin???“
2718 870 2869 964 ³1)ᾏά
2901 868 3326 964 θοειθείᾶξῑίοοε
3350 871 3615 964 ﬁctores

182 981 445 1051 partitio,
485 994 613 1052 quae
651 955 1179 1037 ad'illustran‘dum
1219 978 1590 1035 Anastasium
1636 975 1839 1033 debuit
1948 956 2121 1052 θεῖ-ἕξω
2168 957 2394 1052 mmora
2436 957 2610 1052 Urbis
2658 958 2934 1052 membra!
2966 972 3067 1052 5911
3106 958 3283 1052 \ficqsi
3330 955 3613 1052 οιξιΡ-ξιξ-

181 1045 478 1141 praemitti.
502 1045 713 1127 subdit
735 1071 1029 1128 Nardinus
1057 1071 1116 1126 in
1150 1070 1262 1125 ﬁne
1286 1067 1498 1138 capitis
1521 1066 1712 1137 quarti
1742 1079 1839 1120 re—
1943 1046 2308 1141 Elateia!)
2335 1047 3357 1141 egfgmqeuparginsigniggiigt
3384 1045 3611 1141 ME}

177 1134 455 1232 gionibus
473 1161 848 1232 quatuordeci
860 1175 909 1216 m
929 1160 987 1216 in
1002 1159 1152 1216 Urbe
1166 1172 1319 1215 nunc
1329 1134 1660 1229 vigentibus
1681 1155 1740 1211 ni

2043 1134 2277 1207 lENSIS,
2357 1136 2584 1193 COELII
2653 1137 2943 1207 MONTIS,
3013 1134 3388 1206 FELLONIA,
3448 1135 3607 1204 PIRI,

176 1223 299 1306 csse
330 1223 633 1307 commune
662 1264 792 1307 cum
820 1250 1061 1306 totidem
1084 1249 1156 1305 ab
1180 1223 1442 1320 Augusto
1459 1245 1740 1303 constitut

2047 1226 2109 1281 tE
2168 1225 2410 1296 LATAE,
2472 1225 2879 1297 MERULANA,
2945 1225 3262 1295 PA'I‘RICII,
3321 1228 3379 1281 et
3436 1224 3611 1281 POR-

176 1343 231 1394 et
253 1344 511 1396 recentes
542 1340 645 1397 has
676 1339 880 1397 referri
904 1344 1171 1411 oportere
1200 1313 1368 1394 ad'ea
1402 1335 1654 1393 infausta
1686 1339 1740 1390 te

2046 1316 2079 1371 Ε
2110 1316 2396 1373 METODII
2422 1334 2435 1371 :
2482 1316 2572 1372 vel
2599 1315 2671 1372 ab
2701 1315 2901 1388 aliquo
2931 1316 3186 1385 ejusdem
3218 1314 3331 1371 vici
3363 1313 3610 1371 mditicio

179 1443 339 1499 pora.
364 1429 581 1501 quibus
597 1432 889 1488 Romanus
915 1403 1166 1501 populus
1188 1427 1562 1485 factiosorum
1586 1425 1740 1481 ambi

2046 1405 2190 1477 igni,
2248 1410 2312 1461 ut
2362 1405 2707 1477 COLOSSEI,
2762 1404 3234 1474 NAVMACHIAE,
3292 1404 3390 1460 AD
3433 1403 3610 1460 nvos

175 1493 239 1572 ac
268 1493 655 1589 perduellium
680 1493 935 1576 tumultu
967 1493 1255 1576 excitatus
1283 1518 1609 1589 legitimum
1636 1528 1739 1585 pon

2045 1494 2386 1565 AMANTES,
2443 1495 2665 1552 CAPVT
2719 1495 2953 1589 Tum.
3008 1493 3316 1565 THAVMA,
3370 1499 3428 1550 et
3476 1494 3609 1572 on—

175 1606 304 1663 licis
338 1609 575 1665 maximi
602 1610 964 1666 dominatum
996 1612 1283 1679 excutere,
1318 1612 1375 1662 et
1406 1604 1712 1661 consulare

2044 1585 2117 1686 l3;
2163 1584 2420 1684 itemque
2468 1584 2819 1641 GALLINAE
2862 1582 3105 1642 ALBAE.
3158 1584 3487 1662 Aliquando
3524 1584 3608 1660 ab

173 1710 327 1762 men,
360 1711 425 1755 ac
457 1699 813 1756 senatorium
846 1697 1115 1755 invehere
1135 1711 1263 1754 cum
1289 1695 1533 1767 quadam
1564 1690 1737 1763 reipui

2047 1672 2212 1729 lesiis
2264 1673 2325 1728 in
2385 1674 2512 1730 vico
2571 1674 2706 1730 sitis
2769 1674 2926 1747 regio
2983 1687 3187 1731 nomen
3245 1673 3490 1743 accepit,-
3546 1678 3608 1729 ut

166 1799 250 1842 cae
274 1787 578 1857 p0pularis
595 1789 786 1859 specie
810 1788 1071 1844 tentavit.
1103 1762 1543 1843 Fuerit-necnon
1563 1762 1725 1838 recen

2045 1762 2410 1833 THEODORI,
2443 1764 2498 1818 S.
2531 1763 2841 1820 ADRIANI.
2887 1764 3143 1855 Tandem
3166 1763 3459 1835 regionem
3506 1763 3609 1819 BI—

166 1833 1071 1950 ;Hiﬁ'vrrégiéiiuviﬁuéﬁo'éﬁf53'
1093 1833 1831 1948 ἐιι“”ιέιίιῦἷ›ἶιῌ⁷ἷεέιὲὲἔιιᾶέ,
1870 1833 1921 1894 Β
1948 1852 2344 1950 BABETIFAM
2370 1857 2653 1924 repertam
2682 1866 2805 1950 asc
2834 1833 3393 1950 dicitjnfiuoiiaui
3416 1853 3608 1950 epita-

163 1980 372 2037 parum
408 1941 581 2024 refert
600 1966 668 2024 ad
696 1941 989 2024 Anastasii
1014 1972 1231 2023 textum
1266 1941 1699 2036 explicandum,

2044 1956 2088 2000 .o
2135 1943 2455 2000 etiamnum
2515 1941 2829 2013 superstite
2877 1943 2947 2000 ad
2986 1941 3042 2000 S.
3099 1942 3397 2000 Laurentii
3450 1946 3608 1999 extra

161 2029 354 2112 multo
396 2062 531 2112 ante
560 2055 905 2112 absolvitur.
958 2052 1213 2112 lieticere
1244 2029 1432 2110 tamen
1473 2062 1586 2108 non
1633 2029 1830 2122 debeo,
1948 2045 2169 2122 muros;
2200 2031 2268 2089 ad
2305 2032 2803 2122 (ιιιεωρνθςὶφηθω
2836 2029 3039 2122 Feretri
3063 2033 3152 2122 ξίῐ
3193 2031 3606 2122 Ψοηδεῐιθτίῑιω

157 2145 612 2216 quatuordeeim
648 2145 948 2217 regionum
989 2144 1256 2200 civilium
1298 2155 1624 2211 numerum,
1653 2144 1711 2195 et

2040 2120 2276 2179 Andreae
2306 2127 2460 2178 retro
2491 2119 2794 2178 basilicam
2833 2120 3139 2177 duodecim
3177 2119 3604 2190 Apostolorum.

156 2208 287 2289 tum
322 2232 637 2288 undecimo
656 2208 831 2289 etiam
857 2231 1074 2289 Christi
1100 2228 1311 2288 saeculo
1334 2208 1720 2299 prmservatun

2048 2224 2102 2267 ιο
2140 2211 2356 2282 pariter
2383 2210 2695 2284 regionem,
2726 2208 2899 2267 hodie
2928 2209 3143 2267 dictam
3166 2210 3439 2265 Montium
3463 2222 3496 2265 a
3521 2210 3612 2267 Vi—

181 709 439 768 fensores
471 712 728 769 ordinati
761 717 918 769 sunt.
944 731 972 763 ››

156 2324 465 2395 signatum
505 2322 564 2377 in
614 2322 776 2377 Actis
818 2321 1096 2392 publicis.
1152 2322 1293 2376 Nam
1332 2320 1484 2376 inter
1510 2324 1711 2375 caetera
1740 2319 1838 2376 do-

157 2416 437 2469 cumenta
464 2410 684 2482 legitur
713 2409 813 2466 fol.
845 2408 954 2467 539
986 2411 1045 2465 in
1082 2416 1304 2482 regesto
1327 2407 1566 2465 Archivi
1591 2404 1836 2464 Farfen—

159 2501 268 2572 sis,
298 2513 452 2571 saepe
484 2504 796 2555 memorato
830 2500 890 2554 in
923 2500 1082 2555 notis
1124 2500 1194 2554 ad
1242 2496 1523 2568 cpuscula
1561 2510 1669 2566 xu,
1701 2509 1827 2563 xm,

158 2605 276 2653 xxv.
297 2589 856 2646 traditiodomorum
874 2587 1130 2657 publicis
1141 2587 1361 2644 tabulis
1382 2591 1608 2657 peracta
1627 2599 1661 2641 a
1677 2583 1831 2640 clero

159 2680 450 2738 diaconiae
471 2679 656 2735 sancti
686 2677 981 2734 Eustachii
1005 2691 1157 2735 anno
1179 2677 1379 2744 Quinto
1399 2675 1681 2731 Benedicti
1699 2673 1829 2746 (VII)

154 2772 363 2826 summi
392 2771 692 2840 pontiﬁcis,
743 2769 971 2824 Henrici
1000 2781 1133 2824 vero
1169 2766 1255 2839 (II)
1284 2767 1631 2836 imperatoris
1671 2766 1828 2819 tertio
1884 2830 1887 2835 ι

151 2876 250 2930 per
276 2859 636 2915 indictionem
661 2874 754 2929 xv,
786 2873 966 2913 mense
1008 2858 1268 2914 Januarii
1293 2854 1365 2912 23
1409 2855 1537 2927 (hoc
1562 2858 1647 2911 est
1676 2866 1828 2910 anno

152 2948 378 3005 Christi
416 2945 593 3020 4017),
638 2962 765 3020 quae
802 2948 1012 3004 domus
1056 2946 1394 3003 indicantur
1414 2947 1609 3016 positae
1647 2946 1829 2999 Romae

151 3040 382 3107 regione
406 3054 553 3093 nona
581 3040 643 3092 in
684 3039 995 3092 scorticlari
1024 3039 1169 3092 inter
1203 3037 1460 3091 Thermas
1488 3034 1828 3091 Alexandri-

1943 2303 2099 2356 vario
2125 2300 2476 2371 appellatum
2505 2304 2663 2372 puto,
2695 2299 2914 2371 insigni
2935 2298 3201 2369 aediﬁcio,
3226 2303 3283 2356 et
3312 2303 3471 2370 parte
3494 2301 3609 2355 Ca-

1944 2392 2049 2446 stri
2075 2391 2348 2446 Praetorii.
2383 2392 2523 2446 Nam
2550 2403 2583 2447 a
2615 2390 2824 2461 quinto
2849 2394 2906 2445 et
2930 2395 3092 2446 sexto
3119 2388 3331 2445 saeculo
3357 2393 3606 2445 centena:

1946 2479 2380 2549 inscriptiones,
2424 2483 2482 2535 et
2521 2478 2864 2535 membranae
2907 2483 3161 2535 veterum
3206 2478 3472 2535 codicum
3502 2491 3608 2535 nos

1939 2568 2164 2633 docent,
2225 2568 2609 2639 perscriptum
2661 2566 2844 2624 fuisse
2895 2566 3229 2623 BIBARIVM
3274 2567 3425 2639 quod
3484 2572 3607 2623 erat

1941 2656 2278 2713 VIVARIVM
2306 2657 2825 2729 pronuntiandum,
2850 2671 2884 2713 a
2913 2656 3123 2713 Gothis
3147 2661 3421 2726 corrupta
3446 2669 3600 2726 voce,

1940 2760 2054 2804 non
2085 2761 2251 2804 secus
2270 2752 2443 2819 atque
2472 2747 2529 2803 in
2554 2747 2833 2818 Hispania
2852 2747 3276 2817 praestiterunt.
3308 2746 3388 2801 Ne
3416 2744 3603 2818 igitur

1940 2842 2024 2892 tot
2077 2837 2311 2894 nomina
2363 2837 2620 2908 ejusdem
2674 2837 2933 2909 regionis
2991 2834 3305 2908 implexum
3361 2834 3602 2892 reddant

1935 2925 2230 2983 Anastasii
2264 2932 2504 2998 textum,
2542 2926 2660 2984 haec
2699 2927 2959 2984 addenda
2992 2925 3329 2983 censuimus
3354 2939 3421 2982 ex
3462 2924 3600 2984 lau-

1935 3014 2090 3072 datis
2130 3015 2470 3074 auctoribus
2514 3015 2765 3074 breviter
2793 3015 3152 3088 colligentes,
3189 3028 3289 3086 per
3319 3013 3598 3072 hactenus

149 3103 270 3197 nas,
303 3132 357 3182 et
388 3129 533 3183 inter
562 3128 661 3182 hos
680 3130 836 3199 ﬁnes,
878 3127 948 3181 ab
974 3142 1083 3181 uno
1127 3127 1295 3181 latere
1332 3129 1599 3181 tenentem
1644 3125 1713 3179 Bc

2032 3106 2212 3163 luctas
2242 3105 2670 3164 observationes
2702 3106 2782 3163 ita
2819 3105 3036 3177 pariari
3069 3110 3286 3176 septem
3315 3103 3596 3162 ecclesia-

150 3183 361 3272 dictum
392 3183 801 3287 presbyterum,
825 3183 945 3288 lqui
981 3221 1062 3272 est
1104 3216 1272 3285 hujus
1318 3220 1519 3270 nostrae
1556 3214 1822 3269 diaconiae
1852 3183 1900 3247 Ο
1933 3193 2111 3288 sli?“
2140 3195 2401 3288 Γθβίοιξθε
2420 3209 2551 3254 cum
2576 3194 2671 3288 Ῑξίδ
2687 3195 2940 3267 septenis
2955 3193 3028 3288 αξ)
3042 3192 3305 3288 ᾼΡὲιξείο
3330 3193 3597 3268 ἀθδίὲηίι·

150 3308 330 3363 sancti
368 3307 680 3370 Eustachii,
712 3311 763 3362 et
809 3308 1109 3362 oratorium
1137 3306 1463 3377 Saluatoris,
1499 3308 1609 3361 etc.
1644 3303 1820 3377 Regio

157 3396 339 3471 igitur
393 3409 547 3454 nona
606 3400 749 3453 tunc
795 3395 1138 3470 signabatur
1191 3396 1343 3468 [quae
1391 3408 1547 3452 nunc
1596 3393 1820 3451 dicitur

328 3540 573 3598 Nomina
599 3538 1095 3595 ecclesiasticarum
1122 3540 1407 3608 regionum
1452 3538 1635 3593 Urbis.

1930 3283 2010 3342 tis
2042 3284 2103 3341 in
2134 3284 2275 3342 urbe
2305 3285 2502 3357 Roma,
2535 3285 2623 3343 uti
2655 3299 2902 3358 sequens
2930 3283 3144 3342 tabella
3188 3284 3371 3343 docet.

2069 3502 2331 3571 Regiones
2351 3499 2599 3570 Augusti
2617 3504 2821 3556 ueteres
2841 3500 3045 3557 eisdem
3065 3499 3445 3558 ecclesiasticis
3485 3550 3493 3557 .

2563 3572 2973 3643 respondentes.

690 3719 870 3793 Regio
901 3719 1090 3792 prima
1133 3759 1146 3773 .
1226 3761 1239 3773 .
1324 3760 1337 3773 .
1419 3760 1431 3773 .
1514 3760 1527 3773 .
1610 3760 1623 3774 .
1704 3759 1717 3773 .
1799 3759 1813 3775 .
1926 3695 2105 3793 [ἰθεξο
2141 3698 2254 3793 En

1226 3761 1239 3773 .
1324 3760 1337 3773 ,
1419 3760 1431 3773 ,
1514 3760 1527 3773 ,
1610 3760 1623 3774 ,
1704 3759 1717 3773 ,
1799 3759 1813 3775 ο
1926 3695 2184 3769 Regio].
2333 3698 2501 3753 Porta
2541 3694 2762 3766 Capena

1926 3786 2106 3859 Regio
2142 3785 2290 3842 XIII.
2334 3784 2646 3840 Aventinus

690 3899 870 3974 Regio
900 3900 1154 3958 secunda
1233 3940 1245 3955 .
1330 3941 1343 3954 .
1423 3941 1438 3959 .
1519 3941 1531 3954 .
1604 3940 1617 3954 .
1701 3940 1715 3953 .
1799 3937 1816 3955 .
1924 3876 2105 3974 ΞῖθὲῘο

1233 3940 1245 3955 ,
1330 3941 1343 3954 ,
1423 3941 1438 3959 ,
1519 3941 1531 3954 ,
1604 3940 1617 3954 ,
1701 3940 1715 3953 ,
1799 3937 1816 3955 ,
1926 3876 2105 3949 Regio
2142 3877 2211 3933 II.
2339 3874 2471 3930 Caeli
2496 3875 2763 3928 montium

1924 3965 2105 4039 Regio
2142 3966 2289 4022 VIII.
2335 3965 2535 4020 Forum
2562 3964 2867 4021 Romanum

691 4079 868 4155 Regio
899 4080 1140 4136 tertia.
1223 4121 1235 4133 .
1317 4121 1329 4134 .
1410 4121 1422 4134 .
1507 4120 1519 4133 .
1605 4118 1619 4133 .
1699 4119 1711 4134 .
1796 4118 1810 4133 .
1879 4055 2103 4155 --Ῑξθὲξο

1317 4121 1329 4134 ,
1410 4121 1422 4134 ,
1507 4120 1519 4133 ,
1605 4118 1619 4133 ,
1699 4119 1711 4134 ,
1796 4118 1810 4133 ,
1879 4055 2103 4128 .Regio
2140 4055 2240 4111 XI.
2336 4052 2525 4109 Circus
2551 4054 2828 4109 Maximus

1922 4144 2101 4217 Regio
2138 4145 2231 4200 Ill.
2332 4143 2439 4199 Isis
2465 4146 2516 4197 et
2544 4142 2768 4213 Serapis

687 4242 865 4319 Regio
894 4249 1121 4317 quarta.
1220 4285 1232 4295 .
1319 4285 1331 4297 .
1411 4282 1424 4296 .
1509 4283 1521 4297 .
1603 4283 1615 4296 .
1695 4281 1711 4296 .
1790 4280 1804 4295 .
1920 4234 2099 4306 Regio
2135 4234 2200 4289 ν.
2331 4232 2632 4303 Esquilina

1917 4323 2097 4396 Regio
2132 4323 2247 4379 IIII.
2337 4323 2447 4380 Via
2473 4321 2647 4376 Sacra

685 4405 865 4478 Regio
895 4406 1121 4478 quinta.
1213 4446 1224 4460 .
1308 4448 1320 4461 .
1405 4447 1419 4461 .
1499 4447 1513 4461 .
1599 4449 1613 4462 .
1694 4449 1707 4460 .
1787 4448 1804 4462 .
1916 4412 2095 4486 Regio
2124 4413 2219 4469 VI.
2323 4411 2460 4468 Alta
2489 4413 2683 4468 semita

1917 4502 2095 4575 Regio
2131 4504 2186 4559 X
2315 4503 2595 4559 Palatium

679 4587 856 4660 Regio
885 4592 1045 4646 sexta
1121 4630 1135 4644 .
1216 4631 1228 4645 .
1311 4632 1323 4644 .
1408 4631 1421 4644 .
1502 4631 1516 4644 .
1597 4631 1610 4644 .
1693 4630 1706 4643 .
1789 4630 1803 4644 .
1916 4593 2093 4665 Regio
2129 4591 2256 4648 XII.
2318 4594 2536 4649 Piscina
2560 4594 2786 4664 publica
2854 4608 2857 4611 λ

1915 4682 2093 4751 Regio
2129 4683 2303 4739 XIIII.
2322 4684 2719 4740 Transtiberim

680 4768 860 4842 Regio
887 4770 1131 4843 septima
1209 4812 1222 4825 .
1304 4812 1319 4825 .
1401 4812 1414 4825 .
1499 4812 1511 4825 .
1596 4813 1608 4825 .
1688 4811 1700 4825 .
1786 4812 1799 4826 .
1915 4769 2093 4844 Regio
2127 4770 2246 4828 VII.
2332 4773 2438 4831 Via
2463 4775 2606 4831 Lata

1913 4861 2092 4935 Regio
2128 4863 2293 4920 VIIII.
2328 4864 2517 4923 Circus
2544 4864 2851 4923 Flaminius
