3960 6406
329 317 440 379 375

1133 318 1227 374 AD
1263 317 1700 376 ANASTASIUM
1737 318 2252 380 PROLEGOMENA
2289 323 2466 381 EDIT.
2507 321 2948 384 ROM.—VATIC.

3646 327 3754 388 3’76

349 455 3711 485 .______________________________________________________________________________________'

1075 582 1634 644 ENUMERATIO
1684 582 1791 645 AC
1833 580 2330 648 DESCRIPTIO
2370 586 3012 654 TOPOGRAPHICA

565 765 1533 887 C(EMETERIORUM
1613 767 1770 888 SS.
1857 766 2541 889 MARTYRUM
2637 773 3022 895 PROPE
3098 774 3520 895 URBEM

1879 988 2229 1038 DESUMPTJ.

1052 1114 1170 1178 Ea:
1204 1113 1531 1181 Historia
1558 1112 2192 1183 Malmesburiemis
2229 1117 2416 1183 circa
2441 1118 2650 1198 ﬁnem
2675 1117 2910 1184 saeculi
2941 1134 3037 1182 XI.

1839 1291 2248 1306 —

422 1418 760 1478 Willelmus
786 1421 1315 1480 Malmesburiensis
1343 1424 1413 1480 de
1444 1424 1621 1495 gestis
1651 1438 1846 1496 regum
1874 1423 2000 1480 An—
2027 1423 2085 1486 A
2114 1425 2393 1485 milliario
2424 1427 2568 1486 foris
2609 1437 2843 1488 sanctus
2889 1431 3229 1490 Valentinus
3257 1429 3317 1486 in
3375 1441 3477 1486 sua
3523 1426 3766 1485 ecclesia

355 1508 581 1581 glorum
611 1523 788 1582 agens
813 1510 963 1567 libro
989 1526 1065 1581 ιν,
1098 1512 1194 1568 ubi
1225 1514 1596 1584 prosequitur
1619 1513 1755 1569 Acta
1779 1512 2003 1569 Willel—

357 1598 434 1653 mi
464 1612 503 1654 II
534 1600 706 1670 regis,
728 1600 883 1656 circa
907 1615 1120 1658 annum
1142 1599 1299 1670 4096,
1319 1617 1449 1659 cum
1471 1603 1700 1659 Romam
1731 1603 2006 1672 perducat

357 1688 615 1744 nationis
643 1704 761 1745 sum
793 1689 969 1760 viros,
1010 1691 1078 1746 ad
1119 1693 1454 1748 orientalem
1495 1692 1915 1762 expeditionem
1947 1705 2007 1747 se

356 1784 752 1848 comparantes
777 1793 876 1850 per
899 1779 1203 1852 religionis
1219 1780 1427 1851 ofﬁcia,
1457 1795 1638 1852 eoque
1667 1781 1895 1837 nomine
1924 1793 2008 1836 sa-

352 1879 506 1922 cram
541 1868 1056 1940 peregrinationem
1087 1870 1472 1941 suscipientes
1495 1870 1563 1925 ad
1597 1871 1856 1926 omnium
1895 1869 2010 1924 Ec-

351 1955 659 2013 clesiarum
679 1965 935 2031 matrem,
955 1973 1018 2014 ac
1043 1960 1395 2031 magistram,
1413 1964 1478 2016 ut.
1495 1963 1807 2030 martyrum
1824 1964 2008 2015 cmtus

355 2047 606 2117 positum
636 2045 1024 2118 apostolorum
1047 2049 1386 2120 principem,
1406 2053 1463 2106 et
1484 2055 1799 2120 martyrum
1827 2053 2010 2105 cmtus

357 2136 690 2193 innumeros
731 2142 1160 2207 venerarentur,
1208 2139 1511 2210 prmmittit
1559 2139 2007 2210 descriptionem

348 2224 828 2296 cmmeteriorum,
857 2226 918 2280 in
944 2226 1162 2297 quibus
1188 2228 1462 2283 memoria
1485 2228 1813 2284 eorumdem
1855 2240 2015 2282 mar-

353 2318 541 2384 tyrum
608 2313 1014 2386 celebraretur,
1033 2329 1102 2371 ex
1132 2329 1246 2387 quo
1291 2317 1505 2372 ibidem
1549 2315 1761 2386 sepulti
1810 2327 2014 2371 nomen

356 2405 560 2460 iisdem
584 2405 768 2459 sacris
801 2405 1038 2475 cryptis.
1081 2410 1138 2459 et
1163 2418 1338 2473 supra
1364 2405 1496 2459 illas
1526 2403 1784 2460 fundatis
1825 2403 2017 2458 eccle-

353 2494 484 2565 siis,
504 2496 624 2550 sive
645 2493 934 2562 oratoriis,
958 2493 1257 2549 dederunt.
1288 2495 1348 2546 In
1369 2493 1708 2562 prmcedenti
1734 2491 2015 2561 opusculo

358 2583 610 2653 septimi,
639 2584 726 2638 vel
753 2581 937 2638 octavi
959 2580 1155 2636 smculi
1183 2580 1432 2637 delibata
1465 2593 1528 2636 ea
1546 2587 1766 2637 tantum
1786 2579 2016 2636 fuerant

357 2671 429 2730 ab
459 2685 739 2742 anonymo
772 2671 830 2726 in
869 2684 975 2726 suo
1006 2670 1327 2725 Itinerario.
1363 2671 1466 2724 Hic
1496 2683 1627 2725 vero
1665 2669 2014 2740 diligentius

2110 1519 2442 1588 requiescit.

2187 1626 2213 1659 α
2253 1609 2443 1665 Tertia
2470 1615 2634 1680 porta
2663 1612 2999 1668 Portiniana
3030 1611 3149 1682 [al.,
3197 1605 3558 1682 Porciniana]
3591 1613 3648 1663 et
3676 1606 3771 1661 via

2115 1696 2308 1752 eodem
2335 1699 2499 1755 modo
2521 1701 2825 1769 appellata,
2878 1701 2974 1757 sed
3025 1714 3155 1756 cum
3209 1698 3465 1770 pervenit
3501 1697 3570 1752 ad
3603 1695 3774 1751 Sala—

2116 1785 2284 1856 riam,
2315 1799 2517 1843 nomen
2551 1791 2760 1862 perdit,
2798 1797 2853 1846 et
2880 1790 2962 1846 ibi
2995 1803 3169 1860 prope
3201 1789 3260 1843 in
3287 1801 3355 1844 eo
3386 1787 3509 1843 loco
3537 1784 3638 1855 qui
3668 1783 3773 1839 di—

2115 1874 2274 1932 citur
2345 1875 2704 1948 Cucumeris,
2775 1880 3150 1950 requiescunt
3206 1881 3483 1947 martyres
3546 1875 3770 1938 Festus,

2113 1966 2378 2038 Joannes,
2413 1965 2713 2036 Liberalis,
2742 1968 3041 2039 DiOgenes,
3078 1967 3327 2031 Blastus,
3365 1964 3598 2031 Lucina,
3629 1965 3685 2017 et
3709 1959 3771 2013 in

2116 2068 2233 2112 uno
2258 2056 2521 2127 sepulcro
2549 2055 2655 2115 240
2686 2058 2806 2130 [al.,
2825 2055 2962 2133 260]
3012 2062 3069 2113 et
3101 2057 3158 2112 in
3185 2056 3365 2112 altero
3395 2052 3482 2110 30.

2194 2163 2220 2197 α
2258 2144 2471 2214 Quarta
2517 2153 2698 2216 porta,
2746 2152 2802 2202 et
2832 2148 2924 2203 via
2948 2146 3190 2216 Salaria,
3217 2159 3344 2215 qum
3371 2141 3538 2198 modo
3587 2136 3775 2194 sancti

2119 2232 2381 2289 Silvestri
2410 2235 2648 2291 dicitur.
2685 2235 2768 2290 lbi
2797 2237 2965 2305 juxta
2991 2235 3139 2289 viam
3161 2238 3395 2288 sanctus
3419 2233 3647 2285 Hermes
3676 2239 3776 2281 re-

2125 2323 2397 2393 quiescit,
2427 2329 2483 2379 et
2511 2331 2706 2379 sancta
2736 2325 2978 2392 Vasella,
3011 2330 3067 2379 et
3095 2323 3362 2390 Prothus,
3391 2327 3446 2376 et
3459 2319 3777 2384 Jacinctus,

2123 2411 2578 2481 Maximilianus,
2607 2411 2982 2482 Herculanus,
3009 2411 3280 2479 Crispus:
3307 2415 3362 2465 et
3395 2411 3451 2465 in
3482 2409 3662 2464 altero
3685 2405 3785 2460 lo-

2122 2512 2189 2554 co
2217 2513 2390 2569 prope
2420 2500 2792 2570 requiescunt
2811 2501 2995 2555 sancti
3024 2504 3299 2568 martyres
3330 2497 3691 2566 Pamphilus,
3726 2500 3781 2549 et

2120 2587 2404 2656 Quirinus
2429 2589 2795 2660 septuaginta
2821 2588 3098 2659 gradibus
3125 2588 3181 2642 in
3219 2587 3333 2642 imo
3353 2592 3534 2641 terrm.
3562 2584 3786 2639 Deinde

2121 2675 2363 2733 basilica
2384 2683 2594 2733 sanctm
2615 2677 2954 2748 Felicitatis,
2987 2677 3086 2734 ubi
3117 2676 3366 2748 quiescit
3405 2674 3600 2743 illa,et
3622 2671 3789 2727 Sila-

358 2760 700 2834 Pel'qmsma
734 2767 790 2815 θι
819 2763 1148 2814 enumerata
1187 2772 1316 2814 cum
1365 2758 1631 2830 legantur
1657 2758 1729 2814 ab
1777 2763 2011 2814 auctore
2042 2745 2095 2806 Β
2121 2779 2231 2822 nus
2253 2766 2412 2822 ﬁlius
2437 2767 2581 2836 ejus,
2610 2771 2808 2826 etnon
2837 2745 3002 2837 longe
3033 2745 3363 2820 Bonifacius
3386 2767 3620 2832 martyr.
3671 2760 3782 2816 Ibi-

357 2849 650 2906 undecimi
679 2847 901 2918 smculi,
919 2848 1104 2904 valere
1126 2846 1438 2919 plurimum
1455 2849 1653 2904 censui
1674 2848 1742 2904 ad
1760 2846 2014 2903 Anasta-

354 2939 432 2997 sii
466 2938 626 2994 Vitas
648 2937 1048 3008 illustrandas,
1081 2937 1140 2993 in
1173 2936 1390 3008 quibus
1420 2942 1724 3008 utramque
1746 2938 2010 3008 paginam

358 3029 691 3100 frequenter
710 3027 949 3098 implent
970 3027 1248 3084 indicatio
1265 3028 1742 3097 cmmeteriorum,
1759 3027 1860 3084 ubi
1884 3041 2018 3098 pon-

358 3119 543 3176 tiﬁces
591 3117 1036 3188 sepeliebantur,
1069 3123 1124 3173 et
1168 3117 1580 3188 reparationes,
1626 3131 1690 3173 ac
1718 3119 1959 3174 donaria
1983 3130 2017 3173 a

359 3207 794 3264 successoribus
823 3208 1183 3263 continenter
1207 3206 1418 3276 oblata,
1461 3207 1530 3262 ad
1556 3207 1658 3264 Dei
1701 3207 1921 3263 cultum
1955 3207 2014 3262 in

361 3299 456 3355 his
487 3299 669 3354 sacris
711 3297 1016 3365 arenariis,
1048 3301 1148 3352 aut
1179 3296 1238 3352 in
1279 3296 1541 3353 ecclesiis
1571 3310 1744 3367 super
1779 3310 1842 3352 ea
1873 3310 2018 3352 con-

361 3389 621 3457 structis,
646 3388 912 3444 decenter
944 3387 1496 3442 administrandum.
1529 3387 1697 3442 Juxta
1715 3400 2016 3442 numerum

367 3483 660 3550 portarum
692 3475 861 3531 Urbis
882 3489 948 3531 ac
978 3474 1198 3530 viarum
1231 3475 1488 3544 procedit
1521 3475 1694 3530 etiam
1715 3474 2020 3530 Villelmus

365 3569 475 3623 iste
508 3567 565 3622 in
596 3579 702 3622 suo
728 3564 1067 3620 ltinerario:
1099 3563 1195 3620 cui
1229 3563 1402 3619 nullm
1438 3565 1845 3634 propemodum
1873 3572 2019 3620 notm

362 3658 428 3713 ad
441 3657 702 3712 hibendm
723 3661 897 3721 sunt;
930 3667 1060 3709 cum
1092 3654 1392 3722 perspicue
1418 3654 1562 3709 satis
1587 3659 1831 3722 exponat
1850 3659 1907 3709 et
1935 3667 2022 3710 or-

363 3747 560 3802 dinate
590 3743 929 3800 sententiam
961 3756 1144 3798 suam.
1179 3742 1365 3810 Quare
1393 3741 1559 3798 illius
1585 3742 1752 3798 verba
1777 3749 2024 3798 tantum-

369 3837 533 3892 modo
583 3832 1016 3890 transcribenda
1052 3831 1249 3887 curavi
1295 3846 1363 3886 ex
1412 3831 1552 3888 folio
1595 3829 1697 3887 434
1743 3831 2024 3888 editionis

367 3922 864 3980 Francofurtensis
911 3934 1060 3977 anno
1102 3917 1231 3976 1604
1285 3921 1594 3992 impressm.
1645 3922 1772 3976 Hmc
1831 3927 2022 3978 autem

371 4017 542 4069 sunt:

2119 2854 2247 2910 dem
2304 2855 2361 2910 in
2395 2854 2574 2910 altera
2617 2853 2858 2910 ecclesia
2889 2860 3026 2909 sunt
3053 2853 3374 2921 Crisantus,
3417 2857 3472 2906 et
3501 2850 3691 2918 Daria,
3725 2854 3786 2904 et

2121 2944 2490 3015 Saturninus,
2525 2949 2581 2999 et
2608 2944 2866 3011 Maurus,
2893 2948 2954 2998 et
2978 2944 3168 3012 Jason,
3222 2947 3277 2996 et
3310 2940 3504 2995 "mater
3543 2939 3779 2994 illorum

2125 3032 2368 3103 Hilaria,
2408 3040 2463 3088 et
2492 3033 2595 3088 alii
2631 3031 3104 3086 innumerabiles.
3130 3031 3198 3086 Et
3229 3030 3286 3084 in
3334 3029 3510 3085 altera
3537 3027 3782 3082 basilica

2126 3127 2362 3178 sanctus
2403 3121 2741 3186 Alexander,
2794 3120 3024 3190 Vitalis,
3069 3119 3374 3187 Martialis,
3406 3117 3515 3173 ﬁlii
3572 3121 3783 3172 sanctm

2125 3211 2463 3267 Felicitatis.
2507 3213 2575 3266 Et
2621 3215 2832 3266 sanctm
2877 3217 3088 3280 septem
3121 3209 3399 3281 virgines,
3446 3205 3778 3274 Saturnina,

2124 3300 2405 3369 Hilarina,
2435 3299 2788 3356 Dominanda
2819 3295 2937 3372 [a.l.,
2960 3294 3280 3372 Dunanda],
3306 3295 3644 3366 Rogantina,
3676 3293 3782 3348 Se-

2127 3391 2336 3457 rotina,
2370 3389 2631 3459 Paulina,
2659 3390 2898 3444 Donata.
2923 3388 3138 3444 Deinde
3169 3386 3410 3443 basilica
3442 3385 3625 3440 sancti
3659 3382 3786 3438 Sil—

2126 3479 2323 3550 vestri,
2360 3478 2460 3534 ubi
2512 3480 2662 3548 jacet
2709 3491 3021 3533 marmoreo
3069 3476 3294 3531 tumulo
3352 3483 3672 3544 coopertus,
3729 3477 3787 3528 et

2131 3575 2406 3638 martyres
2433 3566 2797 3635 leestinus,
2824 3565 3153 3635 Philippus,
3184 3569 3241 3619 et
3269 3564 3449 3632 Felix,
3473 3568 3528 3616 et
3571 3560 3786 3615 ibidem

2131 3663 2408 3728 martyres
2436 3655 2542 3713 365
2569 3657 2628 3711 ἱη
2659 3669 2771 3712 uno
2803 3655 3066 3725 sepulcro
3091 3654 3496 3724 requiescunt;
3525 3657 3581 3705 et
3611 3663 3788 3719 prepe

2132 3747 2363 3816 Paulus,
2427 3755 2484 3802 et
2527 3747 2986 3813 Crescentianus,
3066 3745 3280 3814 Prisca,
3313 3747 3368 3798 et
3439 3739 3787 3808 Demetrius,

2130 3837 2402 3892 Praxides
2434 3832 2554 3908 [al.,
2590 3833 2904 3908 Praxedis],
2939 3833 3272 3890 Potentiana
3305 3835 3566 3900 pausant.

2209 3946 2234 3976 α
2275 3925 2488 3994 Quinta
2521 3931 2682 3995 porta
2727 3926 3098 3979 Numentana.
3131 3920 3218 3974 lbi
3246 3924 3481 3974 sanctus
3519 3918 3782 3972 Nicome-

2133 4017 2233 4072 des
2260 4014 2570 4085 presbyter,
2603 4018 2659 4068 et
2685 4017 2940 4080 martyr:
2975 4010 3224 4077 itemque
3254 4008 3350 4061 via
3392 4006 3588 4060 eodem
3623 4005 3789 4060 modo

448 4121 474 4153 ς(
515 4099 620 4156 Sed
653 4113 722 4156 ne
749 4098 888 4170 quid
923 4097 1126 4153 honori
1149 4097 1321 4169 desit,
1352 4099 1624 4170 adjiciam
1655 4102 1711 4154 et
1731 4103 2023 4168 portarum
2054 4095 2103 4160 C.
2133 4105 2372 4161 dicitur.
2411 4105 2579 4158 Juxta
2617 4102 2766 4156 viam
2816 4104 3026 4154 sancite
3075 4096 3334 4167 Agnetis.
3371 4101 3425 4150 et
3464 4095 3704 4150 ecclesia
3735 4101 3792 4150 et

377 4203 698 4253 numerum,
727 4195 785 4244 et
825 4187 1257 4245 multitudinem
1307 4201 1600 4244 sacrorum
1644 4188 1938 4243 cinerum:
1971 4193 2030 4243 et

378 4293 448 4337 ne
481 4281 699 4353 aliquis
729 4281 1080 4339 obscuritate
1113 4277 1415 4338 verborum
1462 4284 1733 4334 causetur
1779 4291 1838 4332 se
1867 4290 1899 4332 a
1924 4291 2030 4333 co-

378 4371 638 4443 gnitione
663 4385 855 4429 rerum
900 4373 1089 4443 rejici,
1135 4371 1250 4428 erit
1301 4381 1486 4425 sermo
1533 4365 1932 4437 quotidianus,
1975 4370 2032 4422 et

380 4460 542 4516 levis.

455 4570 482 4600 α
527 4549 714 4604 Prima
740 4553 902 4619 porta
930 4547 1214 4611 Cornelia,
1247 4561 1373 4618 qum
1413 4546 1578 4602 modo
1607 4542 1828 4600 dicitur
1869 4549 2033 4615 porta

383 4638 569 4696 sancti
607 4637 775 4707 Petri,
809 4641 865 4692 et
921 4637 1013 4692 via
1056 4635 1338 4700 Cornelia.
1393 4636 1564 4692 Juxta
1615 4647 1738 4690 eam
1791 4634 2032 4690 ecclesia

383 4727 536 4785 beati
570 4727 720 4783 Petri
754 4727 867 4782 sita
903 4730 1011 4797 est,
1038 4725 1096 4780 in
1139 4739 1252 4796 qua
1301 4739 1510 4796 corpus
1538 4725 1664 4794 ejus
1687 4725 1856 4794 jacet,
1890 4737 2032 4780 auro

383 4825 438 4877 et
466 4823 721 4890 argento,
747 4822 804 4873 et
834 4814 1130 4886 lapidibus
1159 4821 1374 4887 parata,
1397 4822 1454 4872 et
1484 4814 1682 4871 nullus
1735 4813 2032 4869 hominum

383 4909 504 4966 ‘scit
529 4920 831 4965 numerum
858 4913 1169 4976 martyrum
1197 4907 1296 4977 qui
1324 4906 1383 4960 in
1411 4906 1602 4962 eadem
1624 4903 1864 4960 ecclesia
1887 4916 2034 4974 pau-

2137 4209 2366 4264 corpus,
2402 4193 2462 4247 in
2505 4191 2685 4246 altera
2731 4187 2973 4244 ecclesia
3022 4193 3219 4242 sancta
3266 4185 3686 4254 Emerentiana,
3736 4187 3795 4238 et

2141 4291 2415 4352 martyres
2438 4278 2776 4348 Alexander,
2811 4277 2986 4345 Felix,
3022 4276 3246 4346 Papias,
3283 4276 3340 4330 in
3365 4274 3608 4344 septimo
3648 4273 3794 4328 mil-

2142 4372 2312 4428 liario
2355 4371 2610 4440 ejusdem
2657 4369 2763 4425 vim
2809 4373 3042 4424 sanctus
3099 4380 3242 4437 papa
3287 4365 3608 4421 Alexander
3659 4378 3791 4420 cum

2139 4461 2375 4518 Eventio
2396 4465 2452 4516 et
2480 4458 2765 4514 Theodolo
2789 4463 3052 4528 pausant.

2213 4570 2240 4603 α
2281 4550 2446 4606 Sexta
2473 4552 2635 4618 porta
2660 4553 2715 4602 et
2738 4547 2832 4603 via
2858 4545 3186 4616 Tiburtina,
3214 4557 3338 4615 qum
3370 4543 3534 4599 modo
3572 4541 3796 4597 dicitur

2139 4639 2332 4695 Sancti
2365 4636 2684 4701 Laurentii,
2713 4637 2878 4706 juxta
2913 4635 3057 4689 hanc
3082 4633 3231 4688 viam
3255 4633 3404 4703 jacet
3450 4631 3503 4685 S.
3535 4632 3796 4686 Lauren-

2141 4727 2344 4785 tiusin
2390 4740 2491 4785 sua
2542 4725 2803 4794 ecclesia,
2837 4729 2895 4781 et
2945 4723 3287 4779 Habundius
3336 4726 3568 4789 martyr.
3614 4720 3683 4773 Et
3709 4718 3794 4773 ibi

2144 4832 2316 4892 prOpe
2346 4819 2406 4873 in
2428 4817 2607 4873 altera
2623 4815 2883 4883 ecclesia,
2912 4817 3155 4884 pausant
3177 4811 3236 4866 hi
3257 4814 3531 4880 martyres
3545 4809 3794 4873 Ciriaca,

2143 4909 2454 4976 Romanus,
2483 4901 3262 4973 Justinus,Crescentianus;
3297 4906 3354 4954 et
3378 4899 3458 4953 ibi
3484 4911 3595 4953 non
3629 4898 3800 4967 longe

388 5005 535 5058 sant.
569 5001 629 5055 In
683 4999 877 5054 eadem
925 4996 1019 5052 via
1063 5001 1150 5052 est
1186 4996 1427 5052 ecclesia
1473 4995 1671 5064 altera,
1713 4994 1775 5048 in
1802 5007 1910 5063 qua
1943 5005 2041 5047 re—
2147 4997 2390 5054 basilica
2415 4996 2598 5052 sancti
2629 4992 2941 5064 Hippolyti,
2972 4990 3072 5046 ubi
3121 4991 3241 5060 ipse
3274 5002 3403 5044 cum
3436 4987 3660 5042 familia
3690 4999 3799 5042 sua

393 5091 701 5163 quiescunt
729 5096 937 5145 sanctm
959 5087 1214 5159 virgines
1235 5085 1438 5142 Ruﬁna
1459 5091 1515 5141 et
1537 5083 1815 5140 Secunda.
1847 5085 1907 5137 In
1931 5087 2044 5138 ter-

2153 5091 2415 5158 pausant,
2442 5085 2499 5140 id
2551 5088 2639 5140 est
2684 5084 2875 5139 decem
2905 5085 2962 5135 et
2999 5084 3145 5136 octo.
3200 5079 3269 5133 Et
3313 5076 3394 5132 ibi
3427 5075 3803 5146 requiescunt

393 5181 474 5237 tia
494 5185 631 5237 sunt
649 5179 888 5248 Marius,
911 5183 968 5234 et
993 5177 1233 5246 Martha,
1255 5181 1311 5231 et
1328 5173 1579 5230 Audifax
1607 5180 1663 5230 et
1681 5171 1908 5228 Abacuc
1933 5170 2042 5228 ﬁlii
2154 5176 2316 5231 beata
2361 5174 2592 5231 Trifena
2645 5186 2793 5228 uxor
2835 5169 3014 5238 Decii,
3047 5173 3104 5224 et
3162 5167 3284 5223 ﬁlia
3311 5167 3437 5236 ejus
3497 5163 3721 5234 Cirilla,
3742 5170 3802 5220 et

389 5284 589 5328 eorum

2151 5265 2468 5322 Concordia
2495 5263 2694 5320 nutrix
2721 5262 2863 5331 ejus.
2911 5261 2981 5314 Et
3011 5257 3071 5313 in
3099 5256 3277 5313 altera
3327 5261 3485 5326 parte
3527 5254 3632 5309 vim
3673 5254 3800 5323 ejus

469 5379 495 5412 α
534 5357 792 5416 Secunda
820 5362 982 5428 porta
1011 5355 1323 5426 Flaminea,
1348 5368 1474 5425 qum
1504 5353 1672 5409 modo
1719 5351 2045 5423 appellatur
2152 5361 2239 5410 est
2267 5354 2507 5410 ecclesia
2531 5353 2760 5423 Agapiti
2794 5348 3080 5419 martyris.

395 5448 580 5506 sancti
602 5447 912 5517 Valentini,
939 5451 996 5502 et
1024 5445 1314 5501 Flaminea
1351 5445 1461 5514 via,
1489 5449 1546 5500 et
1592 5457 1721 5499 cum
1773 5442 1842 5498 ad
1895 5455 2042 5514 pon-
2069 5453 2124 5515 ι)
2227 5463 2253 5496 (ι
2301 5443 2550 5513 Septima
2584 5447 2745 5511 porta
2771 5439 2937 5496 modo
2961 5437 3159 5506 Major,
3189 5434 3328 5491 olim
3350 5433 3656 5488 Sirucrana
3679 5431 3796 5502 [al.,

399 5546 510 5595 tem
531 5537 805 5594 Molbium
836 5533 1140 5610 [Milvium]
1179 5535 1454 5606 pervenit,
1505 5544 1740 5592 vocatur
1776 5535 1868 5591 via
1925 5534 2044 5588 Ra—
2151 5528 2883 5605 Syracusana]dicebatur,
2905 5533 2961 5583 et
2989 5527 3082 5582 via
3109 5521 3642 5588 Lavicanadicitur,
3677 5535 3798 5592 qum

397 5639 670 5696 vennana,
719 5626 858 5694 quia
894 5626 963 5682 ad
1006 5627 1328 5682 Ravennam
1375 5624 1557 5682 ducit.
1605 5624 1688 5681 lbi
1753 5625 1812 5681 in
1856 5624 2042 5695 primo
2151 5623 2222 5680 ad
2251 5621 2472 5678 beatam
2502 5619 2769 5676 Helenam
2813 5617 3018 5674 tendit.
3064 5615 3150 5672 lbi
3194 5619 3333 5670 sunt
3369 5625 3542 5683 prOpe
3577 5613 3797 5676 Petrus,
