3960 6464
201 398 302 459 377

203 525 593 600 Marcellinus,
656 527 1007 598 Tiburtius,
1047 527 1348 599 Geminus,
1397 525 1746 596 Gorgonius,
1800 523 1943 600 et.A

206 617 586 689 quadraginta
630 618 866 688 milites,
909 623 966 674 et
991 617 1098 674 alii
1133 616 1587 674 innumerabiles
1617 633 1630 669 ε
1658 618 1715 672 et
1743 625 1856 670 non

204 704 368 778 longe
399 708 585 763 sancti
611 713 862 778 quatuor
885 709 1175 766 Coronati.

277 816 301 847 α
345 795 556 852 Octava
581 803 744 868 porta
772 799 956 853 sancti
975 799 1231 867 Joannis,
1256 811 1382 869 quae
1410 795 1562 867 apud
1585 793 1858 865 antiquos

202 886 542 968 Asseranica
577 884 698 961 [al.,
722 886 1082 964 Assenarica]
1109 887 1436 945 dicebatur.

275 994 300 1027 α
347 977 506 1031 Nona
536 982 699 1046 porta
730 978 974 1035 Metrosa
994 978 1238 1049 dicitur,
1264 981 1320 1033 et
1343 988 1535 1034 coram
1569 973 1705 1030 istis
1729 985 1859 1029 am-

208 1062 389 1121 babus
420 1066 512 1122 via
545 1067 748 1122 Latina
772 1068 942 1135 jacet.

278 1176 304 1208 α
355 1156 587 1212 Decima
614 1161 798 1228 porta,
831 1162 886 1213 et
913 1157 1007 1213 via
1033 1157 1235 1215 Latina
1263 1157 1504 1214 dicitur.
1543 1156 1712 1211 Juxta
1740 1165 1861 1209 eam

210 1245 581 1315 requiescunt
632 1246 689 1301 in
717 1260 829 1303 una
851 1246 1094 1303 ecclesia
1127 1253 1406 1318 martyres
1429 1244 1778 1310 Gordianus,
1810 1247 1867 1297 et

206 1335 535 1404 Epimacus,
562 1335 864 1406 Sulpicius
883 1337 1260 1407 Servilianus,
1295 1335 1637 1406 Quintinus,
1670 1333 1864 1402 Quar—

209 1429 322 1494 tus,
353 1423 588 1494 Sophia,
623 1425 962 1495 Tryphenus
994 1444 1010 1497 ς
1060 1430 1116 1480 et
1149 1424 1230 1480 ibi
1265 1438 1439 1495 prope
1471 1425 1532 1479 in
1576 1422 1695 1478 alio
1741 1419 1866 1475 loco

210 1512 593 1583 Tertullinus,
623 1518 678 1569 et
712 1527 822 1569 non
857 1515 1023 1585 longe
1051 1514 1292 1570 ecclesia
1341 1513 1521 1569 beatae
1569 1511 1861 1583 Eugeniae,

211 1601 268 1656 in
307 1615 420 1673 qua
476 1603 627 1672 jacet
671 1610 726 1658 et
754 1604 996 1660 Claudia
1028 1611 1208 1660 mater
1245 1605 1391 1674 ejus,
1435 1609 1492 1659 et
1542 1603 1867 1673 Stephanus

209 1704 355 1762 papa
399 1705 529 1748 cum
577 1693 731 1749 clero
789 1707 895 1751 suo
941 1708 1181 1751 numero
1218 1695 1412 1750 decem
1462 1697 1519 1750 et
1564 1706 1784 1763 novem,
1812 1696 1868 1748 et

207 1781 508 1837 Nemesius
536 1781 838 1840 diaconus.

1186 401 1280 459 DE
1316 398 1762 468 C(EMETERIIS
1796 399 1892 458 SS.
1931 401 2062 459 MM.
2107 400 2331 460 PROPE
2367 402 2626 460 URBEM.

3515 401 3627 461 378

2486 529 2691 586 NOTJE
2738 529 3110 586 BLANCHINI

2041 617 2247 690 Nullas
2274 620 2684 690 propemodum
2718 625 2884 676 notas
2910 620 3050 676 huic
3075 619 3357 690 opusculo
3383 632 3506 675 esse
3533 619 3624 674 ad-

1973 689 2255 746 hibendas
2293 691 2421 746 dixi
2453 710 2468 759 ;
2496 705 2625 746 cum
2660 693 2805 747 satis
2835 699 3029 761 aperta
3071 689 3207 747 sunt
3241 697 3361 748 tum
3405 705 3469 746 ea
3499 704 3624 760 quae

1968 761 2304 832 Willelmus
2342 763 2641 819 contendit
2684 777 3040 832 enumerare,
3069 770 3189 818 tum
3234 764 3441 819 vitiosa
3473 762 3624 818 scri-

1969 831 2140 888 bendi
2164 835 2332 904 ratio,
2353 849 2480 904 quze
2514 849 2614 904 pro
2639 834 2806 890 illius
2835 831 3034 890 saeculi
3062 835 3355 903 imperitia
3369 835 3628 903 obrepse-

1972 910 2059 960 rat
2088 905 2146 960 in
2169 904 2395 975 aliquot
2419 907 2670 974 nomina,
2703 912 2900 961 nostra
2939 906 2998 961 in
3022 907 3278 962 editione
3304 907 3520 961 idcirco
3546 918 3624 959 re—

1973 981 2148 1042 tenta,
2186 983 2246 1033 ut
2269 978 2338 1032 ad
2368 978 2600 1034 verbum
2633 978 2998 1034 redderemus
3029 983 3247 1033 textum
3278 976 3627 1046 exemplaris

1977 1049 2126 1104 unde
2146 1049 2491 1117 opusculum
2513 1049 2830 1118 petebatur.
2854 1049 3150 1118 Ejusmodi
3172 1063 3302 1104 vero
3324 1057 3479 1114 sunt,
3502 1061 3628 1117 quae

1977 1133 2164 1176 rerum
2194 1120 2641 1192 intelligentiam
2665 1135 2778 1176 non
2807 1121 3038 1176 turbent
3063 1139 3076 1174 :
3103 1121 3278 1176 veluti
3307 1135 3434 1192 cum
3467 1123 3627 1189 porta

1975 1198 2030 1246 et
2057 1191 2146 1246 via
2176 1191 2457 1247 Flaminea
2502 1206 2606 1263 pro
2653 1193 2936 1248 Flaminia
2969 1192 3270 1261 scribitur,
3294 1191 3628 1245 Assenarica

1977 1276 2078 1332 pro
2103 1264 2396 1335 Asinaria,
2427 1267 2664 1320 Metrosa
2697 1264 2820 1320 loco
2854 1266 3148 1332 Metroviaz,
3193 1277 3294 1318 seu
3327 1263 3624 1330 Metroniw,

1979 1340 2193 1404 martyr
2209 1337 2394 1390 Xenon
2420 1336 2520 1406 qui
2549 1339 2729 1390 Zenon
2759 1343 2882 1392 erat
2905 1335 3306 1405 appellandus,
3342 1348 3443 1390 seu
3466 1335 3624 1400 Zeno,

1975 1410 2080 1461 etc.
2108 1407 2208 1461 His
2225 1407 2407 1476 igitur
2428 1408 2768 1463 leviusculis
2779 1407 2989 1464 erratis
3005 1406 3430 1476 praetermissis,
3448 1416 3626 1461 unum

1975 1481 2032 1532 et
2063 1477 2307 1533 alterum
2337 1478 2523 1535 locum
2547 1480 2956 1535 declarandum
2977 1479 3142 1534 duxi.

2047 1549 2213 1604 Prior
2241 1555 2329 1605 est
2358 1550 2417 1605 in
2445 1554 2632 1620 prima
2661 1556 2821 1620 porta
2849 1552 3097 1607 Cornelia
3126 1555 3182 1604 et
3226 1551 3319 1603 via
3354 1547 3624 1620 Cornelia.

1976 1620 2137 1674 Viam
2171 1619 2474 1675 Cornelith
2500 1619 2868 1690 agnoScimus
2889 1636 3018 1678 cum
3049 1621 3328 1676 Panvinio
3349 1633 3417 1675 ex
3445 1619 3630 1673 Victo-

1979 1705 2058 1764 re,
2083 1706 2251 1762 quam
2271 1706 2339 1747 ex
2358 1695 2600 1749 vetustis
2627 1693 3111 1764 inscriptionibus
3132 1693 3434 1764 arguimus
3456 1690 3627 1764 sit_am

1980 1757 2163 1819 fuisse
2196 1765 2350 1819 inter
2375 1767 2521 1818 viam
2545 1757 2971 1835 Triumphalem,
2990 1771 3045 1820 et
3067 1757 3495 1835 duas'Aurelias
3525 1757 3631 1832 [ve-

1981 1839 2155 1907 terem
2181 1841 2238 1891 et
2261 1837 2502 1906 novam].
2529 1834 2863 1907 Panvinius,
2901 1851 3026 1906 pag.
3054 1834 3196 1890 448:
3235 1837 3395 1890 Viam
3422 1835 3628 1907 Cerne-5

277 1907 304 1939 α
341 1888 654 1947 Undecima
677 1895 860 1962 porta,
884 1894 940 1947 et
961 1889 1053 1948 via
1069 1891 1290 1949 dicitur
1304 1892 1507 1962 Appia.
1536 1889 1621 1947 Ibi
1647 1889 1862 1960 requie-

2044 1923 2134 1969 tm,
2162 1907 2321 1975 cujus
2342 1923 2450 1961 non
2465 1888 2586 1961 ’τιἱεὶ
2623 1910 2682 1961 in
2725 1888 3040 1962 marino-reris
3079 1903 3553 1975 inscriptionibus,
3581 1906 3631 1956 et

201 1983 411 2034 verunt
433 1985 670 2036 sanctus
695 1980 1090 2051 Sebastianus,
1125 1987 1181 2037 et
1206 1982 1513 2052 Quirinus,
1541 1984 1597 2037 et
1613 1980 1753 2036 olim
1785 1994 1867 2036 re-

200 2068 521 2138 quiescunt
574 2071 971 2141 apostolorum
1003 2085 1263 2142 corpora.
1308 2073 1378 2129 Et
1420 2071 1592 2141 paulo
1622 2071 1866 2141 propius

196 2157 443 2214 Romam
475 2165 617 2215 sunt
669 2164 948 2232 martyres
966 2161 1296 2225 Januarius,
1320 2161 1608 2230 Urbanus,
1635 2161 1861 2229 Xenon,

193 2244 514 2315 Quirinus,
536 2247 847 2320 Agapetus,
882 2249 1299 2306 Felicissimus.
1335 2251 1404 2306 Et
1444 2250 1502 2305 in
1547 2249 1726 2305 altera
1765 2262 1867 2304 ec—

192 2336 379 2392 clesia
418 2336 745 2402 Tiburtius,
780 2338 1140 2409 Valerianus,
1185 2340 1472 2395 Maximus
1503 2357 1518 2409 ;
1570 2345 1626 2395 et
1652 2338 1734 2393 ibi
1768 2351 1869 2393 re—

199 2425 430 2482 conditi
465 2430 604 2481 sunt
641 2427 986 2498 Stephanus,
1037 2429 1254 2497 Sixtus,
1311 2427 1648 2494 ZeiIerinus,
1679 2429 1868 2482 Euse-

195 2515 354 2585 bius,
377 2514 748 2584 Melchiades,
767 2517 1092 2588 Marcellus,
1107 2517 1512 2586 Eutichianus,
1527 2517 1861 2587 Dionysius,

195 2605 512 2675 Antheros,
561 2606 900 2668 Pontianus,
944 2607 1234 2662 Lucianus
1265 2621 1429 2676 papa,
1463 2607 1728 2676 Optatus,
1755 2607 1866 2661 Ju—

198 2694 424 2760 lianus,
443 2695 772 2763 Calocerus,
793 2695 1158 2764 Parthenius,
1180 2696 1542 2766 Tharsicius,
1563 2696 1864 2752 Politanus

199 2778 327 2856 [al.,
359 2781 708 2859 Policamus]
774 2790 1069 2854 martyres.
1126 2785 1344 2841 Ibidem
1390 2786 1632 2841 ecclesia
1675 2785 1860 2841 sancti

197 2871 486 2942 Cornelii,
519 2880 575 2929 et
602 2888 834 2944 corpus.
866 2876 936 2929 Et
970 2874 1027 2929 in
1052 2873 1232 2930 altera
1262 2875 1504 2930 ecclesia
1531 2882 1727 2931 sancta
1753 2877 1864 2930 So—

196 2962 412 3033 theris,
445 2967 502 3018 et
531 2977 644 3019 non
689 2963 856 3036 longe
890 2970 1133 3033 pausant
1164 2969 1443 3036 martyres
1495 2964 1859 3035 Hippolytus,

194 3051 518 3120 Adrianus,
543 3052 850 3124 Eusebius,
884 3054 1084 3124 Maria,
1119 3055 1361 3125 Martha,
1395 3054 1656 3124 Paulina,
1689 3053 1866 3110 Vale—

197 3140 309 3208 ria,
339 3141 672 3211 Marcellus,
699 3147 754 3198 et
796 3157 970 3213 prope
1011 3157 1154 3214 papa
1184 3146 1410 3199 Marcus
1439 3145 1496 3198 in
1537 3157 1642 3199 sua
1674 3143 1866 3198 eccle—

191 3229 305 3286 sia.
340 3232 499 3286 Inter
541 3231 695 3287 viam
744 3232 1008 3302 Appiam,
1042 3238 1098 3288 et
1128 3233 1278 3288 viam
1308 3231 1632 3289 Ostiensem
1659 3237 1747 3287 est
1770 3231 1862 3286 via

186 3319 535 3389 Ardeatina,
563 3319 664 3376 ubi
698 3326 836 3377 sunt
863 3323 1109 3392 Marcus,
1151 3327 1208 3377 et
1235 3322 1662 3392 Marcellianus,
1691 3326 1749 3376 et
1779 3319 1862 3376 ibi

184 3408 345 3477 jacet
372 3411 658 3466 Damasus
690 3423 834 3480 papa
885 3411 944 3466 in
977 3425 1081 3467 sua
1125 3411 1388 3467 ecclesia.
1445 3413 1516 3466 Et
1552 3425 1665 3467 non
1699 3410 1866 3482 longe

188 3506 398 3555 sancta
447 3499 784 3570 Petronilla,
837 3507 892 3557 et
942 3501 1161 3558 Nereus
1203 3507 1262 3557 et
1288 3501 1608 3569 Achilleus,
1657 3506 1714 3556 et
1756 3501 1861 3556 alii

190 3589 418 3660 plures.

265 3701 291 3732 α
339 3679 698 3736 Duodecima
725 3683 910 3751 porta,
939 3683 995 3736 et
1015 3679 1109 3735 via
1137 3680 1378 3736 Ostensa
1411 3675 1532 3753 [al.,
1555 3678 1863 3750 Ostiensis]

186 3769 444 3838 dicitur,
482 3770 650 3825 modo
682 3777 847 3840 porta
884 3770 947 3825 S.
1003 3770 1167 3826 Pauli
1217 3774 1472 3838 vocatur,
1513 3770 1650 3839 quia
1699 3770 1864 3839 juxta

186 3873 314 3914 eam
347 3859 672 3930 requiescit
708 3861 767 3914 in
823 3859 1069 3915 ecclesia
1115 3872 1239 3914 sua.
1290 3857 1623 3928 Ibidemque
1663 3857 1866 3913 Timo—

190 3949 367 4004 theus
405 3955 656 4020 martyr:
690 3955 746 4004 et
780 3963 893 4005 non
926 3949 1093 4020 longe
1123 3949 1178 4004 in
1214 3947 1454 4004 ecclesia
1482 3955 1692 4004 sanctae
1712 3947 1866 4002 The—

189 4037 296 4094 clze
319 4045 465 4095 sunt
489 4044 768 4110 martyres
791 4039 975 4109 Felix,
1017 4044 1074 4094 et
1103 4038 1219 4094 Ada
1233 4043 1420 4108 uctus,
1453 4043 1508 4092 et
1541 4037 1861 4093 Nemesius.

191 4129 252 4182 In
275 4141 438 4199 aqua
481 4129 681 4184 Salina
711 4134 799 4184 est
828 4135 1004 4199 caput
1031 4128 1326 4184 Anastasii
1356 4128 1645 4198 martyris.

263 4257 291 4289 α
336 4236 767 4292 Tertiadecima
817 4241 981 4307 porta
1013 4235 1347 4293 Portuensis
1389 4235 1612 4292 dicitur
1664 4239 1720 4290 et
1749 4234 1865 4289 via.

184 4324 270 4380 Ibi
305 4340 494 4396 prope
529 4325 587 4380 in
619 4325 863 4380 ecclesia
899 4331 1040 4381 sunt
1087 4330 1367 4395 martyres
1390 4325 1569 4393 Felix,
1613 4324 1868 4380 Alexan—

182 4414 310 4484 der,
347 4414 584 4482 Abdon,
615 4421 672 4470 et
701 4415 935 4484 Sennes,
968 4413 1612 4484 Symeon,Anastasius,
1642 4413 1866 4482 Polion,

184 4503 567 4572 Vincentius,
603 4492 797 4572 Milex,
823 4503 1079 4559 Candida
1105 4510 1160 4559 et
1183 4504 1539 4560 Innocentia.

261 4631 288 4662 α
333 4610 787 4680 Quartadecima
817 4616 999 4682 porta,
1043 4617 1098 4668 et
1149 4612 1241 4667 via
1261 4610 1519 4679 Aurelia,
1551 4623 1677 4681 quae
1702 4609 1871 4665 modo

182 4707 355 4770 porta
385 4701 580 4757 sancti
613 4701 904 4757 Pancratii
929 4701 1172 4771 dicitur,
1226 4700 1376 4772 quod
1401 4702 1566 4771 juxta
1609 4714 1731 4756 eam
1775 4713 1871 4755 re—

180 4793 456 4862 quiescit
489 4793 551 4847 in
579 4807 682 4848 sua
713 4791 977 4863 ecclesia,
1007 4798 1064 4847 et
1093 4792 1197 4847 alii
1252 4797 1530 4862 martyres
1566 4789 1868 4860 Paulinus,

177 4880 564 4950 Arthemius,
612 4887 809 4936 sancta
840 4880 1135 4951 Sapientia
1186 4895 1315 4936 cum
1366 4880 1558 4935 tribus
1615 4878 1868 4948 ﬁliabus,

180 4970 348 5039 Fide,
402 4971 542 5040 Spe,
583 4970 899 5026 Charitate.
932 4973 992 5025 In
1025 4970 1204 5026 altera
1236 4969 1480 5026 ecclesia
1536 4971 1870 5040 Processus,

177 5067 233 5115 et
268 5060 703 5129 Martinianus,
725 5067 781 5117 et
801 5060 860 5115 in
884 5061 1076 5132 tertia,
1100 5061 1318 5116 Felices
1347 5059 1486 5122 duo,
1506 5063 1562 5112 et
1583 5058 1641 5112 in
1667 5064 1872 5128 quarta

179 5152 490 5222 (lalixtus,
526 5157 583 5204 et
606 5151 976 5221 Calepodius,
1011 5156 1066 5206 et
1109 5150 1166 5205 in
1198 5150 1401 5220 quinta
1443 5152 1678 5202 sanctus
1703 5147 1870 5202 Basi—

181 5241 360 5297 lides.
422 5241 790 5298 Duodecimo
839 5241 992 5296 intra
1025 5240 1226 5296 urbem
1257 5237 1538 5294 milliario
1598 5236 1656 5292 in
1685 5241 1871 5291 monte

175 5333 365 5388 C(elio
425 5335 578 5388 sunt
627 5337 909 5401 martyres
957 5331 1226 5397 Joannes,
1277 5329 1522 5382 Joannes
1545 5331 1603 5382 et
1635 5325 1869 5394 Paulus,

172 5427 230 5476 et
255 5424 316 5477 in
347 5436 465 5478 sua
501 5421 698 5487 domo,
728 5434 858 5492 qua:
912 5419 1059 5476 facta
1090 5424 1180 5476 est
1225 5416 1467 5474 ecclesia
1515 5421 1642 5486 post
1670 5428 1867 5470 eorum

173 5513 569 5583 martyrium,
599 5517 656 5566 et
679 5509 998 5580 Crespinus
1027 5515 1083 5565 et
1101 5507 1540 5578 Crespinianus,
1583 5511 1640 5561 et
1673 5509 1870 5560 sancta

170 5603 525 5658 Benedicta.
560 5601 619 5656 In
649 5601 848 5657 eodem
879 5605 1070 5656 monte
1116 5605 1202 5655 est
1231 5597 1475 5653 ecclesia
1503 5595 1689 5651 sancti
1737 5594 1870 5649 Ste-

169 5693 357 5762 phani
394 5690 881 5763 protomartyris,
915 5693 974 5746 et
1000 5688 1078 5744 ibi
1116 5685 1402 5744 reconditi
1427 5691 1564 5742 sunt
1591 5689 1871 5755 martyres

169 5784 438 5853 Primus,
477 5786 544 5837 et
569 5780 926 5849 Felicianus,
971 5779 1031 5834 in
1085 5782 1276 5834 monte
1319 5776 1603 5832 Aventino
1632 5778 1871 5831 sanctus

167 5873 558 5941 Bonifacius,
609 5875 668 5926 et
709 5869 769 5925 in
819 5874 1012 5926 monte
1040 5866 1185 5924 Nola
1224 5869 1422 5922 sancta
1447 5865 1689 5923 Tatiana
1721 5875 1872 5935 pau-

166 5971 277 6020 sat.
325 5983 355 6016 ι

1975 1979 2127 2047 apud
2163 1980 2223 2033 P.
2285 1980 2552 2034 Victorem
2598 1982 2924 2033 mentionem
2973 1983 3188 2032 exstare
3214 1978 3351 2039 vidi,
3394 1975 3631 2028 mediam

1973 2050 2118 2102 inter
2147 2050 2431 2112 Aurelius,
2460 2056 2509 2104 et
2541 2050 2947 2119 Triumphalem
2990 2049 3092 2104 hac
3118 2050 3336 2117 regione
3362 2048 3536 2114 fuisse
3564 2059 3631 2098 ea:

1972 2119 2057 2174 his
2083 2122 2529 2193 inscriptionibus
2558 2123 2806 2190 conjicio.

2458 2245 2639 2300 Romae
2662 2247 2722 2299 in
2755 2245 2910 2298 domo
2936 2243 3126 2300 Cwsia.

2297 2385 2344 2426 C.
2382 2384 2571 2427 SALLIO
2599 2383 2972 2426 ABIS'I‘AENETO
3000 2382 3046 2423 C.
3091 2381 3146 2422 V.

2299 2474 2512 2516 SEPTEM
2539 2474 2690 2516 VIRO.
2728 2472 3022 2515 EPVLONVM

2296 2564 2507 2606 SODALI.
2542 2563 2864 2605 AVGVS’I‘ALI.
2903 2562 3078 2604 IVRIDI

2295 2652 2376 2694 οο.
2404 2654 2528 2694 PER.
2563 2653 2822 2695 PICENVM.
2855 2653 2919 2693 ET
2940 2650 3183 2693 APVLIAM

2294 2743 2582 2784 CVRATORI.
2619 2743 2855 2785 VIARVH.
2882 2741 3106 2783 AVRELI.

2294 2833 2381 2874 ΑΕ.
2425 2832 2745 2875 CORNELIAE.
2781 2831 3157 2874 TRIVMPIIALIS
3197 2821 3304 2873 etc.

2185 2948 2323 3002 Item
2351 2946 2550 3002 Tibure
2573 2949 2633 3000 in
2646 2949 2860 3018 pariete
2889 2945 3041 3000 aedis.
3086 2945 3144 3008 S.
3167 2944 3348 2999 Pauli.

2295 3068 2342 3109 C.
2376 3068 2643 3111 POPILLIO.
2687 3068 2734 3109 C.
2777 3069 2825 3110 F.
2871 3067 3021 3115 QVIR.
3065 3065 3202 3108 CARO

2298 3159 2516 3201 PEDONI.
2552 3158 2662 3199 COS.
2700 3157 2803 3198 VII.
2830 3157 2960 3198 νιΒο
3003 3157 3238 3198 EPVLON.

2298 3249 2392 3291 SOD
2402 3249 2508 3290 ALI.
2544 3248 2900 3290 HADRIANALI.
2930 3247 3133 3289 LEGATO

2299 3338 2411 3379 IMP.
2446 3339 2730 3380 CAESARIS.
2762 3338 3046 3380 ANTONINI.
3075 3336 3199 3378 AVG.

2185 3428 2282 3471 PII.
2317 3429 2515 3470 PROPR.
2547 3427 2890 3470 GERMANIAE.
2927 3427 3121 3469 SVPER.
3154 3426 3218 3467 ET
3249 3425 3322 3466 EX

2188 3517 2435 3559 ERCITVS.
2473 3517 2530 3558 IN
2565 3517 2652 3557 EA.
2686 3517 3010 3558 TENDENTIS.
3047 3515 3311 3557 CVBATOR.

2181 3607 2340 3649 OPER.
2384 3605 2668 3649 PVBLICOR.
2699 3607 2893 3648 PRAEF.
2923 3606 3126 3648 AERAR.
3161 3605 3354 3646 SATVR.

2189 3695 2480 3736 CVIIATOBI.
2527 3695 2678 3734 VIAR.
2722 3693 3022 3738 AVRELIAE.
3056 3691 3306 3732 VETEBIS.
3351 3692 3416 3732 ΕΤ

2188 3783 2389 3825 ΝονΑΕ.
2417 3781 2739 3823 CORNELIAE.
2773 3783 2857 3823 ET.
2887 3780 3266 3822 TBIUMPHALIS
3292 3770 3403 3822 etc.

2045 3878 2287 3935 Easdem
2348 3874 2764 3943 inscriptiones
2794 3875 3080 3944 Gruterus
3130 3887 3357 3944 quoque
3405 3875 3625 3937 retulit,

1976 3952 2124 4009 hanc
2153 3948 2252 4004 fol.
2286 3943 2408 4011 457,
2455 3960 2512 4002 n.
2542 3942 2614 4016 ’6,
2643 3946 2799 4001 illam
2831 3945 2928 4001 fol.
2983 3942 3109 4015 465,
3139 3942 3196 4001 in
3238 3942 3462 4015 duplici
3505 3946 3629 4002 basi

1976 4023 2284 4092 sculptam,
2312 4018 2733 4092 Asculanorum
2761 4032 2955 4092 unam,
2979 4018 3472 4092 Anconitanorum
3499 4019 3634 4092 alte:

1978 4088 2388 4152 ram'numeris
2409 4088 2444 4145 5
2475 4096 2530 4144 et
2560 4088 2612 4160 6,
2647 4090 2982 4145 distinctam
3010 4097 3103 4158 ;et
3138 4091 3197 4144 in
3231 4089 3483 4160 singulis
3511 4090 3632 4160 pari

1977 4167 2183 4223 ordine
2235 4168 2607 4219 recensentur
2655 4162 2768 4217 viae
2807 4161 3370 4229 Aurelia,Cornelia,
3398 4161 3635 4217 Trium-

1982 4237 2191 4310 phalis.
2217 4237 2297 4310 De
2320 4240 2481 4310 porta
2509 4239 2700 4289 autem
2727 4233 2990 4310 Cornelia
3009 4247 3137 4288 cum
3161 4233 3240 4310 sit
3261 4232 3441 4287 altum
3466 4232 3634 4310 silen-

1980 4304 2126 4366 tium
2153 4308 2299 4378 apud
2325 4304 2634 4378 Victorem,
2666 4311 2720 4360 et
2741 4305 3000 4375 reliquos
3024 4310 3155 4378 ante
3184 4305 3372 4378 ipsum
3397 4304 3635 4378 scripto-

1980 4395 2090 4452 res,
2121 4375 2223 4436 nec
2248 4379 2305 4433 in
2335 4377 2838 4452 lapidibusadhuc
2862 4377 3107 4452 repertis
3131 4375 3496 4452 nominetur;
3526 4375 3637 4452 col:

1980 4447 2159 4524 ligere
2185 4447 2510 4524 possumus,
2545 4449 2818 4504 viciniam
2841 4449 2944 4524 vite
2975 4448 3345 4524 transtulisse
3368 4447 3556 4524 serius
3579 4447 3635 4502 id

1981 4519 2238 4580 nominis
2257 4523 2431 4578 etiam
2463 4523 2521 4576 in
2553 4530 2793 4591 portam,
2823 4521 2891 4577 ad
2913 4535 3033 4576 eam
3063 4534 3130 4577 ex
3159 4519 3306 4575 Urbe
3332 4519 3637 4589 perducen-

1983 4603 2093 4653 tem
2122 4614 2137 4649 :
2192 4593 2507 4665 praesertim
2549 4593 2600 4648 si
2639 4594 2729 4648 via
2755 4593 3020 4649 Cornelia
3050 4607 3171 4665 eam
3201 4591 3637 4665 denominatio-f

1905 4672 1955 4733 D
1987 4682 2110 4723 nem
2135 4662 2355 4722 tantum
2385 4666 2606 4734 accepit
2626 4679 2694 4719 ex
2722 4665 2902 4720 altero
2925 4665 2994 4720 ab
3027 4664 3169 4722 urbe
3198 4664 3501 4734 milliaria,
3532 4662 3632 4718 ubi

1981 4739 2218 4794 Aurelia
2249 4751 2391 4794 nova
2430 4733 2700 4792 bifariam
2745 4737 3134 4806 dividebatur,
3182 4738 3266 4791 uti
3298 4749 3366 4790 ex
3399 4733 3637 4806 Tabulis

1984 4810 2371 4866 Fabrettianis
2401 4808 2571 4880 paulo
2599 4807 2750 4864 infra
2786 4804 3164 4880 spectabitur.
3194 4804 3632 4880 Dubium‘exci-

1983 4882 2215 4938 tabatur
2230 4881 2300 4955 ab
2319 4874 2570 4955 eruditis
2589 4874 2978 4955 scriptoribus
2999 4878 3420 4955 antiquitatum
3441 4874 3638 4955 Roma-

1983 4967 2186 5026 narum
2217 4954 2286 5008 de
2310 4953 2399 5008 via
2420 4945 2863 5018 Corneliafnum
2890 4945 3460 5026 essetizonstituenda
3487 4945 3639 5026 inter

1982 5025 2275 5082 Aureliam
2310 5029 2365 5079 et
2393 5013 2759 5078 Portuensem
2794 5035 2908 5088 ;an
2944 5022 3138 5088 potius
3166 5017 3318 5071 inter
3339 5013 3634 5088 Aureliam

1982 5111 2047 5152 ac
2077 5095 2528 5165 Triumphalem.
2562 5087 2846 5165 Malebant
2875 5087 3142 5165 nonnulli
3184 5088 3291 5142 hoc
3317 5087 3634 5165 secundum

1982 5174 2037 5222 et
2064 5161 2412 5237 colligebant
2438 5179 2506 5219 ex
2533 5164 2740 5237 ordine
2771 5162 2886 5215 viis
2921 5161 3142 5237 eisdem
3174 5163 3504 5237 constanter
3531 5161 3638 5237 ‘a_t_-_-

1983 5226 2335 5305 tributovper
2366 5231 2973 5305 inscriptioniesipaulo
3003 5237 3135 5286 ante
3160 5230 3483 5305 productas.
3515 5226 3632 5305 Alii

1982 5299 2356 5379 praeferebant
2378 5299 3136 5379 primumii]tid'assertum,
3163 5299 3346 5379 Secuti
3374 5299 3638 5355 auctori-

1983 5371 2152 5436 tatem
2181 5377 2335 5433 Bosii
2367 5371 2423 5430 et
2449 5374 2716 5444 Aringhii
2743 5376 2932 5428 Roma:
2961 5373 3190 5428 subterr
3222 5413 3233 5426 .
3273 5371 3375 5426 lib.
3413 5385 3473 5440 ιι,
3507 5385 3632 5444 cap.

1983 5449 2069 5521 Μ,
2100 5464 2154 5505 n.
2183 5448 2238 5519 8,
2275 5447 2487 5521 quibus
2517 5443 2705 5500 visum
2741 5444 2872 5521 fuit,
2900 5445 2956 5500 id
2990 5445 3272 5521 coh_.erere
3311 5443 3636 5521 proximius

1980 5515 2106 5580 cum
2144 5515 2408 5577 actis—SS.
2440 5523 2752 5587 martyrum
2784 5535 2799 5586 ;
2827 5515 2962 5572 Acta
2998 5516 3069 5572 ab
3093 5517 3186 5571 his
3213 5515 3551 5571 auctoribus
3575 5516 3632 5570 in

1983 5594 2233 5650 medium
2263 5591 2485 5662 prolata
2503 5601 2626 5645 esse
2648 5588 3047 5662 arbitrorilla,
3079 5602 3204 5658 qua:
3224 5587 3336 5655 ipsi
3359 5587 3633 5643 exhibent

1980 5666 2167 5736 capite
2194 5660 2353 5720 sexto
2373 5663 2596 5718 decimo
2613 5661 2869 5736 ejusdem
2894 5660 3054 5736 libri,
3079 5669 3631 5736 nempesanctarum

1979 5731 2271 5809 virginum
2302 5740 2358 5790 et
2384 5739 2697 5809 martyrum
2719 5732 3064 5809 _I_iuiin:e,‘ac
3082 5731 3376 5809 Secunda},
3411 5741 3629 5809 necnon

1980 5798 2230 5866 aliorum
2256 5798 2569 5876 martyrum
2590 5805 2783 5876 Marii,
2805 5798 3059 5875 Marthae,
3078 5798 3402 5876 Audifacis,
3422 5807 3479 5857 et
3494 5798 3634 5876 Aba-

1981 5894 2111 5938 cum
2129 5897 2142 5935 :
2161 5891 2307 5950 quos
2321 5874 2515 5935 eadem
2531 5878 2680 5950 Acta,
2691 5874 3018 5950 asseverant
3039 5874 3141 5948 pro
3155 5874 3386 5950 Christo
3405 5874 3633 5950 necatos

1980 5950 2164 6010 fuisse
2178 5938 2279 6009 'via
2298 5951 2563 6009 Cornelia
2587 5949 2866 6008 milliario
2899 5938 3124 6008 decimo
3140 5947 3334 6014 tertio,
3359 5945 3420 5998 in
3452 5938 3632 5997 tundo
