3960 6426
344 400 453 462 379

1129 405 1222 462 AD
1261 405 1699 465 ANASTASIUM
1745 401 2264 466 PROLEGOMENA
2306 403 2485 462 EDIT.
2541 400 2974 462 ROM.-—VATIC.

3657 400 3763 462 380

344 535 468 586 cata
485 529 858 606 Bassi,ubi_et
877 530 1417 606 MassaCandida,et
1435 534 1597 604 Sylva
1613 535 1888 602 Candida,
1907 533 2088 605 perA
2137 546 2143 552 '
2189 533 2610 600 Quartadecima
2655 538 2839 606 porta,
2888 538 2938 588 et
2985 535 3078 588 via
3119 531 3373 596 Aurelia,
3423 547 3546 602 quae
3603 535 3758 589 modo

345 601 652 676 pontificen
666 601 949 676 attributa
967 603 1038 658 Ca
1047 603 1107 676 rd
1119 605 1132 658 i
1143 605 1258 660 nali
1272 601 1544 676 episcopo
1559 607 1858 663 Portuensi
1877 601 2008 662 sua-

343 673 479 729 dent
499 673 835 745 memoratis
863 675 1221 745 auctoribus,
1251 673 1321 732 ut
1335 673 1483 733 viam
1515 679 1835 734 Corneliam
1859 677 2006 734 diri-

346 751 478 805 gant
493 743 644 800 inter
661 745 951 801 Aureliam
967 753 1022 802 et
1039 743 1645 804 Portuense.n.‘Verum
1666 749 1714 804 si
1734 749 1872 805 Acta
1887 749 2005 804 lau-

341 785 946 890 data‘eonsiderentur
971 785 1210 887 attente:
1232 824 1288 874 et
1487 785 1798 876 ἀῖ

340 886 608 960 Candida:
623 901 736 943 una
749 903 876 944 cum
897 891 1130 958 praediis
1144 886 1441 960 proximis,
1457 886 1894 948 sanctteRuiinre
1910 905 2003 947 no-

343 958 496 1014 mine
509 959 727 1016 idcirco
743 961 992 1030 donatis,
1009 958 1158 1033 quod
1178 962 1459 1033 hodieque
1473 964 1742 1031 retinent,
1761 963 1996 1018 insimul

341 1037 768 1099 comparentur,
794 1035 1110 1102 praesertim
1155 1034 1214 1089 in
1241 1035 1736 1090 emendatioribus
1756 1033 1996 1089 Tabulis

340 1103 824 1176 Choragraphicis
839 1105 964 1175 agri
983 1105 1244 1174 Romani,
1267 1119 1410 1176 quas
1430 1107 1617 1162 edidit
1635 1115 1754 1161 tum
1777 1105 2000 1160 Fabrat-

341 1181 438 1229 tus
457 1175 519 1229 V.
533 1175 592 1228 C.
613 1175 982 1248 ejusdemque
998 1177 1120 1248 agri
1135 1190 1200 1231 ac
1212 1175 1546 1233 cze’terarum
1569 1176 1732 1233 urbis
1747 1176 1996 1246 antiqui.

342 1189 438 1229 tus
465 1189 519 1229 ν.
533 1189 592 1228 υ.
613 1189 982 1302 eiusdemque
998 1189 1120 1248 agri
1135 1190 1200 1231 ac
1212 1189 1546 1233 czeterarum
1569 1189 1732 1233 urbis
1747 1189 1996 1246 antiqur

342 1250 524 1328 tatum
541 1259 622 1328 ex.
671 1245 1080 1328 iligentissimo
1097 1249 1468 1328 vestigatere.
1479 1262 1580 1328 per
1595 1248 1999 1328 ltissimusju-

339 1316 449 1390 dex
471 1317 728 1390 omnium
751 1316 1039 1374 Sententia
1062 1316 1316 1390 habitus,
1346 1319 1406 1374 in
1431 1316 1580 1376 libro
1600 1320 1670 1374 de
1687 1319 2002 1390 Aquaaduc-

343 1387 520 1451 tibus,
547 1393 666 1462 tum
687 1389 762 1462 in;
777 1389 855 1444 iis
873 1405 1016 1460 quas
1034 1391 1093 1444 in
1112 1404 1200 1445 am
1211 1387 1416 1460 plibris
1434 1404 1520 1446 ma
1531 1405 1650 1460 ppze
1671 1387 1850 1462 ﬁgura
1893 1403 1998 1445 ac—

340 1465 536 1514 curate
564 1459 868 1516 admodum
890 1462 1078 1532 incidi
1101 1459 1326 1518 curavit
1349 1475 1418 1518 ex
1467 1459 1858 1532 praestantium
1885 1473 1998 1517 an-

355 1533 736 1599 tiquariorum
767 1531 1060 1604 isuil‘ragio
1108 1533 1444 1590 Dominicus
1470 1531 1542 1589 de
1571 1533 1818 1602 Rubeis;
1854 1533 1990 1600 ha-c,

345 1601 598 1676 inquam,
623 1603 816 1676 omnia
837 1604 887 1658 si
912 1601 1300 1676 conferantur,
1349 1619 1511 1660 nemo
1557 1619 1666 1660 non
1708 1601 1995 1675 intelliget

345 1673 663 1742 perspicue,
729 1674 1050 1730 Corneliam
1107 1677 1254 1732 viam
1290 1673 1375 1732 ex
1417 1676 1663 1732 Aureliae
1712 1676 1869 1731 bivio
1911 1673 1989 1731 'ad

338 1743 647 1818 Tabernam
673 1745 888 1818 dictam
919 1748 1010 1801 del
1043 1749 1323 1802 Pidocchio
1372 1763 1544 1818 prope
1583 1749 1806 1803 vineam
1848 1747 1993 1802 Car-

342 1815 565 1890 pineam
595 1815 778 1890 altera
820 1817 896 1890 ab
947 1818 1090 1876 Urbe
1135 1819 1324 1888 lapide
1361 1815 1527 1890 juxta
1574 1820 1786 1876 ductus
1827 1831 1990 1890 aqua;

334 1887 590 1972 Trajana:
633 1887 940 1972 Sabatina},
999 1887 1592 1972 seu_Braccianensis,
1643 1905 1676 1946 a
1723 1887 1899 1972 Paule
1945 1889 1991 1944 V
2022 1911 2074 1972 Β

338 1959 860 2032 restituteredictae
887 1961 1053 2032 Aqua
1094 1964 1285 2026 Paola,
1339 1963 1704 2019 dextrorsum
1765 1962 1990 2016 ﬂectere

331 2043 530 2085 versus
556 2031 1005 2107 Triumphalem,
1037 2047 1104 2090 ac
1133 2035 1310 2107 dirigi
1360 2035 1430 2090 ad
1478 2048 1677 2107 agrum
1739 2033 1992 2107 Caereta-

333 2113 504 2178 num:
536 2103 630 2178 sed
679 2104 1108 2178 ita_proximam
1151 2103 1414 2178 progredi
1443 2103 1547 2161 viae
1602 2105 1872 2178 Aureliae,
1925 2109 1992 2158 ut

330 2172 522 2248 eadem
553 2173 848 2248 Arenaria,
875 2181 932 2232 et
959 2172 1356 2248 Martyria,'ac
1386 2177 1711 2233 coemeteria
1755 2177 1989 2248 utrique

330 2244 448 2298 Vim
478 2245 662 2318 aptari
692 2253 764 2318 et
791 2248 1077 2318 assignari
1105 2244 1378 2318 'posLsint,
1415 2248 1694 2304 Corneliae
1740 2245 1984 2318 scilicet,

333 2319 504 2384 atque
533 2315 810 2372 Aurelia:
847 2315 957 2373 non
983 2315 1234 2374 secusac
1281 2321 1338 2374 in
1365 2315 1526 2375 Actis
1581 2319 1672 2374 SS.
1728 2315 1984 2386 Eusebii,

333 2392 390 2441 et
419 2386 733 2460 seciorum,
761 2387 1059 2460 productis
1083 2389 1466 2460 ab‘Aringhio
1495 2389 1597 2444 lib.
1629 2403 1690 2457 ιι,
1723 2402 1848 2456 cap.
1897 2385 1983 2460 45,

335 2454 500 2529 n.73,
529 2454 1043 2527 sepultidicantur
1083 2459 1234 2515 beati
1273 2454 1552 2529 martyres
1603 2454 1712 2512 non
1740 2454 1893 2525 longe
1917 2457 1987 2510 ab

335 2528 470 2582 urbe
517 2530 683 2582 Roma
720 2530 985 2583 milliaria
1037 2535 1186 2584 sewta
1229 2533 1288 2585 in
1339 2528 1614 2584 Arenaria
1651 2532 1796 2582 inter
1840 2529 1987 2580 viam

333 2598 621 2670 Aureliam
686 2604 736 2654 et
813 2601 1234 2670 Triumphale-m.
1314 2600 1665 2657 Consulatur
1736 2597 1984 2654 Fabretti

337 2667 823 2742 Tabula,_inserta
853 2667 1102 2742 libro—de
1131 2671 1587 2742 Aquaeductibus
1617 2675 1742 2740 post
1780 2683 1990 2742 nume-

337 2753 462 2794 rum
493 2736 618 2811 283,
653 2741 710 2796 in
741 2741 850 2796 ﬁne
876 2736 1311 2798 dissertationis
1335 2736 1631 2798 secundae."
1667 2741 1986 2810 Constabit,

334 2825 403 2868 ex
429 2817 590 2884 porta
619 2811 854 2867 Aurel-ia
897 2814 1164 2884 Procopii,
1209 2827 1379 2884 quam
1434 2813 1769 2870 Willelmus
1827 2819 1989 2884 vocat

338 2883 662 2955 Corneliam,
696 2889 752 2939 et
781 2885 1036 2955 S.APelri,
1061 2883 1170 2955 per
1196 2883 1399 2941 vallem
1451 2886 1830 2941 adhaerentem
1879 2883 1990 2938 ba-

333 2953 516 3009 silicae
552 2951 854 3026 Vaticana!
885 2969 918 3010 a
964 2951 1296 3012 Fornacibus
1336 2957 1697 3026 appellatam,
1753 2955 1986 3026 perduci

334 3027 481 3100 aiam
512 3025 810 3100 Aureliam
837 3028 1048 3100 Novam
1089 3025 1498 3100 (assurgentem
1527 3030 1594 3100 ad
1622 3027 1798 3100 colles
1826 3026 1988 3082 occi-

271 3096 592 3156 ,..dentales
631 3102 758 3167 post
785 3096 1164 3156 basilicam'S.
1203 3096 1392 3169 Petri).
1423 3099 1678 3169 perduci,
1727 3099 1983 3168 inquam,

333 3169 484 3242 ciam
521 3171 790 3242 aurelium
828 3186 1024 3225 novam
1053 3172 1122 3228 ad
1157 3171 1400 3242 vestigia
1431 3172 1640 3226 veteris
1662 3171 1790 3240 viai,
1818 3170 1988 3237 cujus

337 3239 527 3307 portio
556 3240 744 3297 adhuc
793 3242 1006 3298 visitur
1057 3239 1344 3298 constrata
1375 3242 1540 3298 silice
1583 3242 1736 3298 inter
1765 3242 1985 3296 vineam

334 3309 670 3380 Carpineam
711 3319 767 3368 et
794 3313 1103 3370 Castellum
1140 3312 1316 3384 Aquae
1345 3313 1532 3369 Paulae
1569 3314 1629 3368 in
1661 3313 1826 3368 vinea
1868 3313 1988 3366 Bu—

336 3394 509 3436 rana:
539 3388 596 3437 et
620 3384 688 3439 ad
719 3384 1034 3441 Tabernam
1085 3385 1172 3442 del
1218 3386 1504 3440 Pidocchio
1535 3385 1828 3440 Aureliam
1878 3396 1990 3438 no—

337 3453 778 3528 xamdividiin
827 3455 1068 3528 bivium,
1115 3457 1283 3527 cujus
1331 3456 1473 3512 bivii
1517 3456 1810 3512 dexterior
1857 3467 1989 3528 pars

333 3525 694 3594 Triumphaii
730 3533 786 3583 et
835 3525 1062 3584 Cassia!
1110 3525 1392 3598 tantisper
1460 3529 1734 3584 accedens
1775 3525 1989 3595 accipit

337 3609 540 3652 nomen
581 3599 684 3652 viae
743 3601 1025 3663 Corneliae,
1070 3600 1310 3656 sinistra
1348 3612 1484 3656 vero
1526 3599 1738 3655 retinet
1782 3610 1989 3653 nomen

334 3667 579 3742 Aureliae
611 3684 780 3734 nam,
831 3671 1012 3727 donec
1059 3686 1363 3742 progressu
1407 3669 1556 3727 facta
1598 3685 1696 3740 per
1739 3668 1985 3742 fundum

336 3739 426 3793 del
450 3740 793 3812 Parcareccia
826 3742 996 3812 juxta
1025 3739 1297 3798 Tabulam
1345 3739 1634 3798 Dominici
1660 3742 1731 3798 de
1771 3739 1988 3796 Rubeis

337 3809 624 3884 pertingat
647 3813 717 3869 ad
743 3809 1018 3884 praedium
1064 3814 1119 3870 S.
1153 3815 1372 3870 Ruﬁna:
1417 3815 1702 3884 hodieque
1741 3812 2010 3874 dictum,.

335 3881 699 3938 dextrorsum
730 3881 792 3940 se
815 3887 1125 3942 extendens
1148 3899 1348 3942 versus
1367 3886 1517 3942 viam
1575 3881 1898 3945 Corneliam,
1931 3886 1990 3939 et

338 3952 740 4024 sinistrorsum
762 3956 831 4010 ad
863 3956 1085 4024 Sylvam
1106 3958 1434 4024 Candidam,
1464 3956 1736 4012 tredecim
1762 3954 1990 4010 millia—

339 4022 504 4080 ribus
526 4023 598 4100 ab
629 4024 770 4100 urbe
793 4022 1059 4084 dissitam
1087 4042 1260 4100 prope
1283 4022 1505 4100 Leriam
1533 4029 1821 4100 dirutum:
1853 4024 1987 4100 inde

337 4108 470 4152 vero
497 4095 732 4151 Aurelia
772 4111 913 4152 nava
942 4095 1141 4158 versus
1185 4095 1414 4155 ueterem
1459 4098 1863 4155 sinistrorsum
1896 4095 1988 4149 si—

340 4167 718 4242 nuataeidem
748 4173 918 4224 veteri
930 4173 1193 4237 Aureliae,
1227 4171 1500 4242 jungitur
1519 4181 1719 4242 versus
1740 4165 1986 4242 fundum

339 4239 485 4294 delia
513 4240 790 4296 Bottaccia
817 4243 1009 4300 tribus
1033 4237 1272 4300 circiter
1302 4237 1604 4296 m’illiariis
1631 4237 1905 4294 dissitum
1955 4246 1989 4291 a

339 4311 398 4366 S.
431 4313 652 4380 Ruﬁna,
685 4319 740 4368 et
761 4326 795 4368 a
819 4315 1187 4376 Parcareccia,
1221 4311 1324 4368 ubi
1351 4310 1586 4368 Aurelia
1617 4323 1757 4380 naoa
1787 4317 1988 4375 parum

335 4379 778 4458 disjungebatur
801 4395 835 4439 a
846 4385 1148 4458 Cornelia,
1179 4379 1838 4458 dextrorsgmiendente
1858 4388 1993 4458 ver-

338 4447 445 4511 sus
461 4447 632 4512 Casio.
667 4453 818 4510 Idem
844 4453 1146 4514 Eahrettus
1171 4459 1414 4508 numero
1437 4447 1540 4507 400
1557 4449 1776 4506 laudati
1799 4447 1992 4518 aperis

336 4526 408 4581 de
434 4521 892 4594 Aquaeductlbus
905 4521 1248 4594 promiserat
1277 4520 1418 4594 fore,
1445 4527 1513 4578 ut
1535 4523 1648 4578 Deo
1677 4521 1848 4594 dante
1874 4519 1992 4575 haec

339 4592 570 4667 plenius
609 4595 920 4667 exponeret
949 4593 1010 4652 in
1053 4593 1386 4667 opereejam
1425 4592 1871 4667 tumpromisso
1915 4594 1990 4667 De

339 4659 490 4736 :Agra
533 4659 870 4736 suburbana,
917 4671 974 4719 et
1019 4659 1444 4736 suburbicario;
1482 4659 1652 4736 eujus
1694 4661 1988 4736 desiderio

341 4733 470 4794 cum
499 4735 717 4792 eruditi
754 4739 1076 4803 teneantur,
1107 4741 1371 4808 poscunt-
1396 4733 1466 4790 ab
1495 4734 1834 4808 haeredibus
1873 4733 1987 4788 viri

339 4808 676 4880 clarissimi,
709 4813 764 4864 et
791 4809 1007 4880 optime
1029 4807 1346 4880 de'litteris
1375 4808 1588 4880 meriti,
1617 4812 1678 4880 ut
1700 4807 1990 4880 produc_a-_-

339 4887 438 4937 tur
469 4880 528 4936 in
553 4875 849 4950 publicani
874 4880 1079 4947 lucem,
1103 4881 1154 4936 si
1178 4877 1324 4936 forte
1339 4875 1635 4952 contingat
1656 4875 1717 4936 id
1746 4875 1989 4950 reperiri

341 4952 496 5008 inter
521 4952 742 5022 scripta
761 4953 1016 5023 ejusdem
1041 4951 1280 5009 inedita.
1359 4990 1361 4992 -

411 5025 492 5080 Ex
533 5021 692 5080 hisce
733 5021 916 5096 igitur
962 5023 1124 5080 Actis
1168 5029 1558 5096 martyrumta
1594 5021 1990 5096 Bosio,‘Seve-

343 5109 500 5165 rana,
533 5103 588 5152 et
615 5093 898 5167 Aringhio
927 5096 1245 5167 productis,
1275 5093 1366 5167 SS.
1413 5093 1650 5167 Rttiinae,
1681 5107 1746 5167 ac
1763 5093 1993 5167 Secun—

339 5167 458 5239 dae,-
480 5163 581 5224 nec
605 5181 715 5224 non
732 5163 822 5224 SS.
849 5163 1037 5238 Marii,
1063 5167 1318 5239 Marthae,
1338 5163 1610 5239 Audiiax.
1636 5171 1692 5221 et
1714 5163 1988 5239 Abacum,

316 5266 320 5270 -
339 5239 391 5296 si
423 5235 488 5296 ea
508 5245 912 5310 comparentur
932 5235 1062 5296 cum
1082 5235 1320 5310 Tabulis
1336 5237 1473 5309 Agri
1497 5235 1755 5304 Romani,
1771 5240 1836 5310 et
1861 5249 1990 5310 cnm

342 5311 580 5382 scriptis
608 5307 784 5368 editis
819 5311 890 5367 ab
934 5309 1338 5382 eruditissimo
1383 5307 1593 5365 nostra:
1633 5307 1819 5364 aetatis
1865 5307 1992 5382 viro

341 5379 626 5449 Fabretto,
672 5383 929 5439 omnium
957 5380 1408 5453 diligentissime
1441 5384 1662 5453 versato
1683 5384 1855 5453 atque
1893 5379 1992 5434 in-

343 5457 497 5524 tento
525 5453 584 5510 in
607 5452 1019 5524 perlustranda
1037 5450 1268 5524 regione
1293 5450 1721 5524 suburbicaria,
1764 5450 1994 5524 videtur

341 5521 854 5598 mihi-‘.cogi§tfmari
889 5521 1128 5598 positus
1176 5524 1282 5580 viai
1324 5521 1621 5598 Corneliis,
1661 5521 1715 5598 _a'
1750 5521 1995 5598 vetustis

341 5590 1180 5668 iiisbti‘ptiaﬁibus‘ji'ndicatus
1229 5595 1416 5668 media
1464 5590 1616 5651 loco'
1657 5593 1807 5650 inter
1847 5595 1995 5646 viam

891 5651 1184 5742 Aureliae
1209 5667 1370 5735 duas,
1410 5671 1638 5742 veterem
1675 5680 1740 5720 ac
1776 5680 1994 5734 novam,

344 5737 447 5793 nec
469 5739 580 5792 non
613 5735 896 5794 indicatio
925 5737 1188 5808 martyrii
1218 5752 1284 5796 ac
1324 5736 1636 5794 cremeterii
1665 5743 1994 5793 sanctorum

345 5808 888 5884 hi_c_deSCri_ptorum
917 5814 1048 5884 apte
1071 5810 1400 5884 designari:
1437 5808 1793 5884 gged‘etiam
1815 5817 1997 5878 appa—

346 5879 580 5952 rebitex
600 5879 1074 5938 adnotationibus
1097 5879 1755 5952 proiimisad’Willelmi
1778 5882 1996 5937 textum

345 5950 416 6006 de
436 5957 624 6022 porta,
651 5956 703 6008 et
727 5954 818 6008 aia
847 5953 1102 6009 Aurelia.

2132 609 2310 661 sancti
2351 608 2637 661 Pancratii
2662 605 2903 672 dicitur,
2927 610 3033 661 etc.
3069 607 3139 660 Et
3191 607 3252 658 in
3293 605 3490 673 quinta
3539 611 3758 661 sanctus

2112 678 2401 732 Basilides.
2452 679 2776 734 Duadecima
2806 679 2956 732 intra
2991 677 3182 732 Urbem
3203 677 3468 731 milliaria
3496 678 3556 731 in
3584 683 3760 732 mante

2113 748 2272 804 Cazlio
2295 751 2474 804 sancti
2508 752 2764 819 Joannes,
2809 753 2857 802 et
2899 749 3126 804 Paulus.
3155 750 3216 819 In
3263 747 3368 804 hoc
3407 753 3570 819 textu
3599 748 3761 804 Wil-

2114 819 2266 877 lelmi
2299 821 2690 890 interpunctio
2726 817 3025 876 manifeste
3071 818 3270 875 vitiata
3292 817 3502 890 turbat
3527 833 3759 876 sensum

2110 905 2175 963 ac
2206 889 2662 963 tapographiam.
2695 891 2796 948 Sed
2829 898 3022 962 parata
3054 896 3140 946 est
3165 889 3460 946 restitutio
3492 891 3760 963 genuina

2113 959 2399 1032 lectionis,
2450 959 2631 1034 quam
2672 959 2865 1019 crasso
2895 963 3201 1034 admodum
3233 974 3426 1034 errore
3475 959 3758 1034 subvertit

2108 1035 2290 1104 editio
2309 1032 2844 1100 Franc'ofurdensis,
2865 1033 2948 1090 vel
2966 1033 3142 1090 codex
3166 1032 3317 1088 unde
3333 1033 3442 1104 ista
3458 1033 3758 1104 desumpta

2109 1103 2244 1161 fuit.
2277 1108 2434 1162 Mens
2462 1111 2584 1162 erat
2613 1106 2940 1176 scriptoris,
2969 1119 3006 1176 a
3031 1110 3194 1175 porta
3221 1103 3455 1176 Aurelia
3487 1117 3586 1174 per
3609 1105 3758 1160 viam

2107 1178 2502 1246 cognominem
2537 1175 2895 1246 procedentis
2915 1175 2982 1231 ad
3012 1189 3211 1246 agrum
3242 1175 3580 1245 Romanum,
3607 1189 3760 1232 enu-

2108 1261 2326 1304 merare
2348 1255 2474 1318 post
2495 1254 2742 1318 quatuor
2761 1248 3033 1304 ecclesias
3057 1246 3366 1302 viciniores
3382 1247 3555 1318 etiam
3579 1247 3760 1316 quin-

2107 1324 2220 1373 tam
2251 1332 2320 1375 ex
2350 1317 2700 1390 praecipuis,
2735 1334 2862 1391 quae
2915 1319 2974 1374 in
3029 1317 3470 1391 progressuvite
3512 1318 3761 1373 Aureliae

2105 1397 2439 1457 occurrunt,
2468 1398 2523 1446 et
2556 1389 2861 1460 memoria,
2911 1394 3013 1448 aut
3042 1389 3388 1460 cmmeteriis
3419 1394 3756 1460 martyrum,

2106 1475 2370 1518 eorumve
2393 1462 2664 1532 reliquiis
2682 1459 3048 1518 decorantur.
3071 1459 3256 1529 Quare
3286 1459 3584 1530 prioribus
3608 1473 3759 1532 qua-

2106 1533 2240 1587 tuor
2269 1531 2570 1589 recensitis
2596 1533 2826 1590 subdit:
2869 1539 2918 1589 et
2937 1537 2996 1586 in
3019 1535 3214 1602 quinta
3235 1537 3455 1587 sanctus
3487 1531 3758 1586 Basilides

2104 1603 2418 1675 duodecima
2461 1611 2617 1659 extra
2659 1607 2851 1659 Urbem
2896 1603 3018 1675 (seu
3047 1607 3198 1670 infra
3262 1603 3473 1665 Urbem,
3516 1609 3579 1658 ut
3621 1609 3761 1658 mtas

2107 1674 2206 1731 illa
2239 1674 2470 1746 ferebat)
2513 1677 2794 1730 milliaria.
2839 1675 3128 1746 Completa
3184 1675 3519 1746 recensione
3559 1679 3763 1746 porta-

2102 1760 2252 1807 rum,
2280 1753 2336 1802 et
2365 1745 2586 1804 viarum
2616 1757 2775 1802 extra
2806 1747 3006 1802 Urbem
3040 1745 3384 1802 cmmeteriis
3413 1745 3756 1816 insignium,

2102 1817 2386 1873 transibat
2407 1818 2474 1873 ad
2504 1821 2887 1874 enumeranda
2914 1819 3252 1879 sanctuaria,
3287 1823 3352 1873 ut
3402 1817 3523 1887 ipse
3564 1816 3761 1872 nomi-

2103 1894 2219 1954 nat,
2263 1890 2513 1945 Romana
2563 1889 2715 1944 intra
2745 1889 3026 1945 ambitum
3077 1902 3396 1953 murorum,
3429 1894 3486 1944 et
3535 1901 3760 1958 pomm—

2101 1960 2252 2016 rium
2282 1960 2452 2016 Urbis
2479 1961 2682 2030 posita.
2711 1960 2898 2030 Quare
2936 1974 3135 2016 novam
3187 1959 3485 2030 periodum
3531 1958 3762 2014 consti—

2101 2035 2274 2088 tuunt
2300 2031 2400 2088 illa
2433 2032 2598 2088 verba
2623 2034 2690 2087 In
2715 2038 2892 2088 monte
2918 2032 3078 2088 Caelia
3116 2036 3247 2085 sunt
3276 2035 3544 2099 martyres
3585 2031 3756 2084 Joan-

2097 2118 2212 2168 nes,
2261 2109 2312 2159 et
2349 2105 2554 2158 Paulus
2578 2107 2639 2158 in
2677 2119 2779 2158 sua
2825 2105 3000 2168 domo,
3041 2119 3162 2172 qua:
3210 2105 3362 2170 facta
3413 2107 3492 2158 est
3537 2101 3763 2156 ecclesia

2095 2179 2218 2242 post
2245 2191 2428 2229 eorum
2453 2178 2802 2243 martyrium,
2830 2183 2962 2246 etc.,
2998 2189 3123 2246 quae
3152 2173 3322 2230 verba
3357 2173 3500 2246 male
3560 2172 3766 2228 inclu—

2098 2249 2250 2316 serat
2280 2251 2474 2302 textus
2506 2247 2740 2316 periodo
2789 2243 3158 2316 praecedenti:
3191 2258 3375 2314 neque
3399 2243 3556 2316 enim,
3578 2256 3762 2316 mons

2096 2315 2332 2386 Caelius,
2360 2321 2417 2372 et
2447 2314 2658 2373 titulus
2685 2314 3046 2373 SS.'Joannis
3087 2321 3145 2372 et
3186 2316 3368 2386 Pauli,
3417 2315 3488 2371 ad
3531 2314 3760 2386 Clivum

2096 2387 2296 2442 Scauri
2338 2395 2584 2454 erectus,
2616 2394 2673 2443 et
2725 2387 3068 2444 umbilicum
3127 2385 3298 2441 Urbis
3348 2385 3761 2456 propemodum

2096 2457 2404 2528 attingens.
2433 2457 2680 2514 indicari
2723 2471 2976 2528 unquam
3019 2462 3202 2528 potest
3247 2457 3559 2512 duodecimo
3605 2458 3764 2511 intra

2103 2527 2296 2581 Urbem
2324 2528 2606 2582 milliaria.

2167 2597 2400 2653 Constat
2423 2599 2618 2667 etiam,
2649 2597 2952 2656 lectionem
2991 2597 3114 2654 sola
3149 2597 3620 2668 interpunctione
3652 2610 3766 2654 suo

2101 2667 2226 2742 loco
2254 2671 2521 2742 restituta
2551 2669 3148 2742 integrehreparari,si
3173 2667 3505 2742 observetur
3523 2669 3766 2742 distan—

2100 2739 2180 2796 tia
2210 2741 2522 2796 caemeterii
2546 2741 2596 2796 S.
2632 2739 2906 2797 Basilidis
2935 2742 3027 2796 via
3074 2740 3327 2808 Aurelia,
3370 2753 3540 2808 quam
3589 2741 3761 2810 Beda,

2099 2815 2154 2884 et
2183 2811 2305 2884 Ado
2335 2813 2460 2868 suis
2476 2813 2535 2884 in
2559 2812 2986 2884 Martyrologiis
3007 2819 3297 2884 recensent
3318 2810 3598 2884 milliaria
3632 2819 3762 2866 ter-

2099 2882 2409 2938 tiodecimo
2439 2883 2510 2938 ab
2540 2882 2717 2950 Urbe,
2740 2884 2827 2938 uti
2877 2882 3254 2939 observarunt
3285 2882 3504 2938 laudati
3549 2889 3764 2938 aucto-

2102 2967 2192 3008 res
2218 2954 2406 3008 Romae
2427 2955 2833 3017 subterraneae,
2861 2955 3052 3010 eadem
3083 2953 3407 3009 testimonia
3449 2951 3764 3010 referentes

2098 3023 2202 3096 lib.
2239 3038 2299 3092 ιι,
2333 3038 2456 3096 cap.
2493 3024 2579 3088 l5.
2613 3024 2742 3082 n.5.
2768 3029 3116 3088 Enumerant
3139 3025 3345 3080 hicum
3371 3025 3518 3080 Beda
3540 3023 3764 3096 Basili—

2097 3095 2198 3168 des
2227 3097 2394 3168 duos,
2450 3099 2724 3168 martyrio
2753 3097 2984 3153 affectos
3014 3097 3101 3153 via
3141 3096 3409 3168 Aurelia:
3446 3095 3760 3168 Basilidem

2099 3167 2208 3224 sub
2231 3166 2566 3239 Aureliano,
2595 3166 2763 3238 cujus
2791 3169 3002 3225 natalis
3031 3169 3157 3224 dies
3177 3167 3502 3224 celebratur
3516 3180 3582 3239 iv
3617 3166 3759 3224 Idus

2096 3239 2277 3304 Junii,
2310 3253 2439 3295 cum
2467 3237 2642 3296 sociis
2668 3237 2933 3309 Tripode,
2960 3239 3238 3308 mandale,
3271 3245 3445 3309 atque
3477 3237 3614 3293 aliis
3660 3239 3758 3294 vi—

2100 3309 2271 3380 ginti,
2290 3317 2354 3382 et
2385 3312 2690 3368 Basilidem
2720 3311 2987 3382 alterum,
3015 3326 3146 3377 cum
3168 3309 3402 3382 Cyrino,
3431 3309 3762 3382 Nabore,et

2098 3381 2341 3464 y‘azario
2354 3384 2769 3464 coronatumin
2792 3383 3192 3464 persecutione
3205 3381 3548 3464 piacletiani
3565 3381 3692 3464 prid
3705 3381 3763 3438 ie

2098 3451 2447 3524 IdusJunii.
2494 3455 2742 3510 Secundi
2789 3451 2967 3524 hujus
3011 3454 3304 3522 Basilidis,
3351 3466 3417 3508 ac
3462 3451 3762 3524 sociorum

2098 3523 2293 3650 Bassio
2318 3525 2696 3596 consignatur
2722 3523 2926 3596 quinto
2955 3525 3026 3581 ab
3055 3525 3204 3582 Urbe
3235 3523 3447 3594 lapide,
3492 3523 3574 3578 ita
3599 3524 3762 3580 scri-

2137 3600 2265 3650 ente
2290 3595 2468 3650 Beda:
2503 3599 2682 3650 Romae
2698 3599 2789 3650 via
2819 3597 3052 3650 Aurelia
3071 3598 3334 3650 milliaria
3357 3597 3547 3650 quinto
3566 3597 3761 3650 nassio

2137 3600 2265 3650 ente
2290 3595 2468 3652 Beda:
2503 3599 2682 3652 Roma
2698 3595 2789 3651 via
2819 3597 3052 3652 Aurelia
3071 3598 3334 3651 milliaria
3357 3597 3547 3664 quinto
3564 3597 3761 3664 passio

2098 3665 2202 3720 SS.
2235 3667 2546 3734 Martyrum
2591 3669 2877 3734 Basilidis,
2925 3669 3136 3738 Cyrini,
3181 3668 3437 3730 Nabaris,
3477 3667 3754 3738 Nazarii:

2099 3753 2332 3806 quorum
2365 3741 2637 3796 Naborem
2683 3746 2734 3796 et
2772 3735 3076 3798 Nazarium
3102 3735 3268 3794 simul
3309 3754 3429 3794 cum
3481 3735 3762 3805 Gargonio

2097 3813 2338 3878 martyre
2359 3813 2647 3866 transtulit
2682 3829 2717 3866 a
2763 3814 2930 3868 Roma
2977 3814 3038 3866 in
3081 3811 3320 3866 Galliam
3357 3809 3763 3876 Gradegandus

2097 3881 2349 3936 Metensis
2393 3885 2692 3952 episcopus,
2720 3883 3264 3952 permittente_Paulo
3301 3896 3452 3950 papa
3478 3881 3758 3952 Romano,

2095 3966 2242 4022 anno
2278 3949 2584 4007 Daminicai
2614 3949 3023 4009 Incarnatianis
3051 3949 3180 4022 765,
3229 3949 3491 4022 etc:,’cui
3521 3949 3763 4022 astipu-L

2098 4021 2294 4094 iantur
2343 4023 2751 4094 martyrolagia
2807 4021 3166 4094 Rhebanihet
3212 4021 3470 4094 Notkeri,
3527 4021 3758 4093 aliique

2097 4092 2426 4162 scriptores.
2457 4090 2683 4147 P‘rioris‘
2709 4105 2842 4148 vero
2866 4090 3163 4162 Basilidis,
3194 4098 3250 4147 et
3280 4091 3570 4162 sociorum
3603 4090 3766 4149 nata-

2098 4161 2208 4218 lem
2233 4161 2409 4224 diem.
2453 4167 2511 4218 et
2548 4162 2736 4218 locum
2783 4162 3119 4218 certaminis
3154 4161 3244 4218 ita
3275 4161 3532 4219 referunt
3581 4165 3758 4222 iidem

2099 4232 2264 4298 Beda,
2311 4239 2369 4288 et
2396 4233 2519 4288 Ado
2549 4235 2616 4288 ad
2655 4247 2710 4288 tv
2767 4233 2902 4289 Idus
2947 4233 3129 4290 Junii.
3173 4237 3352 4290 Romae
3395 4236 3487 4288 via
3520 4235 3764 4292 Aurelia

2100 4304 2464 4376 tertiodecimo
2523 4305 2730 4359 natalis
2771 4309 3083 4360 sanctarum
3141 4305 3426 4368 Basilidis,
3477 4307 3758 4376 Tripadis.

2101 4381 2152 4433 et
2172 4375 2456 4430 Mandalis
2473 4377 2572 4430 sub
2587 4377 2893 4431 Aureliano
2909 4379 3232 4446 imperatore
3247 4379 3472 4432 Platone
3494 4375 3758 4446 praeside,

2101 4453 2150 4503 et
2169 4447 2404 4501 aliarum
2431 4449 2634 4516 viginti
2656 4453 2981 4515 martyrum.
3003 4450 3130 4504 Pari
3163 4449 3236 4505 ab
3273 4447 3420 4504 Urbe
3466 4449 3762 4506 distantia

2104 4521 2164 4578 iu
2188 4519 2448 4591 proxima
2488 4519 2854 4591 viaeCarnel-ia
2883 4527 3212 4576 excavatum
3242 4520 3486 4591 legimus
3526 4523 3766 4576 Arena-

2099 4589 2267 4653 rium,
2296 4589 2398 4646 ubi
2427 4589 2694 4646 decollati
2723 4598 2778 4646 et
2799 4591 3017 4647 conditi
3041 4598 3178 4648 sunt
3207 4589 3446 4661 Marius,
3479 4590 3759 4662 Audifax,

2099 4670 2156 4722 et
2182 4661 2456 4734 Abacum,
2491 4667 2557 4718 ut
2585 4676 2652 4718 ex
2697 4662 2998 4734 codicibus
3025 4663 3354 4720 earumdem
3379 4661 3516 4734 Acta
3551 4661 3750 4732 eXpri-'

2101 4733 2411 4802 mentibus,
2443 4733 2831 4803 Lateranensi,
2864 4733 3157 4796 Vaticano,
3191 4740 3250 4791 et
3267 4734 3324 4804 S,
3351 4733 3615 4802 Caeciliae,
3643 4735 3764 4790 ad-

2101 4812 2301 4864 notant
2329 4805 2964 4876 smpelaudattBosius,
2995 4805 3327 4862 Severanus.
3361 4810 3418 4860 et
3458 4805 3767 4876 Aringhus

2101 4879 2204 4936 lib.
2241 4890 2302 4948 ii,
2335 4873 2460 4948 cap.
2494 4876 2582 4945 i6,
2608 4891 2664 4932 n.
2694 4873 2749 4932 7.
2783 4879 2890 4933 Via
2920 4877 3170 4948 Cornelia
3189 4877 3452 4932 milliaria
3469 4873 3634 4930 tertio
3653 4877 3746 4932 de-

2099 4954 2236 5007 cima
2261 4947 2336 5003 ad
2363 4949 2644 5018 Nymphas
2669 4952 2794 5002 cata
2836 4949 3022 5003 Bassi.
3075 4947 3183 5004 Ubi
3227 4961 3359 5003 vero
3410 4949 3769 5018 quaerendus

2100 5020 2780 5102 _sit_locus_ad.l\_lymplias
2801 5024 2934 5102 cata
2961 5021 3142 5082 Bassi,
3183 5019 3543 5102 addiscimus
3565 5031 3635 5074 ex
3658 5019 3774 5102 Ia-

2100 5092 2257 5152 bulis
2278 5091 2500 5148 archivi
2527 5090 2785 5147 basilicae
2801 5090 3120 5162 Vaticana;
3149 5103 3300 5162 quas
3313 5103 3448 5162 cum
3473 5090 3782 5162 inspexis-

2102 5171 2188 5222 set
2229 5161 2852 5234 Grimaldustreperit
2900 5161 2960 5234 in
3007 5160 3422 5219 donationibus
3453 5163 3510 5234 S.
3552 5160 3776 5222 Leonis

2101 5235 2323 5306 Quarti,
2357 5232 3055 5306 latifundiumCatabassi
3082 5234 3259 5306 situm
3308 5245 3434 5306 esse
3461 5232 3520 5286 in
3569 5239 3776 5292 castro

2094 5303 2258 5364 dicto
2281 5307 2510 5360 Bucceia
2554 5310 2697 5360 teste
2734 5303 3061 5360 Martinello
3111 5305 3167 5360 in
3209 5317 3314 5360 sua
3357 5305 3534 5359 Roma
3591 5317 3772 5362 sacra

2104 5392 2231 5450 pag.
2275 5373 2418 5432 397:
2457 5377 2734 5450 Nympha,
2779 5375 2993 5446 inquit,
3041 5377 3329 5450 Catabassi
3357 5380 3475 5450 erat
3516 5380 3780 5450 castrum

2101 5446 2341 5508 Bucceiw
2378 5465 2412 5502 α
2453 5447 2518 5503 S.
2556 5447 2727 5502 Leone
2759 5451 2957 5517 quarta
2998 5449 3326 5502 monasterio
3367 5446 3561 5501 Sancti
3598 5447 3781 5500 Mar-—

2104 5523 2229 5589 tini,
2260 5519 2528 5590 spectanti
2555 5519 2632 5572 ad
2651 5519 2934 5574 basilicam
2969 5521 3316 5585 Vaticanum,
3354 5517 3784 5590 donati,__quod

2105 5585 2261 5646 hodie
2285 5585 2601 5660 opulentum
2623 5595 2700 5648 est
2717 5590 3318 5660 pradiumgrubrarum
3363 5595 3521 5644 terra
3536 5585 3670 5660 7750,
3698 5598 3784 5647 ut

2103 5665 2286 5732 inquit
2313 5657 2662 5716 Erimaldus.
2705 5657 2776 5716 Et
2817 5658 2914 5716 fol.
2962 5657 3084 5730 424,
3127 5673 3302 5732 agens
3327 5660 3400 5716 de
3429 5659 3673 5716 ecclesia
3703 5663 3782 5718 S.

2101 5737 2152 5790 1.
2176 5732 2448 5804 Calybite
2471 5733 2590 5788 ait:
2619 5733 2710 5787 Ea:
2735 5733 2913 5800 fundo
2946 5732 3070 5786 basi
3100 5733 3215 5787 liam
3237 5733 3520 5804 Vaticana
3532 5732 3789 5804 Bueeeia

2105 5803 2438 5874 nuncupata,
2465 5808 2689 5873 eratque
2712 5805 2806 5859 via
2831 5804 3082 5860 Cornelia
3113 5807 3268 5860 tertio
3294 5803 3498 5859 decimo
3517 5803 3589 5857 ab
3625 5803 3792 5864 Urbe

2105 5877 2369 5932 milliaria
2399 5875 2502 5930 huc
2532 5875 2804 5930 translata
2845 5875 3072 5940 fuerunt
3087 5890 3312 5946 corpora
3330 5874 3433 5930 SS.
3458 5878 3794 5946 martyrum

2107 5950 2298 6014 Marii,
2341 5946 2592 6014 Martha,
2633 5949 2682 6002 et
2721 5947 2962 6016 ﬁliorum
3007 5947 3148 6016 ejus,
3180 5945 3262 6003 ut
3299 5947 3490 6018 scipsit
3530 5945 3792 6004 Iacobus
