3960 6390
280 388 385 449 383

1064 386 1157 443 ΑΙ)
1203 386 1638 444 ANASTASIUM
1687 386 2203 446 PROLEGOMENA
2250 386 2430 443 EDIT.
2482 382 2911 442 ROM.—VATIC.

3587 379 3695 438 384

282 517 570 589 regionem
592 511 1230 589 duodecimamdictam
1269 513 1486 589 Piscina
1508 512 1930 589 pu_tglica,__c.on—
1955 512 2010 572 A
2039 512 2147 589 sub
2171 511 2482 589 Aureliano
2522 508 2783 589 principe
2810 507 2867 562 in
2894 520 3014 589 eam
3039 511 3254 589 partem
3278 507 3455 589 hujus
3485 507 3694 589 _regio—

282 583 395 646 stat
419 603 487 643 ex
513 586 682 644 Urbis
717 583 1110 654 topographia.
1140 584 1334 639 Victor
1368 585 1518 638 inter
1542 584 1658 638 alia
1684 585 1929 640 adiﬁcia

284 659 540 730 regionis
578 655 930 730 duodecima
973 655 1923 730 enumerat__ThermasAntonini:

284 726 605 803 quibusita
632 727 882 782 adharet
919 726 1156 803 crepido
1196 726 1384 803 collis,
1417 733 1471 781 et
1500 726 1754 803 ambitus
1802 742 1932 803 nio-

284 797 543 867 nasterii,
603 805 776 868 atque
826 797 1082 852 ecclesia
1124 797 1180 851 S.
1231 797 1407 867 Saba,
1444 803 1507 853 ut
1535 798 1604 852 ab
1631 798 1930 868 aliquibus

280 873 451 929 Urbis
478 869 850 940 topographis
874 869 1170 940 proximus
1192 869 1404 924 titulus
1423 869 1476 923 S.
1504 869 1770 938 Balbina,
1798 871 1932 927 licet

283 948 340 1001 in
374 939 641 999 Aventini
701 940 845 995 colle
879 939 1234 994 constitutus
1282 941 1475 994 eadem
1521 941 1727 995 acclivi
1776 949 1931 1010 parte

280 1030 409 1073 cum
443 1021 493 1068 ς.
523 1013 686 1076 Saba,
719 1011 950 1066 dicatur
982 1013 1041 1063 in
1067 1011 1308 1064 Thermis
1340 1013 1627 1066 Antonini.
1658 1013 1932 1068 Praterea

282 1100 455 1158 prope
483 1086 753 1158 Thermas
795 1081 1040 1158 easdemA
1063 1087 1283 1149 reperta
1315 1088 1453 1137 sunt
1478 1083 1739 1151 sepulcra
1770 1099 1934 1158 com-

282 1152 469 1230 plura,
489 1164 544 1212 et
564 1156 790 1230 quidem
816 1152 1245 1230 magniﬁcenter
1271 1159 1631 1230 constructa,
1650 1156 1934 1230 pracipue

283 1224 342 1286 in
388 1224 550 1286 vinea
581 1224 880 1282 nobilium
937 1224 1334 1280 marchionum
1366 1225 1436 1280 de
1469 1225 1818 1280 Cavaleriis:
1870 1231 1933 1282 ut

283 1301 450 1373 plane
474 1299 804 1369 colligatur,
835 1299 967 1351 ante
993 1309 1190 1352 novam
1219 1295 1727 1365 ampliﬁcationem
1762 1297 1932 1353 Urbis

2041 585 2134 640 nis
2157 578 2738 650 duodecima'utpote
2771 579 3046 648 pomario
3092 580 3350 636 nundum
3387 578 3692 648 inclusam,

2041 656 2299 726 potuisse
2323 653 2524 709 inferri
2555 653 2855 726 cadavera:
2877 657 3048 718 atque
3075 651 3214 726 adeo
3244 665 3453 726 corpus
3485 651 3541 704 B.
3569 652 3692 726 ‘Ta—

2041 722 2210 783 tiana
2229 726 2337 782 sub
2361 727 2562 780 Severo
2585 723 2901 778 Alexandro
2929 723 3158 777 recondi
3186 723 3442 790 potuisse
3465 722 3698 792 regione

2039 799 2377 855 duodecima
2424 798 2508 851 uti
2540 796 2676 850 Acta
2721 799 3054 860 memorant,
3101 799 3155 848 et
3210 794 3342 848 inde
3392 793 3692 848 transferri

2041 871 2108 925 ad
2165 869 2486 939 proximum
2558 865 2969 939 monasterium
3026 864 3192 919 Cella
3213 879 3425 939 _n_o_va_.
3481 879 3587 939 seu
3636 866 3690 919 S.

2041 935 2219 1002 Saba.
2245 941 2344 996 ubi
2389 943 2584 994 nostra
2613 936 2934 993 emendatio
2983 941 3174 992 textus
3213 935 3498 992 Willelmi
3549 950 3696 991 con-

2043 1012 2258 1068 stituit.

2117 1082 2414 1138 Fidentius
2442 1081 2559 1136 hac
2595 1079 2866 1146 dicerem,
2899 1077 3149 1134 sidatum
3178 1076 3385 1134 fuisset
3412 1078 3696 1149 inspicere

2044 1160 2267 1210 vetusta
2295 1151 2641 1222 exemplaria
2671 1165 2773 1205 ms.
2811 1149 3089 1222 librorum
3125 1150 3689 1208 Malmesburiensis:

2045 1241 2171 1297 qua
2197 1226 2247 1280 si
2296 1221 2512 1297 alicubi
2540 1222 2980 1297 _qui_s_reperiat,
3022 1221 3092 1276 de
3131 1222 3348 1278 nostris
3395 1223 3697 1293 conjectu—

2047 1293 2131 1353 ris
2155 1296 2420 1353 securius
2453 1293 2762 1364 judicabit.

1063 1639 1194 1706 DE
1289 1637 2079 1712 CHRONOLOGIA
2188 1633 2898 1726 PONTIFICIA,

1445 1816 1844 1880 CESAREA
1892 1815 2002 1878 ET
2041 1815 2533 1879 CONSULARI.

347 2149 680 2207 Exhibenda
698 2163 851 2207 nunc
875 2153 962 2207 est
987 2151 1184 2207 brevis
1203 2149 1305 2206 illa
1334 2147 1708 2219 chronologia
1729 2159 1931 2202 consu-
1962 2139 2015 2200 B
2044 2145 2375 2217 consignari
2398 2161 2496 2218 per
2520 2149 2876 2220 consulatus,
2900 2154 2957 2207 et
2979 2163 3077 2220 per
3100 2148 3340 2220 imperia
3364 2147 3693 2219 principum

278 2237 419 2294 laris
445 2245 501 2295 et
530 2241 848 2310 pontiﬁcia,
883 2255 1053 2310 quam
1087 2239 1329 2309 promisi
1363 2243 1802 2294 consecuturum
1831 2248 1931 2306 per

278 2335 528 2397 quatuor
555 2331 748 2400 priora
779 2345 904 2385 ara
920 2329 1264 2385 Christiana
1291 2328 1518 2386 sacula.
1552 2328 1619 2382 ad
1646 2340 1772 2396 qua
1795 2338 1932 2394 per—

279 2418 514 2489 tingunt
556 2420 699 2474 Vita
731 2418 1063 2488 pontiﬁcum
1119 2416 1300 2486 priori
1336 2416 1441 2471 hoc
1481 2421 1633 2470 tomo
1666 2419 1929 2468 notarum

280 2507 538 2562 inclusa.
574 2522 606 2563 a
637 2515 833 2562 sancto
859 2509 1020 2562 Petro
1046 2506 1114 2560 ad
1137 2505 1189 2559 S.
1225 2504 1568 2560 Silvestrum
1597 2502 1720 2570 ejus
1754 2500 1932 2555 nomi-

276 2595 371 2649 nis
416 2596 666 2664 primum
699 2614 710 2648 :
758 2599 928 2664 prout
971 2599 1244 2664 sequente
1277 2598 1427 2647 torno
1453 2591 1747 2647 dabuntur
1785 2587 1932 2642 reli—

278 2681 497 2753 qua(a)
523 2696 554 2737 a
601 2683 655 2737 S.
692 2683 966 2738 Silvestro
1003 2683 1073 2738 ad
1107 2679 1458 2750 Stephanum
1496 2680 1581 2746 VI,
1619 2690 1747 2731 cum
1781 2676 1930 2731 serie

277 2772 594 2835 temporum
630 2766 1024 2836 respondente.
1046 2769 1190 2824 Huic
1207 2772 1391 2823 tamen
1415 2781 1651 2824 summa
1682 2771 1930 2836 quatuor

277 2855 535 2924 priorum
560 2854 899 2910 saculorum
919 2871 1045 2912 ara
1073 2857 1414 2912 Christiana
1440 2871 1544 2912 cur
1573 2854 1931 2926 pramitten-

274 2945 379 2998 dos
425 2944 691 3000 duxerim
750 2958 930 3001 annos
980 2946 1403 3018 quinquaginta
1444 2945 1695 3001 eamdem
1757 2956 1927 2998 aram

273 3031 490 3088 Christi
527 3033 782 3102 proxime
807 3035 1201 3105 pracedentes,
1233 3049 1300 3090 ne
1333 3040 1599 3106 gravetur
1622 3034 1798 3088 lector
1825 3045 1929 3086 ac-

275 3121 465 3190 cipere
504 3135 572 3176 ex
613 3123 706 3177 his
737 3137 862 3193 qua
891 3126 1286 3193 pramonenda
1315 3138 1438 3179 esse
1471 3124 1640 3193 duco,
1672 3123 1742 3178 ad
1784 3135 1930 3176 con-

275 3210 399 3265 silii
434 3211 616 3266 nostri
674 3214 952 3268 rationem
1007 3213 1255 3270 nitidius
1299 3213 1732 3282 declarandam;
1777 3211 1926 3268 unde

279 3299 578 3369 perspicua
626 3301 721 3356 ﬁat
753 3302 1074 3371 methodus,
1099 3307 1154 3356 et
1204 3317 1345 3359 usus
1383 3303 1636 3372 ejusdem
1673 3302 1927 3357 chrono—

276 3388 441 3458 logia
463 3397 843 3461 COgnoscatur
871 3391 1194 3461 dispositus
1223 3392 1287 3446 ad
1329 3391 1643 3461 pleniorem
1686 3389 1845 3446 Libri
1873 3395 1929 3445 et

275 3477 542 3534 Historia
595 3479 950 3536 Pontiﬁcalis
985 3481 1454 3537 illustrationem.

344 3567 657 3623 Videbatur
677 3570 1006 3626 deducenda
1034 3571 1212 3625 series
1237 3571 1412 3640 hujus
1439 3569 1825 3640 chronologia
1855 3568 1923 3623 ad

272 3655 432 3713 Vitas
448 3659 781 3728 pontiﬁcum
801 3661 1186 3716 Romanorum
1207 3661 1641 3716 accommodata
1654 3673 1722 3715 ex
1742 3659 1926 3728 prima

273 3744 608 3804 fundatione
637 3751 903 3806 Romana
933 3751 1108 3822 sedis,
1133 3757 1233 3806 aut
1258 3759 1409 3807 certe
1429 3751 1498 3806 ad
1525 3750 1762 3806 exordio
1787 3750 1926 3804 Vita

272 3835 422 3891 Petri
454 3840 698 3907 apostoli
752 3841 924 3910 primi
955 3841 1209 3909 ejusdem
1253 3841 1530 3912 episcopi,
1566 3840 1725 3910 paria
1751 3837 1926 3894 ferme

273 3921 516 3980 faciente
535 3941 664 3981 cum
700 3928 871 3982 initio
902 3943 1026 3983 ara
1045 3929 1408 3986 Christiana.
1437 3929 1744 3998 Superiora
1771 3927 1924 3981 enim

274 4019 526 4081 tempora
559 4014 696 4069 libri
723 4022 1124 4088 argumentum
1149 4031 1258 4073 non
1283 4017 1539 4088 attingit.
1575 4018 1783 4071 Verum
1809 4029 1926 4082 pero

275 4115 446 4171 penso
489 4103 757 4159 instituto
785 4111 980 4162 nostro
1028 4107 1086 4162 in
1130 4107 1302 4174 notis,
1344 4113 1400 4161 et
1425 4101 1927 4160 observationibus

274 4198 394 4246 tum
431 4192 879 4266 chronologicis,
933 4201 1051 4252 tum
1089 4195 1389 4251 historicis
1437 4192 1506 4246 ad
1546 4191 1711 4245 hasce
1741 4189 1921 4256 Vitas,

273 4296 386 4350 quo
403 4283 736 4340 constituim
750 4299 815 4340 us
842 4292 1113 4353 tempora,
1139 4289 1194 4338 et
1215 4289 1371 4353 gesta
1393 4279 1757 4349 singulorum
1780 4289 1928 4344 pon-

273 4371 491 4426 tiﬁcum
518 4372 843 4441 elucidare;
890 4386 1001 4427 non
1053 4371 1216 4425 modo
1269 4385 1333 4424 ex
1383 4366 1703 4422 assertione
1760 4363 1924 4417 illius

271 4458 724 4527 bibliothecarii,
752 4474 784 4513 a
811 4473 925 4528 quo
968 4459 1086 4512 vita
1125 4457 1525 4528 colligebatur,
1573 4455 1668 4509 sed
1701 4452 1923 4507 cateris

270 4547 442 4601 etiam
458 4547 839 4613 documentis,
855 4559 919 4600 ac
935 4545 1376 4613 probationibus
1388 4543 1680 4614 genuinis,
1701 4541 1924 4597 ﬁrman-

270 4634 450 4705 tibus,
469 4641 524 4690 et
543 4635 971 4690 declarantibus
987 4641 1301 4703 temporum
1316 4634 1691 4702 characteres,
1707 4631 1920 4688 ibidem

272 4726 604 4795 recensitos,
639 4730 693 4780 et
750 4723 1012 4779 historia
1069 4723 1288 4778 indicia
1339 4723 1538 4778 leviter
1578 4722 1917 4793 perstricta;

272 4815 640 4884 perspicuum
677 4814 774 4870 ﬁet
793 4813 1063 4869 debuisse
1099 4826 1198 4882 per
1219 4826 1323 4869 nos
1345 4811 1523 4882 repeti
1546 4811 1730 4866 solida
1752 4811 1921 4866 docu-

274 4910 460 4960 menta
510 4911 851 4974 temporum,
900 4917 965 4959 ac
1033 4907 1321 4974 gestorum
1381 4915 1448 4956 ex
1497 4900 1918 4971 quinquaginta

273 4993 472 5048 saltem
535 4994 705 5050 annis
751 5007 921 5050 aram
979 4992 1195 5048 Christi
1247 5004 1602 5048 communem
1667 4989 1923 5058 proxime

272 5081 727 5151 pracedentibus
757 5103 768 5138 :
800 5097 926 5154 qua
953 5096 1158 5140 nexum
1185 5080 1393 5137 habent
1424 5078 1767 5149 peculiarem
1792 5091 1921 5132 cum

271 5171 643 5244 chronologia
664 5179 720 5228 et
741 5173 983 5228 historia
1008 5173 1376 5243 pontiﬁcatus
1401 5168 1633 5223 maximi
1657 5167 1923 5222 Ecclesia

270 5261 509 5331 Christi,
534 5270 589 5317 et
609 5277 736 5318 cum
755 5263 932 5334 gestis
951 5269 1122 5332 atque
1148 5257 1578 5316 characteribus
1605 5264 1919 5327 temporum

275 5351 425 5404 intra
456 5352 908 5423 quadringentos
934 5353 1159 5408 eosdem
1195 5363 1377 5405 annos
1417 5362 1450 5404 a
1479 5348 1739 5403 Vitarum
1773 5347 1922 5403 ista—

276 5452 401 5493 rum
428 5441 811 5507 scriptoribus
835 5442 1172 5497 enuntiatis.

342 5527 780 5598 Chronologiam
841 5531 991 5585 enim
1061 5529 1211 5600 quod
1253 5528 1484 5597 attinet,
1561 5526 1746 5597 palam
1811 5531 1915 5593 est,

274 5615 517 5686 epochas
543 5614 907 5685 singulorum
953 5617 1288 5687 pontiﬁcum
1342 5622 1452 5672 tam
1488 5616 1545 5672 in
1575 5622 1734 5672 textu
1761 5616 1921 5670 Ana-

276 5705 460 5776 stasii,
516 5716 687 5776 quam
738 5704 796 5761 in
828 5706 1107 5779 catalogis
1161 5706 1468 5764 Anastasio
1501 5705 1920 5764 vetustioribus

2044 2235 2448 2294 Romanorum.
2483 2239 2585 2294 His
2615 2244 2802 2295 autem
2823 2254 2928 2296 suo
2952 2240 3076 2295 loco
3103 2253 3212 2294 non
3242 2238 3471 2309 positis,
3505 2243 3561 2293 et
3595 2236 3693 2290 illa

2041 2325 2302 2380 excidere
2355 2340 2581 2381 necesse
2632 2326 2796 2396 foret,
2829 2342 2952 2397 qua
2982 2327 3382 2382 consulatibus
3428 2333 3484 2382 et
3525 2325 3694 2380 annis

2038 2412 2322 2468 Casarum
2370 2414 2706 2484 alligantur.
2739 2417 2858 2470 Jam
2897 2430 3027 2471 vero
3061 2417 3143 2470 rei
3174 2416 3520 2485 antiquaria
3549 2429 3696 2470 con-

2041 2499 2218 2555 sultis
2247 2502 2665 2558 decernendum
2709 2503 2996 2574 relinquo,
3032 2517 3167 2558 num
3197 2503 3340 2557 satis
3361 2503 3522 2557 ﬁrma
3552 2518 3696 2558 cen-

2040 2589 2154 2643 seri
2188 2591 2370 2658 possit
2400 2591 2744 2658 consularis,
2791 2599 2846 2647 et
2865 2592 3115 2647 Casarea
3141 2591 3532 2661 chronologia,
3567 2606 3696 2661 qua

2041 2690 2153 2732 non
2182 2680 2521 2750 respondeat
2544 2681 2920 2751 commensui,
2951 2687 3006 2736 et
3038 2680 3539 2736 numerationibus
3566 2693 3695 2750 epo-

2040 2766 2275 2823 charum
2321 2767 2549 2838 publice
2578 2770 2886 2837 institutis,
2916 2777 2969 2825 et
2995 2771 3198 2840 captis
3227 2770 3284 2823 in
3328 2767 3687 2836 civitatibus,

2040 2869 2104 2910 ac
2137 2858 2453 2926 provinciis
2483 2859 2745 2915 Romana
2771 2860 3018 2915 ditionis
3046 2860 3102 2913 in
3134 2859 3291 2926 Asia,
3321 2856 3534 2926 Africa,
3569 2859 3690 2912 Eu-

2039 2961 2176 3016 ropa
2213 2960 2312 3017 per
2356 2961 2538 3004 annos
2584 2949 2718 3005 illos
2750 2949 3175 3020 quinquaginta
3199 2961 3266 3002 ex
3305 2961 3421 3002 avo
3450 2947 3691 3002 Casaris

2037 3035 2341 3091 dictatoris
2370 3037 2439 3092 ad
2463 3038 2762 3093 exordium
2790 3052 2914 3092 ara
2929 3037 3290 3092 Christiana.
3319 3033 3686 3105 Antiocheni,

2037 3130 2092 3179 et
2125 3124 2426 3180 Laodiceni
2464 3127 2522 3181 in
2569 3127 2731 3198 Syria
2764 3141 2934 3182 aram
2984 3125 3224 3182 Casaris
3253 3124 3558 3181 dictatoris
3589 3124 3687 3178 in—

2037 3215 2247 3269 choant
2284 3221 2416 3270 ante
2450 3216 2738 3272 Julianam
2770 3217 3023 3286 ejusdem
3057 3215 3503 3272 ordinationem.
3541 3214 3689 3283 Quot

2039 3303 2097 3358 in
2116 3303 2308 3358 eadem
2331 3305 2625 3373 provincia
2655 3305 2851 3376 Syria,
2882 3310 3022 3376 quot
3054 3305 3111 3359 in
3140 3305 3275 3359 Asia
3302 3304 3508 3358 minori
3539 3308 3595 3357 et
3627 3303 3686 3357 in

2037 3393 2236 3464 Ponto,
2280 3398 2421 3462 quot
2454 3394 2510 3448 in
2555 3393 2769 3462 Africa,
2799 3399 2856 3449 et
2900 3394 2959 3449 in
2989 3395 3213 3463 Europa
3241 3393 3522 3448 instituta
3553 3396 3686 3446 sunt

1959 3482 2008 3543 C
2038 3483 2265 3552 epocha
2316 3496 2383 3538 ex
2434 3484 2665 3538 Actiaca
2732 3483 2976 3539 victoria
3029 3483 3298 3554 Augusti,
3335 3491 3405 3541 et.
3436 3480 3688 3536 nummis

2040 3571 2360 3642 insculpta,
2396 3580 2451 3628 et
2490 3574 2840 3628 continuata
2877 3573 2985 3628 sub
3013 3571 3457 3641 imperatoribus
3481 3583 3687 3625 conse-

2037 3661 2190 3716 cutis
2218 3661 2244 3714 ‘?
2286 3661 2695 3730 Alexandrina,
2747 3672 2803 3716 et
2843 3662 3079 3731 Coptica
3126 3661 3519 3731 ngyptiorum
3551 3670 3683 3726 ara,

2035 3749 2332 3820 Hispanici
2355 3752 2745 3823 Augustorum
2772 3751 2931 3818 anni,
2953 3750 3193 3806 Romani
3228 3746 3687 3820 quinquennales

2037 3839 2181 3910 ludi,
2231 3848 2434 3909 prater
2483 3841 2687 3896 seriem
2730 3841 3153 3910 Olympiadum,
3187 3844 3244 3893 et
3287 3851 3566 3894 annorum
3615 3836 3687 3890 ab

2036 3929 2182 3984 Urbe
2220 3929 2473 4000 condita,
2505 3931 2795 3998 pertinent
2831 3929 2898 3982 ad
2931 3928 3347 3981 ﬁrmamentum
3381 3925 3688 3981 chronolo-

2037 4017 2144 4084 gia
2173 4016 2500 4071 consularis
2528 4023 2582 4071 et
2611 4017 2895 4084 Casarea,
2928 4015 3024 4069 cui
3049 4013 3344 4082 pontiﬁcia
3387 4013 3682 4084 alligatur.

2033 4103 2116 4157 Ad
2153 4103 2384 4157 illarum
2420 4103 2610 4173 igitur
2658 4103 2944 4173 originem
2998 4102 3300 4157 ascendere
3327 4115 3553 4159 necesse
3578 4112 3684 4173 est,

2038 4190 2131 4244 his
2182 4190 2607 4262 quinquaginta
2656 4190 2828 4246 annis
2882 4189 3186 4257 inclusam,
3220 4197 3282 4246 ut
3325 4192 3684 4249 characteres

2036 4283 2354 4347 temporum
2385 4281 2692 4351 exigantur
2715 4280 2784 4335 ad
2829 4279 2993 4336 ﬁdem
3037 4280 3531 4353 documentorum,
3565 4284 3687 4338 sive

2037 4367 2096 4422 in
2141 4367 2562 4438 consulatibus,
2597 4374 2653 4424 et
2702 4369 2982 4441 imperiis,
3040 4371 3160 4425 sive
3206 4371 3264 4425 in
3313 4372 3489 4442 gestis
3537 4386 3686 4441 pon-

2035 4456 2254 4513 tiﬁcum
2307 4457 2425 4513 sint
2485 4459 2814 4515 enuntiati:
2852 4474 2963 4530 quo
3011 4460 3128 4525 ﬁat,
3189 4469 3253 4516 ut
3301 4461 3682 4531 undecunque

2033 4545 2257 4602 ﬁrmata
2282 4552 2535 4618 tempora
2559 4547 2742 4604 basim
2784 4549 3042 4604 historia
3069 4549 3439 4606 substernant
3473 4550 3684 4606 incon-

2031 4649 2275 4691 cussam.

2102 4724 2230 4794 Ipsa
2272 4739 2402 4781 vero
2451 4726 2694 4783 historia
2739 4741 3093 4784 summorum
3152 4727 3486 4798 pontiﬁcum
3535 4728 3681 4784 Novi

2029 4815 2373 4870 Testamenti
2408 4824 2685 4885 quantum
2737 4816 2978 4872 luminis
3007 4823 3302 4873 mutuetur
3330 4830 3360 4871 a
3390 4818 3680 4886 supremis

2032 4903 2154 4958 illis
2193 4901 2501 4959 annalibus
2547 4905 2903 4960 sacerdotum
2952 4905 3159 4959 veteris
3219 4905 3382 4975 legis,
3431 4906 3529 4975 qui
3585 4919 3683 4974 per

2028 4992 2340 5049 dimidium
2372 4993 2644 5048 saculum
2665 4994 2992 5064 pracedunt
3021 4994 3291 5063 epocham
3317 4994 3557 5060 Christi,
3584 5008 3684 5049 re-

2033 5087 2231 5152 putare
2289 5084 2691 5153 unusquisque
2741 5089 2943 5152 potest,
2972 5083 3315 5152 comparatis
3342 5084 3584 5152 Hyrcani
3616 5099 3682 5139 ac

2031 5185 2424 5226 successorum
2467 5173 2643 5243 gestis
2685 5171 2982 5240 aJosepho
3032 5171 3265 5226 traditis
3309 5172 3416 5226 sub
3454 5172 3682 5228 diverso

2029 5260 2320 5315 variorum
2346 5261 2673 5329 principum
2693 5261 3013 5329 dominatu,
3059 5261 3158 5330 qui
3193 5275 3292 5330 per
3312 5274 3434 5317 eam
3457 5268 3680 5318 atatem
3727 5263 3730 5268 ’

2029 5350 2299 5418 Judaam,
2349 5356 2404 5404 et
2449 5348 2728 5405 ﬁnitimos
2783 5355 3000 5404 tractus
3037 5349 3358 5418 obtinuere,
3405 5363 3533 5405 cum
3583 5351 3678 5421 iis,

2031 5451 2156 5509 qua
2169 5437 2426 5507 proxime
2437 5438 2804 5508 contigerunt
2820 5438 3088 5493 maximis
3105 5437 3502 5494 sacerdotibus
3523 5439 3685 5495 Chri-

2029 5527 2230 5580 stiana
2256 5525 2544 5594 Ecclesia,
2571 5525 2829 5597 legitima
2853 5528 3217 5582 successione
3244 5527 3303 5581 in
3328 5527 3579 5582 Romana
3597 5542 3682 5583 ca-

2028 5615 2230 5670 thedra
2260 5615 2409 5670 Petri
2444 5614 2655 5684 locum,
2680 5622 2736 5671 et
2761 5617 3144 5686 apostolatum
3169 5615 3414 5686 adeptis.
3445 5617 3679 5673 Attendi

2028 5705 2218 5777 velim,
2264 5701 2324 5760 in
2401 5703 2503 5760 illa
2554 5703 2756 5761 umbra
2800 5707 3039 5762 Levitici
3083 5705 3413 5776 sacerdotii,
3466 5710 3681 5763 tantam

344 5888 417 5958 (a)
445 5889 816 5947 Posteriorem
861 5891 1005 5947 hanc
1051 5891 1502 5967 chronOIOgiam,
1531 5891 1735 5963 priori,
1762 5889 2014 5947 Lectoris
2039 5888 2242 5960 gratia,
2270 5888 2986 5960 appositam,exhibemus.
3026 5891 3176 5945 Eon.
