3960 6422
256 397 366 457 385

1209 396 1301 453 DE
1337 393 1682 452 CHRONOL.
1722 392 1992 452 PONTIF.
2034 392 2294 464 QESAR.
2331 392 2418 449 ET
2455 390 2742 450 CONSUL.

3585 397 3692 458 386

254 521 503 579 emicare
521 520 872 590 majestatem
892 518 1201 592 dignitatis
1217 521 1389 593 regia
1411 533 1595 591 usque
1615 519 1685 576 ad
1718 521 1914 574 extre-
1946 524 2006 587 Α
2023 519 2215 576 tudini
2240 519 2443 591 praire
2458 520 2814 577 attendimus
2839 533 3052 578 morem
3077 536 3188 579 non
3205 523 3556 583 dissimilem
3577 529 3691 583 Ec-

257 625 347 667 ma
400 616 656 680 tempora
709 623 1104 666 successorum
1161 609 1428 680 Aaronis,
1488 609 1640 664 intra
1687 609 1908 664 eosdem

253 714 435 757 annos
461 699 884 770 quinquaginta
913 713 1212 770 supremos
1238 699 1456 754 Christi
1481 698 1778 754 veritatem
1810 711 1912 753 sua

258 789 443 861 ﬁgura
473 790 864 861 enuntiantes,
904 795 968 846 ut
996 794 1219 846 constet
1257 790 1579 860 Hyrcanum
1625 801 1912 844 summum

256 879 605 950 pontiﬁcem,
648 879 786 935 licet
825 880 1117 950 captivum
1161 893 1195 935 a
1237 879 1466 935 Parthis
1525 879 1842 948 detentum,
1883 889 1914 930 a

255 969 469 1025 Judais
494 976 680 1025 tamen
711 970 769 1024 in
795 969 990 1025 eadem
1022 969 1356 1038 captivitate
1381 983 1512 1024 cum
1543 967 1646 1023 illo
1676 979 1917 1022 versan-

259 1058 417 1114 tibus
445 1059 532 1115 cis
559 1063 616 1114 et
661 1059 812 1114 ultra
857 1059 1226 1130 Euphratem,
1276 1071 1388 1114 non
1436 1071 1604 1114 secus
1654 1055 1915 1112 habitum

257 1146 458 1220 fuisse,
489 1163 658 1220 quam
689 1161 896 1220 regem,
926 1154 992 1204 ut
1013 1148 1258 1205 historia
1282 1147 1514 1218 Josephi
1545 1146 1762 1202 diserte
1793 1158 1920 1200 me—

259 1247 437 1294 morat
473 1238 624 1295 libro
652 1253 723 1293 xv
749 1238 1065 1310 Antiquit.,
1098 1252 1222 1309 cap.
1259 1235 1282 1293 l
1313 1243 1370 1293 et
1397 1236 1454 1307 2,
1490 1237 1550 1291 in
1585 1236 1688 1291 hac
1721 1238 1916 1290 nostra

257 1328 638 1399 Chronologia
679 1328 934 1384 indicato
971 1329 1040 1383 ad
1077 1341 1292 1383 annum
1332 1326 1552 1382 Christi
1587 1320 1676 1381 38.
1723 1327 1920 1381 Lucu-

258 1417 473 1472 lentius
490 1423 678 1474 autem
701 1423 938 1488 apparet
957 1432 1024 1474 ex
1037 1417 1273 1487 juribus
1289 1430 1355 1472 ac
1371 1415 1567 1471 titulis
1589 1414 1918 1470 ethnarcha

261 1506 410 1562 inter
454 1520 610 1578 suos,
652 1512 711 1562 et
753 1505 1006 1578 foederis,
1048 1520 1114 1562 ac
1152 1505 1450 1563 societatis
1494 1519 1626 1560 cum
1668 1503 1919 1558 Romana

258 1595 554 1664 republica
581 1596 693 1666 ipsi
723 1597 1014 1652 concessis
1042 1600 1161 1652 tum
1188 1610 1220 1651 a
1246 1599 1468 1665 senatu,
1500 1598 1621 1649 tum
1644 1606 1677 1648 a
1700 1592 1919 1648 Casare

257 1685 560 1757 dictatore,
609 1687 810 1742 relatis
835 1686 902 1741 ad
937 1699 1153 1741 annum
1199 1691 1331 1740 ante
1359 1697 1528 1739 aram
1569 1681 1791 1738 Christi
1823 1678 1914 1750 49,

257 1786 324 1830 ex
349 1776 546 1831 eodem
573 1776 853 1845 Josepho:
885 1776 964 1830 ita
991 1781 1055 1831 ut
1083 1773 1341 1845 pontifex
1369 1773 1657 1829 maximus
1685 1771 1920 1827 Judao—

2029 608 2219 665 clesia
2248 609 2518 677 Iudaica,
2567 609 2871 666 collectum
2917 625 2984 666 ex
3028 611 3354 670 Annalibus
3384 628 3416 670 a
3443 616 3687 686 Josepho

2026 698 2282 767 ejusdem
2310 699 2619 769 sacerdote,
2647 702 2820 770 atque
2847 699 3128 757 historico
3155 702 3262 757 sub
3288 703 3412 772 ipsa
3434 709 3686 775 tempora

2027 788 2440 858 apostolorum.
2489 789 2541 843 Is
2585 789 2738 844 enim
2788 790 3060 858 epocham
3107 792 3492 860 pontiﬁcalem
3538 796 3690 865 Hyr-

2025 877 2153 932 cani
2175 878 2243 933 ad
2262 890 2346 946 ea,
2368 891 2494 947 qua
2509 877 2788 948 diximus,
2817 886 3070 948 tempora
3093 882 3440 949 pertinentis
3458 884 3538 939 ita
3560 898 3690 940 con-

2026 967 2218 1040 signat
2244 981 2343 1036 per
2367 967 2704 1024 consulatus
2727 968 2988 1024 historia
3011 984 3129 1024 sua
3153 969 3256 1024 lib.
3284 985 3436 1042 XIIII,
3461 987 3584 1043 cap.
3617 972 3638 1029 4
3672 993 3684 1030 :

2027 1056 2159 1111 Cum
2179 1059 2352 1125 igitur
2368 1061 2746 1129 pontiﬁcatum
2768 1062 3061 1128 accepisset
3083 1062 3377 1128 Hyrcanus
3399 1079 3545 1118 anno
3571 1069 3689 1118 ter-

2025 1149 2100 1201 tio
2119 1149 2375 1217 septima,
2402 1164 2466 1202 ac
2491 1152 2900 1218 septuagesima
2919 1165 3092 1219 supra
3117 1154 3464 1207 centesimam
3494 1154 3689 1222 Olym—

2021 1236 2232 1308 piadis,
2269 1236 2330 1301 Ο.
2371 1238 2683 1300 Hortensio,
2730 1237 2789 1303 Ω.
2831 1239 3042 1292 Metello
3094 1237 3299 1294 Cretico
3340 1243 3687 1308 consulibus,

2029 1328 2214 1382 statim
2249 1327 2448 1381 bellum
2485 1329 2561 1382 eis
2596 1328 2950 1383 Aristobulus
2993 1330 3205 1384 intulit.

2099 1417 2305 1473 Nescio
2342 1431 2414 1473 an
2461 1417 2555 1473 his
2603 1418 2954 1475 attenderint
2994 1421 3345 1476 recentiores
3396 1421 3486 1476 illi
3534 1422 3690 1477 scri-

2031 1509 2242 1576 ptores,
2273 1507 2372 1577 qui
2409 1507 2709 1578 imaginati
2734 1512 2872 1563 sunt
2899 1509 3202 1564 consulum
3232 1511 3466 1566 nomina
3493 1515 3691 1580 poste-

2031 1595 2290 1651 rioribus
2333 1597 2494 1651 curis
2537 1597 2757 1666 adjecta
2802 1595 2984 1654 fuisse
3029 1598 3308 1670 catalogis
3349 1599 3687 1669 pontiﬁcum

2030 1687 2463 1741 Romanorum:
2499 1686 2717 1757 quibus
2768 1687 3019 1744 iudicavi
3065 1688 3124 1742 in
3169 1689 3506 1759 prafatione
3548 1689 3684 1744 tomi

2032 1774 2228 1845 primi,
2273 1788 2373 1844 per
2404 1770 2654 1845 quatuor
2686 1777 2878 1845 priora
2911 1778 3120 1833 sacula
3151 1791 3278 1833 ara
3321 1778 3688 1849 Christiana,

258 1879 384 1920 rum
413 1871 689 1934 potestate
709 1867 999 1922 sociorum
1028 1865 1238 1935 populo
1259 1863 1499 1920 Romani
1523 1876 1720 1934 regum
1748 1861 1916 1931 plane
1946 1871 2000 1934 Β
2029 1865 2202 1919 etiam
2235 1865 2518 1920 Romanos
2547 1865 2890 1935 consignare
2917 1867 3285 1922 consuevisse
3314 1867 3562 1937 epochas
3590 1879 3692 1922 sa—

257 1954 517 2024 polleret,
553 1970 736 2027 usque
764 1956 834 2010 ad
868 1955 1150 2025 praﬁnita
1183 1960 1438 2023 tempora
1460 1966 1559 2022 per
1586 1951 1915 2022 prophetas,

253 2045 489 2113 quando
534 2045 603 2099 ad
649 2044 923 2100 Herodem
963 2044 1348 2114 alienigenam
1394 2041 1675 2096 translato
1719 2053 1914 2111 regno,

253 2132 364 2188 hoc
408 2135 600 2202 ipsum
643 2134 929 2189 indicium
968 2132 1186 2187 Christi
1226 2131 1588 2187 advenientis
1637 2129 1916 2185 edendum

246 2228 397 2278 erat.
435 2222 712 2292 Perpendi
742 2223 911 2278 velim
942 2236 1005 2278 ea
1027 2221 1533 2292 jurajudiciorum
1566 2219 1754 2291 gentis
1778 2232 1916 2289 sua,

250 2311 639 2383 tributorum,
662 2313 1038 2382 decimarum,
1061 2312 1450 2368 successionis
1475 2312 1730 2380 Hyrcano
1755 2322 1922 2365 sum—

253 2415 345 2456 mo
392 2401 681 2471 pontiﬁci,
723 2414 789 2456 ac
832 2401 1037 2458 liberis
1079 2403 1204 2471 ejus
1250 2401 1310 2456 in
1352 2399 1639 2470 Capitolio
1676 2403 1914 2468 asserta,

251 2491 548 2561 aneisque
579 2490 797 2546 tabulis
829 2496 948 2546 tum
973 2491 1031 2545 in
1058 2490 1202 2546 Urbe
1223 2491 1483 2545 omnium
1504 2489 1760 2557 domina,
1795 2495 1914 2543 tum

255 2583 315 2637 in
359 2581 590 2637 duabus
630 2581 701 2636 ab
760 2581 864 2636 hac
908 2581 1195 2652 dignitate
1243 2579 1527 2649 proximis
1574 2578 1914 2633 civitatibus

252 2670 621 2741 (Alexandria
642 2670 699 2724 in
722 2671 978 2741 ngypto,
997 2669 1309 2726 Antiochia
1333 2670 1392 2724 in
1410 2667 1664 2738 Oriente)
1690 2667 1919 2737 publice

255 2759 469 2829 positis
500 2764 706 2814 testata
739 2758 989 2814 inveniri
1019 2777 1032 2813 :
1066 2763 1122 2813 et
1151 2771 1383 2814 causam
1424 2757 1552 2825 ejus
1587 2755 1919 2812 honoriﬁca

252 2849 652 2905 concessionis
703 2861 1048 2919 expressam,
1111 2848 1260 2920 quod
1318 2847 1613 2919 pontiﬁcis
1670 2845 1915 2915 Hyrcani

250 2939 594 2995 auctoritati
645 2945 906 3009 parentes
947 2938 1127 2995 Judai
1177 2944 1296 2994 tum
1346 2937 1446 3008 qui
1491 2936 1551 2991 in
1591 2935 1914 3004 Palastiua,

252 3034 376 3084 tum
403 3029 504 3100 qui
529 3029 588 3084 in
609 3030 846 3102 Egypto
871 3028 1170 3100 degebant,
1196 3027 1494 3098 suppetias
1517 3026 1727 3082 Casari
1755 3025 1921 3080 tulis-

251 3124 380 3174 sent
417 3119 478 3174 in
507 3119 896 3175 Alexandrina
926 3119 1250 3174 obsidione.

2029 1954 2325 2010 cerdotum
2367 1953 2426 2008 in
2467 1967 2571 2010 sua
2611 1953 2855 2025 collegia
2891 1961 3308 2024 cooptatorum,
3352 1955 3588 2025 perinde
3626 1969 3692 2011 ac

2027 2043 2308 2113 Josephus
2335 2043 2393 2097 in
2426 2042 2574 2098 Urbe
2602 2042 2865 2098 scribens
2897 2043 3068 2098 initia
3100 2044 3344 2114 Hyrcani
3375 2044 3686 2100 distinxit:

2032 2131 2132 2202 qui
2176 2131 2320 2186 alibi
2366 2145 2597 2202 quoque
2639 2132 2970 2188 dinumerat
3017 2133 3412 2188 successiones
3457 2133 3691 2205 integra

2031 2221 2203 2277 seriei
2235 2236 2592 2278 summorum
2635 2222 2997 2292 pontiﬁcum,
3029 2226 3086 2277 et
3114 2235 3295 2279 annos
3324 2223 3689 2294 singulorum

2033 2326 2217 2382 usque
2246 2313 2314 2368 ad
2342 2313 2634 2368 excidium
2670 2313 2890 2382 templi,
2923 2319 2979 2368 et
3009 2313 3414 2383 Hierosolyma
3439 2314 3548 2369 sub
3581 2316 3692 2370 Ve-

2029 2403 2317 2471 spasiano.
2342 2402 2668 2457 Mirandum
2698 2402 2895 2470 potius
2916 2400 3081 2470 foret,
3106 2402 3156 2456 si
3183 2401 3289 2457 hoc
3316 2416 3425 2457 non
3457 2403 3692 2472 prasti-

2032 2491 2238 2546 tissent
2272 2492 2492 2561 priores
2525 2491 2612 2545 illi
2637 2490 3030 2560 apostolorum
3061 2490 3365 2560 discipuli,
3397 2493 3496 2561 qui
3526 2493 3688 2547 Petro

2039 2587 2093 2636 et
2140 2581 2316 2636 Paulo
2368 2581 2740 2636 convixerant
2789 2580 2996 2647 Roma,
3049 2585 3104 2634 et
3157 2581 3334 2634 ritum
3395 2594 3688 2636 sacrorum

2030 2669 2380 2740 scriptorum
2405 2669 2578 2738 probe
2601 2673 2876 2724 noverant
2901 2681 3084 2724 annos
3108 2668 3423 2739 diligenter
3448 2683 3689 2725 enume—

2030 2760 2220 2829 randi,
2243 2773 2275 2814 a
2297 2761 2505 2830 Moyse,
2530 2773 2595 2814 ac
2620 2759 2917 2828 prophetis
2940 2758 3324 2828 insinuatum,
3348 2773 3380 2814 a
3401 2759 3688 2828 Stephano

2031 2849 2090 2903 in
2112 2848 2493 2904 concionibus
2512 2848 2864 2915 adhibitum,
2885 2861 2916 2902 a
2933 2847 3110 2904 Paulo
3129 2847 3188 2902 in
3206 2848 3473 2918 epistolis
3494 2854 3690 2904 reten-

2030 2943 2174 3009 tum,
2223 2951 2255 2994 a
2300 2940 2445 2996 Luca
2500 2939 2558 2993 in
2605 2938 2914 3010 Evangelio
2963 2946 3267 3009 servatum,
3315 2944 3372 2993 et
3420 2938 3479 2994 in
3529 2939 3690 2995 Actis

2029 3028 2442 3098 apostolorum.
2486 3028 2770 3085 Videbant
2814 3029 2873 3083 in
2918 3028 3064 3084 Urbe
3103 3028 3434 3098 Josephum,
3487 3028 3689 3098 paucis

2029 3119 2200 3174 annis
2227 3132 2260 3174 a
2293 3119 2566 3190 martyrio
2599 3119 2886 3190 principis
2915 3119 3306 3189 apostolorum
3341 3117 3688 3174 scribentem

321 3208 532 3263 Omitti
568 3209 686 3263 hac
715 3213 867 3264 certe
896 3221 1009 3263 non
1057 3211 1320 3278 poterant
1349 3207 1497 3262 citra
1543 3205 1915 3276 dispendium
1946 3223 1994 3285 α
2035 3207 2336 3264 historiam
2365 3210 2553 3281 gentis
2577 3225 2716 3281 sua,
2746 3210 3107 3265 sacerdotum
3137 3209 3518 3264 maximorum
3545 3212 3692 3262 ata—

251 3297 505 3352 luminis
532 3297 664 3352 inde
685 3297 986 3353 obventuri
1016 3297 1275 3353 historia.
1306 3295 1626 3366 pontiﬁcali
1649 3295 1917 3350 Ecclesia

249 3387 622 3443 Christiana.
659 3386 897 3454 Quando
935 3387 1088 3442 enim
1123 3387 1182 3442 in
1229 3387 1340 3443 ista
1393 3386 1642 3457 legimus
1671 3394 1918 3441 erectam

253 3477 442 3534 fuisse
494 3477 566 3532 ab
612 3478 1004 3547 apostolorum
1059 3478 1323 3548 principe
1371 3478 1559 3533 sedem
1606 3477 1918 3531 Romanam

252 3568 484 3623 cateris
530 3568 938 3636 prastituram,
982 3581 1204 3637 suoque
1252 3568 1483 3623 nomine
1524 3567 1603 3621 ita
1648 3563 1919 3620 fundatas

251 3657 732 3728 Alexandrinam,
763 3663 820 3712 et
845 3657 1285 3726 Antiochenam,
1315 3661 1381 3711 ut
1412 3656 1686 3725 proxima
1715 3655 1921 3726 digni-

255 3752 371 3803 tate
403 3747 759 3804 haberentur
788 3752 916 3818 post
947 3747 1278 3810 Romanam,
1311 3746 1370 3800 in
1399 3759 1511 3816 qua
1541 3758 1654 3800 una
1684 3757 1922 3801 succes-

254 3837 496 3894 scribus
537 3836 807 3908 contulit,
845 3842 907 3892 ut
937 3835 1252 3892 Ecclesiam
1285 3840 1546 3906 regerent
1592 3835 1919 3891 universam

254 3926 426 3998 (quod
471 3927 722 3999 legimus
771 3928 830 3982 in
879 3925 1187 3996 Clemente)
1229 3946 1246 3999 ς
1285 3925 1479 3982 statim
1530 3926 1807 3996 occurrit,
1862 3925 1921 3981 in

259 4019 512 4072 maximo
539 4017 783 4088 Hyrcani
811 4017 1136 4073 sacerdotio
1167 4016 1414 4086 spectari
1447 4028 1570 4071 eam
1603 4019 1925 4070 consuetu-—

255 4106 475 4178 dinem,
507 4112 572 4162 ut
594 4106 843 4164 Colonia
871 4108 1129 4164 deducta
1159 4121 1228 4163 ex
1255 4106 1467 4178 populo
1498 4106 1568 4161 ad
1598 4118 1795 4161 verum
1821 4103 1921 4160 Dei

257 4197 482 4254 cultum
533 4197 913 4254 exercendum
966 4197 1168 4267 electo,
1220 4197 1539 4253 hierarcha
1588 4207 1813 4252 summo
1861 4195 1922 4249 in

258 4288 522 4343 omnium
556 4301 855 4343 sacrorum
878 4287 1106 4360 legibus
1134 4288 1215 4343 ita
1247 4291 1528 4358 parerent.
1559 4287 1672 4342 Nec
1702 4287 1924 4356 species

257 4375 459 4446 dispar
493 4376 844 4432 imitationis
864 4376 1201 4433 obversatur
1225 4379 1419 4433 animo
1449 4377 1766 4434 attendenti
1797 4375 1926 4447 pri-

261 4481 416 4524 mum
445 4481 479 4523 e
507 4467 864 4523 Christianis
907 4468 1358 4539 imperatoribus
1385 4469 1828 4525 Constantinum
1863 4469 1924 4524 in

2033 3303 2140 3352 tem
2169 3298 2515 3370 singillatim
2538 3298 2749 3355 referre
2774 3299 2843 3353 ad
2866 3311 3048 3354 annos
3071 3298 3400 3368 principum
3424 3311 3687 3368 suorum,

2030 3401 2096 3444 ac
2123 3390 2530 3444 Romanorum.
2566 3388 2848 3444 Videbant
2881 3388 2940 3442 in
2966 3387 3114 3442 Urbe
3141 3387 3414 3457 qualibet
3442 3386 3690 3457 collegia

2031 3477 2392 3533 sacerdotum
2426 3477 2704 3547 majorum
2737 3478 2970 3546 signare
2998 3475 3361 3546 consulibus,
3393 3479 3451 3530 et
3474 3475 3690 3544 epocha

2028 3568 2203 3623 Urbis
2238 3569 2487 3623 condita
2534 3568 2930 3637 cooptationes
2976 3566 3361 3637 singulorum,
3406 3564 3691 3635 quemad-

2033 3658 2263 3713 modum
2295 3661 2566 3712 testatum
2595 3656 2764 3711 nobis
2789 3654 3012 3710 faciunt
3039 3660 3122 3710 tot
3151 3659 3376 3710 vetusta
3408 3666 3690 3710 marmora

2031 3761 2099 3803 ex
2135 3746 2236 3802 illa
2265 3750 2430 3801 atate
2461 3745 2680 3801 nostris
2713 3744 2904 3799 oculis
2945 3749 3284 3813 praservata
3313 3744 3372 3797 in
3407 3742 3594 3812 fastis,
3631 3744 3689 3800 in

2032 3835 2416 3900 Kalendariis,
2454 3834 2512 3888 in
2543 3833 2706 3888 Actis
2724 3831 3123 3904 collegiorum,
3158 3831 3263 3887 hac
3295 3839 3491 3888 nostra
3513 3832 3693 3889 chro-

2034 3924 2264 3996 nologia
2297 3937 2444 3992 sape
2482 3923 2615 3992 prod
2629 3922 2868 3978 ucendis
2897 3923 2970 3978 ad
3009 3922 3557 3978 demonstrationem
3586 3936 3692 3978 eo-

2034 4012 2295 4070 rumdem
2321 4011 2750 4081 consulatuum,
2779 4015 2836 4066 et
2861 4011 3002 4066 certi
3040 4010 3296 4080 ipsorum
3329 4011 3607 4080 temporis
3627 4024 3692 4068 ac

2033 4102 2385 4160 documenti.
2437 4101 2668 4172 Stupidi
2720 4102 3130 4171 propemodum
3176 4098 3427 4157 fuissent
3477 4101 3690 4156 notarii

2034 4200 2247 4264 septem
2277 4207 2309 4248 a
2337 4191 2623 4248 Clemente
2652 4190 2932 4260 instituti,
2965 4189 3220 4261 diaconi,
3249 4202 3316 4245 ac
3345 4189 3690 4244 subdiaconi

2035 4285 2274 4341 totidem
2312 4296 2346 4338 a
2385 4283 2638 4338 Fabiano
2685 4288 2812 4352 post
2847 4281 3048 4336 Anteri
3089 4293 3285 4336 curam
3331 4279 3576 4350 delegati
3619 4279 3690 4334 ad

2035 4381 2192 4448 gesta
2224 4379 2537 4445 martyrum
2570 4372 2872 4429 scribenda
2903 4378 2958 4427 et
2993 4370 3316 4442 colligenda
3345 4370 3511 4442 (quos
3543 4370 3694 4426 inter

2035 4467 2290 4522 eminent
2313 4464 2600 4536 dignitate
2629 4468 2802 4534 atque
2831 4461 3088 4532 exemplo
3120 4460 3358 4517 Romani
3394 4459 3694 4530 pontiﬁces

259 4557 376 4614 vita
400 4559 670 4615 Silvestri
695 4559 873 4631 regiis
895 4559 1283 4628 patrimoniis,
1307 4563 1364 4614 et
1388 4559 1720 4630 insignibus
1742 4558 1927 4615 hone—
1959 4586 2012 4648 Β
2035 4557 2161 4627 ejus
2199 4556 2387 4612 atatis
2429 4553 2545 4610 fere
2584 4567 2781 4610 omnes
2825 4553 3115 4648 martyrio
3145 4550 3446 4623 coronati),
3489 4551 3539 4606 si
3578 4557 3691 4648 tam

261 4653 508 4704 stantem
542 4648 733 4718 regale
762 4649 1149 4704 sacerdotium
1183 4662 1340 4705 nova
1380 4648 1526 4720 legis
1571 4649 1632 4704 in
1676 4649 1924 4704 maximo

260 4737 522 4806 ejusdem
556 4737 848 4810 pontiﬁce,
882 4751 948 4794 ac
978 4739 1230 4794 Romana
1273 4739 1406 4794 sede
1438 4739 1614 4809 hujus
1644 4737 1879 4809 propria
1907 4755 1922 4808 ς

260 4838 392 4882 cum
412 4828 610 4883 videat
623 4825 696 4882 ab
718 4827 949 4898 imperii
972 4827 1211 4884 Romani
1237 4827 1697 4898 institutoribus,
1721 4827 1928 4898 primis

259 4915 436 4985 Julio,
451 4917 802 4989 etAugusto,
821 4917 1217 4974 licetethnicis
1231 4917 1618 4988 principibus,
1632 4929 1924 4990 concessa,

261 5010 318 5061 et
337 5013 560 5064 asserta
577 5009 709 5077 jura
727 5008 1106 5079 judiciorum,
1128 5008 1505 5079 decimarum,
1531 5021 1599 5062 ac
1624 5007 1928 5077 principa-

262 5107 358 5155 tus
386 5099 446 5154 in
486 5105 709 5170 gentem
735 5111 898 5154 suam
923 5098 1250 5154 Judaorum
1277 5096 1548 5153 Ecclesia
1579 5097 1926 5153 moderatori

263 5203 513 5258 summo,
560 5193 619 5244 et
661 5189 844 5246 totius
885 5189 1128 5246 Levitici
1174 5187 1404 5246 ordinis
1438 5186 1756 5243 hierarcha
1800 5200 1929 5243 ma-

262 5281 440 5336 ximo.

333 5370 655 5425 Observare
718 5382 950 5441 quoque
1000 5371 1186 5440 juvat,
1247 5369 1309 5425 in
1374 5367 1655 5439 catalogis
1713 5367 1930 5423 nostris

264 5459 725 5530 pontiﬁcalibus,
761 5461 914 5516 unde
933 5460 1066 5515 vita
1095 5459 1379 5531 originem
1407 5458 1666 5528 trahunt,
1694 5457 1930 5514 exordia

265 5550 608 5618 pontiﬁcum
635 5550 970 5621 consignari
995 5563 1095 5620 per
1113 5549 1472 5618 consulatus,
1497 5560 1792 5618 annosque
1814 5560 1931 5602 nu—

265 5642 478 5697 merari
505 5641 839 5698 eorumdem
875 5641 1211 5712 pontiﬁcum
1252 5640 1424 5696 etiam
1459 5651 1558 5708 per
1590 5637 1706 5694 hac
1738 5637 1932 5708 priora

263 5735 523 5802 quatuor
545 5729 760 5790 sacula
783 5743 912 5788 ara
939 5729 1302 5789 Christiana.
1331 5727 1478 5787 Huic
1501 5727 1655 5785 enim
1677 5739 1928 5786 consue—

2035 4645 2268 4716 celebri,
2318 4650 2431 4701 tam
2471 4643 2786 4715 communi,
2835 4648 2948 4698 tam
2999 4641 3248 4713 probata
3280 4639 3692 4698 consuetudini

2039 4735 2150 4806 ipsi
2179 4735 2572 4792 tantummodo
2592 4732 2935 4790 defuissent.
2961 4732 3169 4787 Verum
3193 4743 3262 4785 ne
3285 4729 3611 4785 relabamur
3632 4727 3693 4783 in

2036 4825 2376 4882 documenta
2428 4823 2816 4895 chronologia
2874 4819 3185 4891 pontiﬁcia
3233 4822 3318 4874 tot
3366 4816 3695 4872 rationibus

2032 4915 2149 4985 jam
2180 4919 2430 4988 asserta,
2463 4913 2855 4972 convertimus
2894 4911 2962 4966 ad
3003 4908 3263 4964 historia
3304 4906 3691 4977 probationes,

2035 5019 2104 5060 ex
2126 5005 2334 5064 iisdem
2365 5007 2536 5062 annis
2574 5001 3002 5076 quinquaginta
3031 4997 3101 5054 de
3133 4995 3426 5054 industria
3459 5009 3558 5066 per
3591 5009 3695 5053 nos

2035 5096 2326 5154 collectas.
3173 5099 3176 5102 ’

2107 5187 2314 5257 Negari
2334 5198 2692 5258 nequaquam
2715 5187 2919 5253 potest,
2941 5180 3083 5253 quin
3103 5179 3196 5235 his
3218 5191 3366 5250 qua,
3389 5177 3460 5233 de
3481 5176 3688 5248 primo,

2037 5279 2096 5330 et
2131 5275 2313 5330 altero
2351 5277 2598 5330 adventu
2641 5273 2928 5342 principis
2964 5269 3355 5343 apostolorum
3399 5267 3459 5322 in
3491 5265 3695 5322 Urbem

2039 5379 2070 5420 e
2095 5365 2280 5434 Syria,
2311 5375 2378 5418 ac
2401 5363 2472 5419 de
2506 5361 2754 5418 consilio
2780 5361 3064 5418 cathedra
3086 5358 3297 5417 summi
3328 5355 3696 5429 pontiﬁcatus

2043 5452 2138 5508 hic
2159 5452 2474 5508 statuenda
2504 5450 2591 5504 illi
2614 5449 2905 5504 divinitus
2927 5449 3232 5520 inspirato,
3261 5445 3565 5518 perfecisse
3588 5449 3697 5499 tra-

2039 5544 2203 5600 ditur
2245 5541 2497 5598 sectione
2537 5538 2743 5610 prima,
2786 5537 2934 5593 viam
2977 5538 3398 5610 quodammodo
3441 5538 3702 5591 sternant

2041 5639 2219 5708 gesta,
2249 5645 2374 5703 qua
2397 5629 2687 5701 pertinent
2703 5624 2772 5679 ad
2794 5637 3009 5682 annum
3029 5634 3162 5682 ante
3179 5625 3398 5682 Christi
3415 5635 3583 5680 aram
3603 5616 3688 5686 45,

2043 5725 2270 5801 quando
2291 5719 2559 5782 consules
2576 5715 2885 5788 Antonius,
2913 5729 2978 5773 ac
2997 5715 3288 5776 Dolabella
3308 5721 3438 5788 post
3457 5714 3693 5769 mortem
