3960 6398
285 379 392 440 387

1061 382 1155 438 ΑΙ)
1194 381 1629 440 ANASTASIUM
1673 380 2195 440 PROLEGOMENA
2239 385 2417 442 EDIT.
2474 385 2905 446 ROM.-VATIC.

3596 388 3705 448 388

286 508 549 578 Casaris,
593 513 855 563 auctores
900 505 1136 563 fuerunt
1183 509 1407 566 senatui
1463 507 1787 578 populoque
1824 506 1947 560 Bo-r
1967 513 2028 574 A
2051 506 2367 566 Christiani
2395 510 2590 568 cultus
2613 527 2788 584 super
2823 514 3110 583 depressa,
3143 513 3201 567 et
3227 511 3468 568 confusa
3502 513 3708 570 rudera

288 613 453 654 mano
487 598 793 654 renovandi
819 597 1033 653 Judais
1073 599 1266 654 eadem
1308 599 1609 670 privilegia
1643 594 1937 666 poscenti-

289 688 396 743 bus
420 701 517 756 per
537 687 752 757 legatos
773 686 843 741 ab
866 688 1120 756 Hyrcano
1142 687 1396 757 ipsorum
1420 687 1686 758 pontiﬁce
1711 686 1935 754 missos,

288 792 414 847 qua
439 778 624 832 Casar
649 782 810 832 antea
844 777 1197 832 contulerat:
1231 779 1382 833 inter
1403 793 1526 848 qua
1552 777 1697 832 illud
1723 787 1940 830 memo-

288 873 449 923 ratur
482 881 513 922 a
542 866 808 936 Josepho,
852 872 911 920 ut
940 868 1040 935 jus
1074 869 1207 936 ipsis
1240 870 1380 935 foret
1421 868 1678 921 sodalitia
1710 868 1767 919 in
1803 865 1940 918 Urbe

286 959 523 1012 habendi
558 973 835 1012 sacrorum
888 973 1130 1020 suorum,
1172 960 1334 1011 etiam
1376 960 1426 1011 si
1473 959 1586 1010 alia
1634 961 1940 1010 exterarum

285 1049 570 1100 nationum
606 1051 940 1101 notarentur.
977 1049 1089 1102 Hac
1132 1046 1494 1117 indulgentia
1531 1047 1936 1112 Romanorum,

284 1142 341 1192 et
365 1137 606 1192 Casaris
637 1136 981 1206 praesertim,
1005 1135 1218 1191 Judais
1240 1136 1547 1191 conciliata
1578 1150 1690 1205 pra
1715 1133 1936 1189 cateris

288 1225 642 1296 nationibus,
675 1225 952 1295 peculiari
977 1226 1074 1280 Dei
1102 1225 1462 1294 providentia
1485 1223 1938 1294 disponebantur

285 1316 530 1370 Casaris
551 1329 908 1371 successores
929 1315 995 1370 ad
1029 1316 1210 1385 prima
1238 1315 1508 1370 sodalitia
1534 1320 1726 1369 nostra
1750 1313 1938 1367 Roma

291 1403 660 1471 confovenda,
692 1419 817 1474 qua
849 1405 1074 1460 scilicet
1106 1405 1163 1459 in
1194 1404 1377 1472 primo
1401 1411 1457 1459 et
1484 1403 1665 1458 altero
1694 1401 1939 1457 adventu

289 1494 511 1549 Petriad
536 1493 737 1549 Urbem
766 1494 983 1549 ethnici
1005 1494 1363 1566 distinguere
1389 1493 1642 1549 nondum
1671 1493 1942 1547 noverant

288 1596 320 1639 a
357 1582 682 1640 Judaorum
726 1583 1104 1640 conventibus
1139 1601 1154 1651 ;
1195 1583 1480 1653 pracipue
1521 1596 1645 1637 cum
1688 1581 1947 1636 viderent

286 1671 577 1740 apostolos
614 1672 939 1728 Judaorum
989 1672 1348 1727 contribules
1379 1672 1528 1727 inter
1557 1685 1654 1726 eos
1696 1670 1946 1739 primum

290 1759 454 1816 ﬁdem
473 1761 690 1818 Christi
713 1763 1108 1832 pronuntiare.
1130 1762 1255 1817 Pari
1277 1775 1504 1832 quoque
1522 1760 1742 1815 ratione
1761 1758 1950 1813 obser-

2049 598 2400 671 Judaorum,
2450 615 2515 657 ac
2554 603 2846 671 Gentium,
2890 604 3058 659 ruina
3095 616 3201 658 sua
3247 615 3350 657 nos
3389 603 3712 672 opprimere

2048 689 2534 761 contendentium,
2565 697 2629 747 ut
2651 692 2880 761 plenius
2904 697 3192 761 noscatur,
3221 692 3458 761 petenda
3481 697 3567 747 est
3587 693 3712 761 ejus

2051 775 2315 848 historia,
2339 784 2395 833 et
2415 779 2738 836 observatio
2759 795 2828 836 ex
2854 783 3032 853 gestis
3055 781 3257 837 horum
3282 781 3709 851 quinquaginta

2047 878 2329 924 annorum
2355 869 2571 924 Christi
2599 871 2868 940 epocham
2899 870 3340 940 pracedentium
3367 889 3380 924 :
3412 870 3471 925 in
3496 870 3712 940 quibus

2051 956 2298 1012 maxima
2324 958 2430 1027 vis,
2456 964 2511 1013 et
2536 959 2857 1029 amplitudo
2883 966 3119 1031 apparet
3149 961 3460 1030 utriusque
3487 959 3709 1028 populi,

2048 1049 2245 1099 contra
2269 1053 2498 1102 nostros
2524 1048 2821 1116 pontiﬁces
2851 1050 3188 1105 connisuri:
3217 1049 3338 1104 sive
3356 1054 3578 1118 spectes
3603 1048 3711 1104 ele-

2048 1133 2330 1190 vationem
2351 1137 2688 1205 posterioris
2709 1138 2927 1210 templi,
2947 1139 3115 1208 cujus
3130 1137 3422 1193 excidium
3442 1137 3712 1208 pradixit

2047 1222 2348 1296 Dominus,
2377 1225 2511 1280 licet
2536 1225 2608 1281 ab
2640 1228 2857 1282 Herode
2888 1231 3042 1282 tanta
3077 1227 3500 1299 magniﬁcentia
3531 1226 3710 1281 resti-

2049 1314 2236 1365 tutum
2283 1318 2389 1382 est,
2437 1319 2501 1369 ut
2550 1315 2841 1384 imperitis
2874 1316 3168 1372 videretur
3210 1315 3452 1386 gloriam
3496 1315 3710 1385 prioris

2048 1405 2491 1472 superaturum;
2517 1404 2636 1459 sive
2656 1406 3044 1460 extensionem
3067 1405 3415 1474 consideres,
3441 1417 3505 1459 ac
3533 1404 3712 1460 robur

2055 1488 2286 1559 imperii
2313 1491 2572 1564 Romani,
2597 1499 2652 1548 et
2679 1497 2900 1564 c0piam
2927 1495 3322 1552 universarum
3352 1494 3716 1565 superstitio-

2057 1591 2194 1634 num
2221 1579 2278 1635 in
2305 1595 2370 1637 eo
2396 1582 2738 1654 vigentium,
2771 1590 2826 1640 et
2855 1586 2912 1640 in
2943 1584 3290 1641 sacriﬁculis
3315 1585 3441 1640 suis
3473 1584 3712 1640 totidem

2059 1667 2250 1724 hostes
2270 1671 2386 1738 jam
2415 1675 2871 1742 comparantium
2901 1680 3098 1730 contra
3124 1676 3424 1744 episcopos
3449 1675 3716 1729 Romana

2059 1757 2249 1812 sedis:
2283 1759 2496 1828 quibus
2525 1762 2916 1830 apostolorum
2958 1763 3241 1832 principis
3283 1776 3439 1832 cura,
3474 1775 3587 1831 pra
3617 1775 3716 1817 ca-

286 1851 408 1907 vari
430 1852 718 1920 potestvia
735 1851 1090 1922 complanata
1109 1852 1177 1907 ad
1195 1852 1538 1907 Christiana
1555 1847 1949 1916 Ecclesiaepi-
1976 1849 2026 1910 Β
2061 1847 2222 1916 teris,
2256 1850 2675 1906 transmittitur
2705 1866 2830 1906 cum
2861 1853 3183 1908 sacerdotio
3213 1853 3271 1907 in
3298 1865 3494 1908 omnes
3523 1856 3718 1922 gentes

286 1944 554 2009 scopatus
592 1947 718 2010 post
757 1941 1070 1997 Romanum
1119 1942 1365 1997 maxime
1399 1940 1650 1996 celebres
1690 1936 1947 1994 fundan—

285 2029 389 2084 dos
418 2034 550 2086 ante
589 2032 831 2087 Neronis
877 2033 1332 2101 persecutionem
1372 2029 1693 2086 Antiochia
1722 2033 1780 2083 et
1807 2026 1947 2082 Ale-

285 2120 586 2190 xandria;
629 2135 756 2178 cum
799 2122 1111 2192 utrobique
1159 2121 1485 2177 obtinerent
1525 2118 1705 2174 Judai
1750 2118 1944 2172 eadem

288 2209 589 2282 privilegia
616 2211 978 2282 superiorum
1007 2226 1226 2283 regum,
1254 2225 1287 2266 a
1311 2209 1466 2265 Julio
1489 2209 1706 2264 Casare
1729 2207 1947 2262 conﬁr—

287 2303 454 2368 mata,
488 2304 544 2354 et
571 2314 603 2355 a
633 2307 835 2356 senatu
880 2300 1204 2370 populoque
1241 2300 1515 2366 Romano,
1557 2303 1613 2352 et
1643 2310 1676 2352 a
1703 2295 1946 2351 Casaris

285 2388 686 2444 sucessoribus
736 2403 834 2457 per
875 2389 979 2444 hos
1021 2387 1445 2458 quinquaginta
1493 2399 1696 2454 annos,
1745 2389 1802 2439 et
1847 2397 1946 2452 per

284 2483 623 2534 consecutos
649 2492 834 2547 usque
855 2478 924 2532 ad
961 2478 1175 2540 Titum,
1209 2477 1306 2544 jus
1334 2475 1560 2530 scilicet
1584 2473 1861 2541 civitatis,
1891 2476 1946 2527 et

280 2567 379 2634 jus
403 2567 703 2621 exercendi
731 2567 918 2634 patria
944 2579 1105 2620 sacra
1135 2565 1256 2620 ritu
1287 2565 1588 2631 majorum.
1621 2562 1732 2615 Nec
1759 2559 1947 2615 dissi—

288 2655 413 2723 mili
447 2654 820 2709 beneﬁcentia
850 2654 978 2723 opis
1007 2653 1219 2708 divina
1245 2659 1326 2707 tot
1353 2652 1514 2706 sedes
1537 2650 1786 2705 aliorum
1813 2649 1946 2718 epi-

287 2721 624 2812 scbpatuum
656 2747 786 2797 ante
811 2721 1058 2797 Neronis
1087 2741 1537 2811 persecutionem
1573 2745 1780 2809 parata
1813 2737 1945 2794 fue-

288 2839 416 2888 rant
464 2833 664 2888 electis
717 2831 951 2887 advenis
1007 2831 1391 2901 dispersionis
1439 2830 1625 2898 Ponti,
1679 2828 1938 2898 Galatia,

284 2922 674 2992 Cappadocia,
708 2921 876 2989 Asia,
911 2927 968 2976 et
997 2921 1296 2991 Bythinia,
1331 2925 1386 2976 et
1417 2919 1738 2976 insularum
1767 2917 1938 2988 Asia,

285 3017 459 3082 atque
490 3013 726 3080 Europa
759 3012 1147 3081 adjacentium
1176 3029 1190 3078 ;
1220 3024 1348 3066 cum
1383 3010 1441 3065 in
1477 3009 1552 3064 iis
1584 3007 1939 3079 regionibus,

289 3100 524 3170 perinde
550 3113 616 3156 ac
647 3101 704 3154 in
744 3101 982 3170 Gracia,
1019 3107 1074 3155 et
1112 3099 1460 3163 Macedonia,
1507 3110 1806 3168 synagOga
1833 3097 1942 3150 Ju—

2057 1935 2382 2005 proferendi
2407 1940 2775 2011 Evangelium
2803 1942 3041 1997 Christi.
3076 1942 3398 2012 Apparatus
3427 1942 3534 1997 iste
3559 1939 3719 1995 orbis

2058 2030 2340 2083 terrarum
2375 2035 2574 2085 contra
2603 2030 2916 2087 Ecclesiam
2950 2031 3161 2099 nisuri,
3195 2037 3252 2086 et
3275 2045 3375 2100 per
3403 2029 3715 2084 Ecclesiam

2055 2117 2434 2175 saluberrime
2467 2122 2800 2190 superandi,
2831 2121 3208 2191 explicandus
3239 2125 3362 2175 erat
3396 2121 3455 2175 in
3482 2119 3720 2188 ampliS’

2055 2205 2200 2261 sima
2229 2221 2429 2278 pompa
2459 2223 2562 2266 sua
2591 2225 2689 2279 per
2715 2225 2897 2266 annos
2923 2211 3351 2282 quinquaginta
3379 2217 3510 2266 ante
3543 2221 3713 2263 aram

2051 2295 2267 2350 Christi
2297 2307 2616 2369 conspecta,
2644 2303 2708 2354 ut
2734 2299 2917 2354 lucem
2943 2299 3263 2355 aﬁ‘underet
3295 2298 3556 2355 historia
3585 2311 3719 2366 pon-

2055 2385 2278 2440 tiﬁcali.
2303 2388 2439 2440 Nam
2461 2387 2706 2442 concisa
2726 2387 2839 2442 illa
2862 2387 3120 2456 priorum
3145 2389 3293 2442 Petri
3317 2399 3716 2444 successorum

2054 2473 2204 2542 vita,
2236 2487 2362 2542 qua
2405 2487 2536 2538 uno,
2579 2480 2681 2530 aut
2715 2475 2896 2530 altero
2926 2489 3093 2531 versu
3132 2477 3373 2546 grandia
3399 2490 3598 2532 eorum
3633 2488 3722 2546 ge-

2054 2566 2141 2616 sta
2167 2562 2521 2619 concludunt
2550 2564 2688 2619 trita
2716 2563 2819 2618 illa
2848 2577 2914 2619 ac
2938 2564 3192 2634 simplici
3227 2563 3488 2619 clausula
3515 2577 3723 2620 sacra—

2054 2664 2182 2706 rum
2219 2651 2676 2721 ordinationum,
2719 2656 2921 2708 creavit
2953 2654 3301 2723 presbyteros
3334 2655 3405 2715 N,
3438 2655 3717 2722 episc0pos

2049 2756 2148 2810 per
2177 2740 2392 2794 diversa
2423 2742 2538 2796 loca
2568 2745 2633 2801 Ν.
2668 2748 2808 2813 quot
2835 2742 3168 2814 ingentibus
3198 2743 3367 2798 factis
3400 2749 3714 2814 pragnent,

2051 2830 2441 2899 acquisitione
2486 2832 2710 2887 scilicet
2757 2833 3206 2901 provinciarum,
3253 2831 3593 2888 fundatione
3635 2846 3716 2888 se-

2049 2919 2232 2988 dium,
2249 2921 2618 2977 conversione
2635 2922 2953 2992 regionum,
2972 2935 3082 2976 non
3103 2935 3303 2991 parum
3322 2921 3716 2977 declarabitur

2048 3008 2118 3064 ab
2144 3009 2363 3078 adjecta
2399 3011 2604 3066 notitia
2634 3009 2912 3082 Orientis,
2945 3015 3000 3065 et
3028 3011 3380 3078 Occidentis,
3420 3011 3572 3066 intra
3607 3011 3714 3066 hoc

2050 3098 2303 3167 spatium
2333 3098 2569 3155 dimidii
2603 3099 2801 3156 saculi
2835 3115 2960 3156 ara
2999 3100 3344 3155 Christiana
3377 3098 3660 3170 pramissi
3692 3118 3706 3154 :

285 3191 765 3259 daorumaperta
786 3188 1694 3260 oppignerassent(utitadicam)
1717 3186 1938 3242 aditum
1974 3179 2164 3256 Cquo
2227 3187 2532 3244 exhibetur
2590 3194 2775 3246 status
2832 3189 2991 3245 orbis
3053 3188 3229 3245 ferme
3288 3189 3545 3245 universi
3613 3203 3714 3259 per

287 3280 432 3336 viris
476 3279 832 3350 apostolicis,
875 3293 974 3349 per
1012 3280 1224 3349 Moysis
1264 3277 1695 3334 tabernaculum
1733 3276 1802 3331 ad
1844 3276 1942 3330 in—

287 3369 498 3424 teriora
526 3369 827 3424 velaminis
851 3367 1181 3438 perlaturis,
1207 3367 1337 3423 novi
1362 3366 1595 3424 foederis
1617 3365 1859 3434 tabulas,
1886 3367 1942 3420 et

285 3471 471 3514 arcam
512 3459 651 3514 Novi
695 3463 750 3514 et
783 3458 980 3514 aterni
1011 3457 1377 3526 Testamenti,
1417 3456 1750 3512 observante
1779 3455 1940 3510 beato

283 3547 585 3604 Ambrosio
615 3545 745 3620 [lib.
777 3563 879 3602 vm
911 3547 966 3603 in
996 3549 1204 3603 Lucam
1232 3560 1404 3617 prope
1431 3545 1618 3615 ﬁnem]
1645 3544 1938 3600 Christum

283 3636 588 3693 Dominum
615 3639 694 3691 ita
713 3639 942 3700 uenisse,
971 3641 1032 3690 ut
1053 3653 1156 3705 per
1183 3637 1397 3690 Judaos
1429 3637 1690 3690 transiret
1709 3634 1783 3686 ad
1801 3649 1941 3700 gen—

284 3719 380 3781 tes.
405 3729 534 3796 Ipsa
558 3727 861 3804 captivitas
891 3727 1134 3797 Hyrcani
1162 3726 1310 3796 apud
1339 3725 1596 3794 Parthos,
1631 3728 1686 3778 et
1709 3723 1941 3778 Judao—

285 3831 411 3872 rum
441 3817 499 3870 in
522 3805 928 3887 Mesopotamia
951 3816 1283 3888 degentium
1310 3830 1443 3888 erga
1468 3829 1598 3871 eum
1622 3813 1939 3870 reverentia

287 3906 638 3961 monstrabat
679 3907 960 3974 semitam,
1002 3906 1102 3960 Dei
1137 3910 1282 3962 nutu
1325 3910 1575 3975 apertam
1608 3904 1676 3960 ad
1722 3904 1940 3972 perdu—

284 3995 527 4050 cendum
576 3995 731 4049 ultra
783 3993 924 4049 ﬁnes
971 3993 1208 4049 Romani
1263 3994 1492 4063 imperii
1545 3993 1699 4048 ﬁlios
1742 3992 1938 4047 libera

283 4083 500 4138 Christi
541 4097 782 4152 sponsa,
825 4096 952 4138 cum
998 4096 1062 4138 eo
1109 4087 1498 4154 penetrassent
1546 4081 1664 4136 nati
1710 4079 1937 4135 ancilla

287 4173 472 4242 illius,
507 4187 632 4242 qua
657 4177 889 4243 generat
920 4171 977 4227 in
1011 4174 1364 4229 servitutem.
1399 4172 1555 4226 Licet
1581 4181 1710 4223 vero
1737 4167 1938 4222 ethni-

284 4276 482 4318 corum
525 4263 968 4332 persecutiones,
1006 4275 1040 4317 a
1073 4263 1398 4318 Judaorum
1441 4255 1719 4325 exemplis
1753 4260 1808 4310 et
1840 4254 1939 4310 in—

285 4351 456 4407 sidiis
481 4352 742 4408 excitata
771 4352 1045 4408 adversus
1062 4349 1358 4406 Christum
1384 4345 1638 4413 Domini,
1660 4349 1715 4399 et
1740 4349 1938 4399 contra

286 4441 452 4496 illius
493 4442 805 4496 Ecclesiam
843 4439 1040 4495 statim
1083 4451 1150 4493 ac
1186 4451 1285 4506 per
1317 4435 1606 4505 apostolos
1649 4433 1939 4489 condeba—

2049 3277 2275 3332 eosdem
2313 3278 2584 3347 prasules
2623 3279 2972 3349 apostolicos
3009 3280 3078 3335 ad
3114 3278 3383 3335 Ecclesia
3415 3277 3712 3335 catholica

2049 3366 2379 3422 societatem
2409 3369 2706 3439 redigendi

2119 3452 2371 3521 Quarum
2414 3457 2680 3511 methodo
2722 3455 2778 3511 id
2812 3455 3197 3512 exhibendum
3237 3456 3556 3513 curaverim
3604 3456 3712 3512 hac

2051 3544 2110 3599 in
2157 3544 2552 3616 chronologia,
2600 3544 2736 3600 licet
2775 3550 3115 3615 conspectus
3156 3545 3278 3615 ipse
3320 3547 3464 3602 satis
3505 3545 3712 3603 docere

2051 3633 2274 3704 possit;
2302 3637 2550 3690 attamen
2586 3634 2786 3703 paucis
2811 3634 3103 3691 declarare
3129 3648 3241 3690 non
3275 3635 3452 3706 piget.

2119 3722 2340 3792 Duplex
2380 3723 2647 3780 columna
2687 3723 2945 3795 singulas
2987 3724 3225 3795 paginas
3260 3722 3530 3779 bifariam
3568 3725 3716 3781 divi-

2048 3811 2159 3882 dit,
2192 3819 2254 3869 ut
2285 3813 2346 3870 in
2379 3829 2492 3870 una
2526 3814 2806 3870 referatur
2845 3814 3239 3885 chronologia,
3273 3820 3328 3869 et
3360 3814 3606 3870 historia
3636 3815 3716 3871 ci-

2049 3902 2185 3958 vilis
2215 3903 2602 3974 ethnicorum,
2638 3904 2696 3959 in
2727 3902 2905 3958 altera
2933 3902 3308 3958 sacerdotalis
3341 3903 3540 3972 populi
3567 3904 3714 3959 divi-

2049 4005 2186 4046 num
2217 3995 2439 4048 cultum
2485 3993 2594 4048 rite
2633 3989 3013 4046 exercendum
3047 4003 3080 4044 a
3108 3991 3221 4044 Deo
3261 3991 3484 4044 vocati:
3511 4005 3712 4063 nempe

2045 4080 2368 4136 Judaorum
2437 4079 2706 4135 Ecclesia
2768 4083 2900 4134 ante
2965 4078 3272 4134 adventum
3343 4080 3574 4137 Domini
3613 4090 3712 4153 ;et

2045 4168 2407 4239 Christiana,
2462 4176 2588 4238 post
2623 4181 2750 4224 eum
2796 4167 2968 4223 terris
3010 4168 3206 4224 datum
3237 4169 3411 4224 Deum
3444 4177 3498 4226 et
3526 4172 3712 4227 llomi-

2048 4271 2196 4328 nem,
2252 4264 2308 4314 et
2376 4258 2622 4329 lapidem
2686 4257 3044 4329 angularem,
3097 4258 3198 4328 qui
3266 4256 3403 4316 fac.t
3466 4266 3709 4334 utraque

2049 4360 2248 4404 unum.

2118 4439 2176 4492 In
2220 4437 2399 4507 priori
2449 4437 2716 4495 columna
2760 4437 3053 4508 assignate
3097 4438 3511 4510 chronologia,
3540 4445 3598 4495 et
3625 4440 3707 4496 hi-

285 4534 400 4602 tur,
425 4544 536 4587 non
564 4543 729 4585 secus
748 4544 814 4583 ac
838 4527 1050 4583 ﬂuctus
1075 4525 1265 4595 abyssi
1296 4539 1510 4596 magna
1529 4530 1726 4580 contra
1745 4537 1934 4580 arcam
1963 4539 2017 4601 D
2047 4528 2240 4584 storia
2280 4528 2558 4599 gentium,
2595 4542 2660 4584 ac
2692 4529 3005 4598 prasertim
3046 4530 3310 4585 Romana
3347 4529 3700 4600 reipublica,

285 4621 544 4691 undique
571 4616 808 4688 impulsi
837 4615 1088 4672 eamdem
1121 4615 1478 4687 impeterent,
1507 4615 1702 4671 statim
1727 4629 1794 4671 ac
1821 4629 1937 4684 per-

285 4709 430 4767 fecta
477 4709 603 4778 ejus
645 4705 890 4775 fabrica,
938 4705 1088 4759 inter
1132 4705 1291 4762 illam
1339 4706 1456 4761 Noe
1500 4710 1939 4776 congregaverat

286 4798 745 4870 praservandum
775 4810 808 4852 a
837 4794 1130 4850 communi
1177 4794 1338 4850 clade
1367 4795 1680 4851 viventium
1714 4809 1892 4867 genus
1919 4812 1934 4865 ς

285 4895 534 4945 attamen
570 4887 906 4943 elevationls
946 4899 1066 4940 sua
1108 4885 1320 4958 gradus
1355 4891 1587 4955 experta
1617 4889 1703 4942 est
1733 4884 1938 4941 iisdem

290 4982 349 5037 in
389 4982 666 5037 ﬂuctibus
708 4978 1057 5054 mirabiliter
1097 4991 1128 5034 a
1172 4979 1286 5033 Deo
1329 4975 1650 5034 substratos
1691 4975 1941 5031 Ecclesia

286 5071 502 5128 Christi
533 5091 545 5126 :
577 5072 676 5142 qui
716 5071 958 5127 salutem
999 5067 1259 5124 facturus
1297 5080 1366 5122 ex
1400 5065 1660 5122 inimicis
1697 5067 1935 5137 nostris,

287 5161 548 5217 consulto
586 5161 845 5218 voluerat
886 5161 969 5216 ibi
996 5169 1160 5219 antea
1200 5159 1432 5218 fundari
1471 5171 1805 5228 synagogas,
1837 5157 1936 5213 ubi

287 5265 584 5321 synagoga
623 5250 733 5306 ﬁlii
776 5256 973 5308 contra
1023 5251 1335 5308 Ecclesiam
1380 5253 1648 5318 urgerent
1692 5248 1938 5304 vortices

286 5341 567 5410 gentium,
592 5355 657 5396 ac
681 5355 840 5410 suos,
870 5347 935 5396 ut
963 5342 1033 5396 ad
1069 5341 1320 5396 eamdem
1359 5338 1504 5394 illisi
1535 5338 1766 5408 utrique
1791 5352 1934 5395 con-

285 5427 559 5498 ciderent,
592 5438 667 5500 et,
707 5431 1030 5502 aggregatis
1067 5428 1360 5500 ﬂuctibus,
1405 5442 1590 5484 arcam
1627 5429 1933 5485 salutarem

284 5518 354 5574 ad
385 5517 594 5573 altiora
625 5520 1017 5587 proveherent.

357 5609 483 5662 Hac
515 5608 696 5679 igitur
735 5611 1010 5678 projectio
1051 5608 1408 5665 fundamenti
1445 5610 1502 5664 in
1533 5608 1767 5668 Oriente
1791 5615 1849 5666 et
1875 5610 1934 5665 in

284 5697 609 5769 Occidente,
675 5697 744 5754 ad
794 5699 1162 5756 excitandum
1221 5701 1332 5757 Deo
1393 5701 1664 5772 templum
1719 5701 1932 5770 vivum,

2047 4623 2103 4674 et
2131 4617 2359 4687 imperii
2394 4618 2744 4689 principum,
2774 4619 2988 4688 quibus
3014 4633 3144 4674 cum
3166 4620 3432 4675 Ecclesia
3460 4619 3703 4676 historia

2049 4721 2229 4763 nexus
2253 4708 2567 4764 continuus
2593 4722 2708 4777 pra
2727 4709 2951 4764 cateris
2979 4709 3302 4777 intercedit,
3335 4723 3424 4764 res
3449 4709 3704 4765 occiden-

2049 4796 2185 4852 talis
2213 4800 2430 4856 tractus
2459 4796 2695 4869 digesta
2721 4803 2859 4854 sunt
2889 4802 3002 4854 tam
3037 4798 3096 4854 in
3127 4796 3502 4869 chronologia
3534 4812 3700 4869 quam

2051 4887 2110 4942 in
2143 4887 2410 4944 historia.

2118 4976 2515 5049 Chron010gia
2547 4977 2826 5034 iudicatio
2853 4977 3157 5049 generalis,
3185 4977 3551 5047 complexura
3577 4977 3702 5033 cha-

2050 5072 2295 5122 racteres
2334 5080 2614 5124 annorum
2663 5067 3008 5139 singillatim
3057 5081 3125 5124 ex
3173 5066 3330 5136 cyclo
3368 5067 3702 5123 occidenta-

2048 5155 2204 5212 libus
2233 5156 2601 5229 ehronOIOgis
2632 5157 2802 5214 hodie
2834 5164 3058 5226 recepto
3087 5155 3309 5226 (utpote
3340 5157 3700 5214 discernente

2047 5246 2192 5300 citra
2221 5246 2405 5300 ullum
2436 5245 2800 5302 confusionis
2830 5245 3150 5316 periculum
3184 5259 3583 5316 quemcunque
3609 5261 3695 5303 an-

2048 5350 2204 5406 num,
2238 5337 2475 5407 ejusque
2503 5349 2536 5392 a
2563 5337 2830 5406 prasenti
2863 5335 3222 5408 distantiam)
3253 5337 3615 5406 conspicitur
3642 5337 3696 5391 in

2047 5425 2352 5498 marginali
2381 5426 2561 5483 ductu
2591 5426 2890 5486 columna.
2923 5427 3221 5496 primaque
3247 5426 3377 5482 sede
3408 5425 3705 5483 sinistror.

2045 5533 2170 5574 sum
2205 5531 2304 5586 per
2328 5517 2534 5572 seriem
2565 5517 2943 5574 descendente
2971 5535 2983 5570 :
3017 5515 3124 5573 sub
3149 5529 3216 5573 eo
3248 5516 3422 5572 titulo
3453 5531 3698 5587 superne

2048 5610 2274 5680 posito}:
2303 5609 2456 5663 Anni
2488 5607 2708 5678 periodi
2734 5609 2971 5663 Iuliana
3005 5606 3103 5662 ubi
3132 5607 3392 5676 periodus
3417 5609 3643 5663 Iuliana
3667 5621 3698 5662 a

2047 5679 2335 5771 Sealig‘Cro
2375 5697 2626 5766 inventa,
2665 5711 2849 5755 annos
2887 5696 3150 5768 singulos
3190 5697 3440 5767 ordinat,
3483 5697 3699 5754 additis
