3960 6436
213 389 319 450 389

1161 393 1255 450 DE
1291 389 1634 450 CHRONOL.
1692 389 1983 464 PONTIE,
2024 389 2262 450 Cll'BAR
2299 392 2389 450 ET
2425 390 2708 460 QONSUL.

3542 390 3651 461 390

214 519 649 578 characterlbus
698 519 846 591 cycli
903 518 1070 591 solis,
1113 523 1170 576 et
1217 518 1389 590 luna,
1439 531 1505 575 ac
1552 518 1877 575 litterarum
1903 527 1955 587 Α
1985 517 2396 577 eﬁ‘ossionibus
2423 518 2719 589 ruderum,
2744 531 2871 590 qua
2900 516 3101 574 dietim
3137 517 3305 590 ﬁunt,
3339 518 3455 577 nisi
3483 519 3650 590 prius

212 609 685 665 Dominicalium.
713 610 912 667 Eidem
930 622 1081 666 anno
1102 609 1326 680 periodi
1347 607 1594 665 Juliana
1615 608 1879 677 assignat

214 699 556 755 secundaria
596 698 782 756 series
811 713 941 756 cum
978 713 1042 755 ea
1078 699 1431 756 descendens
1452 712 1638 755 annos
1674 698 1878 754 civiles

214 787 500 844 Romanos
540 787 611 844 ab
646 788 795 844 Urbe
819 788 1072 845 condita.
1118 789 1259 846 Cum
1285 801 1417 844 vero
1450 801 1736 844 annorum
1774 799 1879 856 pe-

215 877 365 935 riodi
405 878 652 934 Juliana
690 878 964 951 Scaligeri
1012 879 1093 936 sit
1130 878 1430 935 exordium
1467 876 1743 934 Kalendis
1776 878 1877 931 Ja—

218 966 435 1039 nuarii,
460 980 563 1025 seu
582 967 699 1023 veri
736 973 864 1038 post
880 967 1126 1025 Casaris
1147 966 1594 1037 ordinationem,
1622 980 1725 1022 seu
1752 979 1874 1036 pro-

214 1055 413 1127 leptici
440 1062 573 1113 ante
595 1056 927 1114 ordinatum
956 1071 989 1113 a
1025 1056 1180 1115 Julio
1204 1057 1422 1114 Casare
1446 1056 1869 1127 Kalendarum;

213 1158 496 1203 annorum
539 1160 669 1203 vero
715 1146 787 1205 ab
825 1147 973 1203 Urbe
1017 1148 1253 1205 condita
1297 1147 1423 1204 dies
1466 1147 1736 1217 princeps
1771 1145 1870 1217 sit,

216 1249 342 1305 qua
364 1234 495 1291 festi
532 1235 804 1293 Palilium
833 1236 1022 1293 fuerat
1055 1237 1349 1298 Romanis.
1386 1249 1568 1307 eaque
1593 1235 1653 1291 in
1674 1234 1876 1291 calen—

213 1323 381 1379 dario
406 1324 649 1382 Casaris
676 1326 1009 1397 assignetur
1033 1339 1090 1381 ιι
1117 1325 1242 1382 Kal.
1274 1325 1409 1381 Maii
1435 1343 1449 1396 ;
1471 1324 1870 1396 consequitur,

216 1417 280 1469 ut
323 1426 458 1483 pars
502 1414 639 1470 anni
674 1415 897 1485 periodi
928 1415 1173 1473 Juliana
1211 1429 1279 1472 ex
1324 1411 1349 1470 4
1382 1414 1646 1471 Januarii
1687 1414 1757 1471 ad
1804 1410 1868 1469 24

212 1501 456 1574 Aprilis,
511 1509 727 1575 spectet
773 1504 840 1560 ad
883 1505 1287 1576 complendum
1338 1517 1554 1560 annum
1611 1502 1683 1559 ab
1729 1502 1877 1559 Urbe

213 1591 469 1663 condita,
508 1598 565 1649 et
608 1606 677 1649 ex
717 1590 782 1650 24
813 1593 1038 1664 Aprilis
1058 1594 1312 1664 ejusdem
1357 1593 1580 1664 periodi
1610 1591 1873 1664 Juliana,

212 1687 581 1752 computetur
613 1696 795 1740 novus
828 1698 1036 1755 annus,
1086 1684 1253 1741 illum
1284 1683 1630 1754 completum
1668 1696 1879 1739 conse-

212 1784 398 1842 quens
423 1772 484 1828 in
511 1773 659 1828 serie
690 1774 964 1844 temporis
998 1773 1069 1829 ab
1108 1773 1256 1829 Urbe
1286 1773 1538 1829 condita.
1594 1773 1877 1842 Quocirca

1987 622 2220 666 accessu
2259 622 2459 665 eorum
2504 622 2650 679 quos
2688 608 2811 678 ipse
2841 607 3151 679 delegisset
3193 608 3261 665 ad
3306 609 3502 666 eadem
3554 623 3651 665 re—

1986 692 2398 769 cognoscenda,
2428 704 2495 754 et
2508 699 2579 754 ad
2606 698 2864 754 historia
2888 699 3222 767 praesidium
3246 698 3645 770 describenda,

1987 787 2048 841 in
2100 792 2226 844 tuto
2277 787 2663 844 collocaretur
2709 788 2997 858 quidquid
3050 788 3280 843 erudita
3323 788 3650 859 antiquitas

1985 876 2157 933 nobis
2184 877 2332 933 seris
2367 878 2614 947 posteris
2657 878 2737 932 ita
2785 877 3115 932 reservavit.
3162 877 3387 934 Placuit
3428 878 3648 934 beneﬁ-

1984 966 2322 1022 centissimo
2346 966 2500 1022 Patri
2532 967 2588 1022 id
2623 966 2883 1023 muneris
2906 965 3178 1023 tenuitati
3204 979 3340 1021 mea
3366 966 3645 1037 conferre,

1987 1043 2282 1126 proposito
2315 1069 2412 1126 per
2441 1056 2802 1112 eminentiss.
2850 1055 3006 1111 card.
3046 1054 3346 1124 Spinulam
3387 1071 3649 1115 camera-

1987 1145 2140 1201 rium
2183 1145 2376 1202 edicto
2426 1146 2791 1216 providenter
2825 1145 3217 1215 conﬁrmante,
3255 1150 3445 1202 vetera
3483 1148 3647 1217 jussa

1988 1235 2324 1305 pontiﬁcum
2349 1236 2714 1292 decessurum
2746 1235 2842 1291 die
2865 1232 2934 1291 30
2963 1235 3277 1305 Septembr.
3311 1236 3451 1292 anni
3481 1233 3644 1308 4704,

1989 1326 2360 1395 pontiﬁcatus
2386 1326 2478 1383 sui
2508 1330 2734 1397 quarto.
2774 1326 2874 1381 Per
2901 1325 3004 1381 hos
3033 1325 3242 1396 viginti
3274 1340 3460 1383 annos
3487 1326 3648 1386 dele-

1986 1419 2130 1485 gata
2168 1414 2311 1471 mihi
2348 1429 2501 1470 cura
2544 1420 2659 1469 tum
2692 1414 2967 1470 naturalis
3003 1415 3313 1470 sollicitudo
3347 1413 3433 1489 (ut
3464 1418 3648 1475 Fron-

1988 1503 2149 1560 tinus
2171 1504 2576 1574 experiebatur
2599 1505 2660 1560 in
2687 1505 2995 1561 commisso
3019 1503 3135 1560 sibi
3163 1518 3398 1562 munere
3414 1519 3447 1562 a
3468 1508 3650 1565 Nerva

1986 1592 2254 1663 principe
2293 1607 2459 1664 quem
2491 1593 2737 1668 ambigit
2767 1607 2904 1650 num
2933 1593 3183 1664 appellet
3225 1595 3647 1665 diligentiorem,

1987 1698 2063 1736 an
2105 1684 2467 1737 amantiorem
2510 1682 2839 1757 reipublica)
2867 1688 2981 1738 tum
3020 1683 3156 1753 ﬁdes
3187 1684 3381 1739 sedula
3422 1701 3533 1740 non
3575 1687 3653 1742 ad

1988 1771 2334 1839 diligentiam
2368 1771 2547 1841 modo,
2592 1787 2780 1827 verum
2823 1772 2899 1826 ad
2941 1788 3178 1827 amorem
3226 1789 3440 1844 quoque
3499 1784 3652 1831 com—

206 1858 427 1931 duplex
475 1875 750 1921 numerus
788 1876 972 1920 annos
1012 1862 1276 1934 singulos
1316 1862 1501 1919 afﬁcit
1540 1862 1646 1918 hac
1687 1862 1747 1917 in
1773 1876 1877 1919 co-
1901 1862 1955 1923 B
1986 1862 2168 1916 missa
2198 1864 2281 1915 rei
2324 1877 2409 1916 me
2446 1877 2568 1916 eum
2609 1863 3029 1929 instigaverint;
3062 1868 3347 1934 quotquot
3391 1868 3650 1921 vetustos

208 1948 431 2023 lumna,
471 1966 626 2009 unus
655 1954 951 2023 pertinens
979 1953 1051 2009 ab
1080 1966 1293 2009 annum
1321 1951 1724 2022 complendum
1751 1956 1876 2007 ante

205 2041 436 2112 Palilia,
475 2041 622 2098 alter
645 2041 717 2098 ab
743 2056 952 2099 novum
985 2042 1372 2099 denominand
1385 2054 1476 2096 um
1498 2045 1622 2109 post
1647 2041 1874 2105 Palilia,

210 2129 294 2185 uti
326 2129 402 2185 ad
435 2130 705 2203 singulas
746 2131 991 2203 paginas
1034 2131 1287 2188 ostendit
1318 2130 1531 2188 titulus
1578 2130 1639 2186 in
1689 2128 1877 2187 fronte

209 2217 507 2288 praﬁxus.

276 2308 440 2363 Intra
489 2306 662 2364 hasce
713 2308 893 2365 series
931 2308 1279 2379 epocharum
1314 2308 1591 2380 utrinque
1632 2300 1879 2365 descen—

205 2395 476 2452 dentium
514 2397 780 2466 procedit
802 2398 1016 2454 ductus
1040 2398 1324 2454 columna
1352 2397 1677 2467 amplioris,
1713 2399 1877 2455 indi-

209 2498 346 2542 cans
373 2486 720 2542 documenta
752 2487 1044 2557 pracipua
1077 2488 1352 2556 temporis
1393 2486 1461 2542 ad
1491 2488 1751 2544 eumdem
1783 2501 1880 2545 an-

211 2588 348 2630 num
380 2574 748 2645 pertinentis,
772 2587 841 2631 ex
866 2575 1306 2647 magistratibus
1335 2576 1723 2632 Romanorum
1761 2591 1877 2646 pu-

214 2661 365 2718 blica
383 2663 732 2718 auctoritate
746 2676 961 2719 annum
974 2663 1367 2735 signantibus,
1392 2664 1720 2734 cuiusmodi
1739 2668 1877 2719 sunt

216 2751 506 2823 consules,
552 2758 610 2808 et
649 2753 1046 2823 imperatores.
1081 2754 1395 2811 Consulum
1440 2754 1872 2811 ordinariorum

215 2856 560 2914 pranomen,
595 2856 822 2915 nomen,
855 2848 913 2900 et
937 2849 1380 2915 cognomentum
1410 2844 1642 2900 reddere
1681 2844 1873 2901 conati

214 2938 353 2990 sunt
374 2931 589 3003 plures,
618 2933 720 3003 qui
756 2933 816 2988 in
848 2934 1034 2989 Fastis
1060 2939 1314 2990 correcte
1346 2933 1694 2990 exhibendis
1732 2947 1875 3004 ope-

213 3036 332 3079 ram
363 3022 759 3079 contulerunt.
788 3022 899 3091 Qui
925 3023 1368 3094 Cuspinianum,
1410 3023 1734 3096 Sigonium,
1765 3024 1877 3080 Ma-

211 3114 469 3185 nutium,
496 3113 857 3184 Panvinium,
887 3114 1178 3185 Pighium,
1200 3114 1536 3185 Gruterum,
1558 3113 1871 3178 Goltzium.

1988 1952 2211 2024 lapides
2248 1951 2418 2011 eﬁ‘odi
2477 1951 2726 2024 contigit
2766 1950 2947 2023 (fuere
2998 1956 3189 2009 autem
3241 1952 3504 2023 plurimi)
3551 1958 3654 2011 aut

1988 2055 2273 2114 nummos,
2334 2041 2726 2114 chronologia
2765 2040 3096 2098 consularis
3137 2045 3193 2097 et
3238 2042 3504 2097 Casarea
3552 2055 3652 2098 ra-

1988 2131 2177 2187 tiones
2227 2131 2687 2203 comprobantes,
2737 2136 2840 2186 aut
2883 2130 3255 2202 corrigentes,
3311 2130 3448 2186 huic
3490 2131 3650 2201 operi

1987 2220 2296 2276 reservavi.
2330 2223 2393 2276 In
2423 2220 2528 2276 hac
2557 2220 2740 2291 igitur
2763 2218 3050 2290 columna,
3079 2218 3178 2275 ubi
3206 2219 3512 2276 consulum
3539 2233 3652 2276 no-

1990 2307 2163 2375 mina,
2192 2322 2322 2366 cum
2371 2307 2828 2380 pranominibus
2877 2312 2934 2364 et
2979 2308 3377 2379 cognomentis
3430 2308 3654 2381 integre

1987 2396 2357 2469 exhibentur,
2388 2397 2616 2469 quando
2642 2402 2798 2453 certo
2822 2398 2982 2453 nosci
3011 2402 3343 2468 potuerunt,
3367 2398 3652 2454 asterisco

1989 2485 2244 2542 indicata
2270 2487 2521 2557 reperies
2551 2486 2620 2541 ad
2654 2499 2837 2542 annos
2868 2485 3134 2557 singulos
3165 2485 3312 2558 loca,
3348 2486 3406 2543 in
3435 2485 3654 2557 quibus

1987 2576 2180 2631 eadem
2210 2575 2452 2647 collegia
2494 2575 2821 2641 consulum,
2852 2575 2935 2631 vel
2978 2575 3036 2629 in
3065 2574 3437 2645 pranomine,
3473 2575 3560 2631 vel
3590 2576 3651 2633 in

1987 2666 2240 2736 nomine,
2271 2670 2373 2721 aut
2402 2670 2781 2735 cognomento
2808 2663 3116 2735 reddendo,
3143 2677 3213 2719 ex
3244 2672 3411 2720 certa
3439 2670 3652 2722 aucto-

1988 2755 2184 2812 ritatis
2223 2755 2613 2812 monumentis
2662 2753 3042 2827 corriguntur
3086 2760 3365 2826 quantum
3415 2755 3650 2827 assequi

1988 2845 2147 2915 potui
2182 2846 2288 2901 hoc
2311 2845 2599 2908 vicennio,
2626 2858 2696 2901 ex
2720 2859 2835 2915 quo
2854 2844 3194 2901 demandata
3220 2845 3365 2901 mihi
3396 2844 3510 2902 fuit
3534 2845 3652 2902 hac

1990 2936 2283 3006 provincia
2331 2934 2777 3007 recognoscendi
2826 2938 2883 2990 et
2927 2934 3312 3004 p‘raservandi
3361 2935 3430 2991 ad
3479 2948 3650 2991 usum

1987 3039 2161 3083 sacra
2192 3031 2250 3082 et
2286 3023 2537 3097 profana
2560 3024 2820 3080 historia
2849 3024 3101 3095 pretiosa
3125 3025 3243 3080 hac
3280 3025 3647 3081 documenta.
3752 3020 3759 3035 '

1983 3118 2046 3172 In
2068 3115 2322 3188 singulis
2338 3115 2605 3187 collegiis
2625 3113 2928 3171 consulum
2946 3120 3050 3171 aut
3068 3113 3369 3171 laterculis
3392 3113 3653 3170 indicare

206 3204 476 3276 aliosque
504 3204 828 3274 superioris
865 3204 1062 3260 saculi
1089 3212 1355 3261 auctores
1397 3210 1699 3276 noverunt,
1748 3218 1877 3262 mo-
1900 3198 1948 3259 C
1988 3205 2628 3276 placuitauctoritatem
2650 3204 2980 3261 documenti
3002 3203 3153 3260 unde
3179 3202 3648 3274 comprobantur.

207 3295 385 3352 nendi
419 3308 532 3351 non
564 3300 725 3366 sunt,
765 3302 1042 3365 quantum
1080 3303 1407 3366 superesset
1449 3295 1519 3353 ad
1565 3294 1874 3366 perlicien-

205 3386 367 3455 dum,
420 3393 550 3458 post
586 3385 903 3443 exhaustos
932 3390 1016 3442 tot
1043 3387 1301 3443 virorum
1337 3387 1736 3457 prastantium
1780 3385 1875 3442 la-

206 3476 396 3533 bores.
431 3476 723 3547 Quantum
754 3476 1145 3548 promoverint
1174 3475 1609 3549 chronologiam
1650 3490 1872 3533 consu-

204 3566 383 3623 larem
405 3566 519 3622 viri
539 3565 730 3622 atatis
751 3571 962 3622 nostra
986 3564 1338 3629 doctissimi,
1365 3565 1723 3622 ministratis
1749 3565 1867 3622 do-

205 3658 499 3714 cumentis
525 3655 805 3727 lapidum,
846 3660 905 3711 et
925 3668 1294 3711 nummorum
1326 3653 1576 3712 feliciter
1599 3654 1872 3727 detectis,

204 3746 278 3803 ab
305 3747 502 3818 iisque
548 3746 864 3817 diligenter
908 3743 1158 3814 collatis,
1210 3748 1268 3799 et
1316 3744 1642 3815 explicatis,
1698 3745 1870 3802 unica

204 3836 453 3907 epistola
485 3835 812 3892 consularis
841 3834 1063 3891 Norisii
1097 3833 1282 3889 nostri
1313 3834 1382 3890 ad
1408 3834 1685 3891 celebrem
1711 3835 1875 3892 chro-

207 3925 484 3998 nologum
517 3926 754 3998 Pagium
784 3924 1109 3981 luculenter
1150 3923 1354 3979 docere
1387 3928 1609 3993 potest:
1636 3925 1732 3981 cui
1765 3925 1873 3982 Al-

207 4013 569 4072 melovenius
586 4023 643 4072 et
666 4014 955 4071 Relandus
977 4011 1251 4084 praclara
1271 4012 1662 4069 additamenta
1692 4027 1875 4084 nuper

208 4104 514 4175 impressis
550 4106 849 4162 Fastorum
894 4110 1132 4160 suorum
1165 4102 1567 4159 voluminibus
1605 4103 1877 4161 contule-

207 4201 366 4252 runt.
397 4197 457 4250 ln
484 4196 738 4251 Casarea
763 4209 895 4252 vero
920 4193 1298 4267 chronologia
1320 4194 1711 4264 componenda
1743 4206 1873 4250 cum

204 4286 528 4359 consulari,
581 4290 861 4356 quantum
904 4290 1033 4355 post
1073 4284 1352 4339 Occonem
1401 4284 1767 4340 desudaverit
1810 4284 1868 4339 G.

204 4377 642 4448 Mediaburbus,
670 4383 913 4434 testatur
944 4391 1091 4448 opus
1124 4377 1417 4450 egregium
1446 4376 1872 4432 Numismatum

202 4467 278 4523 ab
309 4482 376 4525 eo
409 4470 770 4539 pramissum
804 4469 1051 4527 editioni
1086 4470 1406 4536 Fastorum,
1438 4481 1609 4538 quam
1641 4467 1879 4524 medita-

1986 3295 2144 3352 Licet
2186 3300 2377 3352 autem
2429 3293 2859 3350 Almelovenius
2902 3299 2959 3349 et
3011 3293 3303 3350 Relandus
3357 3293 3464 3351 hoc
3522 3293 3652 3364 ipso

1985 3388 2239 3455 tempore
2274 3384 2547 3455 pleraque
2579 3396 2648 3439 ex
2688 3382 2783 3439 his
2810 3383 3201 3440 monumentis
3245 3387 3501 3439 recenter
3539 3383 3653 3439 de-

1984 3473 2151 3529 tectis
2175 3473 2520 3544 acceperint,
2548 3458 2861 3541 eﬁmblico
2883 3471 3213 3528 litterarum
3238 3472 3372 3529 usui
3395 3470 3656 3541 plurima

1979 3578 2111 3620 cum
2154 3562 2321 3619 laude
2364 3561 2734 3636 protulerint,
2784 3565 3035 3618 attamen
3080 3560 3150 3617 ab
3203 3562 3451 3631 incapto
3502 3560 3656 3617 desi-

1979 3652 2247 3709 stendum
2279 3650 2424 3705 mihi
2467 3662 2580 3705 non
2619 3662 2744 3704 esse
2769 3648 3062 3717 iudicavi:
3112 3650 3209 3706 cui
3244 3649 3303 3704 in
3322 3649 3524 3711 .Fastis
3554 3662 3651 3705 se—

1984 3740 2228 3814 paratim
2258 3738 2497 3794 edendis
2528 3737 2600 3814 (si
2632 3737 2849 3792 Ostium
2879 3744 2936 3793 et
2964 3736 3295 3795 facultatem
3316 3737 3468 3794 Deus
3500 3750 3651 3794 con-

1983 3813 2240 3899 cesserit)
2283 3813 2580 3896 complul’a
2610 3833 2900 3896 congesta,
2943 3839 3012 3882 ex
3042 3827 3298 3883 nummis
3330 3829 3650 3898 prasertim

1984 3927 2040 3978 et
2065 3917 2364 3990 lapidibus
2388 3915 2635 3987 epochas
2664 3910 3124 3985 praferentibus,
3145 3922 3200 3972 et
3220 3929 3290 3973 ex
3317 3916 3654 3977 calestibus

1985 4008 2305 4067 observatis
2329 4010 2662 4076 suppetunt,
2700 4019 2935 4061 usuram
2974 4005 3256 4078 plenioris
3286 4006 3439 4065 lucis
3479 4022 3653 4081 repa-

1987 4099 2200 4159 rationi
2235 4105 2555 4169 temporum
2588 4095 2939 4166 prastitura.

2058 4194 2243 4264 Hujus
2272 4185 2546 4261 lapidarii
2591 4186 2971 4244 additamenti
3006 4187 3190 4244 nostri
3231 4187 3302 4245 ad
3352 4188 3649 4247 Fastorum

1986 4285 2397 4355 castigatorum
2451 4273 2853 4341 auctoritatem
2915 4277 3200 4348 specimen
3259 4277 3497 4334 unicum
3544 4292 3651 4336 ex—

1988 4373 2186 4431 hibere
2203 4379 2507 4431 contentus
2523 4389 2654 4431 ero:
2683 4382 2883 4439 nempe
2912 4366 3185 4425 ineditam
3212 4367 3650 4439 inscriptionem

1991 4478 2315 4521 marmorea
2342 4464 2572 4536 tabula,
2604 4465 2662 4519 in
2683 4458 2908 4517 Antiati
2942 4457 3139 4513 littore
3158 4472 3289 4515 cum
3324 4459 3462 4515 aliis
3493 4459 3653 4516 nobi-

205 4558 402 4617 batur.
441 4562 519 4615 Ne
546 4566 742 4616 autem
770 4558 1023 4614 eamdem
1053 4557 1364 4628 perﬁceret,
1393 4556 1671 4613 obstitere
1694 4555 1875 4612 dubia
1914 4560 1968 4622 D
1987 4554 2144 4611 libus
2173 4554 2484 4612 ruderibus
2513 4559 2738 4629 egesta,
2763 4562 2901 4609 cura
2932 4553 2988 4605 et
3018 4548 3299 4620 impensis
3319 4549 3654 4606 eminentis-

204 4649 531 4722 complura,
573 4649 633 4705 in
662 4648 1004 4706 nominibus
1039 4648 1345 4707 consulum
1372 4647 1692 4718 prasertim
1722 4659 1873 4703 non-

202 4740 347 4797 dum
374 4739 590 4810 soluta,
617 4737 845 4796 defectu
874 4738 1375 4808 documentorum,
1401 4751 1528 4810 qua
1557 4742 1711 4796 certa
1736 4737 1875 4795 red-

204 4833 412 4889 derent
441 4828 775 4885 testimonia
798 4828 1077 4885 veritatis.

279 4920 430 4976 Huic
458 4925 668 4990 sparta
696 4918 1045 4975 adornanda
1074 4916 1321 4988 0pellam
1364 4920 1422 4973 et
1465 4929 1571 4973 nos
1610 4914 1876 4973 contuli-

207 5025 341 5068 mus
395 5010 502 5067 hac
557 5011 618 5065 in
679 5009 967 5065 columna.
1029 5008 1170 5064 Cum
1224 5008 1381 5063 enim
1428 5006 1738 5063 Clementis
1795 5008 1873 5064 XI

205 5106 436 5157 aterna
457 5100 749 5159 memoria
774 5097 1068 5170 pontiﬁcis
1088 5097 1352 5153 studium
1378 5108 1445 5150 ac
1471 5093 1633 5151 favor
1658 5096 1719 5151 in
1746 5109 1875 5167 pro-

209 5191 510 5249 movendis
529 5188 891 5261 disciplinis,
920 5189 1129 5259 hisque
1151 5184 1492 5259 prasertim,
1520 5198 1647 5255 qua
1671 5199 1738 5241 ex
1769 5199 1876 5259 ge—

210 5283 390 5339 nuina
406 5280 763 5351 antiquitate
785 5278 1053 5337 subsidia
1082 5274 1389 5334 conferunt
1407 5278 1562 5330 certa
1581 5275 1651 5331 ad
1682 5275 1878 5333 histo-

209 5353 355 5431 ιῗῖῖιω
400 5373 673 5431 Ecclesia
720 5368 1183 5437 dilucidandam,
1230 5372 1589 5437 perspectum
1618 5365 1874 5438 haberet,

204 5477 237 5520 e
282 5464 565 5522 Romanis
610 5460 1002 5520 monumentis
1039 5458 1199 5515 ferax
1246 5455 1306 5511 in
1349 5454 1478 5512 dies
1515 5469 1878 5517 succrescere

205 5555 582 5627 spicilegium
606 5553 680 5611 ad
708 5558 964 5609 veterum
990 5562 1226 5608 messem
1256 5563 1371 5607 non
1393 5547 1735 5618 spernendis
1764 5560 1876 5605 ma-

206 5646 432 5718 nipulis
450 5644 888 5715 cumulandam,
920 5644 1072 5700 cavit
1098 5658 1167 5702 ne
1200 5645 1385 5703 incisa
1414 5641 1632 5701 litteris
1653 5642 1876 5697 vetusta

209 5751 500 5796 marmora
530 5736 713 5806 intra,
736 5733 821 5793 vel
853 5740 1015 5792 extra
1034 5734 1238 5793 Urbem
1271 5735 1397 5799 loco
1424 5734 1788 5801 moverentur
1815 5728 1875 5803 ig

1984 4644 2122 4701 simi
2147 4645 2432 4717 principis
2460 4641 2773 4702 Alexandri
2803 4637 3122 4697 cardinalis
3151 4639 3383 4709 Albani,
3419 4638 3520 4715 qui
3553 4639 3653 4697 do-

1985 4734 2237 4791 ctissimi
2261 4736 2453 4806 patrui
2473 4731 2785 4790 Clementis
2810 4729 2889 4786 XI
2916 4726 3321 4785 adhortatione
3357 4732 3415 4783 et
3453 4739 3652 4783 exem-

1986 4824 2102 4897 plo,
2128 4824 2363 4881 tutelam
2382 4823 2625 4882 erudita
2641 4815 3021 4889 antiquitatis
3038 4820 3095 4871 et
3116 4815 3503 4885 patrocinium
3528 4830 3654 4874 sus-

1983 4914 2155 4988 cepit.
2184 4916 2247 4971 In
2275 4913 2377 4970 illa
2404 4924 2720 4970 marmorea
2752 4907 2944 4966 tabula
2991 4905 3240 4963 incisum
3269 4903 3487 4976 legitur
3526 4902 3652 4961 fra-

1985 5010 2279 5079 gmentum
2308 5002 2585 5060 Kalendis
2628 4999 2872 5063 Juliani.
2918 4997 3280 5067 complexum
3317 4996 3648 5050 semestrem

1987 5095 2361 5166 posteriorem
2408 5092 2546 5147 anni
2594 5103 2628 5145 a
2672 5085 2944 5144 Kalendis
2987 5084 3153 5155 Julii,
3196 5096 3310 5139 non
3358 5079 3651 5137 dissimile

1986 5182 2332 5241 Farnesiano
2360 5183 2421 5238 in
2452 5180 2671 5236 litteris
2698 5174 2845 5247 cycli
2880 5173 3126 5243 lunaris,
3162 5169 3417 5244 singulis
3441 5167 3651 5226 diebus

1985 5271 2320 5344 assignatis,
2345 5274 2402 5325 et
2434 5270 2494 5324 in
2513 5267 2652 5322 aliis
2670 5266 2896 5322 dierum
2920 5262 3234 5333 adjunctis,
3260 5259 3404 5316 satis
3425 5257 3653 5327 exposi-

1990 5363 2069 5419 tis
2088 5362 2147 5417 in
2175 5363 2374 5417 nostra
2389 5356 2803 5413 dissertatione
2823 5352 2894 5406 de
2911 5350 3081 5421 Cyclo
3101 5356 3159 5407 et
3172 5345 3522 5405 Kalendario
3542 5350 3651 5404 Ca-

1989 5452 2174 5509 saris:
2195 5452 2429 5504 auctum
2447 5458 2580 5501 vero
2599 5444 2657 5498 in
2684 5443 2790 5499 hoc
2810 5452 3092 5495 marmore
3114 5436 3382 5510 pluribus
3413 5436 3652 5525 epochis

1991 5538 2315 5601 illustriora
2335 5540 2492 5609 gesta
2512 5533 2768 5605 ejusdem
2795 5527 3040 5583 Casaris
3058 5532 3116 5584 et
3134 5526 3404 5598 Augusti,
3427 5537 3652 5587 eorum-

1987 5646 2099 5706 que
2122 5626 2448 5703 principum
2483 5623 2740 5691 familia,
2769 5614 2841 5674 ad
2868 5621 3055 5674 certos
3083 5618 3212 5676 dies
3241 5614 3645 5706 referentibus,

1989 5703 2049 5784 in
2073 5718 2291 5797 quibus
2328 5721 2386 5774 et
2424 5715 2578 5773 diem
2611 5707 2870 5800 victoria
2891 5706 3255 5781 Pharsalica,
3288 5721 3320 5763 v
3354 5706 3494 5764 Idus
3520 5703 3648 5758 Ana
