3960 6422
349 381 447 440 394

1140 385 1234 440 AD
1271 384 1707 442 ANASTASIUM
1767 379 2285 440 PROLOGOMENA
2322 383 2498 441 EDIT.
2545 385 2976 445 ROM.-VATIC.

3664 399 3769 460 392

351 523 505 595 gusti
535 523 812 580 hactenus
857 523 1210 595 ignoratam;
1241 530 1298 580 ει
1332 525 1482 596 quod
1511 525 1580 580 ad
1611 538 1727 580 rem
1754 525 2006 580 nostram
2045 504 2241 563 Adem
2273 505 2439 563 linea
2462 509 2598 564 anni
2622 512 2860 568 Romani
2883 513 3077 570 civilis
3098 516 3408 575 terminum
3442 521 3768 583 indicantes

350 614 812 686 chronol0gicam
861 613 1152 686 fastosque
1186 616 1518 671 consulares
1561 620 1681 670 tum
1740 623 2007 682 compro-

351 702 587 768 bandos,
619 711 736 760 tum
769 705 1173 776 castigatiores
1199 705 1555 760 exhibendos
1594 703 1833 772 confert,
1863 713 2009 756 con—

350 792 540 848 tinens
565 798 779 863 septem
811 793 1054 864 collegia
1099 793 1401 850 consulum
1432 793 1538 849 sub
1563 790 2008 863 imperatoribus

347 881 599 952 Tiberio,
639 882 698 937 C.
745 882 1006 954 Caligula
1048 887 1102 937 et
1141 883 1410 938 Claudio.
1447 882 1599 938 Dabo
1641 883 1817 951 hujus
1856 893 2008 950 pra-

348 971 696 1025 stantissimi
729 972 1032 1042 fragmenti
1068 971 1286 1026 ﬁdelem
1313 977 1506 1042 typum
1533 971 1589 1026 in
1623 970 1732 1026 ﬁne
1761 970 2002 1025 istorum

350 1057 905 1130 Prolegomenorum;
952 1064 1008 1115 et
1048 1061 1346 1115 reservabo
1372 1058 1922 1129 interpretationem,
1950 1061 2005 1112 et

348 1152 511 1203 notas
556 1163 699 1218 quas
735 1149 955 1204 attexui
1001 1150 1070 1204 ad
1113 1149 1434 1205 uberiorem
1485 1149 1610 1218 ejus
1649 1147 2002 1203 monumenti

351 1237 818 1307 illustrationem,
851 1237 932 1293 vel
966 1238 1211 1294 editioni
1247 1240 1566 1308 Fastorum,
1598 1236 1680 1293 vel
1716 1236 2006 1291 Analectis

346 1325 732 1396 Antiquitatis
760 1326 1011 1382 inedita.

417 1414 652 1470 Cateris
675 1429 902 1484 quoque
936 1414 1397 1471 indicationibus
1422 1413 1846 1484 astronomieis,
1875 1426 2008 1468 cer—

351 1507 464 1558 tam
497 1503 632 1558 anni
659 1504 846 1558 sedem
868 1504 1139 1574 diemque
1161 1517 1271 1560 non
1303 1503 1496 1558 minus
1516 1502 1808 1558 evidenter
1834 1513 2004 1573 quam

348 1590 520 1648 hocce
566 1607 815 1649 marmor
861 1593 1414 1664 demonstrantibus,
1461 1605 1652 1648 carere
1692 1606 1804 1648 non
1845 1589 2000 1647 volui

346 1683 769 1748 Prolegomenis
824 1683 1109 1739 adnexum
1167 1684 1522 1740 Breviarium
1577 1682 2000 1753 Chronologia,

347 1772 486 1828 huic
508 1779 660 1828 tomo
701 1773 1037 1841 inserviens,
1066 1787 1098 1828 a
1128 1773 1282 1829 Julio
1307 1775 1525 1828 Casare
1554 1773 1623 1827 ad
1654 1771 1822 1828 ﬁnem
1860 1772 2003 1827 Vita

343 1860 494 1916 beati
524 1861 785 1917 Silvestri
825 1875 1000 1931 papa.
1043 1862 1300 1932 Eclipses
1350 1863 1532 1931 igitur
1568 1861 1711 1917 solis
1751 1875 1815 1916 ac
1853 1861 2002 1917 luna

343 1955 590 2020 quatuor
624 1949 781 2006 hisce
818 1951 1047 2006 saculis
1077 1951 1423 2020 observatas,
1457 1956 1514 2006 et
1538 1965 1569 2006 a
1615 1951 2002 2020 scriptoribus

341 2037 556 2094 litteris
603 2041 986 2111 consignatas,
1038 2041 1362 2109 connotavi,
1417 2041 1477 2095 in
1529 2040 1733 2095 iisdem
1786 2039 2002 2095 tabulis

342 2128 765 2200 chronologicis
789 2144 886 2200 per
907 2129 1051 2185 solis
1080 2137 1415 2186 consuetum
1441 2129 1669 2197 signum
1692 2127 1781 2199 θ,
1817 2129 1866 2183 si
1902 2142 1990 2184 so-

341 2217 488 2274 lares
510 2225 676 2287 sunt;
701 2224 802 2274 aut
821 2233 918 2288 per
933 2218 1177 2274 alterius
1195 2217 1505 2274 luminaris
1525 2218 1584 2272 in
1609 2217 1810 2272 licium
1845 2219 1920 2285 (,
1946 2216 1996 2271 si

340 2313 478 2364 sunt
523 2308 773 2364 lunares.
810 2307 920 2362 Ubi
963 2307 1082 2362 hac
1127 2309 1292 2376 signa
1334 2312 1667 2376 occurrunt,
1719 2305 1771 2358 is
1809 2317 1998 2360 annus

339 2397 578 2467 ejusque
602 2397 784 2465 sedes,
807 2409 909 2450 seu
929 2409 961 2450 a
981 2395 1244 2463 prasenti
1264 2407 1414 2449 anno
1436 2394 1737 2462 distantia,
1760 2393 1998 2462 eclipsis

340 2485 620 2555 phasibus
643 2483 1072 2553 comprobatur,
1107 2496 1351 2552 quarum
1375 2481 1628 2536 calculos
1657 2481 1997 2549 respondere

343 2573 560 2628 tabulis
599 2585 664 2625 ex
693 2585 857 2640 aquo
897 2584 964 2624 ac
1003 2567 1505 2625 observationibus
1554 2569 1883 2623 demonstro
1941 2569 1999 2624 in

344 2660 624 2730 opusculo
676 2660 741 2712 de
783 2660 1144 2728 Reparatione
1179 2661 1518 2726 Temporum.
1549 2659 1699 2712 Inter
1723 2658 1826 2712 has
1849 2657 2001 2713 ecli-

340 2763 467 2819 pses
496 2749 775 2819 insignes,
805 2746 1114 2802 nonnullas
1141 2761 1172 2801 a
1204 2745 1573 2817 chronologis
1607 2759 1717 2802 non
1746 2751 2000 2817 repertas

341 2839 533 2895 videre
565 2839 720 2908 licet,
757 2843 820 2893 ut
844 2837 912 2892 ad
941 2849 1154 2892 annum
1186 2834 1251 2892 l3
1271 2849 1396 2891 ara
1423 2835 1785 2892 Christiana.

411 2929 558 2984 Huic
601 2940 733 2982 vero
787 2925 1265 2982 demonstrationi
1325 2930 1643 2995 temporum
1696 2925 1997 2982 constabi-

340 3017 565 3086 lienda,
590 3015 964 3071 beneﬁcentia
990 3014 1344 3070 sanctissimi
1379 3015 1584 3084 Patris,
1614 3021 1669 3070 et
1699 3029 1993 3086 nunquam

339 3107 484 3162 satis
503 3105 722 3163 laudati
757 3105 1041 3175 principis
1069 3103 1377 3160 Clementis
1399 3106 1476 3159 XI
1499 3105 1767 3175 prasidia
1783 3112 1996 3163 contu-

339 3195 440 3251 lit:
473 3210 601 3252 cum
634 3195 877 3264 scilicet,
906 3196 1152 3251 excitato
1183 3194 1291 3250 sub
1331 3195 1566 3250 initium
1599 3197 1850 3266 suscepti
1883 3198 1997 3252 Ec—

339 3284 527 3340 clesia
555 3284 856 3355 regiminis
877 3297 1156 3354 gnomone
1174 3283 1578 3353 astronomico,
1607 3284 1675 3338 ad
1700 3298 1865 3340 usum
1895 3286 1996 3341 Ka-

339 3373 586 3430 lendarii
627 3377 959 3428 constructo
992 3373 1050 3427 in
1083 3372 1347 3428 Thermis
1385 3373 1751 3442 Diocletiani,
1788 3374 1846 3428 in
1880 3389 1994 3445 quo

335 3476 465 3518 cum
519 3463 732 3532 posteri
767 3461 1144 3517 luminarium
1195 3466 1383 3517 motus
1411 3461 1861 3533 diligentissime
1888 3477 1996 3518 ex-

337 3555 563 3626 plorare
608 3554 851 3624 possint,
897 3553 964 3608 ad
1003 3553 1213 3608 tuenda
1259 3553 1524 3623 Gregorii
1557 3553 1686 3608 XIII
1716 3553 1992 3609 beneﬁcia

337 3643 723 3712 necessarios,
779 3647 842 3698 ut
871 3643 952 3698 rei
987 3641 1270 3712 Paschali,
1305 3641 1600 3711 pontiﬁcia
1632 3643 1992 3712 providentia

335 3732 728 3803 procuranda,
782 3731 1067 3802 quidquid
1111 3729 1424 3801 aptandum
1458 3730 1642 3786 fuerat
1673 3738 1994 3802 Opportune

333 3821 717 3891 comparavit;
747 3821 826 3875 ita
847 3820 1018 3875 etiam
1037 3818 1424 3889 chronologia
1446 3819 1827 3891 undequaque
1847 3834 1987 3877 con-

335 3909 626 3964 ﬁrmanda
653 3914 710 3964 et
757 3909 1105 3977 reparanda,
1158 3908 1437 3965 solidiora
1463 3923 1704 3981 quaque
1729 3909 1796 3965 ad
1809 3910 1992 3966 mini-

334 3997 465 4052 cula
488 3997 851 4067 providenter
878 3996 1163 4065 adjunxit.

405 4085 506 4139 His
549 4085 860 4157 generatim
894 4087 1244 4155 pramonitis
1272 4087 1342 4143 de
1372 4086 1757 4158 chronologia
1801 4088 1990 4144 docu-

336 4175 544 4230 mentis
573 4175 816 4246 digestis
847 4176 906 4230 in
941 4176 1108 4231 hasce
1133 4176 1379 4245 tabulas,
1413 4175 1710 4245 expediam
1739 4175 1987 4234 breviter

333 4265 658 4320 earumdem
702 4266 772 4321 de
795 4265 1180 4335 dispositione
1199 4279 1284 4333 ea,
1319 4278 1447 4334 qua
1490 4264 1734 4321 dicenda
1777 4279 1989 4336 super-

333 4359 487 4423 sunt,
519 4370 663 4410 usus
689 4363 753 4410 ut
781 4355 1014 4410 illarum
1042 4356 1120 4409 sit
1148 4354 1406 4424 paratior

402 4444 882 4514 Quinquennium
933 4443 1078 4498 illud
1142 4450 1460 4510 temporum
1509 4442 1984 4518 Casarianorum,

2028 3154 2077 3218 C

2117 599 2230 650 tam
2260 595 2318 650 in
2355 597 2638 656 columma
2671 603 2887 670 periodi
2919 604 3320 677 Scaligeriana
3351 623 3520 681 quam
3564 615 3626 670 in
3665 629 3769 672 co-

2117 683 2312 738 lumna
2351 699 2631 743 annorum
2676 690 3058 750 Romanorum
3104 695 3387 752 civilium.
3435 701 3538 757 His
3580 708 3766 761 tamen

2117 772 2379 829 adhiberi
2402 777 2666 833 convenit
2685 779 2896 851 duplex
2918 796 3209 853 numerus,
3230 800 3475 856 quorum
3501 792 3664 860 prior
3687 795 3770 851 in-

2115 861 2270 918 dicet
2328 878 2542 922 annum
2595 869 2762 925 Urbis
2818 873 3062 928 condita
3116 875 3518 944 complendum
3565 883 3762 940 eodem

2115 964 2265 1008 anno
2293 953 2477 1025 civili,
2510 961 2567 1011 et
2593 958 2979 1030 Scaligeriano
3008 963 3103 1018 die
3130 960 3191 1017 21
3227 963 3450 1034 Aprilis
3482 968 3542 1024 in
3575 971 3772 1028 Palili-

2116 1040 2242 1109 bus,
2265 1042 2412 1098 alter
2440 1059 2568 1102 vero
2592 1055 2851 1104 numeret
2870 1063 3083 1107 annum
3112 1065 3320 1109 novum
3347 1055 3419 1110 ab
3449 1056 3599 1115 Urbe
3619 1075 3769 1117 con-

2113 1131 2235 1186 dita
2267 1146 2336 1187 ex
2357 1133 2660 1208 Palilidus,
2694 1151 2794 1193 seu
2818 1136 2880 1193 24
2925 1140 3144 1210 Aprilis
3178 1142 3492 1202 ineuntem.
3525 1148 3766 1220 Signare

2113 1226 2302 1277 autem
2327 1237 2550 1280 necesse
2569 1225 2674 1283 fuil
2699 1228 2950 1299 singulis
2974 1230 3145 1286 annis
3169 1231 3458 1303 duplicem
3482 1235 3636 1294 hunc
3667 1254 3769 1297 nu-

2116 1323 2356 1375 merum,
2387 1317 2451 1368 ut
2500 1314 2915 1374 demonstratio
2960 1324 3170 1375 nostra
3212 1323 3602 1397 chronologia
3653 1342 3765 1385 non

2114 1406 2332 1456 careret
2375 1403 2737 1461 documentis
2779 1409 3138 1478 praservatis
3171 1411 3322 1468 inter
3350 1421 3575 1472 vetusta
3607 1432 3770 1475 mar—

2117 1503 2272 1545 mora
2297 1490 2643 1566 Capitolina,
2681 1503 2736 1551 et
2762 1498 3018 1554 Fratrum
3048 1501 3364 1575 Arvalium,
3393 1519 3516 1574 qua
3537 1509 3766 1564 eosdem

2113 1580 2379 1636 consules
2399 1590 2895 1653 componuntante
2916 1588 3120 1644 Palilia
3145 1604 3274 1645 cum
3296 1593 3475 1662 priori
3504 1609 3762 1668 numero,

2113 1675 2243 1812 gost
2273 1670 2477 1727 Palilia
2507 1687 2637 1730 cum
2683 1678 2988 1745 posteriori
3015 1692 3297 1737 annorum
3345 1683 3415 1738 ab
3441 1684 3588 1741 Urbe
3622 1699 3770 1742 con-

2159 1758 2256 1812 ita.

2159 1758 2256 1814 ita.

2033 1831 2084 1892 Β
2183 1850 2308 1904 Hac
2339 1863 2517 1920 pauca
2545 1853 2616 1909 de
2647 1855 2829 1924 priori
2864 1857 3149 1928 columna,
3183 1861 3638 1921 Occidentalium
3672 1879 3766 1922 res

2111 1939 2426 2012 complexa,
2474 1943 2643 2014 eique
2681 1945 3081 2015 adjacentibus
3123 1949 3420 2008 laterculis
3451 1955 3768 2012 chronolo-

2110 2029 2218 2099 gia
2273 2029 2730 2090 Occidentalium
2791 2036 3079 2093 indicasse
3139 2039 3410 2097 sufﬁciat.
3451 2043 3664 2100 Caetera
3695 2047 3766 2102 ad

2109 2131 2204 2173 eas
2238 2120 2603 2194 pertinentia,
2641 2124 2763 2181 solo
2808 2135 3118 2199 conspectu
3161 2129 3368 2187 tabula
3397 2133 3540 2188 satis
3571 2135 3768 2204 perci-

2111 2207 2372 2276 piuntur.

2176 2295 2369 2352 Altera
2400 2299 2668 2356 columna
2710 2301 2972 2360 historia
3018 2307 3328 2374 pontiﬁcia
3367 2315 3421 2366 et
3449 2309 3768 2368 Orientalis

2110 2382 2447 2441 lateralibus
2475 2390 2690 2456 pariter
2709 2391 2939 2449 duabus
2969 2395 3246 2464 utrinque
3275 2398 3764 2457 descendentibus

2113 2473 2456 2544 includitur,
2502 2490 2743 2546 quarum
2777 2493 2890 2535 una
2929 2483 3315 2554 chronologia
3345 2489 3765 2556 olympiadum.

2108 2561 2288 2618 altera
2311 2564 2504 2635 annis,
2537 2572 2656 2621 tum
2683 2572 2815 2622 ante
2839 2583 3008 2624 aram
3035 2571 3249 2626 Christi
3275 2587 3634 2632 communem
3668 2595 3769 2648 per

2111 2651 2532 2724 quinquaginta
2571 2655 3099 2728 Julianosjincluso
3141 2661 3540 2732 quinquennio
3571 2665 3769 2723 Casa-

2109 2741 2272 2797 riano
2316 2743 2654 2813 proleptico)
2687 2746 2787 2815 qui
2816 2760 2937 2802 eam
2984 2750 3328 2818 praecedunt,
3376 2757 3496 2808 tum
3527 2754 3599 2810 ah
3653 2771 3770 2814 ara

2103 2831 2320 2886 Christi
2366 2835 2680 2905 communi,
2714 2835 2948 2891 ineunte
2987 2851 3112 2893 cum
3147 2845 3305 2894 sexto
3330 2845 3385 2895 et
3434 2843 3767 2917 quadrage—

2104 2920 2253 2976 simo
2280 2935 2434 2977 nova
2460 2923 2848 2980 ordinationis
2877 2926 3138 2996 Iuliana,
3172 2931 3544 2986 numerandis
3567 2933 3767 2989 inser-

2102 3010 2207 3066 vit.
2241 3011 2438 3066 Visum
2461 3013 2637 3068 estad
2661 3012 2983 3069 columnam
3017 3015 3275 3071 historia
3307 3023 3525 3076 tractus
3550 3019 3769 3078 Orien-

2106 3099 2242 3155 talis
2271 3101 2581 3172 adjungere
2622 3102 3010 3171 olympiadum
3044 3105 3338 3177 epocham,
3385 3123 3512 3179 qua
3543 3110 3622 3165 ibi
3657 3126 3768 3183 ge—

2107 3190 2350 3245 neratim
2402 3189 2892 3261 frequentabatur.
2937 3193 3134 3250 Annos
3177 3209 3308 3252 vero
3364 3211 3490 3253 ara
3541 3200 3766 3259 Christi

2105 3280 2426 3334 communis
2453 3280 2511 3335 in
2540 3281 2719 3336 altera
2749 3283 3013 3352 apposui,
3048 3288 3109 3339 ut
3142 3285 3493 3353 pontiﬁciam
3516 3287 3663 3359 (qua
3684 3290 3766 3345 ﬁ—

2105 3367 2198 3422 nis
2226 3376 2311 3422 est
2343 3370 2686 3440 pracipuus,
2714 3372 2851 3428 huic
2893 3371 3100 3429 tabula
3137 3383 3193 3433 et
3217 3377 3373 3448 operi
3407 3380 3767 3435 constitutus

2101 3456 2520 3516 demonstraret
2586 3461 2835 3519 nitidius
2893 3479 2959 3521 ac
3012 3468 3246 3525 referret
3295 3470 3363 3525 ad
3426 3468 3761 3524 Pontiﬁcem

2106 3544 2271 3600 illum
2319 3552 2593 3603 aternum
2642 3553 2955 3610 secundum
3006 3559 3266 3613 ordinem
3316 3556 3763 3628 Melchisedech,

2103 3635 2224 3705 qui,
2256 3643 2463 3693 nostra
2489 3638 2697 3695 salutis
2717 3654 2890 3698 causa
2919 3646 3074 3701 nasci
3103 3647 3287 3703 voluit
3314 3648 3372 3702 in
3401 3653 3673 3716 tempore,
3703 3653 3767 3702 et

2099 3739 2299 3795 annos,
2324 3727 2416 3781 sui
2439 3727 2716 3784 adventus
2735 3735 2795 3786 et
2823 3733 3251 3801 pradicationis
3274 3735 3562 3805 distingui
3585 3735 3766 3790 annis

2103 3815 2436 3884 pontiﬁcum
2475 3817 2535 3872 in
2585 3823 2830 3890 utroque
2875 3821 3233 3880 Testamento
3280 3838 3314 3881 a
3355 3838 3416 3880 se
3455 3825 3758 3881 constitu-

2101 3909 2311 3961 torum.

2169 3997 2230 4050 In
2274 3996 2378 4052 hac
2428 4002 2723 4066 prepterea
2770 3999 3057 4070 columna,
3106 4001 3255 4057 inter
3293 4003 3441 4060 duas
3491 4003 3759 4060 laterales

2099 4085 2284 4140 media
2305 4092 2436 4142 ante
2461 4090 2766 4145 adventum
2784 4092 2998 4147 Christi
3025 4091 3278 4160 Domini,
3301 4093 3594 4162 prapositi
3617 4098 3764 4150 sunt

2094 4175 2231 4229 anni
2266 4177 2599 4245 pontiﬁcum
2632 4180 2992 4236 Hebraeorum
3021 4187 3158 4237 tunc
3188 4180 3578 4238 obtinentium
3605 4198 3764 4240 sum-

2097 4278 2249 4319 mum
2281 4265 2548 4322 Ecclesia
2573 4270 2672 4324 Dei
2705 4271 3110 4327 sacerdotium.
3143 4273 3274 4326 Post
3302 4272 3608 4328 adventum
3648 4274 3760 4329 Do-

2099 4353 2263 4423 mini,
2303 4355 2620 4426 principem
2645 4357 2832 4415 locum
2867 4361 2924 4415 in
2943 4361 3210 4416 columna
3237 4367 3406 4431 tenet,
3429 4366 3492 4416 ut
3521 4375 3620 4432 par
3641 4367 3754 4432 est,

2098 4445 2420 4500 numeratio
2445 4461 2714 4502 annorum
2737 4452 2912 4504 atatis
2940 4450 3142 4505 Christi
3183 4453 3400 4506 Dom-ini
3439 4463 3508 4506 ex
3554 4456 3755 4507 nostra

331 4539 464 4590 ante
493 4531 733 4588 formam
782 4531 919 4586 anni
959 4531 1248 4586 Julianam
1287 4543 1320 4585 a
1353 4530 1634 4587 dictatore
1671 4517 1984 4610 inductam,
2021 4517 2377 4588 Dsententia
2407 4534 2553 4605 (qua
2576 4537 2746 4593 hodie
2774 4541 3033 4596 omnium
3056 4538 3231 4596 ferme
3251 4554 3532 4597 consensu
3569 4541 3759 4596 ﬁrma-

335 4620 664 4693 requirebat
699 4624 760 4677 ut
799 4621 1010 4677 ductus
1037 4620 1316 4676 columna
1345 4620 1668 4678 ostenderet
1690 4623 1985 4684 diversum

332 4713 572 4769 initium
598 4711 734 4767 anni
765 4711 962 4767 civilis
983 4711 1242 4780 Romani,
1268 4715 1405 4765 tunc
1427 4711 1690 4768 incidens
1709 4713 1768 4769 in
1793 4716 1988 4784 prole.

333 4803 552 4873 pticum
610 4801 928 4873 regularem
986 4802 1157 4857 seriei
1232 4800 1635 4870 Scaligeriana
1705 4804 1984 4864 trimestri

334 4889 509 4947 ferme
525 4891 712 4961 spatio
725 4889 1183 4948 antesolstitium
1205 4888 1484 4959 brumale,
1500 4889 1649 4959 quod
1664 4891 1983 4952 solstitium

335 4980 591 5049 proxime
619 4979 998 5051 consequitur
1043 4985 1172 5050 post
1200 4979 1327 5035 dies
1371 4986 1584 5051 septem
1631 4990 1803 5053 caput
1844 4987 1983 5044 anni

329 5069 544 5124 Juliani
595 5069 868 5125 Kalendis
914 5071 1198 5125 Januarii.
1252 5073 1307 5127 Id
1361 5072 1420 5128 in
1473 5088 1539 5130 eo
1584 5076 1984 5146 quinquennio

333 5159 734 5228 praestitimus,
773 5160 1296 5217 intercurrentibus
1325 5163 1394 5217 ad
1427 5177 1547 5218 eam
1595 5171 1982 5235 tempestatem

333 5246 528 5316 lineis,
562 5261 688 5316 qua
714 5261 897 5302 annos
939 5248 1142 5302 civiles
1163 5249 1543 5307 Romanorum
1567 5254 1638 5310 ab
1664 5257 1808 5312 Urbe
1838 5271 1985 5314 con-

331 5335 456 5390 dita
485 5337 543 5389 in
565 5335 847 5390 Palilibus
871 5334 1185 5404 completos
1209 5341 1265 5392 et
1292 5351 1360 5393 ex
1382 5341 1661 5400 Palilibus
1685 5353 1982 5404 renovatos

331 5423 661 5480 ostendunt.

402 5511 694 5580 Completo
734 5519 925 5568 autem
953 5514 1353 5587 quinquennio
1380 5535 1479 5592 per
1519 5538 1734 5583 annum
1766 5527 1982 5596 Confw-

328 5602 500 5658 sionis
524 5600 766 5674 dictum,
797 5602 854 5660 in
888 5619 1001 5677 quo
1031 5619 1212 5665 novus
1241 5610 1434 5669 civilis
1461 5615 1704 5672 Juliana
1727 5616 1922 5674 forma
1949 5633 1982 5675 a

326 5692 612 5749 dictatore
639 5690 810 5750 datus
833 5699 919 5752 est
943 5696 1172 5756 civibus
1201 5700 1497 5775 Romanis,
1530 5706 1832 5774 pariantur
1857 5708 1985 5780 qui-

2101 4621 2214 4693 tur)
2253 4623 2653 4695 quinquennio
2701 4631 3160 4698 pravertentium
3201 4643 3371 4686 aram
3424 4630 3755 4702 vulgarem;

2097 4723 2226 4767 nam
2249 4713 2385 4768 anni
2416 4728 2541 4770 ara
2561 4719 2886 4775 communis
2918 4719 3228 4791 signantur
3258 4721 3318 4776 in
3351 4719 3572 4776 laterali
3595 4719 3749 4776 serie

2093 4801 2202 4857 sub
2233 4802 2405 4858 titulo
2447 4820 2572 4859 ara
2599 4810 2895 4862 communis
2929 4808 3016 4864 illi
3059 4809 3306 4878 praﬁxo.
3609 4829 3614 4832 ·

2159 4891 2299 4948 Cum
2325 4907 2456 4950 vero
2487 4895 2554 4950 ad
2591 4910 2804 4953 annum
2835 4899 3022 4954 atatis
3054 4899 3272 4954 Christi
3310 4897 3381 4955 33
3415 4902 3749 4969 perventum

2092 4986 2198 5050 est,
2221 4996 2346 5038 ara
2373 4987 2695 5042 communis
2723 4985 2812 5054 28,
2843 4989 2901 5043 in
2934 5003 3068 5059 quo,
3105 4988 3516 5058 redemptionis
3539 4993 3750 5045 nostra

2093 5088 2261 5145 opere
2303 5083 2716 5148 consummato,
2764 5079 3076 5134 ascendens
3131 5079 3190 5134 in
3217 5079 3423 5135 calum
3465 5080 3748 5138 Dominus

2093 5171 2401 5227 constituit
2431 5171 2490 5226 in
2528 5169 2700 5225 terris
2732 5181 2939 5223 novum
2982 5169 3378 5238 pontiﬁcatum
3429 5171 3743 5227 maximum

2091 5260 2356 5316 Ecclesia
2385 5275 2504 5316 sua
2550 5262 2609 5315 in
2651 5263 2813 5316 Petro
2858 5260 3117 5329 apostolo
3169 5273 3235 5316 ac
3288 5260 3742 5331 successoribus,

2093 5353 2356 5404 numerat
2412 5349 2532 5404 hac
2583 5350 2848 5405 columna
2912 5362 3093 5405 annos
3157 5348 3528 5419 pontiﬁcatus
3591 5351 3743 5407 Petri

2089 5439 2335 5510 apostoli
2365 5443 2497 5494 ante
2539 5439 2829 5494 conditam
2861 5439 3168 5495 Romanam
3195 5439 3405 5508 sedem,
3451 5444 3508 5494 et
3533 5453 3600 5494 ex
3631 5452 3744 5494 an-

2092 5543 2165 5587 no
2222 5541 2348 5585 ara
2397 5529 2722 5584 communis
2771 5530 3227 5602 quadragesimo,
3282 5542 3395 5600 quo
3435 5529 3744 5598 episcopa-

2092 5626 2213 5676 tum
2241 5620 2553 5674 Romanum
2584 5618 2657 5674 ab
2682 5618 2876 5674 eodem
2907 5620 3170 5690 principe
3199 5618 3590 5689 apostolorum
3618 5616 3743 5675 fun-

2082 5708 2284 5768 datum
2339 5706 2578 5779 probare
2633 5708 2846 5765 nititur
2901 5714 3096 5767 nostra
3139 5707 3535 5780 chronologia,
3583 5708 3742 5766 sedis
