3960 6388
138 361 244 422 393

1075 367 1166 421 DE
1210 363 1554 422 CHRONOL.
1602 364 1868 421 PONTIF.
1920 365 2179 421 C/ESAR.
2231 367 2317 423 ET
2361 365 2647 424 CONSUL.

3465 367 3572 426 394

143 492 410 548 Romana
453 508 638 552 annos
666 500 925 552 recenset
964 501 1086 552 tum
1120 495 1178 550 in
1215 496 1401 562 Petro,
1431 499 1551 549 tum
1586 492 1646 548 in
1677 489 1893 549 suc-A
1917 507 2076 548 sores
2096 493 2340 565 legitimi
2364 495 2441 550 ita
2459 494 3005 566 defuncti'pastoris.
3029 497 3438 555 Distinctionis
3454 511 3578 570 gra-

142 582 497 638 cessoribus.

214 671 428 727 Prater
456 685 640 730 annos
683 675 1014 744 pontiﬁcum
1071 687 1226 730 nova
1258 672 1404 744 legis
1430 673 1810 726 numerantur

147 761 252 817 hac
283 763 342 817 in
394 762 664 819 columna
695 764 867 819 etiam
919 764 1218 834 pontiﬁces
1254 763 1579 818 Judaorum
1626 772 1809 830 usque

145 851 213 906 ad
264 853 718 908 destructionem
750 853 947 922 templi
1003 850 1504 924 Hierosolymitani
1556 848 1666 905 sub
1697 849 1812 903 Ve—

149 944 440 1014 spasiano.
471 945 629 1000 Licet
661 946 837 1013 enim,
880 945 1158 1000 translato
1201 944 1269 998 ad
1298 941 1606 998 Ecclesiam
1633 940 1810 996 Chri-

149 1034 396 1090 stianam
421 1033 746 1088 sacerdotio
779 1047 878 1102 per
904 1047 1032 1089 eum
1059 1032 1387 1088 Pontiﬁcem
1422 1030 1519 1100 qui
1556 1043 1656 1099 per
1685 1042 1811 1084 san-

151 1124 386 1194 guinem
416 1137 583 1198 suum
629 1123 802 1180 semel
827 1123 1093 1180 introivit
1133 1123 1190 1177 in
1217 1123 1440 1189 Sancta,
1477 1128 1687 1177 aterna
1717 1133 1814 1175 re—

150 1211 483 1282 demptione
530 1213 783 1271 inventa.
827 1213 1136 1269 cessaverit
1182 1212 1386 1268 umbra
1437 1211 1728 1282 legalium,
1756 1212 1814 1264 et

153 1301 531 1371 pontiﬁcatus
573 1301 900 1357 Judaorum
963 1302 1326 1370 conciderit;
1375 1306 1623 1355 attamen
1680 1309 1812 1353 cum

153 1391 560 1446 nominetenus
587 1391 834 1446 historia
849 1390 1086 1447 Judaica
1111 1389 1525 1460 perJosephum
1551 1387 1812 1451 collecta,

150 1485 208 1535 et
241 1494 369 1550 qua
397 1480 712 1550 plurimum
744 1479 966 1536 confert
994 1482 1062 1536 ad
1095 1480 1482 1536 Christianam
1509 1477 1817 1534 elucidan—

151 1567 306 1636 dam,
355 1583 714 1625 successores
749 1570 924 1624 Anna
961 1575 1018 1625 et
1045 1568 1275 1638 Caipha
1315 1572 1636 1633 recenseat;
1665 1564 1819 1622 alie-

154 1669 297 1712 num
345 1657 539 1713 videre
583 1672 694 1713 non
725 1657 946 1725 debuit,
1006 1656 1408 1729 distinguendi
1455 1653 1731 1724 temporis
1764 1656 1821 1707 et

153 1745 568 1814 comprobandi
617 1760 812 1809 causa,
845 1745 1018 1802 etiam
1071 1746 1176 1802 hos
1220 1744 1504 1801 recenseri
1534 1756 1717 1814 usque
1747 1740 1818 1797 ad

157 1836 455 1891 excidium
488 1837 706 1906 templi.

226 1925 497 1981 Eamdem
515 1926 584 1981 de
599 1939 772 1982 causa
795 1925 1140 1982 admisimus
1159 1925 1218 1982 in
1235 1925 1428 1982 eadem
1447 1925 1714 1981 columna
1733 1937 1827 1980 no-

155 2014 316 2070 mina
342 2020 395 2071 et
424 2016 674 2085 epochas
700 2029 897 2086 regum
923 2016 1273 2083 Judaorum,
1307 2028 1376 2070 ne
1402 2014 1702 2084 quidpiam
1737 2026 1828 2068 ne-

155 2103 452 2176 gligamus
481 2118 682 2160 eorum
726 2118 852 2174 qua
881 2105 950 2159 ad
996 2104 1405 2159 emendandam
1440 2108 1497 2158 et
1523 2101 1826 2171 perﬁcien-

153 2191 287 2248 dam
309 2199 418 2248 aut
448 2191 931 2262 comprobandam
952 2191 1384 2262 chronologlam
1413 2189 1678 2248 adhiberi
1703 2190 1829 2246 uti-

157 2281 292 2336 liter
329 2286 605 2350 possunt.

226 2371 515 2424 Prastant
548 2369 701 2425 inter
728 2370 846 2425 hac
875 2385 1000 2426 ara
1043 2369 1414 2440 quamplures
1444 2367 1828 2425 Orientalium

161 2460 464 2516 civitatum
491 2458 549 2514 in
581 2471 779 2514 earum
805 2460 1060 2514 nummis
1087 2460 1346 2529 signata,
1375 2473 1439 2514 ac
1465 2458 1698 2528 pariata
1718 2470 1830 2513 non

164 2549 337 2606 semel
370 2561 501 2604 cum
539 2547 712 2603 annis
753 2548 1087 2618 Principum
1118 2549 1522 2604 Romanorum.
1557 2547 1692 2616 Qua
1721 2559 1830 2616 res,

170 2642 452 2709 quantum
480 2636 796 2706 adjumenti
830 2635 1146 2691 contulerit
1175 2637 1242 2692 ad
1275 2636 1665 2707 chronol0gia
1700 2649 1836 2706 per—

172 2725 496 2794 fectionem,
550 2725 695 2781 satis
739 2725 1143 2796 cognoscimus
1192 2740 1261 2781 ex
1299 2739 1468 2794 opere
1523 2725 1582 2781 in
1629 2725 1836 2796 primis

170 2814 384 2871 celebri
422 2814 576 2870 card.
613 2814 830 2868 Norisii
881 2813 951 2868 de
997 2814 1244 2884 Epochis
1273 2814 1830 2884 Syromacedonum:

172 2918 287 2975 quo
310 2902 461 2959 nihil
488 2902 750 2958 limatius
775 2908 912 2958 atas
925 2907 1118 2959 nostra
1151 2901 1394 2958 fortasse
1411 2903 1550 2958 tulit
1574 2908 1630 2958 et
1655 2908 1838 2972 poste-

171 2992 690 3049 ravixinvenient.
717 2993 958 3047 lstarum
973 2992 1315 3047 documenta
1330 2991 1831 3063 nisiaddidissem,

171 3081 529 3138 fraudassem
560 3077 812 3150 profecto
840 3081 1392 3136 demonstrationem
1428 3080 1673 3135 istorum
1704 3085 1842 3136 tem-

174 3183 379 3241 porum
417 3138 628 3239 potiori
654 3169 1020 3238 auctoritate,
1049 3183 1219 3240 quam
1251 3169 1374 3224 illis
1399 3175 1734 3238 comparant
1757 3176 1840 3226 tot
1869 3138 1918 3202 Ο

173 3259 410 3330 publica
435 3264 492 3314 et
542 3259 749 3314 iisdem
796 3257 1156 3328 temporibus
1193 3258 1440 3328 aqualia
1490 3259 1840 3314 monimenta

170 3349 550 3418 scriptorum,
601 3348 828 3419 paginis
858 3363 984 3418 qua
1015 3348 1386 3419 autographa
1428 3361 1539 3404 non
1574 3347 1712 3416 sint,
1742 3348 1838 3404 sed

173 3451 205 3493 a
229 3436 698 3507 descriptoribus
723 3437 792 3492 ad
835 3451 937 3492 nos
968 3437 1344 3497 transmissa.
1390 3437 1595 3493 merito
1636 3434 1846 3507 prafe—

173 3527 373 3583 renda.
418 3525 704 3598 Angustia
749 3525 1078 3582 tabularum
1128 3539 1242 3582 non
1289 3526 1509 3596 patitur
1539 3530 1606 3582 ut
1654 3527 1848 3582 icones

177 3629 547 3673 nummorum
580 3621 682 3672 aut
702 3615 1126 3686 explicationes
1157 3615 1470 3671 addamus:
1503 3629 1630 3686 qua
1661 3621 1850 3685 peten—

175 3707 259 3762 da
286 3711 429 3762 sunt
467 3721 497 3759 ιι
528 3704 700 3761 libris
728 3719 831 3761 em.
874 3704 1120 3773 Norisii,
1162 3704 1464 3759 Vaillantii
1497 3702 1748 3774 aliisque
1774 3704 1844 3760 ad

176 3795 525 3865 epocharum
545 3795 832 3866 originem
852 3793 1024 3849 annis
1043 3793 1171 3849 suis
1186 3791 1520 3864 aﬁigendam
1537 3793 1842 3864 adhibitis,

179 3884 379 3956 ibique
408 3890 707 3954 propterea
753 3882 1050 3939 indicatis.

245 3974 550 4028 Annorum
606 3972 974 4044 singulorum
1033 3972 1182 4027 serie
1231 3971 1312 4026 ita
1367 3972 1731 4042 comprobata
1777 3986 1845 4028 ex

176 4061 521 4118 consulibus
547 4062 839 4129 Romanis,
865 4075 933 4117 ex
951 4061 1123 4116 annis
1143 4061 1495 4131 principum,
1520 4075 1586 4116 ex
1612 4060 1844 4117 urbium

177 4151 419 4220 epochis
493 4157 772 4220 utrasque
831 4151 1260 4206 numerationes
1326 4149 1727 4222 jungentibus,
1787 4149 1848 4204 in

177 4239 414 4294 Oriente
435 4245 492 4295 et
525 4239 583 4302 in
605 4239 914 4295 Occidente
945 4239 1205 4310 signatas
1249 4239 1306 4293 in
1338 4239 1592 4309 publicis
1617 4237 1847 4294 actibus

180 4343 243 4384 ac
304 4329 698 4398 monimentis,
754 4329 1132 4400 assignantur
1189 4329 1416 4399 epocha
1480 4329 1846 4399 singulorum

183 4419 522 4489 pontiﬁcum
555 4420 978 4474 Romanorum:
1006 4432 1251 4488 quarum
1278 4419 1640 4488 documenta,
1668 4431 1848 4473 nexus

181 4515 236 4564 et
260 4508 530 4564 deﬁnitio
583 4509 740 4564 notis
792 4508 849 4563 in
879 4508 1097 4563 nostris
1125 4507 1576 4579 chronologicis,
1607 4522 1751 4578 quas
1776 4506 1845 4562 ad

180 4598 515 4653 eorumdem
542 4597 704 4652 Vitas
722 4596 1070 4666 singillatim
1098 4587 1340 4664 attexui,
1362 4596 1668 4666 quarenda
1689 4601 1844 4651 sunt.

181 4688 555 4758 Distinguere
582 4701 693 4744 non
711 4687 883 4743 omisi
911 4687 1332 4742 ordinationem
1360 4687 1428 4742 ad
1452 4687 1846 4756 episcopatum

180 4775 253 4830 ab
283 4776 567 4832 electione
609 4777 678 4832 ad
714 4776 1111 4846 pontiﬁcatum
1157 4775 1473 4832 Romanum
1520 4775 1578 4830 in
1615 4775 1710 4842 iis,
1743 4773 1845 4844 qui

183 4866 506 4936 probantur
530 4866 860 4921 charactere
877 4865 1192 4937 episcopali
1212 4872 1378 4921 antea
1407 4863 1701 4934 insigniti,
1727 4863 1850 4919 sive

180 4962 245 5010 ut
259 4955 472 5011 vicarii
499 4954 688 5011 forent
713 4955 1009 5012 Pontiﬁcis
1031 4955 1124 5011 his
1140 4953 1507 5025 adjutoribus
1531 4953 1850 5024 indigentis

179 5046 406 5115 (quales
430 5046 685 5116 coaptati
734 5045 1009 5118 leguntur
1051 5059 1082 5100 a
1121 5047 1285 5101 Petro
1337 5043 1597 5114 apostolo
1646 5043 1843 5112 Linus,

179 5134 377 5190 Cletus
400 5142 459 5191 et
495 5136 796 5209 Clemens),
843 5137 966 5192 sive
1015 5140 1080 5190 ut
1107 5135 1542 5191 destinarentur
1587 5133 1844 5204 episc0pi

183 5225 443 5293 gentium
475 5231 824 5294 exterarum,
858 5232 914 5281 et
952 5225 1090 5280 dum
1117 5227 1519 5279 exercerentur
1545 5222 1712 5292 quasi
1764 5221 1850 5276 ti-

185 5313 412 5369 rocinio
461 5314 722 5370 muneris
755 5313 1066 5383 pastoralis
1103 5313 1162 5368 in
1197 5310 1346 5366 Urbe
1375 5309 1592 5365 vicario
1620 5310 1850 5366 nomine

180 5401 250 5455 ab
273 5416 341 5458 eo
375 5403 649 5473 pontiﬁce
671 5404 942 5472 Romano,
979 5403 1080 5474 qui
1106 5401 1331 5457 eosdem
1363 5399 1443 5454 ita
1463 5398 1851 5454 destinaverat

185 5505 312 5547 mox
343 5492 702 5563 ablegandos
729 5494 799 5548 ad
829 5491 1226 5548 fundationem
1263 5501 1533 5544 novarum
1561 5487 1852 5543 Ecclesia-

187 5596 332 5650 rum,
364 5589 625 5653 vacante,
655 5582 792 5638 dum
835 5586 1175 5638 exercentur
1206 5592 1305 5650 per
1341 5581 1577 5632 mortem
1612 5576 1856 5648 pontiﬁ-

186 5671 288 5743 cis,
321 5672 582 5730 Romana
617 5671 774 5742 sede,
807 5673 876 5727 ad
918 5671 1172 5727 eamdem
1223 5667 1577 5739 eligerentur
1619 5680 1857 5723 succes-

471 5791 718 5846 eruor"
757 5785 1027 5843 CXXVII.

1919 583 2021 652 tia,
2055 584 2478 639 ordinationem
2507 585 2575 639 ad
2608 586 2932 655 episcOpale
2973 601 3183 643 munus
3213 601 3341 643 cum
3368 585 3574 656 refero,

1920 673 2154 728 nomina
2176 686 2373 728 eorum
2405 681 2681 729 consueto
2707 675 3037 731 charactere
3070 677 3127 731 in
3161 676 3320 731 hisce
3356 675 3575 732 tabulis

1918 762 2198 832 exprimo,
2243 776 2425 832 neque
2466 777 2647 818 annos
2673 777 2869 818 eorum
2904 765 2962 820 in
3001 765 3268 821 columna
3315 778 3572 830 numero,

1918 851 2015 907 sed
2047 852 2171 919 ejus
2210 850 2449 905 Romani
2486 851 2778 920 pontiﬁcis
2814 853 2916 922 qui
2959 860 3098 908 tunc
3127 853 3436 909 Ecclesiam
3480 865 3580 910 re-

1921 938 2105 1012 gebat.
2151 939 2256 994 Ubi
2289 952 2421 994 vero
2455 939 2511 994 in
2545 941 2676 995 sede
2724 941 2975 997 Romana
3010 943 3328 998 succedunt
3357 943 3470 998 rite
3505 945 3573 1000 ad

1921 1029 2172 1084 eamdem
2231 1027 2480 1098 cooptati
2535 1042 2633 1098 per
2680 1029 2819 1084 cieri
2865 1030 3103 1086 Romani
3160 1031 3458 1103 suffragia,
3495 1031 3577 1087 ibi

1921 1119 2250 1182 eorumdem
2300 1121 2535 1175 nomina
2573 1121 2915 1190 majusculis
2960 1121 3175 1177 litteris
3229 1121 3492 1192 exhibeo,
3523 1129 3581 1179 et

1922 1223 2104 1266 annos
2135 1211 2507 1281 pontiﬁcatus
2535 1224 2732 1266 eorum
2768 1210 2902 1266 inde
2938 1211 3265 1280 dinumero,
3300 1218 3366 1268 ut
3401 1226 3582 1282 expe—

1923 1300 2046 1356 dite
2077 1305 2415 1369 percurrant
2453 1299 2608 1356 oculi
2645 1300 2703 1354 in
2734 1299 2929 1356 tabula
2955 1300 3363 1373 chronologica
3399 1301 3580 1372 quid-

1926 1387 2066 1458 quid
2090 1389 2160 1444 de
2190 1388 2557 1461 singulorum
2586 1389 2823 1459 epochis
2849 1389 3284 1459 comprobatum
3307 1390 3586 1448 attulisse

1926 1477 2124 1533 videor
2151 1477 2210 1532 in
2237 1478 2410 1533 notis.

1998 1568 2171 1624 Gesta
2205 1581 2332 1638 qua
2358 1567 2428 1623 ad
2457 1581 2640 1625 annos
2670 1569 2935 1640 singulos
2960 1583 2992 1626 e
3021 1569 3278 1640 probatis
3320 1572 3585 1628 auctori-

1930 1655 2039 1713 bus
2076 1653 2317 1712 collecta
2357 1659 2602 1726 utraque
2644 1658 2910 1714 columna
2944 1660 3213 1717 includit.
3241 1661 3590 1718 Occidenta—

1932 1741 2077 1799 lium
2109 1754 2164 1800 et
2191 1743 2597 1812 Orientalium,
2615 1753 2753 1802 sunt
2770 1748 3080 1816 pontiﬁcia
3108 1756 3166 1805 et
3187 1751 3470 1806 universa
3489 1764 3586 1806 ec—

1848 1813 1902 1874 B
1935 1835 2276 1892 clesiastica
2309 1834 2591 1902 historia,
2634 1836 2719 1891 vel
2751 1813 3138 1909 chronologia
3166 1851 3362 1903 causa,
3384 1839 3471 1894 vel
3501 1853 3594 1896 ac-

1935 1929 2126 1980 torum
2147 1925 2404 1994 ipsorum
2428 1921 2705 1978 afﬁnitate
2724 1924 2801 1978 ita
2826 1937 3102 1994 connexa,
3127 1927 3467 1998 utdisjungi
3489 1933 3591 1984 aut

1939 2013 2217 2084 prateriti
2271 2013 2400 2068 sine
2436 2011 2744 2082 dispendio
2791 2013 3095 2070 evidentia
3126 2027 3236 2070 non
3272 2016 3586 2085 patiantur.

1938 2103 2046 2158 Ubi
2075 2116 2211 2159 vero
2241 2102 2385 2156 satis
2423 2101 2601 2171 spatii
2644 2115 2754 2157 non
2785 2108 2907 2158 erat
2934 2102 2994 2158 in
3038 2103 3306 2159 columna
3336 2103 3591 2162 Occiden-

1939 2193 2135 2247 talium
2159 2191 2227 2247 ad
2278 2196 2434 2263 gesta
2480 2189 2830 2247 includenda
2854 2193 2926 2248 ad
2963 2206 3086 2248 eam
3120 2193 3489 2263 pertinentia,
3538 2195 3596 2249 et

1939 2280 2269 2337 abundabat
2313 2280 2372 2336 in
2403 2279 2520 2336 alia
2558 2280 2822 2336 columna
2868 2282 3248 2345 Orientalium,
3286 2283 3368 2338 ibi
3421 2284 3594 2339 etiam

1942 2385 2032 2426 res
2057 2371 2340 2426 Romanas
2380 2370 2726 2440 quandoque
2751 2370 3119 2428 inclusimus.
3153 2372 3453 2428 Oneranda
3484 2385 3594 2428 non

1942 2463 2066 2515 erat
2092 2457 2360 2528 pluribus
2389 2470 2557 2526 quam
2583 2457 2816 2513 selectis
2842 2457 3000 2514 hisce
3013 2458 3377 2515 documentis
3404 2467 3598 2516 nostra

1945 2546 2160 2615 tabula,
2191 2558 2260 2602 ne
2286 2545 2635 2601 universalis
2665 2545 2926 2602 historia
2955 2553 3010 2602 et
3039 2547 3426 2620 chronologia
3449 2562 3604 2618 pom-

1949 2649 2074 2706 pam
2111 2633 2400 2704 explicare
2430 2634 2626 2702 potius
2655 2634 2949 2690 videretur
2975 2632 3147 2706 (quod
3184 2636 3280 2692 hic
3309 2642 3596 2708 prastan-

1947 2723 2084 2779 dum
2117 2736 2227 2780 non
2253 2721 2562 2795 assumpsi)
2595 2737 2764 2792 quam
2798 2724 3106 2794 pontiﬁcia
3134 2731 3472 2796 apparatum
3503 2727 3603 2781 in-

1948 2816 2172 2868 struere
2208 2810 2482 2868 omnibus
2509 2816 2612 2868 aut
2640 2811 2840 2868 saltem
2882 2815 3192 2884 pracipuis
3215 2815 3602 2886 documentis,

1947 2901 2099 2971 quod
2131 2906 2455 2956 nostrarum
2478 2914 2601 2956 esse
2623 2901 2875 2970 partium
2907 2902 3211 2959 constituti
3238 2903 3383 2958 mihi
3413 2905 3606 2974 Operis

1949 2989 2098 3045 ratio
2130 2989 2414 3044 monebat.

2018 3079 2122 3134 His
2155 3079 2336 3150 igitur
2354 3079 2424 3134 de
2450 3078 2779 3136 tabularum
2796 3086 3133 3152 argumento
3153 3047 3606 3154 constructione,

1949 3169 2294 3225 auctoritate
2323 3177 2379 3224 et
2407 3168 2804 3238 complexione
2837 3172 3174 3240 pramissis,
3208 3173 3364 3243 ipsas
3388 3173 3512 3243 jam
3533 3177 3612 3229 ta-

1950 3255 2120 3313 bulas
2145 3271 2457 3327 proponam
2473 3272 2559 3313 us.

2021 3343 2146 3412 Quo
2176 3343 2414 3401 facilius
2437 3346 2758 3412 comparari
2786 3348 3010 3416 possint
3035 3362 3166 3404 cum
3200 3357 3408 3405 nostra
3433 3350 3613 3407 chro-

1955 3416 2199 3488 nologia
2235 3417 2453 3472 tabulis
2489 3416 2832 3474 documenta
2883 3420 3228 3488 epocharum
3264 3421 3517 3477 nummis
3557 3427 3616 3477 et

1956 3487 2253 3563 lapidibus
2279 3487 2546 3563 antiquis
2577 3489 2784 3556 incisa,
2837 3487 3365 3563 illustrioresgaras
3396 3506 3521 3563 qua
3553 3492 3612 3548 in

1957 3558 2409 3614 numismatibus
2431 3559 2721 3620 visuntur,
2745 3565 2848 3614 aut
2866 3560 2938 3614 ab
2966 3561 3307 3618 auctoribus
3330 3558 3617 3618 celebran-

1956 3635 2072 3701 tur,
2120 3629 2228 3701 hic,
2244 3629 2452 3701 damus
2491 3643 2588 3697 per
2626 3630 2886 3685 ordinem
2913 3632 3188 3701 digestas,
3222 3639 3277 3686 et
3305 3635 3375 3688 ad
3401 3645 3616 3689 annum

1959 3699 2180 3773 periodi
2209 3699 2453 3773 Juliana
2476 3713 2545 3773 ex
2558 3707 2760 3773 nostra
2786 3699 3085 3773 putatiéne
3103 3702 3183 3756 ita
3204 3703 3442 3760 relatas:
3465 3719 3617 3773 pra-

1959 3771 2156 3844 missis
2186 3783 2311 3844 ara
2353 3770 2700 3825 Christiana
2740 3771 3202 3844 characteribus,
3253 3780 3310 3828 et
3355 3770 3619 3844 partibus

1960 3841 2570 3913 pracipuis,quarum
2603 3841 2790 3913 gratia
2818 3847 3052 3899 cateras
3088 3841 3507 3913 comparamus.

2029 3914 2158 3968 Era
2187 3911 2405 3987 Christi
2433 3911 2757 3987 communis
2777 3911 3321 3987 KalendisJanuaril
3357 3919 3620 3987 pariatur

1957 3997 2270 4059 cumanno
2295 3983 2600 4059 inchoante
2628 3984 2851 4059 periodi
2873 3985 3116 4059 Juliana
3143 3984 3304 4059 4744,
3337 3983 3497 4059 cyclo
3517 4003 3620 4046 so—

1960 4057 2036 4112 lis
2062 4053 2150 4123 40,
2175 4055 2324 4110 luna
2353 4053 2407 4122 ἓ,
2443 4053 2641 4110 littera
2666 4055 3010 4112 Dominicali
3040 4059 3112 4125 B;
3163 4053 3335 4115 Urbis
3370 4053 3620 4118 condita

1953 4128 2349 4199 juxta_Fastos
2377 4140 2742 4199 marmoreus,
2774 4141 2920 4198 quos
2946 4131 3265 4199 sequimur,
3299 4139 3431 4186 ante
3457 4133 3617 4188 Pali-

1961 4195 2038 4254 lia
2063 4196 2170 4254 753
2194 4217 2208 4268 ;
2236 4212 2303 4274 ex
2339 4197 2619 4274 Palilibus
2646 4195 2772 4267 754,
2792 4195 3298 4274 ὸΙγιημίὁᾱίεᾸθὸ,
3326 4212 3478 4258 anno
3509 4205 3624 4274 pri-

1961 4285 2052 4397 :10
2081 4278 2218 4396 ante.
2238 4271 2365 4349 dies
2394 4269 2643 4340 astivos,
2677 4278 2732 4327 et
2763 4269 3015 4327 secundo
3058 4273 3365 4329 inchoante
3392 4287 3461 4330 ex
3486 4269 3621 4331 die-

2001 4357 2069 4397 llS
2098 4357 2174 4396 33S
2209 4357 2336 4396 IVIS.

2001 4357 2069 4397 us
2098 4341 2336 4396 astivis.

2033 4413 2254 4469 Natalis
2297 4413 2512 4468 Christi
2556 4414 2783 4470 Domini
2837 4415 3106 4483 pracedit
3155 4431 3322 4472 aram
3356 4431 3622 4473 commu-

1883 4495 1937 4555 ο
1962 4499 2088 4541 nem
2112 4483 2346 4558 annisiii
2375 4485 2583 4558 solidis
2624 4492 2680 4540 et
2708 4487 2916 4543 diebus
2945 4484 2998 4542 7.
3045 4489 3173 4544 IEra
3195 4489 3320 4558 ejus
3347 4488 3618 4558 baptismi

1960 4563 2016 4630 et
2048 4556 2336 4630 Evangelii
2371 4557 2791 4630 circa_init_ium
2825 4559 2959 4615 anni
3013 4561 3141 4630 ejus
3188 4556 3378 4630 atatis
3417 4556 3488 4618 30
3520 4563 3619 4616 in-

1959 4627 2173 4698 choati,
2213 4626 2431 4697 periodi
2462 4628 2578 4683 Jul.
2611 4626 2769 4697 4738,
2803 4644 2930 4686 ara
2963 4626 3290 4688 communis
3322 4629 3410 4686 25.
3447 4633 3619 4700 Ejus-

1958 4700 2085 4754 dem
2116 4700 2326 4769 passio,
2357 4713 2530 4770 mors,
2564 4704 2930 4772 resurrectio,
2961 4704 3245 4767 ascensio,
3285 4710 3341 4758 et
3378 4704 3617 4772 pontiﬁ-

1959 4777 2122 4828 catus
2155 4785 2300 4844 max.
2337 4784 2492 4827 nova
2521 4772 2664 4844 legis
2683 4773 2755 4827 ab
2788 4776 2914 4844 ipso
2943 4773 3192 4844 collatus
3217 4775 3382 4828 Petro
3410 4780 3467 4827 et
3493 4787 3622 4828 suc-

1957 4842 2306 4903 cessoribus,
2350 4856 2501 4898 anno
2526 4842 2730 4912 ipsius
2760 4842 2949 4900 atatis
2978 4842 3067 4912 33,
3118 4857 3243 4897 ara
3290 4845 3617 4899 communis

1955 4913 2045 4984 28,
2078 4913 2462 4984 pegr.71uliana
2484 4911 2616 4968 4744
2635 4955 2648 4967 .
2685 4915 2969 4984 Fundatio
2997 4911 3154 4970 sedis
3178 4913 3462 4982 Romana,
3495 4927 3613 4982 per.

1954 4982 2256 5056 Jul.‘4753,
2283 4999 2409 5040 ara
2449 4985 2669 5040 Christi
2702 4982 2788 5040 40.

2282 5075 2540 5131 Aliarum
2578 5073 2903 5142 epocharum
2941 5073 3273 5126 constitutio.

2028 5167 2257 5221 Actiaca
2305 5163 2576 5235 Augusti
2605 5161 2992 5235 per._.luliana
3020 5157 3180 5221 4682,
3216 5172 3286 5215 ex
3317 5166 3611 5218 automno.

1956 5237 2332 5308 IEgaensium
2382 5229 2440 5308 in
2470 5229 2677 5308 Cilicia
2709 5229 2867 5308 4666,
2909 5246 2976 5287 ex
3011 5237 3310 5308 autumno.

1957 5299 2345 5431 Αιξῖὶξιῐὶἓτᾶηξι
2400 5303 2648 5374 Augusti
2699 5299 2862 5372 4-683,
2909 5316 2978 5358 ex
3031 5300 3376 5373 29Augusti
3429 5303 3611 5373 prima

2118 5392 2150 5431 o
2281 5391 2360 5431 xi.

2030 5378 2214 5433 Thoth
2240 5378 2360 5431 ﬁxi.

1959 5448 2238 5506 Anazarbi
2267 5449 2324 5502 in
2350 5444 2557 5500 Cilicia
2580 5441 2739 5511 4694,
2769 5458 2837 5501 ex
2863 5449 2985 5501 aut.

1962 5520 2315 5576 Antiochena
2336 5517 2578 5573 Casaris
2611 5514 2768 5584 4665,
2801 5530 2870 5573 ex
2898 5522 3019 5572 aut.

1961 5590 2426 5663 Apameensium,
2483 5603 2609 5660 qua
2637 5597 2696 5645 et
2735 5588 3169 5646 Seleucidarum
3201 5584 3359 5663 4402,
3409 5605 3479 5648 ex
3507 5606 3618 5646 au-

2039 5670 2260 5719 tumuo.

3271 5774 3338 5830 43
