3960 6440
381 357 489 419 399
1173 359 1266 414 AD
1303 353 1736 415 ANASTASIUM
1773 352 2287 412 PROLEGOMENA
2321 357 2498 414 EDlT.
2541 358 2974 419 ROM.-VATIC.
3685 364 3788 425 400

447 472 607 552 Anni
676 472 831 528 Anni
858 475 1008 536 Rom,
1039 475 1252 552 civiles.
1270 489 1568 552 eorumque
1598 487 1752 551 com-:-
1812 465 1978 552 έηξί
2056 466 2116 528 Α
2179 467 2357 552 Anni
2417 471 2576 530 Anni
2596 479 2812 552 Iuliani
2830 482 3125 552 proleptici
3152 489 3280 539 ante
3307 487 3495 540 Eram
3585 482 3745 538 Anni

418 545 618 598 PerJ.
743 559 960 598 mensus
977 535 1252 600 eamdi”;
1258 547 1459 600 Christi
1473 535 1744 598 communi
1812 539 1876 593 U.
1918 535 1975 591 Ο.
2173 537 2385 610 Olymp.
2664 535 2865 606 christ}
2914 535 3273 610 εοῆιῇαξληξὶῆξ
3307 535 3492 540 --
3586 535 3722 609 ἷὴῶ

411 619 461 668 et
478 615 624 684 pycli
733 619 784 668 et
809 631 933 669 cum
951 617 1179 684 periodo
1203 617 1429 670 Juliana
1459 615 1740 682 Scaligene
1825 613 1952 662 ante
1985 681 1995 684 _
2767 665 2890 684 mm
2913 668 3084 684 ΜΝ-
3103 671 3147 684 _
3571 627 3759 680 Eram

1007 749 1129 759 ““⁴“’
1186 749 1422 760 “’“”“”’”’
1805 749 1969 806 Palil.

807 795 1192 863 Romanorum,
1232 809 1527 864 earumque
1567 793 1744 848 docu—

1942 749 1969 802 ί·
2429 772 2794 864 Pontiﬁcum“
2819 771 3150 864 Iudaeorum,
3217 787 3506 844 eorumque

1112 846 1297 937 agn...
2643 846 2820 910 gentis
2837 847 2888 896 et
2904 846 3288 912 ﬁnitimarum.

742 973 930 1028 Caesar
957 971 1220 1028 abdicata
1257 971 1548 1028 dictatura
1575 985 1744 1028 crea-

673 1069 770 1118 tus
798 1063 841 1116 Il
875 1058 1101 1136 consul]
1131 1063 1270 1116 Caes.
1295 1059 1430 1116 bell.
1461 1061 1620 1117 civil.
1644 1060 1748 1116 lib.

675 1148 847 1224 111]ab
865 1150 1008 1206 urbe
1025 1150 1416 1207 Brundusium
1437 1149 1748 1220 profectus,

675 1251 812 1308 inde
839 1251 1036 1323 solvit,
1083 1253 1141 1308 in
1188 1252 1427 1322 Epirum
1472 1251 1752 1322 navigans

673 1353 866 1423 pridie
915 1351 1106 1406 Nonas
1155 1351 1418 1407 Januarii
1475 1345 1630 1423 [ibi].
1689 1351 1752 1404 In

672 1441 1238 1512 campisPharsalicis
1257 1441 1522 1513 conﬂigit
1539 1439 1752 1496 media-

673 1536 868 1588 aastate
924 1526 1235 1604 [Plutarcb.
1293 1531 1356 1586 in
1412 1528 1609 1604 Bruto]
1654 1529 1753 1586 die

668 1619 708 1677 9
747 1619 985 1676 Sextilis
1033 1618 1480 1690 Tarquiniensis
1531 1635 1583 1672 v.
1636 1632 1748 1674 EID.

672 1723 900 1766 AVGVSTI
933 1723 986 1764 ι).
1021 1721 1208 1764 iVLiVS
1231 1719 1425 1763 PHARS.
1457 1721 1604 1764 v1c1r
1639 1703 1754 1781 [le-

674 1790 835 1862 gitur
874 1789 936 1845 in
981 1789 1158 1845 veteri
1199 1787 1547 1844 Kalendario
1592 1801 1754 1842 mar-

2501 951 2688 1007 Caesar
2705 948 3070 1006 Alexandriae
3091 957 3354 1021 receptus
3371 952 3510 1009 dum

2441 1043 2974 1113 intenditcogendis
2991 1044 3379 1113 pecuniissibi
3405 1046 3514 1102 de-

2439 1131 2584 1189 bitis
2633 1145 2667 1186 a
2727 1131 3030 1194 Ptolemaeo
3093 1131 3298 1189 Aulete
3353 1141 3512 1205 patre

2441 1225 2596 1296 regis
2637 1223 2824 1294 pueri,
2871 1228 2930 1278 et
2975 1223 3226 1280 dissidio
3273 1238 3512 1296 compo-

2440 1313 2624 1368 nendo
2698 1314 2850 1370 inter
2917 1315 3094 1384 hunc,
3146 1321 3203 1372 et
3258 1331 3510 1374 sororem

2435 1403 2793 1474 Cleopatram
2873 1418 2942 1461 ex
3013 1410 3249 1476 paterno
3327 1412 3512 1464 testa-

2439 1495 2630 1548 mento
2655 1491 2728 1547 de
2751 1506 2927 1565 regno
2949 1495 3376 1564 contendentes,
3397 1497 3511 1553 Po—

2438 1581 3139 1639 thiniennucbiconsiliis
3155 1584 3406 1641 tumultu
3420 1599 3512 1642 ex-

2439 1669 2634 1735 citato,
2704 1669 2764 1725 in
2819 1670 3162 1727 discrimine
3226 1678 3506 1730 versatur.

2439 1757 2564 1826 [Dio
2615 1757 2719 1813 lib.
2767 1772 2884 1814 χιιι
2929 1767 2985 1816 et
3033 1760 3182 1816 Plut.
3235 1760 3292 1817 in
3341 1762 3504 1840 Caes]

675 1846 866 1934 marco
884 1878 944 1934 in
963 1877 1156 1934 ruinis
1178 1876 1477 1933 Antiatum
1500 1881 1746 1945 reperto,
2058 1851 2113 1914 Β

2058 1851 2113 1914 Β
2433 1846 2865 1904 Controversias
2907 1861 3102 1920 regum
3133 1849 3201 1904 ad
3235 1853 3507 1920 populum

672 1970 730 2022 et
768 1966 826 2022 in
859 1967 1133 2024 Musaeum
1163 1965 1330 2022 Card.
1357 1965 1518 2022 Alex.
1543 1938 1750 2020 Albani
2437 1938 2776 2040 Rofnanumg
2827 1943 2942 2040 ίῐιιίΔ
2979 1949 3154 2040 tum?!
3215 1952 3272 2003 θῑ
3311 1951 3380 2040 af!
3425 1963 3504 2021 εον

671 2057 972 2127 translato]
1003 2069 1130 2127 qua:
1152 2055 1282 2112 dies
1305 2055 1612 2126 respondet
1629 2053 1749 2110 diei

2436 2029 2539 2098 qui
2570 2028 2773 2086 consul
2800 2037 2968 2092 esset.
3011 2033 3299 2102 pertinere
3323 2037 3509 2095 Caesar

670 2142 708 2199 9
753 2145 915 2202 Junii
954 2117 1204 2202 'Ju'liani.
1269 2117 1435 2200 Victo
1479 2141 1752 2210 Pompeio
2435 2117 2826 2176 existimabat
2871 2120 2992 2177 Sibi
3045 2123 3229 2192 igitur
3264 2125 3504 2196 placere.

669 2223 1077 2281 Alexandriam
1129 2223 1378 2294 navigat,
1413 2221 1752 2290 suspicatus

2437 2221 2624 2278 regem
2654 2210 3041 2278 Ptolemaeum,
3071 2213 3312 2284 ejusque
3341 2230 3511 2273 soro-

671 2326 802 2368 eum
855 2327 918 2369 se
960 2311 1244 2381 recepisse
1301 2311 1360 2366 in
1417 2310 1746 2380 Egyptum.
2437 2310 2553 2352 rem
2585 2297 2939 2369 Cleopatram
2977 2303 3266 2359 exercitus
3299 2305 3511 2361 dimit-

671 2401 880 2456 Verum
915 2399 1198 2468 hospitem
1241 2398 1509 2470 Magnum
1545 2397 1746 2466 perﬁdi
2437 2390 2574 2450 tere,
2603 2401 2751 2456 quos
2783 2388 3074 2456 haberent,
3102 2395 3160 2445 et
3177 2390 3246 2446 de
3270 2398 3505 2450 contro-

671 2493 926 2545 vectores
975 2488 1322 2544 obtruncant
1378 2487 1568 2556 pridie
1622 2486 1750 2553 ejus
2435 2473 2797 2542 versiisjure
2821 2477 2972 2544 apud
3005 2490 3066 2532 se
3095 2477 3307 2549 potius,
3337 2493 3506 2549 quam

673 2575 898 2632 Natalis
925 2576 983 2631 h.
1015 2589 1066 2631 e.
1101 2575 1292 2644 pridie
1319 2574 1446 2630 Kal.
1477 2571 1747 2630 Octobris
2438 2557 2592 2615 inter
2633 2575 2694 2616 se
2731 2563 2912 2618 armis
2956 2563 3297 2634 disceptare-
3345 2561 3504 2638 [C335-

673 2663 812 2720 auni
836 2663 1313 2734 Tarquiniensis:
1345 2676 1471 2733 quae
1493 2661 1622 2717 dies
1648 2675 1748 2718 re-
2437 2646 2542 2703 lib.
2577 2647 2691 2725 111.]

671 2752 916 2822 spondet
957 2752 1098 2808 huic
1143 2764 1294 2808 anno
1322 2748 1396 2808 25
1427 2749 1745 2820 Quinctilis
2506 2748 2688 2806 Aucta
2733 2753 2985 2820 potestas
3024 2750 3266 2808 Caesaris
3309 2765 3407 2822 per
3447 2753 3505 2809 S.

670 2839 913 2909 Juliani]
943 2839 1196 2896 Velleius
1221 2838 1326 2894 lib.
1369 2853 1432 2904 ιι,
1469 2851 1592 2908 cap.
1625 2836 1738 2913 53].
2435 2839 2497 2893 P.
2525 2839 2590 2909 Q.
2621 2838 2710 2905 11.,
2748 2838 2903 2895 circa
2935 2838 3100 2896 tinem
3133 2841 3271 2896 anni
3301 2839 3508 2897 collata

671 2928 856 2998 Caput
869 2929 940 2985 ad
956 2942 1020 2985 se
1042 2927 1280 2984 allatum
1304 2927 1492 2984 Caesar
1520 2927 1746 2996 excepit
2437 2926 2553 2984 sibi
2595 2940 2915 2996 morarum,
2945 2927 3282 2998 ceterisque
3319 2927 3510 2984 hono-

671 3015 962 3088 lacrymis,
989 3022 1046 3072 et
1086 3017 1145 3073 in
1185 3015 1467 3072 suburbio
1493 3015 1744 3072 excitato
2439 3011 2622 3083 ribus,
2655 3027 2722 3069 ac
2742 3013 2978 3083 juribus
3005 3014 3065 3070 in
3090 3027 3270 3071 annos
3300 3015 3508 3072 subse-

671 3096 883 3175 sacello
918 3098 1219 3152 Nemeseos
1253 3095 1487 3166 sepeliri
1519 3095 1744 3160 curavit
2437 3107 2679 3171 quentes
2705 3102 3026 3172 duraturis,
3053 3103 3122 3159 ad
3155 3117 3275 3159 eam
3299 3105 3508 3175 cogni-

675 3171 946 3268 [έξρρὶειηζ
990 3175 1280 3268 Plutarch.
1335 3175 1573 3268 inHCaes.
1619 3175 1738 3268 Eiv.
2058 3197 2108 3258 ο

2058 3197 2108 3258 C
2436 3188 2648 3246 tionem
2661 3189 2926 3246 securius
2938 3171 3505 3263 suscipiendam‘per-

673 3254 772 3310 lib.
807 3251 970 3356 Exn].
1021 3255 1210 3356 serius
1246 3255 1464 3356 credita
1493 3259 1582 3356 es!
1620 3253 1744 3310 Ro-
2065 3251 2108 3258 “
2437 3278 2632 3348 movit,
2699 3278 2793 3334 sed
2856 3251 3116 3336 insimul.
3146 3251 3502 3352 Egytiorum

673 3357 778 3444 ηιεῐξ
807 3344 1064 3444 Ροῐηρθξί
1115 3357 1268 3444 ωίξςδ
1313 3348 1441 3413 ροει
1477 3344 1604 3444 θ-Ῑξξδ
1629 3355 1742 3444 ar":
2432 3344 2660 3421 animos
2685 3379 2716 3421 a
2748 3365 2993 3424 Pothino
3014 3344 3274 3425 studiose
3290 3368 3505 3425 sollici-

672 3433 873 3526 nullm}
901 3432 1164 3526 ξληέηιιηιο
1197 3435 1339 3488 Tum
1370 3445 1502 3489 νθτο
1529 3432 1739 3526 επεαῐξί
2431 3457 2583 3510 tatos
2619 3459 2816 3510 contra
2869 3455 3057 3525 ipsum
3108 3456 3384 3526 incendit,
3433 3471 3501 3512 ex

669 3521 877 3614 collati
899 3521 1535 3614 ὴρηοῐδθξςλθῑηροῐθειεε
1565 3521 1743 3614 minii-
2433 3541 2660 3613 hospite
2707 3521 2962 3613 judicem
3016 3559 3182 3614 quem
3242 3521 3503 3602 viderent

670 3623 780 3665 ma.
829 3612 896 3666 Ut
928 3611 1028 3679 jus
1075 3613 1127 3665 ei
1174 3611 1323 3674 belli,
1374 3615 1426 3664 et
1477 3612 1634 3680 pacis
1679 3612 1740 3664 in

2431 3611 2667 3687 suorum
2710 3611 2938 3704 regum.
2989 3611 3286 3690 Ptolemaeo
3323 3633 3497 3702 enim,

666 3714 848 3794 omnes
868 3699 1108 3794 homines
1137 3704 1376 3794 essetiet
1474 3697 1741 3794 neque-ad
2429 3722 2484 3774 et
2511 3697 2822 3789 Cleopatrae
2867 3735 3102 3794 regnum
3145 3721 3368 3793 Egypti
3406 3697 3504 3776 at;

659 3789 926 3857 papulum
952 3789 1019 3842 de
1047 3789 1116 3842 iis
1145 3789 1442 3842 retulisset.
1481 3790 1547 3843 Ut
1567 3790 1741 3858 quin-

2429 3806 2662 3880 tribuit,
2706 3789 3026 3882 horumque
3056 3789 3344 3882 germanis
3375 3809 3500 3866 fra--

667 3891 772 3945 que
800 3879 1070 3932 continuis
1091 3880 1255 3932 annis
1277 3879 1620 3933 consulatum
1637 3892 1742 3945 ge-

2429 3895 2620 3953 tribus
2651 3879 2790 3954 natu
2835 3879 3162 3954 minoribus
3201 3897 3499 3955 Ptolemaeo

665 3970 836 4019 neret.
907 3966 980 4021 Ut
1035 3979 1298 4026 DICTATOR
1355 3983 1465 4022 non
1513 3968 1589 4022 ad
1647 3983 1730 4022 se-

2423 3986 2669 4058 juniori,
2701 3992 2759 4041 et
2780 3986 3040 4042 Arsinoaa
3062 3987 3307 4058 Cyprum
3330 3987 3502 4058 largi-

665 4059 1092 4148 mestretantum
1121 4057 1614 4148 spatiunutolim
1642 4055 1740 4148 θεά
2430 4055 2523 4130 tus
2567 4055 2672 4130 est.
2732 4069 2890 4146 [σερε.
2940 4073 3067 4143 ibi.,
3108 4055 3314 4130 Livius
3372 4055 3496 4148 14's,

663 4147 935 4238 integrum
973 4145 1032 4198 in
1077 4161 1286 4198 annum
1323 4145 1625 4238 discretum
1671 4143 1740 4196 Ut
2427 4163 2574 4220 Ριυι,
2613 4165 2672 4219 in

665 4231 1032 4286 tribunitiam.
1073 4238 1396 4328 potestatein
1451 4230 1527 4283 ad
1568 4233 1738 4286 vitam
2495 4256 2577 4312 Ex
2633 4230 3070 4328 iterato-igitur
3121 4257 3378 4314 tumultu
3435 4258 3493 4313 in

663 4319 902 4408 haberet.
937 4321 1062 4391 [Dio
1081 4320 1197 4408 lib.
1223 4316 1399 4408 um]
1546 4407 1555 4408 ί

2423 4341 2683 4405 apertum
2703 4316 3200 4392 bellumvdeductis
3213 4336 3497 4408 Egyptiis

735 4407 838 4462 His
878 4407 1152 4488 acceptis
1176 4405 1494 4488 honoribus
1529 4407 1734 4475 Ciesar,
2423 4423 2480 4472 et
2511 4417 2801 4485 Romanis,
2847 4417 3078 4474 incensa
3107 4422 3193 4473 est
3231 4405 3494 4488 inportu

664 4485 930 4554 quamvis
944 4489 1102 4539 extra
1129 4484 1351 4539 Italiam
1373 4491 1512 4546 erat.
1540 4489 1732 4543 statim

2424 4512 2553 4554 cum
2583 4484 2828 4554 navibus
2865 4497 3109 4554 celebris
3139 4497 3241 4554 illa
3273 4484 3495 4556 biblio—

663 4562 1011 4651 dictaturam
1049 4563 1204 4651 iniit.
1239 4559 1372 4651 [Dio
1399 4563 1529 4651 ibi]
1563 4569 1738 4626 Usse-
2053 4588 2104 4648 ι)
2424 4577 2587 4633 theca
2619 4578 2773 4647 regis
2796 4577 3157 4651 Philadelphi
3189 4575 3293 4634 400
3324 4577 3495 4635 libro-

665 4640 794 4697 rius
833 4641 950 4697 haec
1010 4641 1260 4698 referens
1311 4643 1455 4700 illud
1507 4654 1738 4718 quoque

664 4720 928 4777 observat
956 4727 1294 4792 opportune.
1341 4725 1408 4778 Ut
1430 4731 1570 4780 recte
1609 4729 1737 4784 hinc

653 4804 1035 4874 principatum
1070 4803 1222 4857 illius
1251 4805 1510 4874 Iosephus
1549 4823 1738 4862 arces-

660 4883 852 4938 siverit
877 4900 891 4950 ς
927 4886 1034 4936 tres
1061 4898 1234 4936 annos
1251 4899 1370 4937 cum
1398 4885 1626 4940 dimidio
1650 4888 1738 4942 illi

663 4965 959 5032 assignans
989 4958 1113 5038 [lib.
1144 4977 1262 5028 x1v,
1309 4979 1359 5020 c.
1406 4962 1518 5040 l7].
1552 4968 1737 5038 Atque

661 5045 722 5096 in
749 5043 933 5112 Syria,
960 5050 1022 5099 ut
1049 5060 1084 5098 a
1105 5046 1291 5115 prima
1319 5045 1596 5101 dictatura
1624 5049 1737 5103 An-

663 5124 916 5188 tiocheni,
956 5128 1037 5180 ita
1063 5142 1096 5180 a
1136 5127 1376 5180 secunda
1404 5127 1506 5180 hac
1549 5127 1736 5184 dicta-

661 5207 790 5256 tura
823 5205 1112 5261 Laodiceni
1139 5213 1380 5274 tempora
1419 5208 1734 5264 Caesariana

556 5333 564 5340 .
664 5283 1038 5339 dinumerasse
1089 5285 1405 5340 uideantur.
1473 5288 1731 5345 Laodice-

661 5377 795 5416 nam
851 5367 995 5418 enim
1049 5379 1234 5432 aram,
1289 5367 1448 5420 unico
1520 5373 1734 5426 tantum

661 5454 809 5496 anno
831 5441 1176 5497 Antiochena
1199 5447 1550 5513 posteriorem
1577 5451 1731 5516 fuis-

661 5535 737 5583 se,
759 5521 1028 5576 Eusebius
1052 5525 1113 5576 in
1138 5523 1397 5580 Chronico
1421 5528 1498 5582 ad
1520 5544 1731 5585 annum

662 5595 700 5654 2
727 5601 948 5668 imperii
980 5603 1146 5658 Probi
1182 5605 1412 5662 indicat.

731 5684 900 5743 Circa
919 5688 1085 5747 tinem
1113 5692 1307 5765 itaque
1330 5697 1466 5753 anni
1493 5699 1731 5770 Tarqui-

2424 4671 2551 4712 rum
2597 4657 2860 4714 millibus
2907 4657 3210 4713 instructa.
3263 4654 3495 4730 [Seneca

2425 4738 2527 4794 lib.
2567 4737 2638 4794 de
2688 4737 3010 4808 Tranquill.
3059 4739 3240 4793 animi
3281 4751 3385 4808 cap
3416 4736 3488 4809 9;

2421 4822 2585 4877 Oros.
2633 4820 2666 4876 l.
2707 4833 2787 4888 v1,
2818 4833 2868 4874 c.
2917 4815 3024 4889 15;
3057 4817 3400 4874 Plutarchus
3432 4819 3492 4874 in

2420 4903 2558 4957 Caes.
2586 4907 2641 4958 et
2665 4901 2772 4956 Dio
2802 4899 2906 4955 lib.
2935 4895 3100 4972 xui]
3126 4897 3330 4960 Caesar,
3357 4897 3493 4954 licet

2423 4996 2534 5039 non
2555 4982 2738 5038 multo
2758 4992 2994 5036 suorum
3025 4977 3274 5033 militum
3300 4990 3494 5034 nume-

2421 5078 2504 5134 ro,
2559 5064 2630 5120 ad
2689 5062 2795 5118 hoc
2844 5059 3104 5130 praelium
3156 5056 3488 5129 perductus,

2421 5143 2572 5216 quod
2599 5141 2714 5198 sibi
2745 5143 3079 5196 eventurum
3115 5151 3223 5216 non
3252 5146 3493 5208 reputa—

2419 5215 2596 5292 verat,
2618 5229 2867 5277 attamen
2890 5215 3232 5288 Opportunis
3247 5216 3492 5272 auxiliis

2419 5301 2845 5366 foederatorum,
2879 5305 2935 5355 et
2980 5298 3296 5354 amicorum
3329 5299 3388 5352 P.
3421 5298 3486 5354 R.

2420 5395 2538 5438 rem
2603 5395 2874 5454 prospere
2923 5381 3121 5454 gessit.
3187 5377 3488 5436 Strenuam

2327 5497 2334 5504 ς
2421 5461 2510 5516 illi
2555 5477 2786 5532 operam
2833 5466 3114 5518 navarunt
3157 5460 3340 5514 Judaei
3377 5464 3492 5514 tum

2417 5542 2816 5610 Alexandrini,
2837 5548 2951 5598 tum
2969 5543 3270 5603 Pawstini,
3295 5555 3488 5603 suasu,

2416 5627 2468 5676 et
2523 5625 2846 5678 auctoritate
2903 5624 3152 5692 Hyrcani
3189 5623 3490 5691 pontiﬁcis,

2415 5706 2474 5755 et
2493 5700 2816 5759 Aristobuli
2850 5699 2984 5776 [Jos.
3009 5701 3112 5758 lib.
3140 5715 3327 5772 x1v,c.
3363 5697 3486 5775 44]:
