  <div class='ocr_page' id='page_1' title='image "/cluster/home/n/w/nwhite01/storage/ocr_20150623/127-128/uc1.31175010226572/209.png"; bbox 0 0 3960 6442; ppageno 0'>
   <div class='ocr_carea' id='block_1_1' title="bbox 372 427 3775 556">
    <p class='ocr_par' dir='ltr' id='par_1_1' title="bbox 372 427 3775 556">
     <span class='ocr_line' id='line_1_1' title="bbox 372 427 3775 556; baseline 0.02 -71"><span class='ocrx_word' id='word_1_1' title='bbox 372 427 478 487; x_wconf 79' lang='grc'>403</span> <span class='ocrx_word' id='word_1_2' title='bbox 1146 447 1238 500; x_wconf 82' lang='grc' dir='ltr'><strong>ΑΙ)</strong></span> <span class='ocrx_word' id='word_1_3' title='bbox 1279 448 1715 512; x_wconf 80' lang='lat' dir='ltr'><strong>ANASTASIUM</strong></span> <span class='ocrx_word' id='word_1_4' title='bbox 1760 459 2272 524; x_wconf 82' lang='lat' dir='ltr'><strong>PROLEGOMENA</strong></span> <span class='ocrx_word' id='word_1_5' title='bbox 2337 473 2508 527; x_wconf 87' lang='lat' dir='ltr'><strong>EDIT.</strong></span> <span class='ocrx_word' id='word_1_6' title='bbox 2563 474 2992 536; x_wconf 74' lang='lat' dir='ltr'><strong>ROM.-VATlC.</strong></span> <span class='ocrx_word' id='word_1_7' title='bbox 3673 495 3775 556; x_wconf 73' lang='grc'><strong>404</strong></span> 
     </span>
    </p>
   </div>
   <div class='ocr_carea' id='block_1_2' title="bbox 432 558 1984 648">
    <p class='ocr_par' dir='ltr' id='par_1_2' title="bbox 432 558 1984 648">
     <span class='ocr_line' id='line_1_2' title="bbox 432 558 1984 648; baseline 0.019 -38"><span class='ocrx_word' id='word_1_8' title='bbox 432 558 588 648; x_wconf 40' lang='lat' dir='ltr'><strong>A‘nni</strong></span> <span class='ocrx_word' id='word_1_9' title='bbox 648 561 806 616; x_wconf 84' lang='lat' dir='ltr'><strong>Anni</strong></span> <span class='ocrx_word' id='word_1_10' title='bbox 845 567 992 621; x_wconf 80' lang='lat' dir='ltr'><strong>Rom.</strong></span> <span class='ocrx_word' id='word_1_11' title='bbox 1035 571 1237 648; x_wconf 42' lang='lat' dir='ltr'><strong>civiles,</strong></span> <span class='ocrx_word' id='word_1_12' title='bbox 1267 591 1556 648; x_wconf 78' lang='lat' dir='ltr'><strong>eorumque</strong></span> <span class='ocrx_word' id='word_1_13' title='bbox 1593 586 1896 640; x_wconf 79' lang='lat' dir='ltr'><strong>com-Anni</strong></span> <span class='ocrx_word' id='word_1_14' title='bbox 1923 588 1984 642; x_wconf 90' lang='lat' dir='ltr'><strong>U.</strong></span> 
     </span>
    </p>
   </div>
   <div class='ocr_carea' id='block_1_3' title="bbox 450 633 1980 712">
    <p class='ocr_par' dir='ltr' id='par_1_3' title="bbox 450 633 1980 712">
     <span class='ocr_line' id='line_1_3' title="bbox 450 633 1980 712; baseline 0.019 -29"><span class='ocrx_word' id='word_1_15' title='bbox 450 633 571 712; x_wconf 70' lang='lat' dir='ltr'><strong>Per.</strong></span> <span class='ocrx_word' id='word_1_16' title='bbox 727 651 944 712; x_wconf 74' lang='lat' dir='ltr'><strong>mensus</strong></span> <span class='ocrx_word' id='word_1_17' title='bbox 967 655 1084 693; x_wconf 87' lang='lat' dir='ltr'><strong>cum</strong></span> <span class='ocrx_word' id='word_1_18' title='bbox 1106 633 1236 697; x_wconf 69' lang='lat' dir='ltr'><strong>.Era</strong></span> <span class='ocrx_word' id='word_1_19' title='bbox 1267 633 1478 702; x_wconf 61' lang='lat' dir='ltr'><strong>Christi</strong></span> <span class='ocrx_word' id='word_1_20' title='bbox 1498 633 1728 707; x_wconf 81' lang='lat' dir='ltr'><strong>commu-</strong></span> <span class='ocrx_word' id='word_1_21' title='bbox 1771 659 1826 711; x_wconf 73' lang='grc' dir='ltr'><strong>Ο.</strong></span> <span class='ocrx_word' id='word_1_22' title='bbox 1854 664 1980 712; x_wconf 84' lang='lat' dir='ltr'><strong>ante</strong></span> 
     </span>
    </p>
   </div>
   <div class='ocr_carea' id='block_1_4' title="bbox 405 703 1984 799">
    <p class='ocr_par' dir='ltr' id='par_1_4' title="bbox 405 703 1984 799">
     <span class='ocr_line' id='line_1_4' title="bbox 405 703 1984 799; baseline 0.02 -46"><span class='ocrx_word' id='word_1_23' title='bbox 405 703 514 755; x_wconf 84' lang='lat' dir='ltr'><strong>Jul.</strong></span> <span class='ocrx_word' id='word_1_24' title='bbox 545 714 620 799; x_wconf 53' lang='lat' dir='ltr'><strong>&#39;et</strong></span> <span class='ocrx_word' id='word_1_25' title='bbox 727 708 789 758; x_wconf 82' lang='lat' dir='ltr'><strong>ni</strong></span> <span class='ocrx_word' id='word_1_26' title='bbox 816 713 866 760; x_wconf 88' lang='lat' dir='ltr'><strong>et</strong></span> <span class='ocrx_word' id='word_1_27' title='bbox 885 724 1004 763; x_wconf 85' lang='lat' dir='ltr'><strong>cum</strong></span> <span class='ocrx_word' id='word_1_28' title='bbox 1017 716 1245 780; x_wconf 80' lang='lat' dir='ltr'><strong>periodo</strong></span> <span class='ocrx_word' id='word_1_29' title='bbox 1278 703 1731 794; x_wconf 11' lang='lat' dir='ltr'><strong>Julianoﬁsca&#39;lip.</strong></span> 
     </span>
    </p>
   </div>
   <div class='ocr_carea' id='block_1_5' title="bbox 443 776 1960 861">
    <p class='ocr_par' dir='ltr' id='par_1_5' title="bbox 443 776 1960 861">
     <span class='ocr_line' id='line_1_5' title="bbox 443 776 1960 861; baseline -0.005 0"><span class='ocrx_word' id='word_1_30' title='bbox 443 776 581 861; x_wconf 48' lang='lat' dir='ltr'><strong>gygi</strong></span> <span class='ocrx_word' id='word_1_31' title='bbox 655 835 814 861; x_wconf 60' lang='grc' dir='ltr'><strong>..ιηνυι</strong></span> <span class='ocrx_word' id='word_1_32' title='bbox 865 845 913 861; x_wconf 78' lang='grc'><strong>...</strong></span> <span class='ocrx_word' id='word_1_33' title='bbox 945 776 1104 861; x_wconf 61' lang='grc' dir='ltr'><strong>,...-η</strong></span> <span class='ocrx_word' id='word_1_34' title='bbox 1191 852 1206 861; x_wconf 76' lang='grc'><strong>.</strong></span> <span class='ocrx_word' id='word_1_35' title='bbox 1311 850 1372 861; x_wconf 91' lang='grc'><strong>...</strong></span> <span class='ocrx_word' id='word_1_36' title='bbox 1615 776 1703 861; x_wconf 50' lang='grc' dir='ltr'><strong>,ΛῘ</strong></span> <span class='ocrx_word' id='word_1_37' title='bbox 1794 776 1960 855; x_wconf 54' lang='grc' dir='ltr'><strong>Ραῗὶι.</strong></span> 
     </span>
    </p>
   </div>
   <div class='ocr_carea' id='block_1_6' title="bbox 430 842 1730 926">
    <p class='ocr_par' dir='ltr' id='par_1_6' title="bbox 430 842 1730 926">
     <span class='ocr_line' id='line_1_6' title="bbox 430 842 1730 926; baseline 0.026 -47"><span class='ocrx_word' id='word_1_38' title='bbox 430 844 568 920; x_wconf 50' lang='lat'><strong>€933</strong></span> <span class='ocrx_word' id='word_1_39' title='bbox 654 842 837 926; x_wconf 85' lang='lat' dir='ltr'><strong>siano,</strong></span> <span class='ocrx_word' id='word_1_40' title='bbox 860 845 916 894; x_wconf 91' lang='lat' dir='ltr'><strong>et</strong></span> <span class='ocrx_word' id='word_1_41' title='bbox 942 854 1032 911; x_wconf 91' lang='lat' dir='ltr'><strong>ap.</strong></span> <span class='ocrx_word' id='word_1_42' title='bbox 1063 842 1227 902; x_wconf 94' lang='lat' dir='ltr'><strong>Grut.</strong></span> <span class='ocrx_word' id='word_1_43' title='bbox 1260 850 1416 906; x_wconf 87' lang='lat' dir='ltr'><strong>edito</strong></span> <span class='ocrx_word' id='word_1_44' title='bbox 1449 867 1574 925; x_wconf 81' lang='lat' dir='ltr'><strong>pag.</strong></span> <span class='ocrx_word' id='word_1_45' title='bbox 1606 853 1730 926; x_wconf 92' lang='lat'><strong>433,</strong></span> 
     </span>
    </p>
   </div>
   <div class='ocr_carea' id='block_1_7' title="bbox 2044 591 3708 677">
    <p class='ocr_par' dir='ltr' id='par_1_7' title="bbox 2044 591 3708 677">
     <span class='ocr_line' id='line_1_7' title="bbox 2044 591 3708 677; baseline 0.017 -29"><span class='ocrx_word' id='word_1_46' title='bbox 2044 591 2103 650; x_wconf 88' lang='lat' dir='ltr'><strong>A</strong></span> <span class='ocrx_word' id='word_1_47' title='bbox 2173 595 2349 677; x_wconf 36' lang='lat' dir='ltr'><strong>“Anni</strong></span> <span class='ocrx_word' id='word_1_48' title='bbox 2407 601 2564 656; x_wconf 83' lang='lat' dir='ltr'><strong>Anni</strong></span> <span class='ocrx_word' id='word_1_49' title='bbox 2582 604 2796 677; x_wconf 71' lang='grc' dir='ltr'><strong><em>,Ιαζίᾳηί</em></strong></span> <span class='ocrx_word' id='word_1_50' title='bbox 2828 609 3115 677; x_wconf 74' lang='lat' dir='ltr'><strong>prolept-ici</strong></span> <span class='ocrx_word' id='word_1_51' title='bbox 3137 616 3264 666; x_wconf 85' lang='lat' dir='ltr'><strong>ante</strong></span> <span class='ocrx_word' id='word_1_52' title='bbox 3285 615 3470 670; x_wconf 66' lang='lat' dir='ltr'><strong>Eram</strong></span> <span class='ocrx_word' id='word_1_53' title='bbox 3549 618 3708 676; x_wconf 82' lang='lat' dir='ltr'><strong>Anni</strong></span> 
     </span>
    </p>
   </div>
   <div class='ocr_carea' id='block_1_8' title="bbox 2165 664 3710 747">
    <p class='ocr_par' dir='ltr' id='par_1_8' title="bbox 2165 664 3710 747">
     <span class='ocr_line' id='line_1_8' title="bbox 2165 664 3710 747; baseline 0.017 -27"><span class='ocrx_word' id='word_1_54' title='bbox 2165 664 2373 738; x_wconf 81' lang='lat' dir='ltr'><strong>Olymp.</strong></span> <span class='ocrx_word' id='word_1_55' title='bbox 2647 664 2850 731; x_wconf 65' lang='lat' dir='ltr'><strong>Christi</strong></span> <span class='ocrx_word' id='word_1_56' title='bbox 2888 664 3255 738; x_wconf 40' lang='lat' dir='ltr'><strong>communem.—</strong></span> <span class='ocrx_word' id='word_1_57' title='bbox 3285 664 3359 669; x_wconf 32' lang='grc' dir='ltr'><strong><em>Ψ</em></strong></span> 
     </span>
    </p>
   </div>
   <div class='ocr_carea' id='block_1_9' title="bbox 2415 765 3730 895">
    <p class='ocr_par' dir='ltr' id='par_1_9' title="bbox 2415 765 3730 895">
     <span class='ocr_line' id='line_1_9' title="bbox 2415 765 3730 895; baseline 0.012 -15"><span class='ocrx_word' id='word_1_58' title='bbox 2415 825 2723 883; x_wconf 89' lang='lat' dir='ltr'><strong>deductum</strong></span> <span class='ocrx_word' id='word_1_59' title='bbox 2795 819 3018 888; x_wconf 71' lang='lat' dir='ltr'><strong>fuisse</strong></span> <span class='ocrx_word' id='word_1_60' title='bbox 3110 833 3490 895; x_wconf 89' lang='lat' dir='ltr'><strong>Antiochenis</strong></span> 
     </span>
    </p>
   </div>
   <div class='ocr_carea' id='block_1_10' title="bbox 664 925 1737 1014">
    <p class='ocr_par' dir='ltr' id='par_1_10' title="bbox 664 925 1737 1014">
     <span class='ocr_line' id='line_1_10' title="bbox 664 925 1737 1014; baseline 0.022 -36"><span class='ocrx_word' id='word_1_61' title='bbox 664 925 964 1014; x_wconf 75' lang='lat' dir='ltr'><strong>Ptolemaeo</strong></span> <span class='ocrx_word' id='word_1_62' title='bbox 987 946 1115 1004; x_wconf 86' lang='lat' dir='ltr'><strong>rege</strong></span> <span class='ocrx_word' id='word_1_63' title='bbox 1156 937 1362 994; x_wconf 86' lang='lat' dir='ltr'><strong>misere</strong></span> <span class='ocrx_word' id='word_1_64' title='bbox 1393 941 1546 998; x_wconf 90' lang='lat' dir='ltr'><strong>inter</strong></span> <span class='ocrx_word' id='word_1_65' title='bbox 1583 925 1737 1014; x_wconf 52' lang='lat' dir='ltr'><strong>prae?-</strong></span> 
     </span>
    </p>
   </div>
   <div class='ocr_carea' id='block_1_11' title="bbox 665 1010 1734 1098">
    <p class='ocr_par' dir='ltr' id='par_1_11' title="bbox 665 1010 1734 1098">
     <span class='ocr_line' id='line_1_11' title="bbox 665 1010 1734 1098; baseline 0.022 -33"><span class='ocrx_word' id='word_1_66' title='bbox 665 1010 925 1071; x_wconf 88' lang='lat' dir='ltr'><strong>iiandum</strong></span> <span class='ocrx_word' id='word_1_67' title='bbox 971 1021 1252 1096; x_wconf 90' lang='lat' dir='ltr'><strong>demerso,</strong></span> <span class='ocrx_word' id='word_1_68' title='bbox 1284 1041 1520 1098; x_wconf 82' lang='lat' dir='ltr'><strong>regnum</strong></span> <span class='ocrx_word' id='word_1_69' title='bbox 1551 1010 1734 1088; x_wconf 76' lang='lat' dir='ltr'><strong>attri-</strong></span> 
     </span>
    </p>
   </div>
   <div class='ocr_carea' id='block_1_12' title="bbox 665 1099 1734 1186">
    <p class='ocr_par' dir='ltr' id='par_1_12' title="bbox 665 1099 1734 1186">
     <span class='ocr_line' id='line_1_12' title="bbox 665 1099 1734 1186; baseline 0.022 -33"><span class='ocrx_word' id='word_1_70' title='bbox 665 1099 795 1156; x_wconf 87' lang='lat' dir='ltr'><strong>buit</strong></span> <span class='ocrx_word' id='word_1_71' title='bbox 850 1105 1147 1167; x_wconf 66' lang='lat' dir='ltr'><strong>Ptolemaeo</strong></span> <span class='ocrx_word' id='word_1_72' title='bbox 1189 1114 1438 1186; x_wconf 87' lang='lat' dir='ltr'><strong>Juniori,</strong></span> <span class='ocrx_word' id='word_1_73' title='bbox 1492 1125 1549 1174; x_wconf 91' lang='lat' dir='ltr'><strong>et</strong></span> <span class='ocrx_word' id='word_1_74' title='bbox 1603 1120 1734 1178; x_wconf 85' lang='lat' dir='ltr'><strong>Cleo</strong></span> 
     </span>
    </p>
   </div>
   <div class='ocr_carea' id='block_1_13' title="bbox 666 1193 1734 1276">
    <p class='ocr_par' dir='ltr' id='par_1_13' title="bbox 666 1193 1734 1276">
     <span class='ocr_line' id='line_1_13' title="bbox 666 1193 1734 1276; baseline 0.022 -35"><span class='ocrx_word' id='word_1_75' title='bbox 666 1193 844 1256; x_wconf 71' lang='lat' dir='ltr'><strong>patra:</strong></span> <span class='ocrx_word' id='word_1_76' title='bbox 863 1196 1071 1265; x_wconf 80' lang='lat' dir='ltr'><strong>sorori,</strong></span> <span class='ocrx_word' id='word_1_77' title='bbox 1103 1213 1272 1269; x_wconf 90' lang='lat' dir='ltr'><strong>quam</strong></span> <span class='ocrx_word' id='word_1_78' title='bbox 1309 1202 1398 1258; x_wconf 84' lang='lat' dir='ltr'><strong>illi</strong></span> <span class='ocrx_word' id='word_1_79' title='bbox 1425 1205 1734 1276; x_wconf 75' lang='lat' dir='ltr'><strong>despondit</strong></span> 
     </span>
    </p>
   </div>
   <div class='ocr_carea' id='block_1_14' title="bbox 663 1277 1732 1369">
    <p class='ocr_par' dir='ltr' id='par_1_14' title="bbox 663 1277 1732 1369">
     <span class='ocr_line' id='line_1_14' title="bbox 663 1277 1732 1369; baseline 0.022 -39"><span class='ocrx_word' id='word_1_80' title='bbox 663 1277 852 1334; x_wconf 89' lang='lat' dir='ltr'><strong>adhuc</strong></span> <span class='ocrx_word' id='word_1_81' title='bbox 883 1296 1059 1350; x_wconf 91' lang='lat' dir='ltr'><strong>puero</strong></span> <span class='ocrx_word' id='word_1_82' title='bbox 1103 1289 1421 1348; x_wconf 89' lang='lat' dir='ltr'><strong>undecenni</strong></span> <span class='ocrx_word' id='word_1_83' title='bbox 1479 1310 1732 1369; x_wconf 78' lang='lat' dir='ltr'><strong>uxorem,</strong></span> 
     </span>
    </p>
   </div>
   <div class='ocr_carea' id='block_1_15' title="bbox 665 1369 1732 1458">
    <p class='ocr_par' dir='ltr' id='par_1_15' title="bbox 665 1369 1732 1458">
     <span class='ocr_line' id='line_1_15' title="bbox 665 1369 1732 1458; baseline 0.024 -40"><span class='ocrx_word' id='word_1_84' title='bbox 665 1369 1131 1458; x_wconf 53' lang='lat' dir='ltr'><strong>more_@gyptio.</strong></span> <span class='ocrx_word' id='word_1_85' title='bbox 1158 1373 1177 1450; x_wconf 92' lang='lat'>[</span> <span class='ocrx_word' id='word_1_86' title='bbox 1204 1379 1405 1438; x_wconf 81' lang='lat' dir='ltr'><strong>Strabo</strong></span> <span class='ocrx_word' id='word_1_87' title='bbox 1436 1383 1537 1439; x_wconf 87' lang='lat' dir='ltr'><strong>lib.</strong></span> <span class='ocrx_word' id='word_1_88' title='bbox 1591 1401 1732 1458; x_wconf 83' lang='lat' dir='ltr'><strong>xvu,</strong></span> 
     </span>
    </p>
   </div>
   <div class='ocr_carea' id='block_1_16' title="bbox 663 1453 1735 1534">
    <p class='ocr_par' dir='ltr' id='par_1_16' title="bbox 663 1453 1735 1534">
     <span class='ocr_line' id='line_1_16' title="bbox 663 1453 1735 1534; baseline 0.025 -27"><span class='ocrx_word' id='word_1_89' title='bbox 663 1468 793 1525; x_wconf 86' lang='lat' dir='ltr'><strong>pag.</strong></span> <span class='ocrx_word' id='word_1_90' title='bbox 823 1453 950 1514; x_wconf 88' lang='lat'><strong>796.</strong></span> <span class='ocrx_word' id='word_1_91' title='bbox 990 1463 1097 1519; x_wconf 94' lang='lat' dir='ltr'><strong>Dio</strong></span> <span class='ocrx_word' id='word_1_92' title='bbox 1146 1466 1250 1522; x_wconf 91' lang='lat' dir='ltr'><strong>lib.</strong></span> <span class='ocrx_word' id='word_1_93' title='bbox 1299 1484 1437 1528; x_wconf 79' lang='lat' dir='ltr'><strong>xui.</strong></span> <span class='ocrx_word' id='word_1_94' title='bbox 1489 1453 1735 1534; x_wconf 69' lang='lat' dir='ltr'><strong>Hirtius.</strong></span> 
     </span>
    </p>
   </div>
   <div class='ocr_carea' id='block_1_17' title="bbox 661 1543 1735 1638">
    <p class='ocr_par' dir='ltr' id='par_1_17' title="bbox 661 1543 1735 1638">
     <span class='ocr_line' id='line_1_17' title="bbox 661 1543 1735 1638; baseline 0.02 -40"><span class='ocrx_word' id='word_1_95' title='bbox 661 1543 896 1602; x_wconf 88' lang='lat' dir='ltr'><strong>Sueton.</strong></span> <span class='ocrx_word' id='word_1_96' title='bbox 927 1549 1010 1604; x_wconf 92' lang='lat' dir='ltr'><strong>in.</strong></span> <span class='ocrx_word' id='word_1_97' title='bbox 1037 1553 1149 1609; x_wconf 86' lang='lat' dir='ltr'><strong>Jul.</strong></span> <span class='ocrx_word' id='word_1_98' title='bbox 1175 1569 1299 1627; x_wconf 87' lang='lat' dir='ltr'><strong>cap.</strong></span> <span class='ocrx_word' id='word_1_99' title='bbox 1327 1557 1441 1636; x_wconf 79' lang='lat'><strong>35.]</strong></span> <span class='ocrx_word' id='word_1_100' title='bbox 1465 1564 1526 1618; x_wconf 91' lang='lat' dir='ltr'><strong>In</strong></span> <span class='ocrx_word' id='word_1_101' title='bbox 1575 1566 1735 1638; x_wconf 69' lang='lat' dir='ltr'><strong>Aigy—</strong></span> 
     </span>
    </p>
   </div>
   <div class='ocr_carea' id='block_1_18' title="bbox 666 1639 1737 1714">
    <p class='ocr_par' dir='ltr' id='par_1_18' title="bbox 666 1639 1737 1714">
     <span class='ocr_line' id='line_1_18' title="bbox 666 1639 1737 1714; baseline 0.024 -26"><span class='ocrx_word' id='word_1_102' title='bbox 666 1639 761 1702; x_wconf 84' lang='lat' dir='ltr'><strong>pto</strong></span> <span class='ocrx_word' id='word_1_103' title='bbox 819 1649 1074 1698; x_wconf 91' lang='lat' dir='ltr'><strong>moratus</strong></span> <span class='ocrx_word' id='word_1_104' title='bbox 1119 1645 1306 1703; x_wconf 59' lang='lat' dir='ltr'><strong>Caesar</strong></span> <span class='ocrx_word' id='word_1_105' title='bbox 1355 1665 1575 1710; x_wconf 88' lang='lat' dir='ltr'><strong>menses</strong></span> <span class='ocrx_word' id='word_1_106' title='bbox 1624 1671 1737 1714; x_wconf 89' lang='lat' dir='ltr'><strong>no-</strong></span> 
     </span>
    </p>
   </div>
   <div class='ocr_carea' id='block_1_19' title="bbox 664 1725 1732 1822">
    <p class='ocr_par' dir='ltr' id='par_1_19' title="bbox 664 1725 1732 1822">
     <span class='ocr_line' id='line_1_19' title="bbox 664 1725 1732 1822; baseline 0.028 -45"><span class='ocrx_word' id='word_1_107' title='bbox 664 1735 785 1822; x_wconf 80' lang='lat' dir='ltr'><strong>vem</strong></span> <span class='ocrx_word' id='word_1_108' title='bbox 832 1725 1114 1822; x_wconf 65' lang='lat' dir='ltr'><strong>[Appiam</strong></span> <span class='ocrx_word' id='word_1_109' title='bbox 1150 1735 1252 1790; x_wconf 92' lang='lat' dir='ltr'><strong>lib.</strong></span> <span class='ocrx_word' id='word_1_110' title='bbox 1305 1753 1368 1808; x_wconf 89' lang='grc' dir='ltr'>ιι,</span> <span class='ocrx_word' id='word_1_111' title='bbox 1422 1741 1556 1800; x_wconf 91' lang='lat' dir='ltr'><strong>bell.</strong></span> <span class='ocrx_word' id='word_1_112' title='bbox 1598 1750 1732 1822; x_wconf 91' lang='lat' dir='ltr'><strong>civ.]</strong></span> 
     </span>
    </p>
   </div>
   <div class='ocr_carea' id='block_1_20' title="bbox 663 1814 1734 1896">
    <p class='ocr_par' dir='ltr' id='par_1_20' title="bbox 663 1814 1734 1896">
     <span class='ocr_line' id='line_1_20' title="bbox 663 1814 1734 1896; baseline 0.027 -29"><span class='ocrx_word' id='word_1_113' title='bbox 663 1814 817 1872; x_wconf 91' lang='lat' dir='ltr'><strong>circa</strong></span> <span class='ocrx_word' id='word_1_114' title='bbox 871 1819 1032 1878; x_wconf 89' lang='lat' dir='ltr'><strong>Veris</strong></span> <span class='ocrx_word' id='word_1_115' title='bbox 1084 1827 1319 1885; x_wconf 91' lang='lat' dir='ltr'><strong>initium</strong></span> <span class='ocrx_word' id='word_1_116' title='bbox 1385 1814 1734 1896; x_wconf 78' lang='lat' dir='ltr'><strong>Alexandria</strong></span> 
     </span>
    </p>
   </div>
   <div class='ocr_carea' id='block_1_21' title="bbox 661 1905 1732 1990">
    <p class='ocr_par' dir='ltr' id='par_1_21' title="bbox 661 1905 1732 1990">
     <span class='ocr_line' id='line_1_21' title="bbox 661 1905 1732 1990; baseline 0.022 -30"><span class='ocrx_word' id='word_1_117' title='bbox 661 1905 934 1967; x_wconf 88' lang='lat' dir='ltr'><strong>discessit</strong></span> <span class='ocrx_word' id='word_1_118' title='bbox 969 1914 1026 1969; x_wconf 92' lang='lat' dir='ltr'><strong>in</strong></span> <span class='ocrx_word' id='word_1_119' title='bbox 1055 1915 1294 1986; x_wconf 86' lang='lat' dir='ltr'><strong>Syriam.</strong></span> <span class='ocrx_word' id='word_1_120' title='bbox 1341 1923 1478 1990; x_wconf 85' lang='lat' dir='ltr'><strong>Ejus</strong></span> <span class='ocrx_word' id='word_1_121' title='bbox 1503 1926 1732 1983; x_wconf 88' lang='lat' dir='ltr'><strong>disces-</strong></span> 
     </span>
    </p>
   </div>
   <div class='ocr_carea' id='block_1_22' title="bbox 662 2006 1734 2084">
    <p class='ocr_par' dir='ltr' id='par_1_22' title="bbox 662 2006 1734 2084">
     <span class='ocr_line' id='line_1_22' title="bbox 662 2006 1734 2084; baseline 0.021 -30"><span class='ocrx_word' id='word_1_122' title='bbox 662 2016 764 2056; x_wconf 91' lang='lat' dir='ltr'><strong>sus</strong></span> <span class='ocrx_word' id='word_1_123' title='bbox 820 2017 1018 2058; x_wconf 89' lang='lat' dir='ltr'><strong>rumor</strong></span> <span class='ocrx_word' id='word_1_124' title='bbox 1066 2006 1124 2060; x_wconf 92' lang='lat' dir='ltr'><strong>in</strong></span> <span class='ocrx_word' id='word_1_125' title='bbox 1195 2009 1419 2067; x_wconf 87' lang='lat' dir='ltr'><strong>italiam</strong></span> <span class='ocrx_word' id='word_1_126' title='bbox 1475 2021 1734 2084; x_wconf 88' lang='lat' dir='ltr'><strong>pervenit</strong></span> 
     </span>
    </p>
   </div>
   <div class='ocr_carea' id='block_1_23' title="bbox 663 2092 1733 2173">
    <p class='ocr_par' dir='ltr' id='par_1_23' title="bbox 663 2092 1733 2173">
     <span class='ocr_line' id='line_1_23' title="bbox 663 2092 1733 2173; baseline 0.02 -29"><span class='ocrx_word' id='word_1_127' title='bbox 663 2104 726 2145; x_wconf 88' lang='grc' dir='ltr'><strong>ιιι</strong></span> <span class='ocrx_word' id='word_1_128' title='bbox 759 2092 901 2149; x_wconf 84' lang='lat' dir='ltr'><strong>Non.</strong></span> <span class='ocrx_word' id='word_1_129' title='bbox 932 2094 1214 2163; x_wconf 88' lang='lat' dir='ltr'><strong>Quinctii.</strong></span> <span class='ocrx_word' id='word_1_130' title='bbox 1248 2115 1347 2157; x_wconf 92' lang='lat' dir='ltr'><strong>seu</strong></span> <span class='ocrx_word' id='word_1_131' title='bbox 1378 2103 1598 2173; x_wconf 83' lang='lat' dir='ltr'><strong>Aprilis</strong></span> <span class='ocrx_word' id='word_1_132' title='bbox 1624 2110 1733 2164; x_wconf 86' lang='lat' dir='ltr'><strong>Ju-</strong></span> 
     </span>
    </p>
   </div>
   <div class='ocr_carea' id='block_1_24' title="bbox 663 2178 1728 2267">
    <p class='ocr_par' dir='ltr' id='par_1_24' title="bbox 663 2178 1728 2267">
     <span class='ocr_line' id='line_1_24' title="bbox 663 2178 1728 2267; baseline 0.019 -34"><span class='ocrx_word' id='word_1_133' title='bbox 663 2178 806 2234; x_wconf 89' lang='lat' dir='ltr'><strong>liani</strong></span> <span class='ocrx_word' id='word_1_134' title='bbox 839 2182 934 2237; x_wconf 91' lang='lat' dir='ltr'><strong>die</strong></span> <span class='ocrx_word' id='word_1_135' title='bbox 955 2181 1041 2239; x_wconf 92' lang='lat'><strong>23.</strong></span> <span class='ocrx_word' id='word_1_136' title='bbox 1069 2186 1205 2257; x_wconf 73' lang='grc' dir='ltr'>[ϐία.</span> <span class='ocrx_word' id='word_1_137' title='bbox 1234 2191 1302 2244; x_wconf 90' lang='lat' dir='ltr'><strong>ad</strong></span> <span class='ocrx_word' id='word_1_138' title='bbox 1326 2189 1500 2248; x_wconf 88' lang='lat' dir='ltr'><strong>Attic.</strong></span> <span class='ocrx_word' id='word_1_139' title='bbox 1533 2195 1634 2250; x_wconf 89' lang='lat' dir='ltr'><strong>lib.</strong></span> <span class='ocrx_word' id='word_1_140' title='bbox 1664 2211 1728 2267; x_wconf 90' lang='grc' dir='ltr'>ιι,</span> 
     </span>
    </p>
   </div>
   <div class='ocr_carea' id='block_1_25' title="bbox 661 2267 1733 2344">
    <p class='ocr_par' dir='ltr' id='par_1_25' title="bbox 661 2267 1733 2344">
     <span class='ocr_line' id='line_1_25' title="bbox 661 2267 1733 2344; baseline 0.017 -20"><span class='ocrx_word' id='word_1_141' title='bbox 661 2281 749 2338; x_wconf 89' lang='lat' dir='ltr'><strong>ep.</strong></span> <span class='ocrx_word' id='word_1_142' title='bbox 776 2267 864 2344; x_wconf 88' lang='lat'><strong>49]</strong></span> <span class='ocrx_word' id='word_1_143' title='bbox 908 2286 1021 2340; x_wconf 87' lang='lat' dir='ltr'><strong>qua</strong></span> <span class='ocrx_word' id='word_1_144' title='bbox 1063 2274 1158 2329; x_wconf 91' lang='lat' dir='ltr'><strong>die</strong></span> <span class='ocrx_word' id='word_1_145' title='bbox 1198 2278 1520 2338; x_wconf 66' lang='lat' dir='ltr'><strong>Antiochia:</strong></span> <span class='ocrx_word' id='word_1_146' title='bbox 1561 2298 1733 2340; x_wconf 89' lang='lat' dir='ltr'><strong>eum—</strong></span> 
     </span>
    </p>
   </div>
   <div class='ocr_carea' id='block_1_26' title="bbox 661 2357 1726 2442">
    <p class='ocr_par' dir='ltr' id='par_1_26' title="bbox 661 2357 1726 2442">
     <span class='ocr_line' id='line_1_26' title="bbox 661 2357 1726 2442; baseline 0.017 -32"><span class='ocrx_word' id='word_1_147' title='bbox 661 2357 789 2412; x_wconf 88' lang='lat' dir='ltr'><strong>dem</strong></span> <span class='ocrx_word' id='word_1_148' title='bbox 824 2360 1010 2431; x_wconf 80' lang='lat' dir='ltr'><strong>egisse</strong></span> <span class='ocrx_word' id='word_1_149' title='bbox 1051 2362 1218 2420; x_wconf 89' lang='lat' dir='ltr'><strong>docet</strong></span> <span class='ocrx_word' id='word_1_150' title='bbox 1241 2367 1322 2420; x_wconf 85' lang='lat' dir='ltr'><strong>Jo.</strong></span> <span class='ocrx_word' id='word_1_151' title='bbox 1372 2370 1572 2426; x_wconf 84' lang='lat' dir='ltr'><strong>Malela</strong></span> <span class='ocrx_word' id='word_1_152' title='bbox 1619 2373 1726 2442; x_wconf 81' lang='lat' dir='ltr'><strong>lib.</strong></span> 
     </span>
    </p>
   </div>
   <div class='ocr_carea' id='block_1_27' title="bbox 661 2446 1730 2531">
    <p class='ocr_par' dir='ltr' id='par_1_27' title="bbox 661 2446 1730 2531">
     <span class='ocr_line' id='line_1_27' title="bbox 661 2446 1730 2531; baseline 0.015 -29"><span class='ocrx_word' id='word_1_153' title='bbox 661 2459 720 2502; x_wconf 82' lang='lat' dir='ltr'><strong>1x</strong></span> <span class='ocrx_word' id='word_1_154' title='bbox 751 2446 962 2502; x_wconf 87' lang='lat' dir='ltr'><strong>Chron.</strong></span> <span class='ocrx_word' id='word_1_155' title='bbox 988 2450 1192 2507; x_wconf 82' lang='lat' dir='ltr'><strong>Paucis</strong></span> <span class='ocrx_word' id='word_1_156' title='bbox 1217 2454 1427 2512; x_wconf 90' lang='lat' dir='ltr'><strong>diebus</strong></span> <span class='ocrx_word' id='word_1_157' title='bbox 1473 2461 1531 2514; x_wconf 93' lang='lat' dir='ltr'><strong>in</strong></span> <span class='ocrx_word' id='word_1_158' title='bbox 1552 2462 1730 2531; x_wconf 69' lang='lat' dir='ltr'><strong>Syriae</strong></span> 
     </span>
    </p>
   </div>
   <div class='ocr_carea' id='block_1_28' title="bbox 657 2535 1724 2613">
    <p class='ocr_par' dir='ltr' id='par_1_28' title="bbox 657 2535 1724 2613">
     <span class='ocr_line' id='line_1_28' title="bbox 657 2535 1724 2613; baseline 0.018 -25"><span class='ocrx_word' id='word_1_159' title='bbox 657 2535 959 2592; x_wconf 89' lang='lat' dir='ltr'><strong>Provincia</strong></span> <span class='ocrx_word' id='word_1_160' title='bbox 1042 2546 1422 2613; x_wconf 89' lang='lat' dir='ltr'><strong>consumptis,</strong></span> <span class='ocrx_word' id='word_1_161' title='bbox 1500 2557 1724 2606; x_wconf 82' lang='lat' dir='ltr'><strong>sextum</strong></span> 
     </span>
    </p>
   </div>
   <div class='ocr_carea' id='block_1_29' title="bbox 2415 917 3468 996">
    <p class='ocr_par' dir='ltr' id='par_1_29' title="bbox 2415 917 3468 996">
     <span class='ocr_line' id='line_1_29' title="bbox 2415 917 3468 996; baseline 0.009 -24"><span class='ocrx_word' id='word_1_162' title='bbox 2415 917 2669 972; x_wconf 82' lang='lat' dir='ltr'><strong>ostendit</strong></span> <span class='ocrx_word' id='word_1_163' title='bbox 2715 919 2880 976; x_wconf 92' lang='lat' dir='ltr'><strong>Card.</strong></span> <span class='ocrx_word' id='word_1_164' title='bbox 2932 923 3104 980; x_wconf 90' lang='lat' dir='ltr'><strong>Noris</strong></span> <span class='ocrx_word' id='word_1_165' title='bbox 3151 938 3219 996; x_wconf 89' lang='lat' dir='ltr'><strong>ep</strong></span> <span class='ocrx_word' id='word_1_166' title='bbox 3249 926 3468 996; x_wconf 90' lang='lat' dir='ltr'><strong>Syrom.</strong></span> 
     </span>
    </p>
   </div>
   <div class='ocr_carea' id='block_1_30' title="bbox 2413 1005 3484 1083">
    <p class='ocr_par' dir='ltr' id='par_1_30' title="bbox 2413 1005 3484 1083">
     <span class='ocr_line' id='line_1_30' title="bbox 2413 1005 3484 1083; baseline 0.011 -23"><span class='ocrx_word' id='word_1_167' title='bbox 2413 1005 2557 1061; x_wconf 86' lang='lat' dir='ltr'><strong>diss.</strong></span> <span class='ocrx_word' id='word_1_168' title='bbox 2588 1019 2676 1075; x_wconf 88' lang='grc' dir='ltr'>ιιι,</span> <span class='ocrx_word' id='word_1_169' title='bbox 2708 1020 2830 1078; x_wconf 89' lang='lat' dir='ltr'><strong>cap.</strong></span> <span class='ocrx_word' id='word_1_170' title='bbox 2866 1005 2918 1080; x_wconf 98' lang='grc'><strong>4,</strong></span> <span class='ocrx_word' id='word_1_171' title='bbox 2953 1023 3191 1083; x_wconf 85' lang='lat' dir='ltr'><strong>eamque</strong></span> <span class='ocrx_word' id='word_1_172' title='bbox 3219 1027 3286 1069; x_wconf 84' lang='lat' dir='ltr'><strong>ex</strong></span> <span class='ocrx_word' id='word_1_173' title='bbox 3312 1016 3484 1072; x_wconf 85' lang='lat' dir='ltr'><strong>Num-</strong></span> 
     </span>
    </p>
   </div>
   <div class='ocr_carea' id='block_1_31' title="bbox 2415 1094 3479 1178">
    <p class='ocr_par' dir='ltr' id='par_1_31' title="bbox 2415 1094 3479 1178">
     <span class='ocr_line' id='line_1_31' title="bbox 2415 1094 3479 1178; baseline 0.016 -31"><span class='ocrx_word' id='word_1_174' title='bbox 2415 1094 2543 1163; x_wconf 91' lang='lat' dir='ltr'><strong>mis,</strong></span> <span class='ocrx_word' id='word_1_175' title='bbox 2600 1095 2785 1151; x_wconf 58' lang='lat' dir='ltr'><strong>Galba</strong></span> <span class='ocrx_word' id='word_1_176' title='bbox 2831 1099 2940 1155; x_wconf 91' lang='lat' dir='ltr'><strong>sub</strong></span> <span class='ocrx_word' id='word_1_177' title='bbox 2965 1101 3229 1161; x_wconf 87' lang='lat' dir='ltr'><strong>Muciano</strong></span> <span class='ocrx_word' id='word_1_178' title='bbox 3251 1107 3479 1178; x_wconf 85' lang='lat' dir='ltr'><strong>signato</strong></span> 
     </span>
    </p>
   </div>
   <div class='ocr_carea' id='block_1_32' title="bbox 2412 1180 3479 1264">
    <p class='ocr_par' dir='ltr' id='par_1_32' title="bbox 2412 1180 3479 1264">
     <span class='ocr_line' id='line_1_32' title="bbox 2412 1180 3479 1264; baseline 0.017 -30"><span class='ocrx_word' id='word_1_179' title='bbox 2412 1197 2526 1236; x_wconf 65' lang='lat' dir='ltr'><strong>tera</strong></span> <span class='ocrx_word' id='word_1_180' title='bbox 2564 1180 2685 1254; x_wconf 92' lang='lat'><strong>447,</strong></span> <span class='ocrx_word' id='word_1_181' title='bbox 2715 1194 2768 1242; x_wconf 91' lang='lat' dir='ltr'><strong>et</strong></span> <span class='ocrx_word' id='word_1_182' title='bbox 2806 1187 3023 1246; x_wconf 88' lang='lat' dir='ltr'><strong>Tiberii</strong></span> <span class='ocrx_word' id='word_1_183' title='bbox 3054 1192 3324 1264; x_wconf 79' lang='lat' dir='ltr'><strong>Augusti,</strong></span> <span class='ocrx_word' id='word_1_184' title='bbox 3370 1195 3479 1252; x_wconf 92' lang='lat' dir='ltr'><strong>sub</strong></span> 
     </span>
    </p>
   </div>
   <div class='ocr_carea' id='block_1_33' title="bbox 2412 1273 3481 1353">
    <p class='ocr_par' dir='ltr' id='par_1_33' title="bbox 2412 1273 3481 1353">
     <span class='ocr_line' id='line_1_33' title="bbox 2412 1273 3481 1353; baseline 0.015 -26"><span class='ocrx_word' id='word_1_185' title='bbox 2412 1273 2630 1343; x_wconf 89' lang='lat' dir='ltr'><strong>Flacco,</strong></span> <span class='ocrx_word' id='word_1_186' title='bbox 2672 1291 2823 1334; x_wconf 87' lang='lat' dir='ltr'><strong>anno</strong></span> <span class='ocrx_word' id='word_1_187' title='bbox 2858 1281 2985 1350; x_wconf 87' lang='lat' dir='ltr'><strong>ejus</strong></span> <span class='ocrx_word' id='word_1_188' title='bbox 3046 1282 3276 1353; x_wconf 89' lang='lat' dir='ltr'><strong>imperii</strong></span> <span class='ocrx_word' id='word_1_189' title='bbox 3320 1282 3372 1352; x_wconf 98' lang='lat'><strong>4,</strong></span> <span class='ocrx_word' id='word_1_190' title='bbox 3422 1293 3481 1344; x_wconf 91' lang='lat' dir='ltr'><strong>et</strong></span> 
     </span>
    </p>
   </div>
   <div class='ocr_carea' id='block_1_34' title="bbox 2409 1363 3475 1436">
    <p class='ocr_par' dir='ltr' id='par_1_34' title="bbox 2409 1363 3475 1436">
     <span class='ocr_line' id='line_1_34' title="bbox 2409 1363 3475 1436; baseline 0.016 -21"><span class='ocrx_word' id='word_1_191' title='bbox 2409 1363 2665 1420; x_wconf 82' lang='lat' dir='ltr'><strong>Antioch.</strong></span> <span class='ocrx_word' id='word_1_192' title='bbox 2711 1364 2803 1436; x_wconf 87' lang='lat'><strong>82,</strong></span> <span class='ocrx_word' id='word_1_193' title='bbox 2850 1368 3203 1429; x_wconf 86' lang='lat' dir='ltr'><strong>demonstrat</strong></span> <span class='ocrx_word' id='word_1_194' title='bbox 3235 1374 3475 1432; x_wconf 89' lang='lat' dir='ltr'><strong>initium</strong></span> 
     </span>
    </p>
   </div>
   <div class='ocr_carea' id='block_1_35' title="bbox 2411 1452 3472 1520">
    <p class='ocr_par' dir='ltr' id='par_1_35' title="bbox 2411 1452 3472 1520">
     <span class='ocr_line' id='line_1_35' title="bbox 2411 1452 3472 1520; baseline 0.013 -14"><span class='ocrx_word' id='word_1_195' title='bbox 2411 1452 2707 1510; x_wconf 87' lang='lat' dir='ltr'><strong>desumere</strong></span> <span class='ocrx_word' id='word_1_196' title='bbox 2755 1472 2823 1510; x_wconf 64' lang='lat' dir='ltr'><strong>ea:</strong></span> <span class='ocrx_word' id='word_1_197' title='bbox 2857 1463 3133 1514; x_wconf 86' lang='lat' dir='ltr'><strong>autummo</strong></span> <span class='ocrx_word' id='word_1_198' title='bbox 3172 1466 3310 1517; x_wconf 79' lang='lat' dir='ltr'><strong>anni</strong></span> <span class='ocrx_word' id='word_1_199' title='bbox 3352 1467 3472 1520; x_wconf 80' lang='lat' dir='ltr'><strong>Per.</strong></span> 
     </span>
    </p>
   </div>
   <div class='ocr_carea' id='block_1_36' title="bbox 2409 1539 3478 1610">
    <p class='ocr_par' dir='ltr' id='par_1_36' title="bbox 2409 1539 3478 1610">
     <span class='ocr_line' id='line_1_36' title="bbox 2409 1539 3478 1610; baseline 0.015 -17"><span class='ocrx_word' id='word_1_200' title='bbox 2409 1542 2542 1594; x_wconf 83' lang='lat' dir='ltr'><strong>Jul.</strong></span> <span class='ocrx_word' id='word_1_201' title='bbox 2577 1539 2736 1610; x_wconf 83' lang='grc'>4665,</span> <span class='ocrx_word' id='word_1_202' title='bbox 2767 1552 2894 1601; x_wconf 87' lang='lat' dir='ltr'><strong>ante</strong></span> <span class='ocrx_word' id='word_1_203' title='bbox 2937 1565 3265 1605; x_wconf 86' lang='lat' dir='ltr'><strong>communem</strong></span> <span class='ocrx_word' id='word_1_204' title='bbox 3311 1552 3478 1609; x_wconf 79' lang='lat' dir='ltr'><strong>Chri-</strong></span> 
     </span>
    </p>
   </div>
   <div class='ocr_carea' id='block_1_37' title="bbox 2410 1633 3477 1702">
    <p class='ocr_par' dir='ltr' id='par_1_37' title="bbox 2410 1633 3477 1702">
     <span class='ocr_line' id='line_1_37' title="bbox 2410 1633 3477 1702; baseline 0.015 -18"><span class='ocrx_word' id='word_1_205' title='bbox 2410 1633 2483 1685; x_wconf 90' lang='lat' dir='ltr'><strong>sti</strong></span> <span class='ocrx_word' id='word_1_206' title='bbox 2526 1634 2799 1702; x_wconf 82' lang='lat' dir='ltr'><strong>Epocham</strong></span> <span class='ocrx_word' id='word_1_207' title='bbox 2861 1633 2949 1694; x_wconf 90' lang='grc'><strong>49.</strong></span> <span class='ocrx_word' id='word_1_208' title='bbox 3008 1642 3077 1694; x_wconf 81' lang='lat' dir='ltr'><strong>Et</strong></span> <span class='ocrx_word' id='word_1_209' title='bbox 3120 1654 3188 1696; x_wconf 80' lang='lat' dir='ltr'><strong>ex</strong></span> <span class='ocrx_word' id='word_1_210' title='bbox 3239 1649 3477 1698; x_wconf 91' lang='lat' dir='ltr'><strong>autum-</strong></span> 
     </span>
    </p>
   </div>
   <div class='ocr_carea' id='block_1_38' title="bbox 2411 1723 3477 1795">
    <p class='ocr_par' dir='ltr' id='par_1_38' title="bbox 2411 1723 3477 1795">
     <span class='ocr_line' id='line_1_38' title="bbox 2411 1723 3477 1795; baseline 0.008 -16"><span class='ocrx_word' id='word_1_211' title='bbox 2411 1737 2484 1779; x_wconf 94' lang='lat' dir='ltr'><strong>no</strong></span> <span class='ocrx_word' id='word_1_212' title='bbox 2539 1723 2713 1794; x_wconf 89' lang='lat' dir='ltr'><strong>hujus</strong></span> <span class='ocrx_word' id='word_1_213' title='bbox 2761 1725 2895 1780; x_wconf 89' lang='lat' dir='ltr'><strong>anni</strong></span> <span class='ocrx_word' id='word_1_214' title='bbox 2948 1723 3106 1795; x_wconf 88' lang='grc'>4666,</span> <span class='ocrx_word' id='word_1_215' title='bbox 3157 1743 3300 1785; x_wconf 81' lang='lat' dir='ltr'><strong>AERA</strong></span> <span class='ocrx_word' id='word_1_216' title='bbox 3328 1731 3477 1786; x_wconf 84' lang='lat' dir='ltr'><strong>CAE-</strong></span> 
     </span>
    </p>
   </div>
   <div class='ocr_carea' id='block_1_39' title="bbox 2412 1815 3472 1892">
    <p class='ocr_par' dir='ltr' id='par_1_39' title="bbox 2412 1815 3472 1892">
     <span class='ocr_line' id='line_1_39' title="bbox 2412 1815 3472 1892; baseline 0.011 -28"><span class='ocrx_word' id='word_1_217' title='bbox 2412 1825 2567 1867; x_wconf 80' lang='lat' dir='ltr'><strong>SARIS</strong></span> <span class='ocrx_word' id='word_1_218' title='bbox 2627 1825 2927 1870; x_wconf 77' lang='lat' dir='ltr'><strong>LAODICE‘NA</strong></span> <span class='ocrx_word' id='word_1_219' title='bbox 2975 1815 3078 1872; x_wconf 89' lang='lat' dir='ltr'><strong>ibi.</strong></span> <span class='ocrx_word' id='word_1_220' title='bbox 3122 1832 3170 1873; x_wconf 92' lang='lat' dir='ltr'><strong>c.</strong></span> <span class='ocrx_word' id='word_1_221' title='bbox 3230 1817 3284 1883; x_wconf 88' lang='lat'><strong>8,</strong></span> <span class='ocrx_word' id='word_1_222' title='bbox 3336 1819 3368 1892; x_wconf 86' lang='lat'><strong>§</strong></span> <span class='ocrx_word' id='word_1_223' title='bbox 3417 1818 3472 1876; x_wconf 93' lang='lat'><strong>2.</strong></span> 
     </span>
    </p>
   </div>
   <div class='ocr_carea' id='block_1_40' title="bbox 2478 1900 3477 1965">
    <p class='ocr_par' dir='ltr' id='par_1_40' title="bbox 2478 1900 3477 1965">
     <span class='ocr_line' id='line_1_40' title="bbox 2478 1900 3477 1965; baseline 0.012 -12"><span class='ocrx_word' id='word_1_224' title='bbox 2478 1900 2624 1955; x_wconf 84' lang='lat' dir='ltr'><strong>Ante</strong></span> <span class='ocrx_word' id='word_1_225' title='bbox 2684 1915 2865 1958; x_wconf 88' lang='lat' dir='ltr'><strong>annos</strong></span> <span class='ocrx_word' id='word_1_226' title='bbox 2926 1910 3041 1961; x_wconf 89' lang='lat' dir='ltr'><strong>tres</strong></span> <span class='ocrx_word' id='word_1_227' title='bbox 3107 1907 3477 1965; x_wconf 88' lang='lat' dir='ltr'><strong>Aristobulus</strong></span> 
     </span>
    </p>
   </div>
   <div class='ocr_carea' id='block_1_41' title="bbox 2409 1993 3478 2067">
    <p class='ocr_par' dir='ltr' id='par_1_41' title="bbox 2409 1993 3478 2067">
     <span class='ocr_line' id='line_1_41' title="bbox 2409 1993 3478 2067; baseline 0.01 -21"><span class='ocrx_word' id='word_1_228' title='bbox 2409 1993 2654 2062; x_wconf 85' lang='lat' dir='ltr'><strong>Hyrcani</strong></span> <span class='ocrx_word' id='word_1_229' title='bbox 2699 1995 3024 2052; x_wconf 64' lang='lat' dir='ltr'><strong>Iudaeorum</strong></span> <span class='ocrx_word' id='word_1_230' title='bbox 3049 1999 3340 2067; x_wconf 89' lang='lat' dir='ltr'><strong>pontiﬁcis</strong></span> <span class='ocrx_word' id='word_1_231' title='bbox 3371 1999 3478 2057; x_wconf 90' lang='lat' dir='ltr'><strong>fra-</strong></span> 
     </span>
    </p>
   </div>
   <div class='ocr_carea' id='block_1_42' title="bbox 2411 2088 3475 2165">
    <p class='ocr_par' dir='ltr' id='par_1_42' title="bbox 2411 2088 3475 2165">
     <span class='ocr_line' id='line_1_42' title="bbox 2411 2088 3475 2165; baseline 0.008 -24"><span class='ocrx_word' id='word_1_232' title='bbox 2411 2093 2516 2156; x_wconf 88' lang='lat' dir='ltr'><strong>ter,</strong></span> <span class='ocrx_word' id='word_1_233' title='bbox 2577 2094 2634 2144; x_wconf 88' lang='lat' dir='ltr'><strong>et</strong></span> <span class='ocrx_word' id='word_1_234' title='bbox 2691 2088 3021 2156; x_wconf 85' lang='lat' dir='ltr'><strong>insidiator,</strong></span> <span class='ocrx_word' id='word_1_235' title='bbox 3081 2091 3154 2148; x_wconf 90' lang='lat' dir='ltr'><strong>ob</strong></span> <span class='ocrx_word' id='word_1_236' title='bbox 3212 2096 3475 2165; x_wconf 89' lang='lat' dir='ltr'><strong>querelas</strong></span> 
     </span>
    </p>
   </div>
   <div class='ocr_carea' id='block_1_43' title="bbox 2408 2176 3470 2256">
    <p class='ocr_par' dir='ltr' id='par_1_43' title="bbox 2408 2176 3470 2256">
     <span class='ocr_line' id='line_1_43' title="bbox 2408 2176 3470 2256; baseline 0.008 -24"><span class='ocrx_word' id='word_1_237' title='bbox 2408 2192 2539 2233; x_wconf 90' lang='lat' dir='ltr'><strong>cum</strong></span> <span class='ocrx_word' id='word_1_238' title='bbox 2631 2176 2828 2250; x_wconf 85' lang='lat' dir='ltr'><strong>fratre,</strong></span> <span class='ocrx_word' id='word_1_239' title='bbox 2929 2182 3117 2237; x_wconf 75' lang='lat' dir='ltr'><strong>Romae</strong></span> <span class='ocrx_word' id='word_1_240' title='bbox 3183 2183 3470 2256; x_wconf 86' lang='lat' dir='ltr'><strong>detentus,</strong></span> 
     </span>
    </p>
   </div>
   <div class='ocr_carea' id='block_1_44' title="bbox 2405 2267 3476 2328">
    <p class='ocr_par' dir='ltr' id='par_1_44' title="bbox 2405 2267 3476 2328">
     <span class='ocr_line' id='line_1_44' title="bbox 2405 2267 3476 2328; baseline 0.007 -7"><span class='ocrx_word' id='word_1_241' title='bbox 2405 2267 2618 2322; x_wconf 89' lang='lat' dir='ltr'><strong>deinde</strong></span> <span class='ocrx_word' id='word_1_242' title='bbox 2657 2269 2993 2326; x_wconf 67' lang='lat' dir='ltr'><strong>Caesarianae</strong></span> <span class='ocrx_word' id='word_1_243' title='bbox 3054 2269 3326 2328; x_wconf 78' lang='lat' dir='ltr'><strong>factionis</strong></span> <span class='ocrx_word' id='word_1_244' title='bbox 3383 2271 3476 2328; x_wconf 87' lang='lat' dir='ltr'><strong>fa-</strong></span> 
     </span>
    </p>
   </div>
   <div class='ocr_carea' id='block_1_45' title="bbox 2407 2359 3471 2433">
    <p class='ocr_par' dir='ltr' id='par_1_45' title="bbox 2407 2359 3471 2433">
     <span class='ocr_line' id='line_1_45' title="bbox 2407 2359 3471 2433; baseline 0.002 -19"><span class='ocrx_word' id='word_1_245' title='bbox 2407 2372 2541 2415; x_wconf 89' lang='lat' dir='ltr'><strong>vore</strong></span> <span class='ocrx_word' id='word_1_246' title='bbox 2597 2359 2740 2415; x_wconf 87' lang='lat' dir='ltr'><strong>iiber</strong></span> <span class='ocrx_word' id='word_1_247' title='bbox 2780 2361 3060 2417; x_wconf 90' lang='lat' dir='ltr'><strong>dimissus</strong></span> <span class='ocrx_word' id='word_1_248' title='bbox 3091 2362 3151 2416; x_wconf 91' lang='lat' dir='ltr'><strong>in</strong></span> <span class='ocrx_word' id='word_1_249' title='bbox 3207 2363 3471 2433; x_wconf 88' lang='lat' dir='ltr'><strong>patriam,</strong></span> 
     </span>
    </p>
   </div>
   <div class='ocr_carea' id='block_1_46' title="bbox 2405 2448 3476 2516">
    <p class='ocr_par' dir='ltr' id='par_1_46' title="bbox 2405 2448 3476 2516">
     <span class='ocr_line' id='line_1_46' title="bbox 2405 2448 3476 2516; baseline 0.005 -14"><span class='ocrx_word' id='word_1_250' title='bbox 2405 2459 2440 2502; x_wconf 90' lang='lat' dir='ltr'><strong>a</strong></span> <span class='ocrx_word' id='word_1_251' title='bbox 2470 2448 2833 2516; x_wconf 87' lang='lat' dir='ltr'><strong>Pompeianis</strong></span> <span class='ocrx_word' id='word_1_252' title='bbox 2875 2449 3062 2504; x_wconf 83' lang='lat' dir='ltr'><strong>fuerat</strong></span> <span class='ocrx_word' id='word_1_253' title='bbox 3105 2463 3319 2505; x_wconf 89' lang='lat' dir='ltr'><strong>veneno</strong></span> <span class='ocrx_word' id='word_1_254' title='bbox 3367 2468 3476 2508; x_wconf 84' lang='lat' dir='ltr'><strong>su-</strong></span> 
     </span>
    </p>
   </div>
   <div class='ocr_carea' id='block_1_47' title="bbox 2406 2535 3474 2607">
    <p class='ocr_par' dir='ltr' id='par_1_47' title="bbox 2406 2535 3474 2607">
     <span class='ocr_line' id='line_1_47' title="bbox 2406 2535 3474 2607; baseline 0.007 -17"><span class='ocrx_word' id='word_1_255' title='bbox 2406 2535 2619 2604; x_wconf 90' lang='lat' dir='ltr'><strong>biatus,</strong></span> <span class='ocrx_word' id='word_1_256' title='bbox 2669 2537 2910 2607; x_wconf 89' lang='lat' dir='ltr'><strong>ejusque</strong></span> <span class='ocrx_word' id='word_1_257' title='bbox 2952 2537 3110 2592; x_wconf 90' lang='lat' dir='ltr'><strong>ﬁlius</strong></span> <span class='ocrx_word' id='word_1_258' title='bbox 3149 2538 3474 2597; x_wconf 81' lang='lat' dir='ltr'><strong>Alexander</strong></span> 
     </span>
    </p>
   </div>
   <div class='ocr_carea' id='block_1_48' title="bbox 2405 2625 3474 2694">
    <p class='ocr_par' dir='ltr' id='par_1_48' title="bbox 2405 2625 3474 2694">
     <span class='ocr_line' id='line_1_48' title="bbox 2405 2625 3474 2694; baseline 0.005 -15"><span class='ocrx_word' id='word_1_259' title='bbox 2405 2625 2594 2680; x_wconf 89' lang='lat' dir='ltr'><strong>securi</strong></span> <span class='ocrx_word' id='word_1_260' title='bbox 2628 2638 2934 2694; x_wconf 88' lang='lat' dir='ltr'><strong>percussus</strong></span> <span class='ocrx_word' id='word_1_261' title='bbox 2954 2625 3278 2681; x_wconf 66' lang='lat' dir='ltr'><strong>Antiochiae</strong></span> <span class='ocrx_word' id='word_1_262' title='bbox 3307 2640 3341 2682; x_wconf 93' lang='lat' dir='ltr'><strong>a</strong></span> <span class='ocrx_word' id='word_1_263' title='bbox 3359 2628 3474 2684; x_wconf 87' lang='lat' dir='ltr'><strong>Sci-</strong></span> 
     </span>
    </p>
   </div>
   <div class='ocr_carea' id='block_1_49' title="bbox 2406 2711 3467 2788">
    <p class='ocr_par' dir='ltr' id='par_1_49' title="bbox 2406 2711 3467 2788">
     <span class='ocr_line' id='line_1_49' title="bbox 2406 2711 3467 2788; baseline 0.005 -20"><span class='ocrx_word' id='word_1_264' title='bbox 2406 2714 2762 2784; x_wconf 89' lang='lat' dir='ltr'><strong>pionejussu</strong></span> <span class='ocrx_word' id='word_1_265' title='bbox 2797 2714 3049 2783; x_wconf 88' lang='lat' dir='ltr'><strong>Pompeii</strong></span> <span class='ocrx_word' id='word_1_266' title='bbox 3085 2711 3332 2788; x_wconf 88' lang='lat' dir='ltr'><strong>[Joseph.</strong></span> <span class='ocrx_word' id='word_1_267' title='bbox 3365 2719 3467 2775; x_wconf 91' lang='lat' dir='ltr'><strong>lib.</strong></span> 
     </span>
    </p>
   </div>
   <div class='ocr_carea' id='block_1_50' title="bbox 2403 2803 3469 2876">
    <p class='ocr_par' dir='ltr' id='par_1_50' title="bbox 2403 2803 3469 2876">
     <span class='ocr_line' id='line_1_50' title="bbox 2403 2803 3469 2876; baseline 0.006 -17"><span class='ocrx_word' id='word_1_268' title='bbox 2403 2817 2520 2873; x_wconf 83' lang='lat' dir='ltr'><strong>xw,</strong></span> <span class='ocrx_word' id='word_1_269' title='bbox 2553 2819 2604 2859; x_wconf 93' lang='lat' dir='ltr'><strong>c.</strong></span> <span class='ocrx_word' id='word_1_270' title='bbox 2657 2803 2764 2876; x_wconf 90' lang='lat'><strong>43.]</strong></span> <span class='ocrx_word' id='word_1_271' title='bbox 2795 2805 3118 2875; x_wconf 84' lang='lat' dir='ltr'><strong>Antigonus</strong></span> <span class='ocrx_word' id='word_1_272' title='bbox 3148 2807 3469 2866; x_wconf 89' lang='lat' dir='ltr'><strong>Aristobuli</strong></span> 
     </span>
    </p>
   </div>
   <div class='ocr_carea' id='block_1_51' title="bbox 2405 2894 3469 2954">
    <p class='ocr_par' dir='ltr' id='par_1_51' title="bbox 2405 2894 3469 2954">
     <span class='ocr_line' id='line_1_51' title="bbox 2405 2894 3469 2954; baseline 0.006 -6"><span class='ocrx_word' id='word_1_273' title='bbox 2405 2894 2563 2950; x_wconf 90' lang='lat' dir='ltr'><strong>ﬁlius</strong></span> <span class='ocrx_word' id='word_1_274' title='bbox 2587 2895 2692 2951; x_wconf 92' lang='lat' dir='ltr'><strong>hoc</strong></span> <span class='ocrx_word' id='word_1_275' title='bbox 2717 2909 2867 2951; x_wconf 92' lang='lat' dir='ltr'><strong>anno</strong></span> <span class='ocrx_word' id='word_1_276' title='bbox 2905 2896 2974 2951; x_wconf 91' lang='lat' dir='ltr'><strong>ad</strong></span> <span class='ocrx_word' id='word_1_277' title='bbox 3005 2896 3277 2952; x_wconf 73' lang='lat' dir='ltr'><strong>Caesarem</strong></span> <span class='ocrx_word' id='word_1_278' title='bbox 3313 2901 3469 2954; x_wconf 85' lang='lat' dir='ltr'><strong>venit</strong></span> 
     </span>
    </p>
   </div>
   <div class='ocr_carea' id='block_1_52' title="bbox 2398 2983 3470 3056">
    <p class='ocr_par' dir='ltr' id='par_1_52' title="bbox 2398 2983 3470 3056">
     <span class='ocr_line' id='line_1_52' title="bbox 2398 2983 3470 3056; baseline 0.007 -20"><span class='ocrx_word' id='word_1_279' title='bbox 2398 2983 2720 3038; x_wconf 68' lang='lat' dir='ltr'><strong>Antiochiae</strong></span> <span class='ocrx_word' id='word_1_280' title='bbox 2786 2991 3065 3055; x_wconf 79' lang='lat' dir='ltr'><strong>agentem,</strong></span> <span class='ocrx_word' id='word_1_281' title='bbox 3139 2987 3341 3056; x_wconf 88' lang='lat' dir='ltr'><strong>patris.</strong></span> <span class='ocrx_word' id='word_1_282' title='bbox 3401 3001 3470 3043; x_wconf 89' lang='lat' dir='ltr'><strong>ac</strong></span> 
     </span>
    </p>
   </div>
   <div class='ocr_carea' id='block_1_53' title="bbox 2399 3069 3460 3148">
    <p class='ocr_par' dir='ltr' id='par_1_53' title="bbox 2399 3069 3460 3148">
     <span class='ocr_line' id='line_1_53' title="bbox 2399 3069 3460 3148; baseline 0.008 -22"><span class='ocrx_word' id='word_1_283' title='bbox 2399 3069 2599 3128; x_wconf 79' lang='lat' dir='ltr'><strong>fratris</strong></span> <span class='ocrx_word' id='word_1_284' title='bbox 2627 3073 2951 3130; x_wconf 78' lang='lat' dir='ltr'><strong>infortunia</strong></span> <span class='ocrx_word' id='word_1_285' title='bbox 2989 3090 3460 3148; x_wconf 88' lang='lat' dir='ltr'><strong>commemorans,</strong></span> 
     </span>
    </p>
   </div>
   <div class='ocr_carea' id='block_1_54' title="bbox 2396 3167 3466 3237">
    <p class='ocr_par' dir='ltr' id='par_1_54' title="bbox 2396 3167 3466 3237">
     <span class='ocr_line' id='line_1_54' title="bbox 2396 3167 3466 3237; baseline 0.008 -21"><span class='ocrx_word' id='word_1_286' title='bbox 2396 3167 2453 3216; x_wconf 89' lang='lat' dir='ltr'><strong>et</strong></span> <span class='ocrx_word' id='word_1_287' title='bbox 2519 3176 2796 3220; x_wconf 88' lang='lat' dir='ltr'><strong>accusans</strong></span> <span class='ocrx_word' id='word_1_288' title='bbox 2857 3167 3174 3234; x_wconf 82' lang='lat' dir='ltr'><strong>Hyrcanum</strong></span> <span class='ocrx_word' id='word_1_289' title='bbox 3225 3169 3466 3237; x_wconf 90' lang='lat' dir='ltr'><strong>pontiﬁ-</strong></span> 
     </span>
    </p>
   </div>
   <div class='ocr_carea' id='block_1_55' title="bbox 2395 3253 3462 3324">
    <p class='ocr_par' dir='ltr' id='par_1_55' title="bbox 2395 3253 3462 3324">
     <span class='ocr_line' id='line_1_55' title="bbox 2395 3253 3462 3324; baseline 0.006 -18"><span class='ocrx_word' id='word_1_290' title='bbox 2395 3265 2535 3322; x_wconf 90' lang='lat' dir='ltr'><strong>cem,</strong></span> <span class='ocrx_word' id='word_1_291' title='bbox 2593 3258 2650 3308; x_wconf 90' lang='lat' dir='ltr'><strong>et</strong></span> <span class='ocrx_word' id='word_1_292' title='bbox 2711 3253 3079 3324; x_wconf 84' lang='lat' dir='ltr'><strong>Antipatrum</strong></span> <span class='ocrx_word' id='word_1_293' title='bbox 3138 3259 3462 3314; x_wconf 62' lang='lat' dir='ltr'><strong>Judworum</strong></span> 
     </span>
    </p>
   </div>
   <div class='ocr_carea' id='block_1_56' title="bbox 2393 3341 3460 3420">
    <p class='ocr_par' dir='ltr' id='par_1_56' title="bbox 2393 3341 3460 3420">
     <span class='ocr_line' id='line_1_56' title="bbox 2393 3341 3460 3420; baseline 0.007 -24"><span class='ocrx_word' id='word_1_294' title='bbox 2393 3341 2854 3412; x_wconf 83' lang='lat' dir='ltr'><strong>gubernatorem,</strong></span> <span class='ocrx_word' id='word_1_295' title='bbox 2898 3349 3163 3405; x_wconf 90' lang='lat' dir='ltr'><strong>mandato</strong></span> <span class='ocrx_word' id='word_1_296' title='bbox 3192 3348 3460 3420; x_wconf 88' lang='lat' dir='ltr'><strong>Hyrcani,</strong></span> 
     </span>
    </p>
   </div>
   <div class='ocr_carea' id='block_1_57' title="bbox 2391 3436 3457 3509">
    <p class='ocr_par' dir='ltr' id='par_1_57' title="bbox 2391 3436 3457 3509">
     <span class='ocr_line' id='line_1_57' title="bbox 2391 3436 3457 3509; baseline 0.008 -24"><span class='ocrx_word' id='word_1_297' title='bbox 2391 3436 2662 3503; x_wconf 87' lang='lat' dir='ltr'><strong>tanquam</strong></span> <span class='ocrx_word' id='word_1_298' title='bbox 2717 3449 2816 3505; x_wconf 91' lang='lat' dir='ltr'><strong>per</strong></span> <span class='ocrx_word' id='word_1_299' title='bbox 2893 3437 3008 3491; x_wconf 86' lang='lat' dir='ltr'><strong>vim</strong></span> <span class='ocrx_word' id='word_1_300' title='bbox 3067 3437 3457 3509; x_wconf 86' lang='lat' dir='ltr'><strong>principatum</strong></span> 
     </span>
    </p>
   </div>
   <div class='ocr_carea' id='block_1_58' title="bbox 2391 3525 3460 3595">
    <p class='ocr_par' dir='ltr' id='par_1_58' title="bbox 2391 3525 3460 3595">
     <span class='ocr_line' id='line_1_58' title="bbox 2391 3525 3460 3595; baseline 0.005 -17"><span class='ocrx_word' id='word_1_301' title='bbox 2391 3525 2580 3594; x_wconf 88' lang='lat' dir='ltr'><strong>gentis</strong></span> <span class='ocrx_word' id='word_1_302' title='bbox 2618 3530 2895 3595; x_wconf 81' lang='lat' dir='ltr'><strong>gererent.</strong></span> <span class='ocrx_word' id='word_1_303' title='bbox 2926 3525 3128 3595; x_wconf 90' lang='lat' dir='ltr'><strong>Causa,</strong></span> <span class='ocrx_word' id='word_1_304' title='bbox 3163 3528 3304 3583; x_wconf 88' lang='lat' dir='ltr'><strong>vicit</strong></span> <span class='ocrx_word' id='word_1_305' title='bbox 3331 3527 3460 3582; x_wconf 86' lang='lat' dir='ltr'><strong>An-</strong></span> 
     </span>
    </p>
   </div>
   <div class='ocr_carea' id='block_1_59' title="bbox 2393 3613 3454 3687">
    <p class='ocr_par' dir='ltr' id='par_1_59' title="bbox 2393 3613 3454 3687">
     <span class='ocr_line' id='line_1_59' title="bbox 2393 3613 3454 3687; baseline 0.005 -19"><span class='ocrx_word' id='word_1_306' title='bbox 2393 3613 2620 3682; x_wconf 87' lang='lat' dir='ltr'><strong>tipater,</strong></span> <span class='ocrx_word' id='word_1_307' title='bbox 2663 3614 2812 3683; x_wconf 90' lang='lat' dir='ltr'><strong>apud</strong></span> <span class='ocrx_word' id='word_1_308' title='bbox 2857 3614 3132 3672; x_wconf 67' lang='lat' dir='ltr'><strong>Caesarem</strong></span> <span class='ocrx_word' id='word_1_309' title='bbox 3176 3623 3454 3687; x_wconf 88' lang='lat' dir='ltr'><strong>perorata.</strong></span> 
     </span>
    </p>
   </div>
   <div class='ocr_carea' id='block_1_60' title="bbox 2389 3701 3453 3777">
    <p class='ocr_par' dir='ltr' id='par_1_60' title="bbox 2389 3701 3453 3777">
     <span class='ocr_line' id='line_1_60' title="bbox 2389 3701 3453 3777; baseline 0.003 -20"><span class='ocrx_word' id='word_1_310' title='bbox 2389 3701 2733 3759; x_wconf 88' lang='lat' dir='ltr'><strong>Conﬁrmata</strong></span> <span class='ocrx_word' id='word_1_311' title='bbox 2769 3706 3019 3773; x_wconf 82' lang='lat' dir='ltr'><strong>Hyrcani</strong></span> <span class='ocrx_word' id='word_1_312' title='bbox 3041 3709 3316 3777; x_wconf 79' lang='lat' dir='ltr'><strong>pontiﬁcis</strong></span> <span class='ocrx_word' id='word_1_313' title='bbox 3341 3722 3453 3760; x_wconf 88' lang='lat' dir='ltr'><strong>au—</strong></span> 
     </span>
    </p>
   </div>
   <div class='ocr_carea' id='block_1_61' title="bbox 2388 3793 3451 3867">
    <p class='ocr_par' dir='ltr' id='par_1_61' title="bbox 2388 3793 3451 3867">
     <span class='ocr_line' id='line_1_61' title="bbox 2388 3793 3451 3867; baseline 0.008 -22"><span class='ocrx_word' id='word_1_314' title='bbox 2388 3795 2609 3847; x_wconf 74' lang='lat' dir='ltr'><strong>ctoritas</strong></span> <span class='ocrx_word' id='word_1_315' title='bbox 2623 3812 2638 3846; x_wconf 91' lang='lat'><strong><em>:</em></strong></span> <span class='ocrx_word' id='word_1_316' title='bbox 2654 3793 2844 3850; x_wconf 82' lang='lat' dir='ltr'><strong>oblata</strong></span> <span class='ocrx_word' id='word_1_317' title='bbox 2854 3796 3153 3866; x_wconf 84' lang='lat' dir='ltr'><strong>Antipatro</strong></span> <span class='ocrx_word' id='word_1_318' title='bbox 3165 3798 3198 3852; x_wconf 94' lang='lat' dir='ltr'><strong>d</strong></span> <span class='ocrx_word' id='word_1_319' title='bbox 3207 3806 3367 3867; x_wconf 85' lang='lat' dir='ltr'><strong>ynast</strong></span> <span class='ocrx_word' id='word_1_320' title='bbox 3377 3800 3451 3854; x_wconf 87' lang='lat' dir='ltr'><strong>ia.</strong></span> 
     </span>
    </p>
   </div>
   <div class='ocr_carea' id='block_1_62' title="bbox 2387 3885 3460 3958">
    <p class='ocr_par' dir='ltr' id='par_1_62' title="bbox 2387 3885 3460 3958">
     <span class='ocr_line' id='line_1_62' title="bbox 2387 3885 3460 3958; baseline 0.006 -20"><span class='ocrx_word' id='word_1_321' title='bbox 2387 3895 2790 3954; x_wconf 87' lang='lat' dir='ltr'><strong>quamcunque</strong></span> <span class='ocrx_word' id='word_1_322' title='bbox 2833 3885 3130 3957; x_wconf 88' lang='lat' dir='ltr'><strong>voluisset,</strong></span> <span class='ocrx_word' id='word_1_323' title='bbox 3158 3895 3214 3942; x_wconf 89' lang='lat' dir='ltr'><strong>et</strong></span> <span class='ocrx_word' id='word_1_324' title='bbox 3246 3905 3460 3958; x_wconf 87' lang='lat' dir='ltr'><strong>procu-</strong></span> 
     </span>
    </p>
   </div>
   <div class='ocr_carea' id='block_1_63' title="bbox 2384 3974 3457 4044">
    <p class='ocr_par' dir='ltr' id='par_1_63' title="bbox 2384 3974 3457 4044">
     <span class='ocr_line' id='line_1_63' title="bbox 2384 3974 3457 4044; baseline 0.011 -19"><span class='ocrx_word' id='word_1_325' title='bbox 2384 3974 2527 4026; x_wconf 83' lang='lat' dir='ltr'><strong>ratio</strong></span> <span class='ocrx_word' id='word_1_326' title='bbox 2555 3974 2761 4026; x_wconf 77' lang='lat' dir='ltr'><strong>Judaeae</strong></span> <span class='ocrx_word' id='word_1_327' title='bbox 2793 3977 3102 4030; x_wconf 81' lang='lat' dir='ltr'><strong>concredita</strong></span> <span class='ocrx_word' id='word_1_328' title='bbox 3123 3980 3240 4044; x_wconf 82' lang='lat' dir='ltr'><strong>fuit</strong></span> <span class='ocrx_word' id='word_1_329' title='bbox 3278 3992 3309 4034; x_wconf 89' lang='lat' dir='ltr'><strong>a</strong></span> <span class='ocrx_word' id='word_1_330' title='bbox 3329 3980 3457 4036; x_wconf 71' lang='lat' dir='ltr'><strong>Cae—</strong></span> 
     </span>
    </p>
   </div>
   <div class='ocr_carea' id='block_1_64' title="bbox 2384 4054 3456 4135">
    <p class='ocr_par' dir='ltr' id='par_1_64' title="bbox 2384 4054 3456 4135">
     <span class='ocr_line' id='line_1_64' title="bbox 2384 4054 3456 4135; baseline 0.01 -22"><span class='ocrx_word' id='word_1_331' title='bbox 2384 4072 2533 4114; x_wconf 88' lang='lat' dir='ltr'><strong>sare.</strong></span> <span class='ocrx_word' id='word_1_332' title='bbox 2579 4054 2848 4131; x_wconf 86' lang='lat' dir='ltr'><strong>[Joseph.,</strong></span> <span class='ocrx_word' id='word_1_333' title='bbox 2885 4062 2985 4118; x_wconf 91' lang='lat' dir='ltr'><strong>lib.</strong></span> <span class='ocrx_word' id='word_1_334' title='bbox 3040 4077 3160 4135; x_wconf 77' lang='lat' dir='ltr'><strong>xw,</strong></span> <span class='ocrx_word' id='word_1_335' title='bbox 3209 4079 3331 4135; x_wconf 88' lang='lat' dir='ltr'><strong>cap.</strong></span> <span class='ocrx_word' id='word_1_336' title='bbox 3388 4065 3456 4124; x_wconf 75' lang='lat'><strong>45</strong></span> 
     </span>
    </p>
   </div>
   <div class='ocr_carea' id='block_1_65' title="bbox 2381 4147 3444 4234">
    <p class='ocr_par' dir='ltr' id='par_1_65' title="bbox 2381 4147 3444 4234">
     <span class='ocr_line' id='line_1_65' title="bbox 2381 4147 3444 4234; baseline 0.011 -34"><span class='ocrx_word' id='word_1_337' title='bbox 2381 4147 2670 4216; x_wconf 85' lang='lat' dir='ltr'><strong>Antiquit.</strong></span> <span class='ocrx_word' id='word_1_338' title='bbox 2721 4155 2777 4204; x_wconf 89' lang='lat' dir='ltr'><strong>et</strong></span> <span class='ocrx_word' id='word_1_339' title='bbox 2827 4150 2927 4204; x_wconf 93' lang='lat' dir='ltr'><strong>lib.</strong></span> <span class='ocrx_word' id='word_1_340' title='bbox 2961 4166 2976 4206; x_wconf 93' lang='grc' dir='ltr'><strong>ι</strong></span> <span class='ocrx_word' id='word_1_341' title='bbox 3006 4152 3146 4207; x_wconf 88' lang='lat' dir='ltr'><strong>Belli</strong></span> <span class='ocrx_word' id='word_1_342' title='bbox 3189 4167 3311 4223; x_wconf 89' lang='lat' dir='ltr'><strong>cap.</strong></span> <span class='ocrx_word' id='word_1_343' title='bbox 3361 4155 3444 4234; x_wconf 89' lang='lat'><strong>8.]</strong></span> 
     </span>
    </p>
   </div>
   <div class='ocr_carea' id='block_1_66' title="bbox 2384 4235 3456 4315">
    <p class='ocr_par' dir='ltr' id='par_1_66' title="bbox 2384 4235 3456 4315">
     <span class='ocr_line' id='line_1_66' title="bbox 2384 4235 3456 4315; baseline 0.014 -28"><span class='ocrx_word' id='word_1_344' title='bbox 2384 4235 2655 4292; x_wconf 68' lang='lat' dir='ltr'><strong>Praeterea</strong></span> <span class='ocrx_word' id='word_1_345' title='bbox 2677 4240 2932 4307; x_wconf 88' lang='lat' dir='ltr'><strong>Hyrcano</strong></span> <span class='ocrx_word' id='word_1_346' title='bbox 2972 4242 3251 4315; x_wconf 88' lang='lat' dir='ltr'><strong>pontiﬁci,</strong></span> <span class='ocrx_word' id='word_1_347' title='bbox 3284 4250 3341 4300; x_wconf 86' lang='lat' dir='ltr'><strong>et</strong></span> <span class='ocrx_word' id='word_1_348' title='bbox 3371 4245 3456 4301; x_wconf 89' lang='lat' dir='ltr'><strong>li-</strong></span> 
     </span>
    </p>
   </div>
   <div class='ocr_carea' id='block_1_67' title="bbox 652 2627 1728 2707">
    <p class='ocr_par' dir='ltr' id='par_1_67' title="bbox 652 2627 1728 2707">
     <span class='ocr_line' id='line_1_67' title="bbox 652 2627 1728 2707; baseline 0.013 -26"><span class='ocrx_word' id='word_1_349' title='bbox 652 2627 927 2681; x_wconf 71' lang='lat' dir='ltr'><strong>Caasarem</strong></span> <span class='ocrx_word' id='word_1_350' title='bbox 980 2628 1185 2696; x_wconf 91' lang='lat' dir='ltr'><strong>eidem,</strong></span> <span class='ocrx_word' id='word_1_351' title='bbox 1263 2639 1320 2688; x_wconf 88' lang='lat' dir='ltr'><strong>et</strong></span> <span class='ocrx_word' id='word_1_352' title='bbox 1397 2634 1728 2707; x_wconf 78' lang='lat' dir='ltr'><strong>legionibus</strong></span> 
     </span>
    </p>
   </div>
   <div class='ocr_carea' id='block_1_68' title="bbox 433 2715 1722 2801">
    <p class='ocr_par' dir='ltr' id='par_1_68' title="bbox 433 2715 1722 2801">
     <span class='ocr_line' id='line_1_68' title="bbox 433 2715 1722 2801; baseline 0.013 -31"><span class='ocrx_word' id='word_1_353' title='bbox 433 2717 576 2771; x_wconf 87' lang='lat' dir='ltr'><strong>Hinc</strong></span> <span class='ocrx_word' id='word_1_354' title='bbox 651 2717 924 2788; x_wconf 70' lang='lat' dir='ltr'><strong>praefecit.</strong></span> <span class='ocrx_word' id='word_1_355' title='bbox 954 2715 1210 2793; x_wconf 90' lang='lat' dir='ltr'><strong>[Diolib.</strong></span> <span class='ocrx_word' id='word_1_356' title='bbox 1251 2723 1457 2801; x_wconf 77' lang='lat' dir='ltr'><strong>x1.vu.]</strong></span> <span class='ocrx_word' id='word_1_357' title='bbox 1510 2727 1722 2801; x_wconf 90' lang='lat' dir='ltr'><strong>Classe,</strong></span> 
     </span>
    </p>
   </div>
   <div class='ocr_carea' id='block_1_69' title="bbox 426 2808 1723 2880">
    <p class='ocr_par' dir='ltr' id='par_1_69' title="bbox 426 2808 1723 2880">
     <span class='ocr_line' id='line_1_69' title="bbox 426 2808 1723 2880; baseline 0.012 -21"><span class='ocrx_word' id='word_1_358' title='bbox 426 2808 583 2875; x_wconf 73' lang='lat' dir='ltr'><strong>cmpt&#39;t</strong></span> <span class='ocrx_word' id='word_1_359' title='bbox 651 2821 761 2876; x_wconf 89' lang='lat' dir='ltr'><strong>qua</strong></span> <span class='ocrx_word' id='word_1_360' title='bbox 807 2814 1055 2878; x_wconf 90' lang='lat' dir='ltr'><strong>venerat,</strong></span> <span class='ocrx_word' id='word_1_361' title='bbox 1114 2811 1403 2880; x_wconf 91' lang='lat' dir='ltr'><strong>profectus</strong></span> <span class='ocrx_word' id='word_1_362' title='bbox 1447 2817 1505 2871; x_wconf 91' lang='lat' dir='ltr'><strong>in</strong></span> <span class='ocrx_word' id='word_1_363' title='bbox 1568 2818 1723 2875; x_wconf 88' lang='lat' dir='ltr'><strong>Cili-</strong></span> 
     </span>
    </p>
   </div>
   <div class='ocr_carea' id='block_1_70' title="bbox 431 2891 1927 2978">
    <p class='ocr_par' dir='ltr' id='par_1_70' title="bbox 431 2891 1927 2978">
     <span class='ocr_line' id='line_1_70' title="bbox 431 2891 1927 2978; baseline 0.012 -27"><span class='ocrx_word' id='word_1_364' title='bbox 431 2898 563 2951; x_wconf 74' lang='lat' dir='ltr'><strong>Era</strong></span> <span class='ocrx_word' id='word_1_365' title='bbox 646 2896 794 2951; x_wconf 90' lang='lat' dir='ltr'><strong>ciam</strong></span> <span class='ocrx_word' id='word_1_366' title='bbox 824 2891 1088 2970; x_wconf 89' lang='lat' dir='ltr'><strong>[llirtius,</strong></span> <span class='ocrx_word' id='word_1_367' title='bbox 1123 2907 1178 2956; x_wconf 91' lang='lat' dir='ltr'><strong>et</strong></span> <span class='ocrx_word' id='word_1_368' title='bbox 1216 2903 1328 2959; x_wconf 86' lang='lat' dir='ltr'><strong>Jos.</strong></span> <span class='ocrx_word' id='word_1_369' title='bbox 1363 2904 1464 2959; x_wconf 90' lang='lat' dir='ltr'><strong>lib.</strong></span> <span class='ocrx_word' id='word_1_370' title='bbox 1509 2921 1626 2978; x_wconf 69' lang='lat' dir='ltr'><strong>xxv,</strong></span> <span class='ocrx_word' id='word_1_371' title='bbox 1661 2925 1711 2966; x_wconf 93' lang='lat' dir='ltr'><strong>c.</strong></span> <span class='ocrx_word' id='word_1_372' title='bbox 1782 2926 1927 2969; x_wconf 70' lang='lat' dir='ltr'><strong>mu</strong></span> 
     </span>
    </p>
   </div>
   <div class='ocr_carea' id='block_1_71' title="bbox 394 2981 1962 3063">
    <p class='ocr_par' dir='ltr' id='par_1_71' title="bbox 394 2981 1962 3063">
     <span class='ocr_line' id='line_1_71' title="bbox 394 2981 1962 3063; baseline 0.012 -24"><span class='ocrx_word' id='word_1_373' title='bbox 394 2985 604 3051; x_wconf 71' lang='lat' dir='ltr'><strong>Egeo-</strong></span> <span class='ocrx_word' id='word_1_374' title='bbox 656 2981 742 3058; x_wconf 90' lang='lat'><strong>46]</strong></span> <span class='ocrx_word' id='word_1_375' title='bbox 786 2987 1108 3058; x_wconf 77' lang='lat' dir='ltr'><strong>regionum,</strong></span> <span class='ocrx_word' id='word_1_376' title='bbox 1155 2996 1210 3046; x_wconf 90' lang='lat' dir='ltr'><strong>et</strong></span> <span class='ocrx_word' id='word_1_377' title='bbox 1261 3006 1498 3063; x_wconf 84' lang='lat' dir='ltr'><strong>regnum</strong></span> <span class='ocrx_word' id='word_1_378' title='bbox 1527 2997 1720 3053; x_wconf 88' lang='lat' dir='ltr'><strong>ﬁniti-</strong></span> <span class='ocrx_word' id='word_1_379' title='bbox 1759 3015 1881 3056; x_wconf 77' lang='lat' dir='ltr'><strong>AEG.</strong></span> <span class='ocrx_word' id='word_1_380' title='bbox 1916 3014 1962 3058; x_wconf 91' lang='lat' dir='ltr'><strong>c.</strong></span> 
     </span>
    </p>
   </div>
   <div class='ocr_carea' id='block_1_72' title="bbox 380 3077 1978 3149">
    <p class='ocr_par' dir='ltr' id='par_1_72' title="bbox 380 3077 1978 3149">
     <span class='ocr_line' id='line_1_72' title="bbox 380 3077 1978 3149; baseline 0.014 -22"><span class='ocrx_word' id='word_1_381' title='bbox 380 3089 507 3128; x_wconf 80' lang='lat' dir='ltr'><strong>rum</strong></span> <span class='ocrx_word' id='word_1_382' title='bbox 557 3077 618 3128; x_wconf 78' lang='lat' dir='ltr'><strong>in</strong></span> <span class='ocrx_word' id='word_1_383' title='bbox 648 3087 869 3131; x_wconf 89' lang='lat' dir='ltr'><strong>morum</strong></span> <span class='ocrx_word' id='word_1_384' title='bbox 914 3079 1141 3149; x_wconf 82' lang='lat' dir='ltr'><strong>negotia</strong></span> <span class='ocrx_word' id='word_1_385' title='bbox 1186 3083 1495 3141; x_wconf 91' lang='lat' dir='ltr'><strong>ordinavit.</strong></span> <span class='ocrx_word' id='word_1_386' title='bbox 1533 3086 1722 3144; x_wconf 90' lang='lat' dir='ltr'><strong>Auto-</strong></span> <span class='ocrx_word' id='word_1_387' title='bbox 1750 3103 1816 3144; x_wconf 84' lang='lat' dir='ltr'><strong>ET</strong></span> <span class='ocrx_word' id='word_1_388' title='bbox 1837 3105 1978 3148; x_wconf 84' lang='lat' dir='ltr'><strong>LAO-</strong></span> 
     </span>
    </p>
   </div>
   <div class='ocr_carea' id='block_1_73' title="bbox 405 3163 1967 3246">
    <p class='ocr_par' dir='ltr' id='par_1_73' title="bbox 405 3163 1967 3246">
     <span class='ocr_line' id='line_1_73' title="bbox 405 3163 1967 3246; baseline 0.011 -27"><span class='ocrx_word' id='word_1_389' title='bbox 405 3163 598 3219; x_wconf 82' lang='lat' dir='ltr'><strong>Cilicia</strong></span> <span class='ocrx_word' id='word_1_390' title='bbox 646 3164 897 3220; x_wconf 87' lang='lat' dir='ltr'><strong>nomiam</strong></span> <span class='ocrx_word' id='word_1_391' title='bbox 931 3166 1269 3226; x_wconf 88' lang='lat' dir='ltr'><strong>civitatibus</strong></span> <span class='ocrx_word' id='word_1_392' title='bbox 1299 3173 1458 3230; x_wconf 88' lang='lat' dir='ltr'><strong>dedit</strong></span> <span class='ocrx_word' id='word_1_393' title='bbox 1502 3178 1713 3246; x_wconf 61' lang='lat' dir='ltr'><strong>praeci-</strong></span> <span class='ocrx_word' id='word_1_394' title='bbox 1753 3192 1858 3234; x_wconf 82' lang='lat' dir='ltr'><strong>mc.</strong></span> <span class='ocrx_word' id='word_1_395' title='bbox 1909 3194 1967 3236; x_wconf 78' lang='lat' dir='ltr'><strong>IN</strong></span> 
     </span>
    </p>
   </div>
   <div class='ocr_carea' id='block_1_74' title="bbox 386 3251 1980 3325">
    <p class='ocr_par' dir='ltr' id='par_1_74' title="bbox 386 3251 1980 3325">
     <span class='ocr_line' id='line_1_74' title="bbox 386 3251 1980 3325; baseline 0.011 -19"><span class='ocrx_word' id='word_1_396' title='bbox 386 3251 453 3306; x_wconf 86' lang='lat' dir='ltr'><strong>de</strong></span> <span class='ocrx_word' id='word_1_397' title='bbox 481 3267 592 3321; x_wconf 87' lang='lat' dir='ltr'><strong>qua</strong></span> <span class='ocrx_word' id='word_1_398' title='bbox 642 3254 792 3323; x_wconf 90' lang='lat' dir='ltr'><strong>puis,</strong></span> <span class='ocrx_word' id='word_1_399' title='bbox 820 3268 962 3325; x_wconf 91' lang='lat' dir='ltr'><strong>quas</strong></span> <span class='ocrx_word' id='word_1_400' title='bbox 985 3256 1136 3312; x_wconf 90' lang='lat' dir='ltr'><strong>inter</strong></span> <span class='ocrx_word' id='word_1_401' title='bbox 1152 3272 1448 3318; x_wconf 84' lang='lat' dir='ltr'><strong>LAODICAEA</strong></span> <span class='ocrx_word' id='word_1_402' title='bbox 1471 3266 1539 3321; x_wconf 88' lang='lat' dir='ltr'><strong>ad</strong></span> <span class='ocrx_word' id='word_1_403' title='bbox 1567 3279 1720 3322; x_wconf 89' lang='lat' dir='ltr'><strong>mare</strong></span> <span class='ocrx_word' id='word_1_404' title='bbox 1745 3281 1866 3324; x_wconf 75' lang='lat' dir='ltr'><strong>sva.</strong></span> <span class='ocrx_word' id='word_1_405' title='bbox 1891 3283 1980 3325; x_wconf 82' lang='lat' dir='ltr'><strong>AD.</strong></span> 
     </span>
    </p>
   </div>
   <div class='ocr_carea' id='block_1_75' title="bbox 369 3341 1976 3415">
    <p class='ocr_par' dir='ltr' id='par_1_75' title="bbox 369 3341 1976 3415">
     <span class='ocr_line' id='line_1_75' title="bbox 369 3341 1976 3415; baseline 0.014 -22"><span class='ocrx_word' id='word_1_406' title='bbox 369 3341 607 3400; x_wconf 84' lang='lat' dir='ltr'><strong>C.Noris</strong></span> <span class='ocrx_word' id='word_1_407' title='bbox 629 3343 780 3398; x_wconf 89' lang='lat' dir='ltr'><strong>unde</strong></span> <span class='ocrx_word' id='word_1_408' title='bbox 800 3358 942 3399; x_wconf 82' lang='lat' dir='ltr'><strong>AERA</strong></span> <span class='ocrx_word' id='word_1_409' title='bbox 975 3358 1122 3401; x_wconf 82' lang='lat' dir='ltr'><strong>CAES.</strong></span> <span class='ocrx_word' id='word_1_410' title='bbox 1147 3348 1230 3404; x_wconf 86' lang='lat' dir='ltr'><strong>Ad</strong></span> <span class='ocrx_word' id='word_1_411' title='bbox 1259 3349 1474 3408; x_wconf 89' lang='lat' dir='ltr'><strong>bellum</strong></span> <span class='ocrx_word' id='word_1_412' title='bbox 1504 3355 1708 3410; x_wconf 90' lang='lat' dir='ltr'><strong>Ponti-</strong></span> <span class='ocrx_word' id='word_1_413' title='bbox 1739 3359 1852 3413; x_wconf 83' lang='lat' dir='ltr'><strong>Ma.</strong></span> <span class='ocrx_word' id='word_1_414' title='bbox 1908 3376 1976 3415; x_wconf 81' lang='lat' dir='ltr'><strong>ea:</strong></span> 
     </span>
    </p>
   </div>
   <div class='ocr_carea' id='block_1_76' title="bbox 362 3407 2075 3503">
    <p class='ocr_par' dir='ltr' id='par_1_76' title="bbox 362 3407 2075 3503">
     <span class='ocr_line' id='line_1_76' title="bbox 362 3407 2075 3503; baseline 0.013 -20"><span class='ocrx_word' id='word_1_415' title='bbox 362 3430 610 3500; x_wconf 77' lang='lat' dir='ltr'><strong>Ep.Syr.</strong></span> <span class='ocrx_word' id='word_1_416' title='bbox 631 3445 761 3488; x_wconf 90' lang='lat' dir='ltr'><strong>cum</strong></span> <span class='ocrx_word' id='word_1_417' title='bbox 792 3445 1062 3491; x_wconf 87' lang='lat' dir='ltr'><strong>evocatus</strong></span> <span class='ocrx_word' id='word_1_418' title='bbox 1114 3445 1312 3494; x_wconf 90' lang='lat' dir='ltr'><strong>contra</strong></span> <span class='ocrx_word' id='word_1_419' title='bbox 1347 3407 1712 3500; x_wconf 84' lang='lat' dir='ltr'><strong>Pharmacem</strong></span> <span class='ocrx_word' id='word_1_420' title='bbox 1743 3448 1974 3503; x_wconf 84' lang='lat' dir='ltr'><strong>Autum-</strong></span> <span class='ocrx_word' id='word_1_421' title='bbox 2025 3407 2075 3472; x_wconf 65' lang='grc' dir='ltr'><strong>Ο</strong></span> 
     </span>
    </p>
   </div>
   <div class='ocr_carea' id='block_1_77' title="bbox 373 3516 1978 3602">
    <p class='ocr_par' dir='ltr' id='par_1_77' title="bbox 373 3516 1978 3602">
     <span class='ocr_line' id='line_1_77' title="bbox 373 3516 1978 3602; baseline 0.011 -28"><span class='ocrx_word' id='word_1_422' title='bbox 373 3536 437 3591; x_wconf 88' lang='lat' dir='ltr'><strong>p.</strong></span> <span class='ocrx_word' id='word_1_423' title='bbox 462 3516 586 3591; x_wconf 89' lang='lat'><strong>378,</strong></span> <span class='ocrx_word' id='word_1_424' title='bbox 636 3523 814 3592; x_wconf 79' lang='lat' dir='ltr'><strong>Venit,</strong></span> <span class='ocrx_word' id='word_1_425' title='bbox 853 3525 1026 3595; x_wconf 82' lang='lat' dir='ltr'><strong>Vidit,</strong></span> <span class='ocrx_word' id='word_1_426' title='bbox 1057 3527 1219 3582; x_wconf 81' lang='lat' dir='ltr'><strong>Vicit.</strong></span> <span class='ocrx_word' id='word_1_427' title='bbox 1250 3525 1418 3601; x_wconf 89' lang='lat' dir='ltr'><strong>[Plut.</strong></span> <span class='ocrx_word' id='word_1_428' title='bbox 1460 3532 1519 3587; x_wconf 90' lang='lat' dir='ltr'><strong>ln</strong></span> <span class='ocrx_word' id='word_1_429' title='bbox 1549 3533 1711 3602; x_wconf 65' lang='lat' dir='ltr'><strong>Caes,</strong></span> <span class='ocrx_word' id='word_1_430' title='bbox 1731 3551 1798 3590; x_wconf 93' lang='lat' dir='ltr'><strong>no</strong></span> <span class='ocrx_word' id='word_1_431' title='bbox 1830 3539 1978 3592; x_wconf 79' lang='lat' dir='ltr'><strong>Vail.</strong></span> 
     </span>
    </p>
   </div>
   <div class='ocr_carea' id='block_1_78' title="bbox 372 3609 1944 3694">
    <p class='ocr_par' dir='ltr' id='par_1_78' title="bbox 372 3609 1944 3694">
     <span class='ocr_line' id='line_1_78' title="bbox 372 3609 1944 3694; baseline 0.011 -31"><span class='ocrx_word' id='word_1_432' title='bbox 372 3625 441 3664; x_wconf 79' lang='lat' dir='ltr'><strong>ea:</strong></span> <span class='ocrx_word' id='word_1_433' title='bbox 466 3609 599 3664; x_wconf 82' lang='lat' dir='ltr'><strong>Au—</strong></span> <span class='ocrx_word' id='word_1_434' title='bbox 626 3609 783 3688; x_wconf 91' lang='lat' dir='ltr'><strong>etc.,]</strong></span> <span class='ocrx_word' id='word_1_435' title='bbox 813 3613 964 3670; x_wconf 88' lang='lat' dir='ltr'><strong>intra</strong></span> <span class='ocrx_word' id='word_1_436' title='bbox 1005 3616 1280 3686; x_wconf 90' lang='lat' dir='ltr'><strong>quintum</strong></span> <span class='ocrx_word' id='word_1_437' title='bbox 1319 3620 1492 3676; x_wconf 89' lang='lat' dir='ltr'><strong>diem.</strong></span> <span class='ocrx_word' id='word_1_438' title='bbox 1533 3618 1704 3694; x_wconf 91' lang='lat' dir='ltr'><strong>[Sue—</strong></span> <span class='ocrx_word' id='word_1_439' title='bbox 1767 3623 1944 3682; x_wconf 81' lang='lat' dir='ltr'><strong>25ed.</strong></span> 
     </span>
    </p>
   </div>
   <div class='ocr_carea' id='block_1_79' title="bbox 396 3703 1709 3777">
    <p class='ocr_par' dir='ltr' id='par_1_79' title="bbox 396 3703 1709 3777">
     <span class='ocr_line' id='line_1_79' title="bbox 396 3703 1709 3777; baseline 0.012 -24"><span class='ocrx_word' id='word_1_440' title='bbox 396 3705 582 3754; x_wconf 87' lang='lat' dir='ltr'><strong>tumno</strong></span> <span class='ocrx_word' id='word_1_441' title='bbox 634 3706 750 3758; x_wconf 90' lang='lat' dir='ltr'><strong>ton.</strong></span> <span class='ocrx_word' id='word_1_442' title='bbox 790 3703 850 3758; x_wconf 91' lang='lat' dir='ltr'><strong>in</strong></span> <span class='ocrx_word' id='word_1_443' title='bbox 890 3703 1001 3760; x_wconf 84' lang='lat' dir='ltr'><strong>Jul.</strong></span> <span class='ocrx_word' id='word_1_444' title='bbox 1050 3718 1100 3760; x_wconf 91' lang='lat' dir='ltr'><strong>c.</strong></span> <span class='ocrx_word' id='word_1_445' title='bbox 1154 3704 1268 3777; x_wconf 80' lang='lat'><strong>35.]</strong></span> <span class='ocrx_word' id='word_1_446' title='bbox 1315 3709 1709 3768; x_wconf 89' lang='lat' dir='ltr'><strong>Mithridatem</strong></span> 
     </span>
    </p>
   </div>
   <div class='ocr_carea' id='block_1_80' title="bbox 374 3792 1774 3882">
    <p class='ocr_par' dir='ltr' id='par_1_80' title="bbox 374 3792 1774 3882">
     <span class='ocr_line' id='line_1_80' title="bbox 374 3792 1774 3882; baseline 0.011 -40"><span class='ocrx_word' id='word_1_447' title='bbox 374 3804 486 3843; x_wconf 90' lang='lat' dir='ltr'><strong>non</strong></span> <span class='ocrx_word' id='word_1_448' title='bbox 528 3805 596 3843; x_wconf 75' lang='lat' dir='ltr'><strong>ea:</strong></span> <span class='ocrx_word' id='word_1_449' title='bbox 635 3805 819 3863; x_wconf 80' lang='lat' dir='ltr'><strong>regem</strong></span> <span class='ocrx_word' id='word_1_450' title='bbox 893 3792 1174 3864; x_wconf 90' lang='lat' dir='ltr'><strong>Bosphori</strong></span> <span class='ocrx_word' id='word_1_451' title='bbox 1241 3799 1572 3856; x_wconf 87' lang='lat' dir='ltr'><strong>constituit.</strong></span> <span class='ocrx_word' id='word_1_452' title='bbox 1609 3803 1712 3857; x_wconf 91' lang='lat' dir='ltr'><strong>Per</strong></span> <span class='ocrx_word' id='word_1_453' title='bbox 1769 3879 1774 3882; x_wconf 89' lang='lat'>_</span> 
     </span>
    </p>
   </div>
   <div class='ocr_carea' id='block_1_81' title="bbox 376 3880 1708 3959">
    <p class='ocr_par' dir='ltr' id='par_1_81' title="bbox 376 3880 1708 3959">
     <span class='ocr_line' id='line_1_81' title="bbox 376 3880 1708 3959; baseline 0.013 -29"><span class='ocrx_word' id='word_1_454' title='bbox 376 3893 500 3931; x_wconf 79' lang='lat' dir='ltr'><strong>vere</strong></span> <span class='ocrx_word' id='word_1_455' title='bbox 528 3884 590 3932; x_wconf 87' lang='lat' dir='ltr'><strong>ut</strong></span> <span class='ocrx_word' id='word_1_456' title='bbox 628 3880 905 3937; x_wconf 72' lang='lat' dir='ltr'><strong>Graeciam</strong></span> <span class='ocrx_word' id='word_1_457' title='bbox 940 3883 1172 3940; x_wconf 84' lang='lat' dir='ltr'><strong>Romam</strong></span> <span class='ocrx_word' id='word_1_458' title='bbox 1221 3888 1396 3959; x_wconf 83' lang='lat' dir='ltr'><strong>venit,</strong></span> <span class='ocrx_word' id='word_1_459' title='bbox 1447 3890 1708 3946; x_wconf 90' lang='lat' dir='ltr'><strong>circum-</strong></span> 
     </span>
    </p>
   </div>
   <div class='ocr_carea' id='block_1_82' title="bbox 374 3963 1709 4048">
    <p class='ocr_par' dir='ltr' id='par_1_82' title="bbox 374 3963 1709 4048">
     <span class='ocr_line' id='line_1_82' title="bbox 374 3963 1709 4048; baseline 0.012 -27"><span class='ocrx_word' id='word_1_460' title='bbox 374 3966 519 4021; x_wconf 83' lang='lat' dir='ltr'><strong>Vail.</strong></span> <span class='ocrx_word' id='word_1_461' title='bbox 563 3963 827 4037; x_wconf 86' lang='lat' dir='ltr'><strong>2agente</strong></span> <span class='ocrx_word' id='word_1_462' title='bbox 873 3983 933 4024; x_wconf 88' lang='lat' dir='ltr'><strong>se</strong></span> <span class='ocrx_word' id='word_1_463' title='bbox 988 3985 1158 4043; x_wconf 89' lang='lat' dir='ltr'><strong>anno,</strong></span> <span class='ocrx_word' id='word_1_464' title='bbox 1215 3987 1282 4032; x_wconf 78' lang='lat' dir='ltr'><strong>ex</strong></span> <span class='ocrx_word' id='word_1_465' title='bbox 1341 3992 1454 4048; x_wconf 90' lang='lat' dir='ltr'><strong>quo</strong></span> <span class='ocrx_word' id='word_1_466' title='bbox 1519 3978 1709 4037; x_wconf 85' lang='lat' dir='ltr'><strong>fuerat</strong></span> 
     </span>
    </p>
   </div>
   <div class='ocr_carea' id='block_1_83' title="bbox 410 4053 1703 4136">
    <p class='ocr_par' dir='ltr' id='par_1_83' title="bbox 410 4053 1703 4136">
     <span class='ocr_line' id='line_1_83' title="bbox 410 4053 1703 4136; baseline 0.012 -29"><span class='ocrx_word' id='word_1_467' title='bbox 410 4053 542 4108; x_wconf 83' lang='lat' dir='ltr'><strong>edit.</strong></span> <span class='ocrx_word' id='word_1_468' title='bbox 621 4055 876 4113; x_wconf 90' lang='lat' dir='ltr'><strong>dictator</strong></span> <span class='ocrx_word' id='word_1_469' title='bbox 909 4058 1116 4116; x_wconf 90' lang='lat' dir='ltr'><strong>iterum</strong></span> <span class='ocrx_word' id='word_1_470' title='bbox 1146 4062 1488 4135; x_wconf 85' lang='lat' dir='ltr'><strong>designatus</strong></span> <span class='ocrx_word' id='word_1_471' title='bbox 1531 4067 1703 4136; x_wconf 90' lang='lat' dir='ltr'><strong>[Plut.</strong></span> 
     </span>
    </p>
   </div>
   <div class='ocr_carea' id='block_1_84' title="bbox 627 4143 1702 4222">
    <p class='ocr_par' dir='ltr' id='par_1_84' title="bbox 627 4143 1702 4222">
     <span class='ocr_line' id='line_1_84' title="bbox 627 4143 1702 4222; baseline 0.012 -23"><span class='ocrx_word' id='word_1_472' title='bbox 627 4145 684 4200; x_wconf 90' lang='lat' dir='ltr'><strong>in</strong></span> <span class='ocrx_word' id='word_1_473' title='bbox 705 4143 869 4222; x_wconf 65' lang='lat' dir='ltr'><strong>Caes]</strong></span> <span class='ocrx_word' id='word_1_474' title='bbox 913 4154 968 4204; x_wconf 91' lang='lat' dir='ltr'><strong>et</strong></span> <span class='ocrx_word' id='word_1_475' title='bbox 1006 4151 1208 4208; x_wconf 91' lang='lat' dir='ltr'><strong>consul</strong></span> <span class='ocrx_word' id='word_1_476' title='bbox 1257 4166 1319 4208; x_wconf 86' lang='grc' dir='ltr'><strong>ιιι</strong></span> <span class='ocrx_word' id='word_1_477' title='bbox 1375 4155 1434 4209; x_wconf 91' lang='lat' dir='ltr'><strong>in</strong></span> <span class='ocrx_word' id='word_1_478' title='bbox 1486 4169 1702 4212; x_wconf 91' lang='lat' dir='ltr'><strong>annum</strong></span> 
     </span>
    </p>
   </div>
   <div class='ocr_carea' id='block_1_85' title="bbox 625 4235 1705 4311">
    <p class='ocr_par' dir='ltr' id='par_1_85' title="bbox 625 4235 1705 4311">
     <span class='ocr_line' id='line_1_85' title="bbox 625 4235 1705 4311; baseline 0.007 -21"><span class='ocrx_word' id='word_1_479' title='bbox 625 4235 951 4303; x_wconf 87' lang='lat' dir='ltr'><strong>proximum</strong></span> <span class='ocrx_word' id='word_1_480' title='bbox 1018 4238 1358 4311; x_wconf 86' lang='lat' dir='ltr'><strong>designatus</strong></span> <span class='ocrx_word' id='word_1_481' title='bbox 1437 4243 1705 4300; x_wconf 90' lang='lat' dir='ltr'><strong>consules</strong></span> 
     </span>
    </p>
   </div>
   <div class='ocr_carea' id='block_1_86' title="bbox 622 4325 1707 4398">
    <p class='ocr_par' dir='ltr' id='par_1_86' title="bbox 622 4325 1707 4398">
     <span class='ocr_line' id='line_1_86' title="bbox 622 4325 1707 4398; baseline 0.009 -20"><span class='ocrx_word' id='word_1_482' title='bbox 622 4325 777 4380; x_wconf 91' lang='lat' dir='ltr'><strong>circa</strong></span> <span class='ocrx_word' id='word_1_483' title='bbox 810 4334 1126 4394; x_wconf 90' lang='lat' dir='ltr'><strong>postremos</strong></span> <span class='ocrx_word' id='word_1_484' title='bbox 1170 4328 1346 4398; x_wconf 86' lang='lat' dir='ltr'><strong>hujus</strong></span> <span class='ocrx_word' id='word_1_485' title='bbox 1370 4330 1508 4384; x_wconf 91' lang='lat' dir='ltr'><strong>anni</strong></span> <span class='ocrx_word' id='word_1_486' title='bbox 1538 4345 1707 4388; x_wconf 90' lang='lat' dir='ltr'><strong>men-</strong></span> 
     </span>
    </p>
   </div>
   <div class='ocr_carea' id='block_1_87' title="bbox 624 4413 1705 4484">
    <p class='ocr_par' dir='ltr' id='par_1_87' title="bbox 624 4413 1705 4484">
     <span class='ocr_line' id='line_1_87' title="bbox 624 4413 1705 4484; baseline 0.01 -18"><span class='ocrx_word' id='word_1_487' title='bbox 624 4425 714 4467; x_wconf 85' lang='lat' dir='ltr'><strong>ses</strong></span> <span class='ocrx_word' id='word_1_488' title='bbox 745 4413 961 4468; x_wconf 89' lang='lat' dir='ltr'><strong>creavit</strong></span> <span class='ocrx_word' id='word_1_489' title='bbox 981 4427 1096 4482; x_wconf 90' lang='lat' dir='ltr'><strong>eos,</strong></span> <span class='ocrx_word' id='word_1_490' title='bbox 1125 4417 1225 4484; x_wconf 87' lang='lat' dir='ltr'><strong>qui</strong></span> <span class='ocrx_word' id='word_1_491' title='bbox 1251 4417 1310 4471; x_wconf 90' lang='lat' dir='ltr'><strong>in</strong></span> <span class='ocrx_word' id='word_1_492' title='bbox 1342 4418 1529 4474; x_wconf 87' lang='lat' dir='ltr'><strong>Fastis</strong></span> <span class='ocrx_word' id='word_1_493' title='bbox 1562 4435 1705 4477; x_wconf 90' lang='lat' dir='ltr'><strong>mar-</strong></span> 
     </span>
    </p>
   </div>
   <div class='ocr_carea' id='block_1_88' title="bbox 627 4501 1515 4577">
    <p class='ocr_par' dir='ltr' id='par_1_88' title="bbox 627 4501 1515 4577">
     <span class='ocr_line' id='line_1_88' title="bbox 627 4501 1515 4577; baseline 0.011 -24"><span class='ocrx_word' id='word_1_494' title='bbox 627 4501 837 4555; x_wconf 90' lang='lat' dir='ltr'><strong>moreis</strong></span> <span class='ocrx_word' id='word_1_495' title='bbox 863 4502 1208 4569; x_wconf 87' lang='lat' dir='ltr'><strong>Capitolinis</strong></span> <span class='ocrx_word' id='word_1_496' title='bbox 1241 4503 1515 4577; x_wconf 83' lang='lat' dir='ltr'><strong>leguntur</strong></span> 
     </span>
    </p>
   </div>
   <div class='ocr_carea' id='block_1_89' title="bbox 695 4586 1316 4656">
    <p class='ocr_par' dir='ltr' id='par_1_89' title="bbox 695 4586 1316 4656">
     <span class='ocr_line' id='line_1_89' title="bbox 695 4586 1316 4656; baseline 0.014 -17"><span class='ocrx_word' id='word_1_497' title='bbox 695 4586 760 4656; x_wconf 89' lang='lat' dir='ltr'><strong>Q.</strong></span> <span class='ocrx_word' id='word_1_498' title='bbox 792 4587 1017 4642; x_wconf 89' lang='lat' dir='ltr'><strong>Tuﬁum</strong></span> <span class='ocrx_word' id='word_1_499' title='bbox 1045 4589 1316 4647; x_wconf 90' lang='lat' dir='ltr'><strong>Calenum</strong></span> 
     </span>
    </p>
   </div>
   <div class='ocr_carea' id='block_1_90' title="bbox 695 4676 1702 4753">
    <p class='ocr_par' dir='ltr' id='par_1_90' title="bbox 695 4676 1702 4753">
     <span class='ocr_line' id='line_1_90' title="bbox 695 4676 1702 4753; baseline 0.016 -23"><span class='ocrx_word' id='word_1_500' title='bbox 695 4677 756 4730; x_wconf 89' lang='lat' dir='ltr'><strong>P.</strong></span> <span class='ocrx_word' id='word_1_501' title='bbox 800 4676 1094 4732; x_wconf 90' lang='lat' dir='ltr'><strong>Vatinium</strong></span> <span class='ocrx_word' id='word_1_502' title='bbox 1135 4681 1203 4735; x_wconf 89' lang='lat' dir='ltr'><strong>ad</strong></span> <span class='ocrx_word' id='word_1_503' title='bbox 1239 4687 1354 4737; x_wconf 91' lang='lat' dir='ltr'><strong>tres</strong></span> <span class='ocrx_word' id='word_1_504' title='bbox 1387 4690 1702 4753; x_wconf 90' lang='lat' dir='ltr'><strong>postremos</strong></span> 
     </span>
    </p>
   </div>
   <div class='ocr_carea' id='block_1_91' title="bbox 2382 4324 3450 4404">
    <p class='ocr_par' dir='ltr' id='par_1_91' title="bbox 2382 4324 3450 4404">
     <span class='ocr_line' id='line_1_91' title="bbox 2382 4324 3450 4404; baseline 0.012 -26"><span class='ocrx_word' id='word_1_505' title='bbox 2382 4324 2538 4379; x_wconf 89' lang='lat' dir='ltr'><strong>beris</strong></span> <span class='ocrx_word' id='word_1_506' title='bbox 2558 4325 2684 4393; x_wconf 92' lang='lat' dir='ltr'><strong>ejus</strong></span> <span class='ocrx_word' id='word_1_507' title='bbox 2713 4325 3144 4402; x_wconf 86' lang='lat' dir='ltr'><strong>Ethnarchiam,</strong></span> <span class='ocrx_word' id='word_1_508' title='bbox 3169 4340 3226 4388; x_wconf 91' lang='lat' dir='ltr'><strong>et</strong></span> <span class='ocrx_word' id='word_1_509' title='bbox 3249 4337 3450 4404; x_wconf 91' lang='lat' dir='ltr'><strong>ponti-</strong></span> 
     </span>
    </p>
   </div>
   <div class='ocr_carea' id='block_1_92' title="bbox 2382 4411 3449 4489">
    <p class='ocr_par' dir='ltr' id='par_1_92' title="bbox 2382 4411 3449 4489">
     <span class='ocr_line' id='line_1_92' title="bbox 2382 4411 3449 4489; baseline 0.013 -24"><span class='ocrx_word' id='word_1_510' title='bbox 2382 4411 2613 4467; x_wconf 88' lang='lat' dir='ltr'><strong>ﬁcatum</strong></span> <span class='ocrx_word' id='word_1_511' title='bbox 2641 4415 2966 4472; x_wconf 69' lang='lat' dir='ltr'><strong>Judaeorum</strong></span> <span class='ocrx_word' id='word_1_512' title='bbox 2999 4427 3273 4489; x_wconf 89' lang='lat' dir='ltr'><strong>perpetuo</strong></span> <span class='ocrx_word' id='word_1_513' title='bbox 3301 4423 3449 4478; x_wconf 90' lang='lat' dir='ltr'><strong>reti-</strong></span> 
     </span>
    </p>
   </div>
   <div class='ocr_carea' id='block_1_93' title="bbox 2381 4506 3447 4577">
    <p class='ocr_par' dir='ltr' id='par_1_93' title="bbox 2381 4506 3447 4577">
     <span class='ocr_line' id='line_1_93' title="bbox 2381 4506 3447 4577; baseline 0.011 -22"><span class='ocrx_word' id='word_1_514' title='bbox 2381 4515 2514 4557; x_wconf 90' lang='lat' dir='ltr'><strong>nere</strong></span> <span class='ocrx_word' id='word_1_515' title='bbox 2549 4515 2702 4558; x_wconf 86' lang='lat' dir='ltr'><strong>more</strong></span> <span class='ocrx_word' id='word_1_516' title='bbox 2747 4506 2954 4577; x_wconf 88' lang='lat' dir='ltr'><strong>patrio,</strong></span> <span class='ocrx_word' id='word_1_517' title='bbox 2984 4509 3213 4564; x_wconf 87' lang='lat' dir='ltr'><strong>Judicia</strong></span> <span class='ocrx_word' id='word_1_518' title='bbox 3248 4512 3319 4566; x_wconf 87' lang='lat' dir='ltr'><strong>de</strong></span> <span class='ocrx_word' id='word_1_519' title='bbox 3336 4513 3447 4567; x_wconf 87' lang='lat' dir='ltr'><strong>Ju-</strong></span> 
     </span>
    </p>
   </div>
   <div class='ocr_carea' id='block_1_94' title="bbox 2377 4590 3452 4669">
    <p class='ocr_par' dir='ltr' id='par_1_94' title="bbox 2377 4590 3452 4669">
     <span class='ocr_line' id='line_1_94' title="bbox 2377 4590 3452 4669; baseline 0.012 -24"><span class='ocrx_word' id='word_1_520' title='bbox 2377 4590 2544 4647; x_wconf 90' lang='lat' dir='ltr'><strong>daica</strong></span> <span class='ocrx_word' id='word_1_521' title='bbox 2589 4594 2924 4666; x_wconf 88' lang='lat' dir='ltr'><strong>disciplina,</strong></span> <span class='ocrx_word' id='word_1_522' title='bbox 2953 4603 3010 4653; x_wconf 87' lang='lat' dir='ltr'><strong>et</strong></span> <span class='ocrx_word' id='word_1_523' title='bbox 3040 4600 3174 4669; x_wconf 90' lang='lat' dir='ltr'><strong>jura</strong></span> <span class='ocrx_word' id='word_1_524' title='bbox 3199 4602 3452 4657; x_wconf 88' lang='lat' dir='ltr'><strong>decima-</strong></span> 
     </span>
    </p>
   </div>
   <div class='ocr_carea' id='block_1_95' title="bbox 2380 4692 3449 4752">
    <p class='ocr_par' dir='ltr' id='par_1_95' title="bbox 2380 4692 3449 4752">
     <span class='ocr_line' id='line_1_95' title="bbox 2380 4692 3449 4752; baseline 0.015 -17"><span class='ocrx_word' id='word_1_525' title='bbox 2380 4695 2530 4752; x_wconf 88' lang='lat' dir='ltr'><strong>rum,</strong></span> <span class='ocrx_word' id='word_1_526' title='bbox 2625 4696 2691 4739; x_wconf 91' lang='lat' dir='ltr'><strong>ac</strong></span> <span class='ocrx_word' id='word_1_527' title='bbox 2777 4694 2978 4743; x_wconf 70' lang='lat' dir='ltr'><strong>caetera</strong></span> <span class='ocrx_word' id='word_1_528' title='bbox 3060 4692 3449 4751; x_wconf 80' lang='lat' dir='ltr'><strong>Sacerdotalia</strong></span> 
     </span>
    </p>
   </div>
   <div class='ocr_carea' id='block_1_96' title="bbox 2378 4771 3444 4854">
    <p class='ocr_par' dir='ltr' id='par_1_96' title="bbox 2378 4771 3444 4854">
     <span class='ocr_line' id='line_1_96' title="bbox 2378 4771 3444 4854; baseline 0.013 -27"><span class='ocrx_word' id='word_1_529' title='bbox 2378 4771 2736 4831; x_wconf 88' lang='lat' dir='ltr'><strong>conﬁrmavit</strong></span> <span class='ocrx_word' id='word_1_530' title='bbox 2783 4791 2963 4850; x_wconf 90' lang='lat' dir='ltr'><strong>eaque</strong></span> <span class='ocrx_word' id='word_1_531' title='bbox 3002 4783 3074 4838; x_wconf 89' lang='lat' dir='ltr'><strong>de</strong></span> <span class='ocrx_word' id='word_1_532' title='bbox 3119 4796 3199 4854; x_wconf 89' lang='lat' dir='ltr'><strong>re,</strong></span> <span class='ocrx_word' id='word_1_533' title='bbox 3229 4785 3444 4842; x_wconf 81' lang='lat' dir='ltr'><strong>Roma-</strong></span> 
     </span>
    </p>
   </div>
   <div class='ocr_carea' id='block_1_97' title="bbox 2379 4863 3441 4947">
    <p class='ocr_par' dir='ltr' id='par_1_97' title="bbox 2379 4863 3441 4947">
     <span class='ocr_line' id='line_1_97' title="bbox 2379 4863 3441 4947; baseline 0.018 -32"><span class='ocrx_word' id='word_1_534' title='bbox 2379 4863 2490 4933; x_wconf 91' lang='lat' dir='ltr'><strong>nis,</strong></span> <span class='ocrx_word' id='word_1_535' title='bbox 2523 4870 2580 4921; x_wconf 91' lang='lat' dir='ltr'><strong>et</strong></span> <span class='ocrx_word' id='word_1_536' title='bbox 2609 4867 2825 4926; x_wconf 71' lang='lat' dir='ltr'><strong>Graecis</strong></span> <span class='ocrx_word' id='word_1_537' title='bbox 2880 4872 3095 4929; x_wconf 87' lang='lat' dir='ltr'><strong>litteris</strong></span> <span class='ocrx_word' id='word_1_538' title='bbox 3127 4876 3441 4947; x_wconf 87' lang='lat' dir='ltr'><strong>inscriptas</strong></span> 
     </span>
    </p>
   </div>
   <div class='ocr_carea' id='block_1_98' title="bbox 2375 4959 3444 5038">
    <p class='ocr_par' dir='ltr' id='par_1_98' title="bbox 2375 4959 3444 5038">
     <span class='ocr_line' id='line_1_98' title="bbox 2375 4959 3444 5038; baseline 0.014 -27"><span class='ocrx_word' id='word_1_539' title='bbox 2375 4970 2560 5013; x_wconf 58' lang='lat' dir='ltr'><strong>aeneas</strong></span> <span class='ocrx_word' id='word_1_540' title='bbox 2604 4959 2830 5017; x_wconf 89' lang='lat' dir='ltr'><strong>tabulas</strong></span> <span class='ocrx_word' id='word_1_541' title='bbox 2876 4971 2996 5019; x_wconf 87' lang='lat' dir='ltr'><strong>tum</strong></span> <span class='ocrx_word' id='word_1_542' title='bbox 3042 4965 3104 5020; x_wconf 90' lang='lat' dir='ltr'><strong>in</strong></span> <span class='ocrx_word' id='word_1_543' title='bbox 3158 4966 3444 5038; x_wconf 90' lang='lat' dir='ltr'><strong>Capitolio</strong></span> 
     </span>
    </p>
   </div>
   <div class='ocr_carea' id='block_1_99' title="bbox 2374 5047 3441 5124">
    <p class='ocr_par' dir='ltr' id='par_1_99' title="bbox 2374 5047 3441 5124">
     <span class='ocr_line' id='line_1_99' title="bbox 2374 5047 3441 5124; baseline 0.012 -23"><span class='ocrx_word' id='word_1_544' title='bbox 2374 5047 2584 5119; x_wconf 80' lang='lat' dir='ltr'><strong>Romae,</strong></span> <span class='ocrx_word' id='word_1_545' title='bbox 2618 5054 2740 5105; x_wconf 90' lang='lat' dir='ltr'><strong>tum</strong></span> <span class='ocrx_word' id='word_1_546' title='bbox 2786 5052 2936 5121; x_wconf 90' lang='lat' dir='ltr'><strong>apud</strong></span> <span class='ocrx_word' id='word_1_547' title='bbox 2979 5054 3210 5124; x_wconf 90' lang='lat' dir='ltr'><strong>Tyrum,</strong></span> <span class='ocrx_word' id='word_1_548' title='bbox 3261 5057 3441 5114; x_wconf 91' lang='lat' dir='ltr'><strong>Sido-</strong></span> 
     </span>
    </p>
   </div>
   <div class='ocr_carea' id='block_1_100' title="bbox 2375 5141 3441 5220">
    <p class='ocr_par' dir='ltr' id='par_1_100' title="bbox 2375 5141 3441 5220">
     <span class='ocr_line' id='line_1_100' title="bbox 2375 5141 3441 5220; baseline 0.01 -24"><span class='ocrx_word' id='word_1_549' title='bbox 2375 5154 2523 5212; x_wconf 90' lang='lat' dir='ltr'><strong>nem,</strong></span> <span class='ocrx_word' id='word_1_550' title='bbox 2556 5147 2611 5197; x_wconf 92' lang='lat' dir='ltr'><strong>et</strong></span> <span class='ocrx_word' id='word_1_551' title='bbox 2648 5141 2982 5198; x_wconf 83' lang='lat' dir='ltr'><strong>Ascalonem</strong></span> <span class='ocrx_word' id='word_1_552' title='bbox 3013 5148 3293 5204; x_wconf 88' lang='lat' dir='ltr'><strong>constitui</strong></span> <span class='ocrx_word' id='word_1_553' title='bbox 3317 5150 3441 5220; x_wconf 92' lang='lat' dir='ltr'><strong>jus-</strong></span> 
     </span>
    </p>
   </div>
   <div class='ocr_carea' id='block_1_101' title="bbox 693 4767 2066 4835">
    <p class='ocr_par' dir='ltr' id='par_1_101' title="bbox 693 4767 2066 4835">
     <span class='ocr_line' id='line_1_101' title="bbox 693 4767 2066 4835; baseline 0.006 -13"><span class='ocrx_word' id='word_1_554' title='bbox 693 4767 832 4822; x_wconf 88' lang='lat' dir='ltr'><strong>anni</strong></span> <span class='ocrx_word' id='word_1_555' title='bbox 863 4780 1085 4824; x_wconf 90' lang='lat' dir='ltr'><strong>menses</strong></span> <span class='ocrx_word' id='word_1_556' title='bbox 1108 4767 1265 4826; x_wconf 92' lang='lat' dir='ltr'><strong>Suet.</strong></span> <span class='ocrx_word' id='word_1_557' title='bbox 1303 4772 1362 4826; x_wconf 91' lang='lat' dir='ltr'><strong>in</strong></span> <span class='ocrx_word' id='word_1_558' title='bbox 1385 4773 1500 4830; x_wconf 92' lang='lat' dir='ltr'><strong>Cla.</strong></span> <span class='ocrx_word' id='word_1_559' title='bbox 1532 4791 1581 4832; x_wconf 94' lang='lat' dir='ltr'><strong>c.</strong></span> <span class='ocrx_word' id='word_1_560' title='bbox 1609 4777 1695 4835; x_wconf 86' lang='lat'><strong>45.</strong></span> <span class='ocrx_word' id='word_1_561' title='bbox 2011 4769 2066 4830; x_wconf 95' lang='lat' dir='ltr'>D</span> 
     </span>
    </p>
   </div>
   <div class='ocr_carea' id='block_1_102' title="bbox 619 4867 1702 4938">
    <p class='ocr_par' dir='ltr' id='par_1_102' title="bbox 619 4867 1702 4938">
     <span class='ocr_line' id='line_1_102' title="bbox 619 4867 1702 4938; baseline 0.01 -24"><span class='ocrx_word' id='word_1_562' title='bbox 619 4871 764 4914; x_wconf 76' lang='lat' dir='ltr'><strong>AERA</strong></span> <span class='ocrx_word' id='word_1_563' title='bbox 810 4869 1072 4914; x_wconf 83' lang='lat' dir='ltr'><strong>CAESARIS</strong></span> <span class='ocrx_word' id='word_1_564' title='bbox 1140 4873 1440 4919; x_wconf 82' lang='lat' dir='ltr'><strong>LAODICENA</strong></span> <span class='ocrx_word' id='word_1_565' title='bbox 1490 4867 1702 4938; x_wconf 89' lang='lat' dir='ltr'><strong>incipit</strong></span> 
     </span>
    </p>
   </div>
   <div class='ocr_carea' id='block_1_103' title="bbox 620 4947 1702 5024">
    <p class='ocr_par' dir='ltr' id='par_1_103' title="bbox 620 4947 1702 5024">
     <span class='ocr_line' id='line_1_103' title="bbox 620 4947 1702 5024; baseline 0.01 -21"><span class='ocrx_word' id='word_1_566' title='bbox 620 4947 678 5004; x_wconf 90' lang='lat' dir='ltr'><strong>h.</strong></span> <span class='ocrx_word' id='word_1_567' title='bbox 735 4961 788 5003; x_wconf 93' lang='lat' dir='ltr'><strong>a.</strong></span> <span class='ocrx_word' id='word_1_568' title='bbox 844 4960 914 5003; x_wconf 81' lang='lat' dir='ltr'><strong>ex</strong></span> <span class='ocrx_word' id='word_1_569' title='bbox 981 4953 1279 5019; x_wconf 89' lang='lat' dir='ltr'><strong>autumno,</strong></span> <span class='ocrx_word' id='word_1_570' title='bbox 1349 4967 1461 5024; x_wconf 92' lang='lat' dir='ltr'><strong>quo</strong></span> <span class='ocrx_word' id='word_1_571' title='bbox 1511 4955 1702 5015; x_wconf 67' lang='lat' dir='ltr'><strong>Caesar</strong></span> 
     </span>
    </p>
   </div>
   <div class='ocr_carea' id='block_1_104' title="bbox 617 5037 1356 5096">
    <p class='ocr_par' dir='ltr' id='par_1_104' title="bbox 617 5037 1356 5096">
     <span class='ocr_line' id='line_1_104' title="bbox 617 5037 1356 5096; baseline 0.004 -3"><span class='ocrx_word' id='word_1_572' title='bbox 617 5038 905 5095; x_wconf 86' lang='lat' dir='ltr'><strong>concessit</strong></span> <span class='ocrx_word' id='word_1_573' title='bbox 929 5037 1356 5096; x_wconf 87' lang='lat' dir='ltr'><strong>Autonomiam.</strong></span> 
     </span>
    </p>
   </div>
   <div class='ocr_carea' id='block_1_105' title="bbox 687 5129 1696 5194">
    <p class='ocr_par' dir='ltr' id='par_1_105' title="bbox 687 5129 1696 5194">
     <span class='ocr_line' id='line_1_105' title="bbox 687 5129 1696 5194; baseline 0.009 -9"><span class='ocrx_word' id='word_1_574' title='bbox 687 5129 890 5186; x_wconf 89' lang='lat' dir='ltr'><strong>Annus</strong></span> <span class='ocrx_word' id='word_1_575' title='bbox 913 5131 1110 5188; x_wconf 88' lang='lat' dir='ltr'><strong>civilis</strong></span> <span class='ocrx_word' id='word_1_576' title='bbox 1153 5132 1542 5192; x_wconf 80' lang='lat' dir='ltr'><strong>Romanorum</strong></span> <span class='ocrx_word' id='word_1_577' title='bbox 1594 5152 1696 5194; x_wconf 79' lang='lat' dir='ltr'><strong>se-</strong></span> 
     </span>
    </p>
   </div>
   <div class='ocr_carea' id='block_1_106' title="bbox 614 5219 1695 5282">
    <p class='ocr_par' dir='ltr' id='par_1_106' title="bbox 614 5219 1695 5282">
     <span class='ocr_line' id='line_1_106' title="bbox 614 5219 1695 5282; baseline 0.009 -9"><span class='ocrx_word' id='word_1_578' title='bbox 614 5219 842 5274; x_wconf 91' lang='lat' dir='ltr'><strong>cundus</strong></span> <span class='ocrx_word' id='word_1_579' title='bbox 896 5227 1028 5276; x_wconf 89' lang='lat' dir='ltr'><strong>ante</strong></span> <span class='ocrx_word' id='word_1_580' title='bbox 1096 5236 1297 5278; x_wconf 90' lang='lat' dir='ltr'><strong>novam</strong></span> <span class='ocrx_word' id='word_1_581' title='bbox 1362 5225 1695 5282; x_wconf 86' lang='lat' dir='ltr'><strong>ordinatio-</strong></span> 
     </span>
    </p>
   </div>
   <div class='ocr_carea' id='block_1_107' title="bbox 617 5307 1692 5374">
    <p class='ocr_par' dir='ltr' id='par_1_107' title="bbox 617 5307 1692 5374">
     <span class='ocr_line' id='line_1_107' title="bbox 617 5307 1692 5374; baseline 0.012 -13"><span class='ocrx_word' id='word_1_582' title='bbox 617 5319 740 5362; x_wconf 90' lang='lat' dir='ltr'><strong>nem</strong></span> <span class='ocrx_word' id='word_1_583' title='bbox 772 5307 1014 5364; x_wconf 65' lang='lat' dir='ltr'><strong>Cmsaris</strong></span> <span class='ocrx_word' id='word_1_584' title='bbox 1052 5317 1280 5366; x_wconf 90' lang='lat' dir='ltr'><strong>constat</strong></span> <span class='ocrx_word' id='word_1_585' title='bbox 1333 5312 1540 5370; x_wconf 91' lang='lat' dir='ltr'><strong>diebus</strong></span> <span class='ocrx_word' id='word_1_586' title='bbox 1583 5315 1692 5374; x_wconf 81' lang='grc'><strong>355</strong></span> 
     </span>
    </p>
   </div>
   <div class='ocr_carea' id='block_1_108' title="bbox 683 5397 1686 5474">
    <p class='ocr_par' dir='ltr' id='par_1_108' title="bbox 683 5397 1686 5474">
     <span class='ocr_line' id='line_1_108' title="bbox 683 5397 1686 5474; baseline 0.014 -25"><span class='ocrx_word' id='word_1_587' title='bbox 683 5397 822 5465; x_wconf 81' lang='lat' dir='ltr'><strong>Ejus</strong></span> <span class='ocrx_word' id='word_1_588' title='bbox 845 5399 1109 5452; x_wconf 71' lang='lat' dir='ltr'><strong>Kalendae</strong></span> <span class='ocrx_word' id='word_1_589' title='bbox 1136 5401 1425 5456; x_wconf 54' lang='lat' dir='ltr'><strong>Ianua-ria</strong></span> <span class='ocrx_word' id='word_1_590' title='bbox 1472 5419 1686 5474; x_wconf 60' lang='lat' dir='ltr'><strong>praece-</strong></span> 
     </span>
    </p>
   </div>
   <div class='ocr_carea' id='block_1_109' title="bbox 608 5483 1689 5554">
    <p class='ocr_par' dir='ltr' id='par_1_109' title="bbox 608 5483 1689 5554">
     <span class='ocr_line' id='line_1_109' title="bbox 608 5483 1689 5554; baseline 0.014 -16"><span class='ocrx_word' id='word_1_591' title='bbox 608 5483 756 5540; x_wconf 86' lang='lat' dir='ltr'><strong>dunt</strong></span> <span class='ocrx_word' id='word_1_592' title='bbox 807 5486 1043 5542; x_wconf 91' lang='lat' dir='ltr'><strong>initium</strong></span> <span class='ocrx_word' id='word_1_593' title='bbox 1091 5501 1248 5543; x_wconf 76' lang='lat' dir='ltr'><strong>nova:</strong></span> <span class='ocrx_word' id='word_1_594' title='bbox 1298 5491 1689 5554; x_wconf 88' lang='lat' dir='ltr'><strong>ordinationis</strong></span> 
     </span>
    </p>
   </div>
   <div class='ocr_carea' id='block_1_110' title="bbox 609 5574 1684 5643">
    <p class='ocr_par' dir='ltr' id='par_1_110' title="bbox 609 5574 1684 5643">
     <span class='ocr_line' id='line_1_110' title="bbox 609 5574 1684 5643; baseline 0.016 -17"><span class='ocrx_word' id='word_1_595' title='bbox 609 5585 891 5630; x_wconf 89' lang='lat' dir='ltr'><strong>annorum</strong></span> <span class='ocrx_word' id='word_1_596' title='bbox 940 5574 1303 5633; x_wconf 84' lang='lat' dir='ltr'><strong>Julianorum</strong></span> <span class='ocrx_word' id='word_1_597' title='bbox 1334 5580 1540 5639; x_wconf 90' lang='lat' dir='ltr'><strong>diebus</strong></span> <span class='ocrx_word' id='word_1_598' title='bbox 1577 5583 1684 5643; x_wconf 87' lang='lat'><strong>800</strong></span> 
     </span>
    </p>
   </div>
   <div class='ocr_carea' id='block_1_111' title="bbox 607 5660 1686 5731">
    <p class='ocr_par' dir='ltr' id='par_1_111' title="bbox 607 5660 1686 5731">
     <span class='ocr_line' id='line_1_111' title="bbox 607 5660 1686 5731; baseline 0.015 -16"><span class='ocrx_word' id='word_1_599' title='bbox 607 5665 663 5716; x_wconf 89' lang='lat' dir='ltr'><strong>et</strong></span> <span class='ocrx_word' id='word_1_600' title='bbox 694 5660 959 5717; x_wconf 89' lang='lat' dir='ltr'><strong>incidunt</strong></span> <span class='ocrx_word' id='word_1_601' title='bbox 1005 5663 1064 5720; x_wconf 93' lang='lat' dir='ltr'><strong>in</strong></span> <span class='ocrx_word' id='word_1_602' title='bbox 1095 5665 1247 5722; x_wconf 90' lang='lat' dir='ltr'><strong>diem</strong></span> <span class='ocrx_word' id='word_1_603' title='bbox 1296 5666 1369 5724; x_wconf 89' lang='lat'><strong>23</strong></span> <span class='ocrx_word' id='word_1_604' title='bbox 1419 5670 1686 5731; x_wconf 87' lang='lat' dir='ltr'><strong>Octobris</strong></span> 
     </span>
    </p>
   </div>
   <div class='ocr_carea' id='block_1_112' title="bbox 603 5748 1686 5827">
    <p class='ocr_par' dir='ltr' id='par_1_112' title="bbox 603 5748 1686 5827">
     <span class='ocr_line' id='line_1_112' title="bbox 603 5748 1686 5827; baseline 0.015 -23"><span class='ocrx_word' id='word_1_605' title='bbox 603 5748 741 5804; x_wconf 92' lang='lat' dir='ltr'><strong>anni</strong></span> <span class='ocrx_word' id='word_1_606' title='bbox 799 5749 1016 5806; x_wconf 88' lang='lat' dir='ltr'><strong>Juliani</strong></span> <span class='ocrx_word' id='word_1_607' title='bbox 1076 5755 1379 5827; x_wconf 87' lang='lat' dir='ltr'><strong>proleptici</strong></span> <span class='ocrx_word' id='word_1_608' title='bbox 1434 5757 1505 5816; x_wconf 86' lang='grc'>48</span> <span class='ocrx_word' id='word_1_609' title='bbox 1551 5769 1686 5820; x_wconf 90' lang='lat' dir='ltr'><strong>ante</strong></span> 
     </span>
    </p>
   </div>
   <div class='ocr_carea' id='block_1_113' title="bbox 2374 5230 3440 5314">
    <p class='ocr_par' dir='ltr' id='par_1_113' title="bbox 2374 5230 3440 5314">
     <span class='ocr_line' id='line_1_113' title="bbox 2374 5230 3440 5314; baseline 0.016 -30"><span class='ocrx_word' id='word_1_610' title='bbox 2374 5230 2453 5285; x_wconf 90' lang='lat' dir='ltr'><strong>sit</strong></span> <span class='ocrx_word' id='word_1_611' title='bbox 2482 5231 2613 5301; x_wconf 78' lang='lat'><strong>[105.</strong></span> <span class='ocrx_word' id='word_1_612' title='bbox 2643 5230 2746 5286; x_wconf 90' lang='lat' dir='ltr'><strong>lib.</strong></span> <span class='ocrx_word' id='word_1_613' title='bbox 2776 5244 2894 5300; x_wconf 71' lang='lat' dir='ltr'><strong>xxv,</strong></span> <span class='ocrx_word' id='word_1_614' title='bbox 2927 5247 2976 5287; x_wconf 93' lang='lat' dir='ltr'><strong>c.</strong></span> <span class='ocrx_word' id='word_1_615' title='bbox 3004 5231 3111 5311; x_wconf 88' lang='lat'><strong>47].</strong></span> <span class='ocrx_word' id='word_1_616' title='bbox 3137 5238 3440 5314; x_wconf 85' lang='lat' dir='ltr'><strong>Antipater</strong></span> 
     </span>
    </p>
   </div>
   <div class='ocr_carea' id='block_1_114' title="bbox 2374 5320 3440 5393">
    <p class='ocr_par' dir='ltr' id='par_1_114' title="bbox 2374 5320 3440 5393">
     <span class='ocr_line' id='line_1_114' title="bbox 2374 5320 3440 5393; baseline 0.014 -20"><span class='ocrx_word' id='word_1_617' title='bbox 2374 5325 2710 5390; x_wconf 85' lang='lat' dir='ltr'><strong>procurator</strong></span> <span class='ocrx_word' id='word_1_618' title='bbox 2751 5320 2975 5393; x_wconf 60' lang='lat' dir='ltr'><strong>Judzeaa,</strong></span> <span class='ocrx_word' id='word_1_619' title='bbox 3005 5337 3134 5380; x_wconf 91' lang='lat' dir='ltr'><strong>cum</strong></span> <span class='ocrx_word' id='word_1_620' title='bbox 3164 5331 3440 5388; x_wconf 89' lang='lat' dir='ltr'><strong>animad-</strong></span> 
     </span>
    </p>
   </div>
   <div class='ocr_carea' id='block_1_115' title="bbox 2373 5411 3441 5494">
    <p class='ocr_par' dir='ltr' id='par_1_115' title="bbox 2373 5411 3441 5494">
     <span class='ocr_line' id='line_1_115' title="bbox 2373 5411 3441 5494; baseline 0.016 -30"><span class='ocrx_word' id='word_1_621' title='bbox 2373 5415 2614 5464; x_wconf 87' lang='lat' dir='ltr'><strong>verteret</strong></span> <span class='ocrx_word' id='word_1_622' title='bbox 2643 5411 2963 5478; x_wconf 89' lang='lat' dir='ltr'><strong>Hyrcanum</strong></span> <span class='ocrx_word' id='word_1_623' title='bbox 3009 5419 3331 5494; x_wconf 88' lang='lat' dir='ltr'><strong>stupidum,</strong></span> <span class='ocrx_word' id='word_1_624' title='bbox 3373 5436 3441 5481; x_wconf 87' lang='lat' dir='ltr'><strong>ac</strong></span> 
     </span>
    </p>
   </div>
   <div class='ocr_carea' id='block_1_116' title="bbox 2378 5499 3443 5584">
    <p class='ocr_par' dir='ltr' id='par_1_116' title="bbox 2378 5499 3443 5584">
     <span class='ocr_line' id='line_1_116' title="bbox 2378 5499 3443 5584; baseline 0.016 -31"><span class='ocrx_word' id='word_1_625' title='bbox 2378 5513 2625 5570; x_wconf 82' lang='lat' dir='ltr'><strong>segnem,</strong></span> <span class='ocrx_word' id='word_1_626' title='bbox 2654 5499 2807 5556; x_wconf 89' lang='lat' dir='ltr'><strong>ﬁlios</strong></span> <span class='ocrx_word' id='word_1_627' title='bbox 2853 5517 2991 5560; x_wconf 91' lang='lat' dir='ltr'><strong>suos</strong></span> <span class='ocrx_word' id='word_1_628' title='bbox 3020 5511 3290 5580; x_wconf 87' lang='lat' dir='ltr'><strong>regimini</strong></span> <span class='ocrx_word' id='word_1_629' title='bbox 3325 5527 3443 5584; x_wconf 88' lang='lat' dir='ltr'><strong>pu—</strong></span> 
     </span>
    </p>
   </div>
   <div class='ocr_carea' id='block_1_117' title="bbox 2368 5591 3437 5674">
    <p class='ocr_par' dir='ltr' id='par_1_117' title="bbox 2368 5591 3437 5674">
     <span class='ocr_line' id='line_1_117' title="bbox 2368 5591 3437 5674; baseline 0.012 -28"><span class='ocrx_word' id='word_1_630' title='bbox 2368 5591 2520 5648; x_wconf 90' lang='lat' dir='ltr'><strong>blico</strong></span> <span class='ocrx_word' id='word_1_631' title='bbox 2559 5591 2666 5647; x_wconf 93' lang='lat' dir='ltr'><strong>sub</strong></span> <span class='ocrx_word' id='word_1_632' title='bbox 2715 5594 2971 5663; x_wconf 89' lang='lat' dir='ltr'><strong>Hyrcano</strong></span> <span class='ocrx_word' id='word_1_633' title='bbox 3020 5597 3101 5654; x_wconf 88' lang='lat' dir='ltr'><strong>ita</strong></span> <span class='ocrx_word' id='word_1_634' title='bbox 3139 5600 3437 5674; x_wconf 83' lang='lat' dir='ltr'><strong>admovit;</strong></span> 
     </span>
    </p>
   </div>
   <div class='ocr_carea' id='block_1_118' title="bbox 2366 5682 3434 5756">
    <p class='ocr_par' dir='ltr' id='par_1_118' title="bbox 2366 5682 3434 5756">
     <span class='ocr_line' id='line_1_118' title="bbox 2366 5682 3434 5756; baseline 0.008 -18"><span class='ocrx_word' id='word_1_635' title='bbox 2366 5689 2431 5738; x_wconf 89' lang='lat' dir='ltr'><strong>ut</strong></span> <span class='ocrx_word' id='word_1_636' title='bbox 2463 5682 2768 5738; x_wconf 85' lang='lat' dir='ltr'><strong>Phasaelus</strong></span> <span class='ocrx_word' id='word_1_637' title='bbox 2799 5689 2936 5738; x_wconf 88' lang='lat' dir='ltr'><strong>natu</strong></span> <span class='ocrx_word' id='word_1_638' title='bbox 2965 5688 3271 5756; x_wconf 85' lang='lat' dir='ltr'><strong>maximus,</strong></span> <span class='ocrx_word' id='word_1_639' title='bbox 3305 5692 3434 5747; x_wconf 88' lang='lat' dir='ltr'><strong>Hie-</strong></span> 
     </span>
    </p>
   </div>
   <div class='ocr_carea' id='block_1_119' title="bbox 2363 5773 3426 5846">
    <p class='ocr_par' dir='ltr' id='par_1_119' title="bbox 2363 5773 3426 5846">
     <span class='ocr_line' id='line_1_119' title="bbox 2363 5773 3426 5846; baseline 0.009 -20"><span class='ocrx_word' id='word_1_640' title='bbox 2363 5773 2681 5845; x_wconf 63' lang='lat' dir='ltr'><strong>rosolyma,</strong></span> <span class='ocrx_word' id='word_1_641' title='bbox 2731 5779 2787 5831; x_wconf 89' lang='lat' dir='ltr'><strong>et</strong></span> <span class='ocrx_word' id='word_1_642' title='bbox 2811 5776 3281 5846; x_wconf 89' lang='lat' dir='ltr'><strong>circumjacentis</strong></span> <span class='ocrx_word' id='word_1_643' title='bbox 3327 5794 3426 5836; x_wconf 81' lang='lat' dir='ltr'><strong>re—</strong></span> 
     </span>
    </p>
   </div>
  </div>
