3960 6392
189 393 309 453 409
1208 397 1545 456 CHRONOL.
1598 399 1753 460 CONE

2082 405 2241 464 GBS.
2299 405 2466 462 ROM.
2523 406 2668 462 ETC.
3536 408 3598 467 44
3607 410 3642 469 0

249 521 422 605 Anni
485 519 644 576 Anni
675 523 824 578 Rom.
852 523 1054 605 civiies,
1095 540 1386 605 eorumque
1411 543 1563 582 com-
1637 528 1797 605 Anni
1880 533 1937 592 A
2031 532 2190 605 Anni
2254 534 2410 590 Anni
2435 535 2652 588 Iuliani
2674 538 2802 604 prot
2819 536 2956 605 plici
2978 540 3112 592 ante
3152 539 3340 593 Eram
3412 539 3570 595 Anni

215 593 439 676 period.
552 607 770 676 mensus
795 609 915 648 cum
938 596 1071 676 ᾇίνρ
1105 593 1319 676 ριξζίεεῖ
1332 614 1564 676 cominu-
1655 600 1785 656 U.C.
2010 603 2222 676 Oli/mp.
2516 593 2722 660 Christi
2738 593 3086 676 communem.
3415 593 3567 666 fonte

276 665 393 719 Jul.
560 665 618 716 ui
637 668 687 717 et
708 680 827 718 cum
845 667 1073 735 periodo
1092 668 1321 722 Iuliana
1359 670 1562 739 Scalig.
1641 676 1770 726 ante

224 735 456 832 “@03th
497 773 620 826 erat
701 783 889 827 annus
972 773 1274 830 dictatura:
1367 776 1569 832 tertiae.
1616 747 1784 832 θέιΡΗῗ

2254 710 2439 766 Arabs
2480 707 2703 784 [Strabo
2744 712 2843 767 lib.
2881 726 2996 781 xvx,
3032 725 3158 783 pag.
3204 708 3332 780 753,
3380 683 3601 808 ᾖξξξῖί

2266 805 2318 832 at
2350 801 2456 832 “in
2514 799 2594 832 ΙίΙιι
2642 798 2822 832 νῐυιιἸ
2845 800 2959 832 enim
2987 800 3121 832 an“:
3147 806 3340 832 nvlnn_

263 799 406 882 ®§
497 799 620 826 σιω·
701 799 889 827 Numa
972 799 1274 866 υιυιειιξιηυ
1369 799 1569 832 "mut
1631 799 1797 868 Ρειιίι,
2265 805 2322 854 et
2349 801 2476 870 Dio,
2511 799 2614 855 lib.
2642 799 2822 875 XLVII]
2844 800 2959 856 Sub
2985 800 3124 856 anui
3147 806 3340 855 extre-

491 849 680 918 Quare
728 852 910 905 eodem
933 869 1077 906 anno
1101 853 1425 924 [dictaturae
1445 862 1571 913 ter-
2265 901 2418 924 mum
2454 888 2646 924 βαι-ηις
2683 902 2914 924 "nam...
2944 889 3284 924 nﬂuonomlnt
3319 903 3340 924 η

2265 901 2422 943 mum
2454 888 2650 944 Parthi
2683 902 2914 960 quoque
2943 889 3289 944 advenerant
3317 903 3351 944 a

2259 976 2432 1032 Basso
2459 976 2520 1031 in
2548 977 2770 1047 Syriam
2811 977 3008 1046 acciti,
3049 976 3145 1040 sed
3192 976 3334 1046 hye-

2262 1065 2374 1120 mis
2401 1065 2728 1121 interventu
2760 1078 2874 1121 non
2894 1065 3000 1121 diu
3028 1063 3346 1121 adfuerunt

493 928 589 984 tiae
657 929 752 985 sed
805 944 916 986 non
966 933 1161 988 eodem
1233 935 1571 992 consulatus

494 1005 676 1082 tertii]
729 1008 1025 1066 indicatur
1085 1012 1265 1068 inisse
1318 1016 1569 1069 consula-

493 1093 608 1142 tum
634 1101 722 1142 nu
756 1090 874 1143 sine
908 1091 1109 1158 collega
1141 1111 1158 1145 ε
1191 1093 1276 1148 vel
1308 1095 1573 1164 sculpto—
2262 1090 2728 1164 :{','?,"':°3'_""""
2760 1090 2874 1121 ιιυιι
2894 1090 3008 1164 ""1
3028 1090 3311 1164 αυξυξυιύιξ

492 1167 577 1223 ris
592 1168 902 1224 oscitantia
922 1152 1210 1241 insculpta
1235 1181 1374 1228 sunt
1394 1152 1575 1230 Tabu-

2261 1152 2413 1223 [ibi].
2447 1152 2667 1208 Bellum
2701 1160 2889 1210 tamen
2917 1166 2949 1209 a
2972 1153 3201 1209 Parthis
3234 1153 3341 1210 rei-

493 1247 572 1302 lis
615 1247 962 1318 Capitolinis
1015 1240 1148 1307 ante
1202 1255 1569 1310 consulatum

2264 1240 2512 1311 publica:
2531 1242 2764 1312 sibique
2783 1243 3092 1298 imminens
3111 1241 3190 1297 ita
3219 1241 3345 1297 Ca:—

490 1326 734 1382 Caasaris
765 1341 852 1382 1m
898 1329 1027 1386 sine
1055 1330 1274 1403 collega
1303 1333 1422 1390 duo
1470 1333 1574 1389 illa
2261 1343 2358 1385 sar
2371 1330 2658 1400 praividit,
2675 1330 3010 1388 utreduxab
3030 1331 3341 1401 Hispanica

491 1405 892 1490 verba_aom«:u
939 1423 1084 1490 anno
1128 1426 1255 1481 quae
1306 1417 1434 1481 post
1483 1426 1569 1468 un
2261 1418 2628 1488 expeditione
2647 1420 2803 1476 circa
2828 1419 3127 1476 Octobrem
3165 1420 3341 1490 hujus

490 1485 856 1580 consulatum
875 1494 1028 1580 recte
1059 1489 1418 1580 inseruntur.
1450 1491 1576 1580 Aii-
2263 1485 2421 1574 anni,
2451 1507 2512 1562 in
2537 1513 2788 1564 aastatem
2829 1514 3158 1580 sequentem
3204 1485 3347 1568 Par-

492 1577 604 1620 nus
645 1567 754 1622 iste
784 1571 1124 1636 confusionis
1165 1570 1372 1643 (credo)
1411 1571 1576 1627 scul-

2264 1567 2479 1651 thicam
2526 1602 2750 1667 pararet
2787 1616 2800 1653 :
2834 1603 2891 1654 et
2909 1567 2991 1654 Ὀ.
3041 1567 3340 1658 Octavium

494 1650 732 1716 ptorem,
784 1647 870 1702 vel
901 1655 1190 1706 auctorem
1226 1651 1482 1707 turbavit
1513 1652 1573 1706 in

489 1725 727 1781 Tabulis
800 1727 1148 1798 Capitolinis
1222 1731 1570 1801 incidendis,

492 1803 592 1859 ubi
632 1805 932 1862 abundant
979 1808 1147 1864 verba
1196 1810 1380 1864 eodem
1427 1825 1574 1864 anno

2265 1684 2594 1742 studiorum
2696 1699 2871 1743 causa
2979 1689 3342 1758 Apolloniam

2266 1774 2627 1845 praemissum
2663 1771 2854 1847 [quem
2883 1777 3181 1847 Hispanici
3206 1779 3343 1836 belli

491 1885 674 1966 priori
715 1886 837 1942 loco
869 1888 1084 1958 posita,
1126 1894 1183 1944 et
1211 1890 1576 1945 desideratur
1897 1852 1952 1914 Β

1897 1852 1952 1914 Β
2263 1862 2531 1917 comitem
2564 1862 2912 1920 adhibuerat
2957 1864 3071 1920 sibi
3125 1880 3343 1937 cogna—

487 1952 782 2021 dictatura
835 1952 924 2022 Illi
969 1952 1239 2038 expressa
1292 1970 1350 2024 in
1402 1969 1579 2026 Colo—
2265 1952 2423 2006 ίίοηθ
2495 1964 2594 2020 per
2643 1952 2876 2007 Αθθίθίη
2929 1953 3098 2008 June
3166 1954 3344 2010 ﬁliam

490 2045 653 2099 tiano
699 2058 1000 2114 marmore,
1057 2061 1169 2103 non
1219 2062 1387 2104 secus
1418 2062 1482 2103 ac
1517 2049 1578 2103 in
2266 2040 2616 2111 proximum]
2661 2041 2980 2097 destinaret
3007 2043 3345 2114 Magistrum

493 2124 751 2202 nummis
806 2125 1048 2181 Cmsaris
1077 2142 1210 2182 cum
1240 2141 1398 2183 cons.
1468 2142 1575 2183 im.
2263 2130 2550 2201 equitum.
2574 2132 2629 2185 Is
2651 2135 2845 2200 postea
2868 2131 3193 2202 imperavit.
3222 2132 3344 2188 hae-

494 2201 712 2273 quibus
725 2203 1012 2262 ﬁdendum
1031 2207 1580 2279 utpoteaequalibus.

2267 2233 2358 2276 res
2381 2233 2415 2276 a
2440 2220 2660 2275 Caesare
2698 2201 3038 2289 scriptusin
3057 2221 3345 2291 supremis

815 2312 943 2368 RES
990 2315 1249 2372 GESTE.
2265 2307 2506 2378 tabulis,
2556 2319 2700 2379 quas
2767 2307 2875 2363 hoc
2943 2322 3094 2366 anno
3146 2311 3347 2368 Idibus

569 2399 628 2454 C.
684 2401 877 2457 Julius
931 2403 1120 2460 Caesar
1183 2407 1333 2464 inito
1391 2409 1580 2466 Roma;
2262 2395 2695 2468 Septembribus
2723 2397 3226 2471 conditasvirgini
3259 2414 3346 2457 ve-

489 2487 806 2544 consulatu
867 2497 1076 2560 quarto
1151 2495 1279 2550 sine
1336 2496 1576 2569 collega,
2259 2486 2399 2542 stali
2433 2485 2680 2541 maxime
2707 2487 3118 2543 custodiendas
3150 2489 3343 2544 tradi-

491 2575 760 2648 idemque
816 2591 1077 2636 mcmon
1126 2578 1215 2655 [ut
1262 2585 1321 2640 in
1359 2585 1577 2642 Tabula

2262 2575 2371 2631 dit.
2401 2574 2636 2630 Sueton.
2672 2574 2732 2630 in
2760 2575 2898 2646 Jul.,
2943 2589 3047 2646 cap
3070 2575 3159 2632 83.

486 2665 792 2722 Colotiana
839 2669 1219 2746 nominatur],
1251 2687 1451 2744 nempe
1480 2678 1580 2731 di-
2334 2663 2628 2732 Hyrcanus
2693 2661 2970 2735 Ροηῐίῖθκν
3021 2668 3196 2722 missa
3269 2667 3339 2723 ad

489 2759 767 2820 ctatorut,
794 2757 1115 2824 designatus
1137 2774 1223 2816 llll
1246 2757 1576 2835 [utHirtius
2260 2753 2535 2808 (ἶεὲδδνσιη
2564 2751 2868 2823 Ιθεαιίοηθ,
2890 2767 3058 2825 quem
3091 2757 3343 2812 malima

490 2843 702 2900 scribit
731 2845 906 2902 initio
932 2845 1072 2903 libri
1094 2848 1166 2904 de
1199 2849 1351 2907 bello
1387 2850 1572 2928 Hisp.]
2265 2841 2325 2896 in
2356 2840 2608 2895 Romana
2658 2841 2954 2910 republica
2997 2846 3344 2901 auctoritate

487 2937 703 2999 magnis
760 2935 1048 2989 itineribus
1113 2943 1241 2992 ante
1291 2942 1572 3008 confectis,
2265 2931 2341 2987 ita
2371 2936 2605 2986 auctum
2630 2931 2690 2986 in
2724 2936 3063 3001 perpetuum
3090 2935 3339 3005 audivit,

490 3036 611 3075 cum
657 3021 816 3076 celeri
859 3025 1212 3090 festinatione
1253 3029 1330 3082 ad
1377 3029 1574 3084 bellum
2261 3019 2751 3075 conﬁrmationem
2772 3019 2941 3090 petiit
2957 3021 3337 3093 decretorum,

491 3110 894 3178 conﬁciendum
933 3114 994 3166 in
1033 3114 1365 3185 Hispaniam
1390 3132 1576 3172 conve-
1903 3180 1942 3185 _
2263 3121 2392 3178 (11133
2427 3108 2745 3165 honoriﬁca
2792 3115 2850 3164 Θι
2890 3109 3166 3182 ριόίὶουε,
3218 3119 3336 3167 lum

491 3190 577 3242 nit
604 3195 802 3245 contra
831 3192 1087 3262 Pompeii
1116 3180 1354 3252 [iber-os
1892 3180 1944 3245 Ο
2262 3195 2402 3266 sibi,
2471 3202 2593 3252 tum
2663 3197 2945 3253 universae
3008 3180 3335 3256 Judatorum

561 3277 749 3332 Caesar
790 3277 848 3332 in
880 3279 1158 3350 Hispania
1203 3283 1273 3339 ad
1314 3284 1466 3340 diem
1514 3299 1571 3342 xi
2264 3285 2442 3356 genti,
2479 3285 2538 3339 in
2565 3285 2804 3357 Egypto
2834 3291 2891 3341 et
2918 3285 2977 3340 in
3004 3286 3168 3358 Syria
3194 3302 3342 3344 con-

492 3363 618 3420 Kal.
656 3366 887 3423 Martias
936 3364 1020 3442 [in
1059 3369 1181 3426 Kal.
1228 3372 1461 3430 Juliano
1503 3372 1576 3430 22
2262 3373 2507 3430 diderat.
2545 3374 2800 3429 Parthici
2849 3373 2988 3430 belli
3035 3382 3092 3431 et
3119 3375 3339 3447 Syriaci

489 3451 784 3508 Decembr.
843 3455 980 3510 anni
1033 3457 1156 3513 Per.
1211 3459 1326 3516 Jul.
1383 3458 1570 3536 4667.]
2263 3466 2465 3517 contra
2496 3462 2732 3518 Bassum
2769 3461 3079 3517 imminens
3108 3463 3340 3519 sollici-

489 3544 709 3612 Ategua
735 3543 949 3612 Oppido
994 3546 1216 3614 potitus
1248 3553 1354 3617 est,
1381 3558 1437 3604 et
1477 3563 1578 3604 m~
2263 3549 2425 3619 tudo,
2483 3555 2690 3619 praeter
2754 3552 2998 3620 antiqua
3047 3550 3341 3620 pontiﬁcis

492 3643 741 3685 PERATOR
785 3631 1132 3702 appellatus.
1181 3635 1262 3689 Ad
1293 3636 1448 3692 diem
1475 3651 1572 3694 xvn
2262 3637 2506 3704 Hyrcani
2540 3642 2596 3691 et
2617 3636 2948 3691 Judaiorum
2973 3639 3178 3691 merita
3207 3651 3339 3691 cum

492 3717 617 3773 Kal.
651 3719 839 3790 April.
873 3721 1036 3776 Festo
1064 3721 1395 3779 liberalium
1420 3721 1575 3798 [Ριιι-
2261 3722 2504 3792 Caesare,
2527 3723 2912 3792 impetrarunt
2931 3723 3342 3780 cumulatissi—

491 3807 691 3862 tarcho
729 3807 790 3861 in
833 3807 1073 3878 Caesare,
1102 3809 1336 3862 Διονύσια
1359 3810 1579 3867 dicun-
2265 3821 2414 3865 mam
2445 3811 2713 3880 gratiam.
2747 3811 3091 3870 Recitantur
3121 3824 3155 3866 a
3177 3814 3344 3868 lose-

491 3890 608 3969 tur]
632 3896 1004 3953 memorabile
1023 3896 1289 3967 praelium
1304 3898 1380 3951 ad
1407 3901 1581 3954 Mun-
2266 3897 2400 3968 pho,
2434 3895 2538 3951 lib.
2565 3909 2662 3951 xxv
2682 3896 2906 3969 Antiq,
2949 3911 3074 3969 cap.
3101 3894 3188 3969 47,
3230 3898 3342 3954 lit—

490 3981 619 4036 dam
648 3986 1022 4041 commissum
1070 3991 1158 4041 est
1188 4003 1200 4040 :
1240 3985 1300 4041 in
1350 4000 1465 4057 quo
1506 3984 1577 4044 30
2265 3992 2400 4041 term
2419 3999 2485 4042 ac
2501 3986 2728 4041 decreta
2750 3984 2993 4041 Caesaris
3014 3987 3276 4044 consulis
3296 3989 3340 4044 V

489 4069 728 4126 circiter
748 4072 936 4128 millia
968 4074 1442 4144 Pompeianorum
1474 4089 1576 4133 ce—
2263 4076 2647 4132 etdictatoris
2677 4077 2938 4146 perpetui
2964 4079 3158 4134 titulis
3182 4078 3339 4134 insi-

489 4159 777 4216 ciderunt.
819 4163 972 4219 Anni
1013 4164 1232 4220 Juliani
1265 4165 1570 4236 proleptici
2265 4165 2447 4236 gnita,
2493 4183 2520 4218 α
2554 4165 2770 4234 quibus
2816 4167 3076 4235 Hyrcano
3102 4166 3338 4222 Judteo—

489 4261 555 4307 ea
583 4249 710 4306 dies
733 4247 848 4308 fuit
879 4249 947 4308 47
965 4254 1248 4310 Januarii.
1277 4258 1422 4311 Ante
1448 4269 1572 4312 eam
2265 4267 2392 4310 rum
2443 4254 2704 4324 pontiﬁci
2733 4254 2977 4326 ejusque
3006 4254 3211 4312 liberis
3236 4268 3338 4311 sa-

492 4355 743 4414 pugnam
767 4341 980 4398 diebus
1023 4340 1090 4399 42
1132 4343 1356 4400 Hirtius
1401 4346 1571 4402 testis
2263 4343 2587 4399 cerdotium
2618 4348 2675 4398 et
2718 4343 3091 4413 pontiﬁcatus
3127 4345 3339 4401 Hiero-

487 4433 758 4489 oculatus
791 4433 850 4488 in
878 4445 982 4489 sua
1011 4433 1388 4503 Ephemeride
1431 4435 1570 4492 belli
2263 4431 2616 4502 solymorum
2634 4445 2701 4488 ac
2721 4433 2902 4488 totius
2919 4434 3110 4504 gentis
3129 4435 3338 4491 astrui-

488 4514 814 4592 Hispanici,
863 4523 923 4578 in
973 4536 1088 4594 quo
1139 4523 1418 4580 Caesarem
1472 4539 1573 4582 se—
1901 4528 1958 4591 D
2262 4525 2361 4576 tur
2387 4535 2454 4577 eo
2473 4522 2605 4591 jure
2639 4536 2753 4593 quo
2773 4528 2831 4578 et
2864 4526 3107 4593 majores
3137 4537 3334 4581 eorum

489 4611 800 4682 quebatur,
828 4611 1038 4667 scribit
1066 4625 1128 4666 ιιι
1157 4613 1348 4668 Nonas
1372 4614 1567 4671 Martii
2265 4609 2371 4665 hoc
2419 4612 2804 4669 sacerdotium
2845 4619 3148 4685 gesserunt
3178 4631 3192 4669 :
3227 4614 3338 4672 ha-

491 4697 644 4774 [qute
674 4701 736 4755 in
763 4713 915 4756 anno
951 4699 1062 4756 Jul.
1113 4700 1430 4771 proleptico
1472 4716 1573 4759 re—
2262 4697 2394 4755 bere
2433 4707 2489 4757 et
2537 4705 2764 4760 munire
2809 4704 3332 4774 Hierosolymorum

488 4792 732 4864 spondet
777 4793 896 4849 diei
945 4790 982 4848 5
1027 4793 1309 4870 Januarii]
1354 4795 1565 4853 Caesari
2262 4791 2484 4862 urbem,
2515 4800 2572 4848 et
2601 4794 2922 4864 gubernare
2959 4805 3082 4848 eam
3115 4794 3336 4860 Hyrca-

489 4890 676 4939 castra
704 4884 948 4940 moventi
996 4883 1191 4941 lunam
1213 4885 1396 4942 visam
1423 4886 1562 4943 hora
2261 4897 2399 4939 num
2432 4881 2618 4938 ﬁlium
2661 4881 2970 4937 Alexandri
3005 4879 3333 4950 pontiﬁcem

490 4976 678 5030 noctis
706 4981 866 5032 sexta
898 4985 1218 5046 Opportune
1255 4976 1564 5033 affulsisse.
2259 4976 2585 5034 Judaaorum
2616 4983 2674 5031 et
2714 4974 3086 5029 ethnarcham
3119 4985 3335 5026 secun-

485 5065 547 5119 ld
574 5078 705 5121 vero
735 5066 964 5121 evenire
987 5080 1346 5138 nequaquam
1379 5065 1571 5135 potuit
2261 5067 2399 5123 dum
2425 5080 2589 5123 suam
2622 5065 2973 5120 voluntatem
2999 5086 3014 5136 ς
3042 5063 3333 5121 etJudaeis

487 5165 639 5210 anno
689 5155 878 5226 primo
933 5160 1061 5215 novi
1132 5160 1267 5230 styli
1325 5155 1570 5216 Cazsaris
2262 5161 2516 5216 secundo
2543 5159 2851 5213 locationis
2875 5171 3026 5214 anno
3056 5158 3126 5212 de
3172 5156 3334 5210 redi-

489 5242 607 5319 [cui
625 5247 838 5316 passim
858 5248 1190 5305 attribuunt
1205 5249 1564 5323 chronologi.
2261 5249 2421 5308 tibus
2432 5251 2559 5306 suis
2571 5249 2714 5304 subd
2725 5255 2916 5320 ucant,
2934 5250 3334 5316 immunesque

489 5337 635 5394 hanc
663 5337 1111 5413 expeditionem]
1152 5354 1282 5396 cum
1323 5353 1388 5397 eo
1418 5355 1569 5400 anno
2261 5340 2382 5396 sint
2409 5339 2480 5394 ab
2523 5339 2804 5408 angariis,
2854 5345 2912 5394 et
2951 5336 3332 5408 vectigalibus

485 5423 704 5482 ferente
760 5429 1138 5486 Novilunium
1187 5443 1268 5496 ex.
1307 5431 1566 5488 omnium
2260 5433 2368 5482 etc.
2410 5428 2667 5497 Hyrcano
2712 5426 2954 5497 ejusque
2996 5425 3138 5480 ﬁliis
3165 5425 3333 5481 deci-

485 5517 773 5573 sententia
803 5518 1382 5589 KalendisJanuarii,
1412 5522 1568 5578 Luna
2262 5532 2382 5573 mas
2435 5513 2778 5586 persolvant,
2839 5517 2996 5572 sicut
3054 5515 3331 5572 hactenus

484 5607 581 5663 die
610 5623 642 5662 v
671 5608 869 5664 Martii
903 5609 1099 5665 triduo
1129 5615 1256 5679 post
1283 5610 1565 5679 synodum
2257 5623 2456 5666 eorum
2514 5601 2850 5675 majoribus.
2896 5607 3079 5677 thue
3134 5605 3330 5665 nullus

483 5710 616 5753 cum
635 5697 758 5755 sole
774 5698 928 5754 infra
950 5699 1302 5756 horizontem
1323 5699 1566 5757 descen-
2258 5701 2346 5758 vel
2379 5710 2608 5770 praeses,
2637 5696 2722 5752 vel
2743 5699 2883 5772 dux,
2911 5693 3001 5754 vel
3026 5697 3246 5772 legatus
3267 5705 3330 5786 in
