3960 6398
119 414 238 475 443
1136 430 1478 494 CHRONOL.
1529 435 1683 496 CONE

2016 446 2165 505 mss.
2222 448 2390 507 non.
2455 451 2603 512 ETC.
3472 416 3580 519 ut

422 547 1084 657 Imperatoreszponsurl'es
1122 559 1505 657 Romanorum,
1571 562 1742 657 Anni
1822 563 1884 624 A
1945 571 2128 657 “Anni
2199 571 2512 657 Judzorupz
2559 583 2632 657 et
2662 583 3019 657 ﬁnitimorum
3063 589 3295 657 populo-
3356 589 3516 644 Anni

500 615 518 618 ἡ
1454 615 1504 625 ,,
1571 615 1726 618 __.---_
1822 615 1884 624 --
1972 615 2126 625 --.πη
2199 615 2403 630 νυιυυυυυι
2423 615 2512 631 wu-
2559 615 2609 632 ιν
2662 615 2913 650 [eluuntur
2931 615 3019 640 um
3063 615 3295 657 Ρυμαιυ-
3356 615 3498 644 num

163 615 393 726 ξ)ρῖὼὶἰί
605 637 690 675 res
724 629 889 691 gestae
916 633 966 681 et
995 629 1333 685 documenta.
1583 636 1743 726 Urbis
1939 640 2157 713 Olymp.
2268 663 2390 726 rum
2446 651 2740 719 Pontiﬁces,
2795 656 2980 723 Reges,
3008 674 3092 712 res
3127 665 3287 726 gesta;
3369 666 3498 716 ante

191 703 231 726 η
1593 722 1674 726 --η

1593 687 1609 690 -
1632 687 1637 689 ν
1668 687 1683 690 -
1701 687 1737 690 η
1943 687 2000 695 --
2043 687 2091 695 .η
2143 687 2157 696 .
2269 687 2280 699 1
2301 687 2390 701 με...
2446 687 2465 703 ι
2486 687 2598 703 won
2622 687 2740 715 ιυιο,
2795 687 2880 709 ιιι(
2907 687 2957 710 co
3008 687 3023 710 1
3040 687 3090 712 σο
3165 687 3287 713 ι’διω
3369 687 3498 716 unw

155 687 280 740 Jul'
337 693 393 772 .et
502 726 561 781 C.
595 687 789 786 Julius
817 732 1006 789 Caesar
1032 742 1258 792 sextum
1283 739 1508 794 trium-
1581 708 1722 762 cond
2003 687 2031 710 δ
2087 687 2127 713 Γ
2267 723 2317 772 et
2342 687 2687 776 documen,”
2869 687 2900 721 ό
2966 699 2980 723 ’
3127 687 3160 726 υ
3335 734 3525 816 Erg"?

194 760 347 859 gela;
431 814 606 859 nhnm
631 819 747 859 nni!
772 833 946 859 (“Ian
971 837 1034 859 ον
1066 832 1257 859 manus
1293 827 1502 859 All-mna
1586 783 1714 859 gnte
1751 855 1762 859 _
2195 828 2321 859 cum
2346 817 2431 859 ρίς
2456 829 2866 859 rnnnvnvnrnnt
2909 830 2961 859 at
2982 825 3266 859 ηηίιῖηιιίιὶ
3316 802 3520 859 Christi

288 832 344 901 ἒ)
431 814 608 885 phum
631 819 751 889 egit
772 833 948 878 ovans
971 837 1038 879 ex
1066 832 1257 882 monte
1281 827 1503 885 Albano
1549 814 1764 920 εἶ’ξξδει

1704 821 1764 906 ξεί
2195 828 2322 870 cum
2346 817 2431 871 eis
2456 829 2890 892 renovaverunt,
2909 825 3268 896 etquidquid

1707 939 1719 942 _
2203 904 2486 942 ιιριίοιιιιηι
2533 908 3041 942 ςηησηηρηηηοηιιη
3066 915 3149 942 nn.
3171 915 3240 942 ,ιιι

421 919 494 978 26
519 924 805 982 Januarii.
1571 908 1737 995 Pa‘m.
2203 908 2511 972 petierunt.
2533 908 3043 968 Senatusconsulto
3065 915 3152 969 eis
3169 915 3276 970 de-

2197 997 2412 1047 cretum
2449 1000 2553 1049 est.
2601 997 2896 1054 Dolabella
2936 1001 3138 1068 etiam,
3171 1015 3276 1057 ac-

434 1025 480 1066 C.
510 1027 694 1070 IVLIVS
722 1031 770 1072 C.
806 1031 856 1073 F.
887 1031 934 1075 C.
959 1034 1014 1075 Ν.
1047 1035 1248 1080 CAESAR
1279 1039 1335 1079 νι
1364 1039 1502 1082 ωσι.

502 1115 591 1158 ΠΗ
622 1116 817 1161 OVANS.
849 1122 903 1162 Α.
927 1122 1078 1165 DCCIX
1108 1125 1178 1166 EX
1204 1127 1388 1170 MONTE
1415 1131 1508 1172 AL-

504 1203 644 1247 mo
667 1206 748 1250 vn
774 1209 827 1250 ιι.
849 1210 1008 1254 rana.
1041 1200 1195 1256 Fasti
1222 1203 1502 1274 triumph.

496 1279 683 1350 Capit.
705 1281 872 1340 Grut.
906 1300 1033 1359 pag.

497 1369 698 1427 Idibus
713 1374 905 1430 Martii
927 1377 987 1432 ιζ.
1010 1377 1198 1435 Caesar
1218 1379 1278 1434 in
1296 1381 1501 1437 curia-

423 1469 456 1512 a
486 1459 806 1529 conjuratis
821 1460 894 1518 2i
915 1465 1256 1524 vulneribus
1280 1468 1501 1527 confos-

424 1561 526 1603 sus
554 1554 656 1604 est.
687 1549 971 1609 Suﬁ‘ectus
998 1554 1157 1611 Coss.
1193 1557 1251 1612 P.
1280 1557 1502 1614 Corne-

423 1635 542 1693 lius
572 1639 880 1698 Dolabella.

488 1725 548 1782 C.
579 1726 853 1786 Octavius
883 1731 1082 1802 haeres,
1111 1741 1167 1790 et
1197 1735 1258 1791 in
1281 1737 1494 1793 Juliam

419 1813 699 1874 familiam
777 1822 1102 1894 adoptatus,
1170 1825 1229 1880 C.
1301 1826 1495 1883 Julius

414 1903 600 1961 Caesar
636 1908 770 1964 inde
817 1911 1012 1967 dictus
1051 1918 1154 1968 est.
1202 1915 1282 1970 Ex
1312 1915 1494 1985 Apol-

415 1993 576 2052 lonia
608 1997 668 2052 in
697 1997 904 2056 Urbem
935 2003 1165 2058 rediens
1191 2005 1345 2061 circa
1373 2007 1492 2060 Ka-

416 2083 549 2140 lend
610 2087 746 2142 Maii
799 2083 953 2161 [nam
1010 2105 1105 2146 x1v
1177 2093 1280 2148 Kal
1331 2095 1489 2151 Maii.

415 2174 676 2244 Neapoli,
723 2181 780 2232 et
829 2180 1110 2248 postridie
1152 2183 1210 2237 in
1241 2184 1493 2242 Cumano

416 2276 547 2318 cum
579 2265 852 2322 Cicerone
875 2266 988 2324 fuit
1021 2267 1126 2342 [lib
1158 2286 1276 2336 xw,
1311 2274 1490 2343 Epist.

415 2349 506 2424 46,
555 2356 624 2411 ad
710 2356 890 2432 Attio]
945 2365 1103 2417 tanta
1172 2364 1490 2422 amicorum

411 2440 736 2513 frequentia
799 2447 1030 2520 stipari,
1100 2457 1155 2506 et
1222 2455 1487 2524 papulari

409 2535 596 2605 gratia
657 2536 920 2594 roborari
988 2541 1163 2612 coepit
1247 2545 1483 2602 Senatui

407 2625 840 2681 commendatus
860 2641 893 2683 a
912 2628 1205 2700 Cicerone,
1240 2639 1307 2688 ut
1331 2634 1488 2691 circa

405 2711 725 2786 Angustum
779 2729 1025 2773 mensem
1082 2715 1243 2793 [tunc
1296 2724 1484 2780 sexti-

408 2800 515 2856 lem
537 2803 782 2879 dictum]
807 2807 1120 2865 exercitum
1145 2824 1212 2866 ex
1232 2812 1483 2869 coloniis

405 2905 604 2962 cogere
635 2893 857 2963 privata
890 2899 1146 2968 impensa
1171 2900 1476 2960 institerit.

407 2976 528 3054 [Liv
559 2981 641 3038 lib
671 2996 844 3040 cxvn.
878 2986 1082 3044 Florus
1115 2989 1198 3045 lib
1229 3006 1308 3065 ιν,
1337 3009 1386 3049 c.
1420 2991 1474 3065 4,

402 3075 460 3125 et
477 3070 592 3127 Tab
607 3073 965 3150 Ancyranaa].
987 3077 1201 3136 Bellum
1228 3084 1479 3139 Macedo-

400 3160 596 3217 nicum
615 3172 812 3220 contra
829 3164 1018 3236 Getas,
1043 3176 1099 3225 et
1121 3171 1474 3248 Parthicum,

399 3255 455 3304 et
500 3251 774 3322 Legiones
817 3269 848 3309 a
877 3255 936 3310 C.
971 3256 1190 3316 Casare
1243 3271 1471 3338 paratae,

397 3338 473 3393 Μ.
506 3340 757 3397 Antonio
781 3343 1018 3402 decreta:
1043 3356 1331 3406 suntcum
1357 3366 1473 3424 quo

394 3425 672 3484 Octavius
685 3433 1096 3493 reconciliatus
1116 3436 1320 3496 fuerat.
1347 3443 1476 3498 Pro-

393 3517 601 3574 vincim
652 3524 980 3594 assignatas.
1032 3526 1171 3584 Acta
1228 3529 1472 3589 Casaris

393 3605 665 3678 pleraque
699 3611 1056 3670 conﬁrmata.
1100 3617 1471 3678 Percussores

387 3693 651 3768 Caesaris,
692 3698 926 3770 Brutus,
959 3707 1016 3757 et
1060 3702 1316 3776 Cassius,
1371 3723 1471 3778 spe

389 3782 608 3853 abjecta
640 3787 957 3844 retinenda:
991 3791 1114 3861 reip
1147 3795 1466 3868 p0pularis,

389 3873 450 3928 in
478 3875 874 3933 voluntarium
904 3880 1180 3936 exsilium
1214 3885 1468 3942 Athenas

384 3963 728 4020 concedunt.
775 3967 1134 4026 Velleiuslib
1178 3985 1242 4035 ll,
1273 3987 1322 4027 c.
1376 3972 1463 4030 62.

383 4049 491 4106 Dio
521 4049 606 4106 lib
638 4066 815 4109 xcvu.

453 4139 652 4198 Cicero
698 4143 804 4200 hoc
855 4158 1006 4204 anno
1051 4149 1163 4205 iter
1206 4151 1263 4206 in
1300 4151 1467 4208 Gras—

381 4226 530 4312 ciam
585 4240 964 4304 suscepturus
1018 4245 1152 4294 ante
1198 4240 1462 4312 Olympia

380 4309 474 4388 [ad
502 4317 756 4378 Atticum
787 4322 892 4378 lib.
923 4337 1017 4390 xv,
1050 4339 1138 4398 ep.
1171 4325 1242 4384 24
1271 4309 1328 4384 et
1354 4309 1457 4387 ub.

381 4417 499 4476 xvr,
519 4421 605 4479 ep.
631 4405 686 4484 7]
711 4413 963 4470 ostendit
979 4415 1338 4488 Olympiadis
1358 4419 1462 4478 484

379 4495 864 4557 ineuntisannum
881 4502 1093 4574 plurim
1107 4520 1198 4562 um
1213 4507 1351 4565 huic
1362 4523 1460 4566 an-

377 4596 452 4640 no
480 4588 658 4644 caedis
693 4589 753 4646 C.
779 4591 1020 4650 Caesaris
1044 4609 1167 4652 esse
1195 4598 1460 4670 allegan-

372 4675 533 4732 dum.

445 4769 732 4826 Antonius
778 4772 1014 4845 Consul,
1067 4783 1349 4847 potestate
1397 4783 1450 4838 ei

374 4853 522 4913 facta
554 4872 654 4929 per
677 4861 732 4916 S.
756 4862 818 4916 P.
850 4860 914 4932 Q.
949 4865 1015 4921 R.
1042 4872 1448 4942 cognoscendi,

370 4950 428 5001 et
467 4952 816 5021 exsequendi
864 4953 936 5009 de
982 4953 1143 5013 Actis
1185 4959 1445 5034 Caesaris,

371 5051 500 5108 quae
548 5038 599 5094 is
649 5042 944 5115 jussisset,
993 5044 1340 5121 libertatem,
1393 5059 1452 5106 et

362 5126 464 5196 jus
483 5127 748 5187 Romana:
770 5133 1056 5206 Civitatis,
1088 5144 1144 5192 et
1163 5137 1451 5194 immuni-

367 5223 512 5276 tates
543 5222 795 5296 populis,
833 5238 899 5282 ac
929 5227 1200 5298 Dynastis
1231 5231 1446 5301 passim

365 5310 673 5369 vendebat:
703 5313 890 5386 deque
920 5315 1012 5371 his
1030 5317 1302 5374 omnibus
1325 5326 1444 5379 toto

359 5398 650 5472 Capitolio
686 5404 898 5460 tabula:
946 5404 1287 5478 ﬁgebantur.
1321 5410 1438 5466 Cic.

367 5488 578 5562 Philip.
616 5490 726 5548 Set
747 5491 850 5550 lib.
887 5509 949 5566 ιι,
973 5495 1066 5551 ad.
1093 5493 1225 5552 fam.
1263 5512 1350 5570 ep.
1389 5496 1438 5555 4.

366 5582 579 5638 Patere.
615 5580 721 5639 lib.
775 5598 813 5639 ιι
849 5585 999 5642 Plut.
1058 5585 1117 5640 in
1166 5585 1301 5646 Ant.
1333 5589 1443 5646 Dio

363 5667 464 5727 lib.
501 5685 656 5742 xuv,
691 5688 818 5746 quae
839 5676 1033 5734 omnia
1064 5677 1444 5750 comprobant

363 5759 669 5818 historiam
716 5764 969 5834 Josephi.

2195 1080 2379 1149 ceptis
2398 1081 2468 1136 ab
2495 1084 2750 1154 Hyrcano
2771 1087 3006 1158 litteris,
3036 1091 3277 1160 scripsit

2196 1180 2295 1237 per
2345 1169 2670 1228 universam
2707 1173 2923 1246 Asiam,
2972 1183 3028 1233 et
3075 1179 3274 1248 primae

2192 1257 2319 1325 ejus
2367 1259 2678 1328 provincia:
2710 1263 2937 1320 civitati
2987 1266 3276 1336 Ephesio-

2194 1359 2319 1401 rum
2377 1347 2435 1402 in
2485 1348 2639 1406 hunc
2687 1352 2936 1410 modum.
2988 1355 3272 1411 Dolabella

2193 1434 2505 1506 imperator
2523 1441 2904 1510 Ephesiorum
2924 1445 3272 1515 magistrati-

2189 1521 2299 1578 bus
2354 1527 2410 1581 S.
2461 1529 2521 1582 P.
2575 1529 2640 1598 Q.
2709 1531 2773 1585 Β.
2834 1533 2891 1587 S.
2950 1533 3271 1590 Alexander

2190 1611 2350 1669 ﬁlius
2395 1615 2678 1674 Theodori
2732 1619 2956 1692 legatus
3020 1623 3265 1693 Hyrcani

2190 1703 2482 1772 pontiﬁcis
2505 1719 2570 1761 ac
2586 1708 2916 1766 ethnarchae
2937 1711 3264 1768 Iudaeorum

2189 1792 2333 1847 mihi
2369 1795 2569 1849 retulit
2588 1795 2659 1850 de
2685 1798 3075 1870 civibussuis,
3109 1802 3262 1872 quod

2187 1881 2443 1938 militare
2467 1896 2578 1940 non
2607 1887 2850 1958 possint,
2881 1903 2948 1944 eo
2980 1891 3130 1961 quod
3160 1904 3269 1946 ne-

2185 1985 2296 2041 que
2324 1985 2482 2029 arma
2525 1982 2767 2047 gestare,
2802 1991 2987 2048 neque
3034 1979 3143 2035 iter
3173 1979 3268 2035 fa-

2182 2064 2310 2107 cere
2340 2051 2427 2109 fas
2457 2056 2536 2110 sit
2560 2057 2769 2113 diebus
2797 2058 3124 2128 Sabbathis,
3154 2073 3263 2115 ne-

2183 2155 2294 2211 que
2333 2145 2548 2202 victum
2595 2161 2752 2204 more
2796 2150 2986 2220 patrio
3034 2156 3264 2221 possent

2180 2230 2295 2286 sibi
2372 2251 2645 2307 quaerere.
2713 2241 3091 2310 Quamobrem
3159 2257 3263 2318 ego

2180 2345 2429 2401 quoque,
2464 2335 2944 2403 quemadmodum
2990 2339 3095 2395 alii
3128 2347 3261 2397 ante

2153 2436 2267 2478 .me
2340 2424 2740 2494 imperatores,
2808 2427 3094 2485 immunes
3163 2445 3260 2488 eos

2175 2512 2303 2570 volo
2325 2526 2360 2568 a
2388 2514 2622 2585 militia,
2654 2517 3040 2589 permittoque
3061 2525 3124 2574 ut
3150 2535 3260 2592 pa—

2176 2605 2310 2661 triis
2330 2605 2526 2662 vivant
2558 2605 2858 2678 moribus;
2901 2613 3256 2670 convenien-

2174 2699 2259 2751 tes
2301 2707 2596 2753 sacrorum
2645 2711 2839 2766 causa,
2899 2699 3054 2756 sicut
3104 2702 3255 2776 leges

2172 2797 2366 2841 eorum
2428 2788 2742 2858 postulant,
2788 2794 2846 2845 et
2896 2789 3255 2848 conferentes

2174 2873 2234 2928 in
2289 2877 2574 2934 oﬁ‘erenda
2634 2879 2848 2950 templo
2925 2882 3252 2939 sacriﬁcia:

2169 2965 2414 3038 voloque
2444 2973 2508 3022 ut
2531 2967 2648 3024 haec
2682 2969 2805 3039 ipsa
2846 2970 3118 3029 scribatis
3150 2987 3248 3044 per

2171 3055 2342 3112 urbes
2365 3059 2675 3126 provincia:
2691 3061 2973 3134 singulas,
2998 3069 3107 3120 etc.
3130 3066 3252 3121 Lu—

2168 3145 2298 3201 cius
2327 3141 2515 3203 ahtem
2570 3149 2845 3208 Lentulus
2890 3153 3095 3209 consul
3144 3168 3247 3223 pro

2169 3236 2450 3292 sententia
2475 3237 2546 3292 de
2573 3237 2788 3295 ludiuis
2807 3239 2988 3296 dixit:
3019 3243 3247 3299 Judaeos

2166 3323 2321 3379 cives
2393 3327 2678 3383 Romanos
2751 3329 2961 3400 templa
3006 3330 3247 3388 Judaica

2168 3413 2460 3483 habentes,
2503 3421 2561 3471 et
2590 3416 2864 3475 facientes
2904 3420 3112 3490 Ephesi
3141 3435 3245 3491 pro

2167 3493 2470 3559 tribunali,
2508 3497 2812 3568 religionis
2846 3513 3000 3570 ergo,
3035 3501 3240 3556 immu-

2166 3593 2266 3636 nes
2289 3594 2322 3636 a
2367 3582 2582 3638 militia
2611 3587 2978 3654 pronuntiari
3011 3601 3093 3644 xu
3126 3587 3246 3643 Ka—

2165 3668 2366 3726 lendas
2393 3671 2687 3729 Octobres.
2708 3676 2821 3731 Jos.
2851 3675 2955 3732 ibi.
2998 3677 3100 3747 qui
3124 3676 3243 3732 haec

2162 3757 2390 3814 decreta
2439 3768 2637 3817 narrat
2690 3763 2750 3818 in
2806 3766 2974 3820 aereis
3022 3765 3240 3822 tabulis

2164 3845 2275 3900 ﬁxa
2333 3849 2394 3902 in
2459 3850 2763 3921 Capitolio.
2842 3853 3231 3927 Suﬁ'ragantu.

2158 3935 2404 4006 Josepho
2458 3938 2728 3997 historici
2763 3941 3000 4000 Romani
3038 3945 3096 4000 in
3128 3944 3240 4001 ad-

2161 4024 2410 4082 haarente
2476 4030 2745 4089 columna
2811 4033 3077 4106 indicati,
3133 4037 3234 4107 qui

2159 4117 2373 4185 passim
2405 4118 2476 4174 ab
2490 4120 2743 4178 Antonio
2768 4125 2940 4179 etiam
2966 4123 3236 4194 pluribus

2156 4207 2295 4263 aliis
2348 4211 2600 4278 vendita,
2659 4214 2896 4271 obtentu
2961 4216 3233 4272 Actorum

2154 4298 2416 4370 Caesaris,
2453 4303 2786 4372 hujusmodi
2835 4307 3140 4380 privilegia
3171 4309 3231 4366 in

2152 4389 2573 4450 mneistabulis
2617 4396 2801 4453 incisa
2832 4406 3004 4469 atque
3036 4399 3094 4453 in
3119 4399 3233 4455 Ca-

2155 4487 2361 4557 pitolio
2406 4491 2516 4548 ﬁxa
2550 4489 2732 4548 fuisse
2760 4491 3118 4548 conﬁrmant.

2223 4589 2449 4646 Mortuo
2483 4589 2782 4645 Ptolemaeo
2809 4587 2932 4644 sola
2965 4588 3025 4643 in
3054 4588 3233 4661 Egy—

2152 4681 2250 4745 pto
2276 4688 2492 4822 ‘regnat
2534 4682 2833 4756 CleOpatra
2874 4685 2971 4741 Jos
3018 4683 3104 4741 lib
3127 4697 3224 4751 xv,

2152 4777 2256 4822 can
2315 4809 2328 4821 .

2149 4777 2256 4838 cap
2276 4777 2328 4822 ι.
