  <div class='ocr_page' id='page_1' title='image "/cluster/home/n/w/nwhite01/storage/ocr_20150623/127-128/uc1.31175010226572/215.png"; bbox 0 0 3960 6390; ppageno 0'>
   <div class='ocr_carea' id='block_1_1' title="bbox 377 380 3810 447">
    <p class='ocr_par' dir='ltr' id='par_1_1' title="bbox 377 380 3810 447">
     <span class='ocr_line' id='line_1_1' title="bbox 377 380 3810 447; baseline 0.002 -6"><span class='ocrx_word' id='word_1_1' title='bbox 377 384 485 442; x_wconf 73' lang='grc'><strong>445</strong></span> <span class='ocrx_word' id='word_1_2' title='bbox 1166 380 1259 437; x_wconf 81' lang='grc' dir='ltr'><strong>ΑΙ)</strong></span> <span class='ocrx_word' id='word_1_3' title='bbox 1295 381 1733 440; x_wconf 81' lang='lat' dir='ltr'><strong>ANASTASIUM</strong></span> <span class='ocrx_word' id='word_1_4' title='bbox 1773 381 2294 440; x_wconf 82' lang='lat' dir='ltr'><strong>PROLEGOMENA</strong></span> <span class='ocrx_word' id='word_1_5' title='bbox 2335 383 2515 440; x_wconf 87' lang='lat' dir='ltr'><strong>EDIT.</strong></span> <span class='ocrx_word' id='word_1_6' title='bbox 2555 382 2988 440; x_wconf 81' lang='lat' dir='ltr'><strong>ROM.-VATIC.</strong></span> <span class='ocrx_word' id='word_1_7' title='bbox 3695 389 3810 447; x_wconf 73' lang='lat' dir='ltr'><strong>M6</strong></span> 
     </span>
    </p>
   </div>
   <div class='ocr_carea' id='block_1_2' title="bbox 440 503 3746 582">
    <p class='ocr_par' dir='ltr' id='par_1_2' title="bbox 440 503 3746 582">
     <span class='ocr_line' id='line_1_2' title="bbox 440 503 3746 582; baseline 0.003 -24"><span class='ocrx_word' id='word_1_8' title='bbox 440 505 597 582; x_wconf 61' lang='lat' dir='ltr'><strong>Anni</strong></span> <span class='ocrx_word' id='word_1_9' title='bbox 662 507 1045 575; x_wconf 77' lang='lat' dir='ltr'><strong>Imperatores,</strong></span> <span class='ocrx_word' id='word_1_10' title='bbox 1074 503 1336 582; x_wconf 59' lang='lat' dir='ltr'><strong>Consules</strong></span> <span class='ocrx_word' id='word_1_11' title='bbox 1359 509 1749 570; x_wconf 80' lang='lat' dir='ltr'><strong>Romanorum,</strong></span> <span class='ocrx_word' id='word_1_12' title='bbox 1819 509 1975 582; x_wconf 74' lang='lat' dir='ltr'><strong>Anni</strong></span> <span class='ocrx_word' id='word_1_13' title='bbox 2055 507 2115 566; x_wconf 86' lang='grc' dir='ltr'><strong>Α</strong></span> <span class='ocrx_word' id='word_1_14' title='bbox 2189 507 2366 582; x_wconf 73' lang='grc' dir='ltr'><strong>Δᾼηηί</strong></span> <span class='ocrx_word' id='word_1_15' title='bbox 2433 509 2622 563; x_wconf 72' lang='lat' dir='ltr'><strong>Iudaeo</strong></span> <span class='ocrx_word' id='word_1_16' title='bbox 2635 525 2757 582; x_wconf 68' lang='lat' dir='ltr'><strong>rum</strong></span> <span class='ocrx_word' id='word_1_17' title='bbox 2787 513 2837 582; x_wconf 81' lang='lat' dir='ltr'><strong>et</strong></span> <span class='ocrx_word' id='word_1_18' title='bbox 2884 510 3246 582; x_wconf 72' lang='lat' dir='ltr'><strong>ﬁnitimum</strong></span> <span class='ocrx_word' id='word_1_19' title='bbox 3266 513 3514 582; x_wconf 84' lang='lat' dir='ltr'><strong>populo—</strong></span> <span class='ocrx_word' id='word_1_20' title='bbox 3587 515 3746 570; x_wconf 80' lang='lat' dir='ltr'><strong>Anni</strong></span> 
     </span>
    </p>
   </div>
   <div class='ocr_carea' id='block_1_3' title="bbox 460 577 3732 652">
    <p class='ocr_par' dir='ltr' id='par_1_3' title="bbox 460 577 3732 652">
     <span class='ocr_line' id='line_1_3' title="bbox 460 577 3732 652; baseline 0.003 -24"><span class='ocrx_word' id='word_1_21' title='bbox 460 577 592 629; x_wconf 67' lang='lat' dir='ltr'><strong>Per.“</strong></span> <span class='ocrx_word' id='word_1_22' title='bbox 845 590 932 630; x_wconf 84' lang='lat' dir='ltr'><strong>res</strong></span> <span class='ocrx_word' id='word_1_23' title='bbox 968 580 1130 644; x_wconf 56' lang='lat' dir='ltr'><strong>gesta</strong></span> <span class='ocrx_word' id='word_1_24' title='bbox 1161 582 1212 631; x_wconf 84' lang='lat' dir='ltr'><strong>et</strong></span> <span class='ocrx_word' id='word_1_25' title='bbox 1236 578 1577 633; x_wconf 82' lang='lat' dir='ltr'><strong>documenta.</strong></span> <span class='ocrx_word' id='word_1_26' title='bbox 1827 580 1986 634; x_wconf 80' lang='lat' dir='ltr'><strong><em>Urbis</em></strong></span> <span class='ocrx_word' id='word_1_27' title='bbox 2174 577 2385 648; x_wconf 82' lang='lat' dir='ltr'><strong>Olymp.</strong></span> <span class='ocrx_word' id='word_1_28' title='bbox 2513 597 2633 634; x_wconf 80' lang='lat' dir='ltr'><strong>rum</strong></span> <span class='ocrx_word' id='word_1_29' title='bbox 2674 581 2977 648; x_wconf 82' lang='lat' dir='ltr'><strong>Pontiﬁces,</strong></span> <span class='ocrx_word' id='word_1_30' title='bbox 3022 581 3209 648; x_wconf 81' lang='lat' dir='ltr'><strong>Reges,</strong></span> <span class='ocrx_word' id='word_1_31' title='bbox 3243 577 3514 652; x_wconf 52' lang='lat' dir='ltr'><strong>rEs-gestae</strong></span> <span class='ocrx_word' id='word_1_32' title='bbox 3598 591 3732 640; x_wconf 87' lang='lat' dir='ltr'><strong><em>ante</em></strong></span> 
     </span>
    </p>
   </div>
   <div class='ocr_carea' id='block_1_4' title="bbox 437 652 2001 745">
    <p class='ocr_par' dir='ltr' id='par_1_4' title="bbox 437 663 2001 745">
     <span class='ocr_line' id='line_1_4' title="bbox 437 663 2001 745; baseline 0.003 -28"><span class='ocrx_word' id='word_1_33' title='bbox 437 663 567 745; x_wconf 76' lang='lat' dir='ltr'><strong>Jul._</strong></span> <span class='ocrx_word' id='word_1_34' title='bbox 579 668 630 745; x_wconf 73' lang='lat' dir='ltr'><strong>et</strong></span> <span class='ocrx_word' id='word_1_35' title='bbox 1777 668 2001 745; x_wconf 72' lang='lat' dir='ltr'><strong>conditae</strong></span> 
     </span>
    </p>
   </div>
   <div class='ocr_carea' id='block_1_5' title="bbox 2191 652 3755 745">
    <p class='ocr_par' dir='ltr' id='par_1_5' title="bbox 2497 652 3755 711">
     <span class='ocr_line' id='line_1_5' title="bbox 2497 652 3755 711; baseline 0.005 -6"><span class='ocrx_word' id='word_1_36' title='bbox 2497 657 2548 705; x_wconf 87' lang='lat' dir='ltr'><strong>et</strong></span> <span class='ocrx_word' id='word_1_37' title='bbox 2590 652 2908 705; x_wconf 84' lang='lat' dir='ltr'><strong>documenta</strong></span> <span class='ocrx_word' id='word_1_38' title='bbox 2922 691 2935 703; x_wconf 94' lang='lat'><strong>.</strong></span> <span class='ocrx_word' id='word_1_39' title='bbox 3563 657 3755 711; x_wconf 72' lang='lat' dir='ltr'><strong>Eram</strong></span> 
     </span>
    </p>
   </div>
   <div class='ocr_carea' id='block_1_6' title="bbox 451 729 3768 800">
    <p class='ocr_par' dir='ltr' id='par_1_6' title="bbox 451 729 3768 800">
     <span class='ocr_line' id='line_1_6' title="bbox 451 729 3768 800; baseline -0.002 -14"><span class='ocrx_word' id='word_1_40' title='bbox 451 734 590 800; x_wconf 81' lang='lat' dir='ltr'><strong>cycli</strong></span> <span class='ocrx_word' id='word_1_41' title='bbox 1825 743 1952 792; x_wconf 83' lang='lat' dir='ltr'><strong>ante</strong></span> <span class='ocrx_word' id='word_1_42' title='bbox 2435 793 2466 800; x_wconf 78' lang='lat'>_</span> <span class='ocrx_word' id='word_1_43' title='bbox 2544 792 2574 800; x_wconf 39' lang='grc' dir='ltr'><em>κ</em></span> <span class='ocrx_word' id='word_1_44' title='bbox 2680 793 2692 800; x_wconf 85' lang='lat'>_</span> <span class='ocrx_word' id='word_1_45' title='bbox 2849 792 2862 800; x_wconf 87' lang='lat'><strong><em>_</em></strong></span> <span class='ocrx_word' id='word_1_46' title='bbox 2875 793 2885 800; x_wconf 89' lang='lat'>_</span> <span class='ocrx_word' id='word_1_47' title='bbox 3310 796 3336 800; x_wconf 68' lang='lat'><strong>_</strong></span> <span class='ocrx_word' id='word_1_48' title='bbox 3534 729 3768 800; x_wconf 64' lang='lat' dir='ltr'><strong>Christi.</strong></span> 
     </span>
    </p>
   </div>
   <div class='ocr_carea' id='block_1_7' title="bbox 453 792 3705 931">
    <p class='ocr_par' dir='ltr' id='par_1_7' title="bbox 453 792 3705 931">
     <span class='ocr_line' id='line_1_7' title="bbox 453 792 3705 931; baseline 0.005 -96"><span class='ocrx_word' id='word_1_49' title='bbox 1788 815 1839 864; x_wconf 65' lang='lat' dir='ltr'><strong>et</strong></span> <span class='ocrx_word' id='word_1_50' title='bbox 1871 812 1998 878; x_wconf 65' lang='lat' dir='ltr'><strong>post</strong></span> <span class='ocrx_word' id='word_1_51' title='bbox 2427 793 2484 847; x_wconf 94' lang='lat' dir='ltr'><strong>C.</strong></span> <span class='ocrx_word' id='word_1_52' title='bbox 2537 792 2772 848; x_wconf 79' lang='lat' dir='ltr'><strong>Cassius</strong></span> <span class='ocrx_word' id='word_1_53' title='bbox 2811 792 2948 848; x_wconf 90' lang='lat' dir='ltr'><strong>olim</strong></span> <span class='ocrx_word' id='word_1_54' title='bbox 2998 799 3249 864; x_wconf 61' lang='lat' dir='ltr'><strong>quastor</strong></span> <span class='ocrx_word' id='word_1_55' title='bbox 3299 796 3514 869; x_wconf 77' lang='lat' dir='ltr'><strong>Crassi,</strong></span> <span class='ocrx_word' id='word_1_56' title='bbox 3615 796 3705 853; x_wconf 70' lang='grc'><strong>44.</strong></span> 
     </span>
     <span class='ocr_line' id='line_1_8' title="bbox 490 872 3518 931; baseline -0 0"><span class='ocrx_word' id='word_1_57' title='bbox 490 872 594 931; x_wconf 82' lang='grc'>670</span> <span class='ocrx_word' id='word_1_58' title='bbox 669 889 716 930; x_wconf 86' lang='lat' dir='ltr'><strong>c.</strong></span> <span class='ocrx_word' id='word_1_59' title='bbox 751 890 961 931; x_wconf 80' lang='lat' dir='ltr'><strong>VIBIVS.</strong></span> <span class='ocrx_word' id='word_1_60' title='bbox 997 889 1042 930; x_wconf 92' lang='lat' dir='ltr'><strong>c.</strong></span> <span class='ocrx_word' id='word_1_61' title='bbox 1077 891 1126 930; x_wconf 70' lang='grc' dir='ltr'><strong>ι’.</strong></span> <span class='ocrx_word' id='word_1_62' title='bbox 1151 889 1203 930; x_wconf 89' lang='lat' dir='ltr'><strong>c.</strong></span> <span class='ocrx_word' id='word_1_63' title='bbox 1241 892 1292 931; x_wconf 86' lang='lat' dir='ltr'><strong>N.</strong></span> <span class='ocrx_word' id='word_1_64' title='bbox 1322 893 1493 931; x_wconf 55' lang='lat' dir='ltr'><strong>pansa</strong></span> <span class='ocrx_word' id='word_1_65' title='bbox 1798 881 1971 931; x_wconf 70' lang='lat' dir='ltr'><strong>Palu.</strong></span> <span class='ocrx_word' id='word_1_66' title='bbox 2427 881 2591 931; x_wconf 89' lang='lat' dir='ltr'><strong>Svria</strong></span> <span class='ocrx_word' id='word_1_67' title='bbox 2637 887 2934 931; x_wconf 78' lang='lat' dir='ltr'><strong>occupata.</strong></span> <span class='ocrx_word' id='word_1_68' title='bbox 2972 881 3030 931; x_wconf 93' lang='lat' dir='ltr'><strong>in</strong></span> <span class='ocrx_word' id='word_1_69' title='bbox 3079 884 3329 931; x_wconf 69' lang='lat' dir='ltr'><strong>.lndmam</strong></span> <span class='ocrx_word' id='word_1_70' title='bbox 3369 899 3518 931; x_wconf 80' lang='lat' dir='ltr'><strong>mn-</strong></span> 
     </span>
    </p>
   </div>
   <div class='ocr_carea' id='block_1_8' title="bbox 416 872 3518 1002">
    <p class='ocr_par' dir='ltr' id='par_1_8' title="bbox 416 872 3518 1002">
     <span class='ocr_line' id='line_1_9' title="bbox 416 872 3518 1001; baseline 0.004 -70"><span class='ocrx_word' id='word_1_71' title='bbox 416 872 597 1001; x_wconf 66' lang='grc'><strong>2[670</strong></span> <span class='ocrx_word' id='word_1_72' title='bbox 669 889 716 930; x_wconf 85' lang='lat' dir='ltr'><strong>c.</strong></span> <span class='ocrx_word' id='word_1_73' title='bbox 751 890 961 932; x_wconf 80' lang='lat' dir='ltr'><strong>VIBIvs.</strong></span> <span class='ocrx_word' id='word_1_74' title='bbox 997 889 1042 930; x_wconf 90' lang='lat' dir='ltr'><strong>c.</strong></span> <span class='ocrx_word' id='word_1_75' title='bbox 1077 891 1126 930; x_wconf 66' lang='grc' dir='ltr'><strong>ιτ.</strong></span> <span class='ocrx_word' id='word_1_76' title='bbox 1151 889 1203 930; x_wconf 90' lang='lat' dir='ltr'><strong>c.</strong></span> <span class='ocrx_word' id='word_1_77' title='bbox 1241 892 1292 933; x_wconf 83' lang='lat' dir='ltr'><strong>N.</strong></span> <span class='ocrx_word' id='word_1_78' title='bbox 1322 893 1493 934; x_wconf 55' lang='lat' dir='ltr'><strong>pansa</strong></span> <span class='ocrx_word' id='word_1_79' title='bbox 1798 872 1971 935; x_wconf 50' lang='lat' dir='ltr'><strong>Pa‘lil.</strong></span> <span class='ocrx_word' id='word_1_80' title='bbox 2427 881 2591 950; x_wconf 88' lang='lat' dir='ltr'><strong>Syria</strong></span> <span class='ocrx_word' id='word_1_81' title='bbox 2637 887 2934 950; x_wconf 86' lang='lat' dir='ltr'><strong>occupata,</strong></span> <span class='ocrx_word' id='word_1_82' title='bbox 2972 881 3031 936; x_wconf 90' lang='lat' dir='ltr'><strong>in</strong></span> <span class='ocrx_word' id='word_1_83' title='bbox 3079 884 3330 939; x_wconf 63' lang='lat' dir='ltr'><strong>Judaeam</strong></span> <span class='ocrx_word' id='word_1_84' title='bbox 3369 899 3518 942; x_wconf 92' lang='lat' dir='ltr'><strong>con—</strong></span> 
     </span>
     <span class='ocr_line' id='line_1_10' title="bbox 457 945 3515 1002; baseline 0 -1"><span class='ocrx_word' id='word_1_85' title='bbox 457 945 623 1002; x_wconf 71' lang='lat'><strong>2.1:).</strong></span> <span class='ocrx_word' id='word_1_86' title='bbox 670 962 720 1000; x_wconf 92' lang='lat' dir='ltr'><strong>v.</strong></span> <span class='ocrx_word' id='word_1_87' title='bbox 762 961 1010 1002; x_wconf 76' lang='lat' dir='ltr'><strong>manus.</strong></span> <span class='ocrx_word' id='word_1_88' title='bbox 1039 962 1095 1001; x_wconf 77' lang='grc' dir='ltr'><strong>Α.</strong></span> <span class='ocrx_word' id='word_1_89' title='bbox 1123 962 1177 1002; x_wconf 68' lang='grc' dir='ltr'><strong>ιε’.</strong></span> <span class='ocrx_word' id='word_1_90' title='bbox 1811 951 1937 1002; x_wconf 87' lang='grc'>709.</span> <span class='ocrx_word' id='word_1_91' title='bbox 2431 967 2613 1002; x_wconf 65' lang='grc' dir='ltr'><strong>θοηιιίι</strong></span> <span class='ocrx_word' id='word_1_92' title='bbox 2669 968 2913 1002; x_wconf 68' lang='grc' dir='ltr'><strong>υνηηηηε</strong></span> <span class='ocrx_word' id='word_1_93' title='bbox 2966 969 3072 1002; x_wconf 78' lang='lat' dir='ltr'><strong>mn</strong></span> <span class='ocrx_word' id='word_1_94' title='bbox 3107 970 3188 1002; x_wconf 73' lang='lat' dir='ltr'><strong>In.</strong></span> <span class='ocrx_word' id='word_1_95' title='bbox 3464 979 3515 1002; x_wconf 72' lang='grc' dir='ltr'><strong>..ο</strong></span> 
     </span>
    </p>
   </div>
   <div class='ocr_carea' id='block_1_9' title="bbox 479 951 2043 1076">
    <p class='ocr_par' dir='ltr' id='par_1_9' title="bbox 479 951 1980 1076">
     <span class='ocr_line' id='line_1_11' title="bbox 479 951 1937 1008; baseline 0.004 -8"><span class='ocrx_word' id='word_1_96' title='bbox 479 951 508 1000; x_wconf 69' lang='grc' dir='ltr'><strong>Β.</strong></span> <span class='ocrx_word' id='word_1_97' title='bbox 537 951 623 1000; x_wconf 80' lang='grc'><strong>45.</strong></span> <span class='ocrx_word' id='word_1_98' title='bbox 670 962 720 1000; x_wconf 92' lang='lat' dir='ltr'><strong>v.</strong></span> <span class='ocrx_word' id='word_1_99' title='bbox 762 961 1010 1002; x_wconf 76' lang='lat' dir='ltr'><strong>manus.</strong></span> <span class='ocrx_word' id='word_1_100' title='bbox 1039 962 1095 1001; x_wconf 77' lang='grc' dir='ltr'><strong>Α.</strong></span> <span class='ocrx_word' id='word_1_101' title='bbox 1123 962 1177 1002; x_wconf 68' lang='grc' dir='ltr'><strong>ιε’.</strong></span> <span class='ocrx_word' id='word_1_102' title='bbox 1811 951 1937 1008; x_wconf 87' lang='grc'>709.</span> 
     </span>
     <span class='ocr_line' id='line_1_12' title="bbox 479 1020 1980 1076; baseline 0.001 -2"><span class='ocrx_word' id='word_1_103' title='bbox 479 1020 549 1074; x_wconf 82' lang='grc' dir='ltr'><strong>Α.</strong></span> <span class='ocrx_word' id='word_1_104' title='bbox 743 1054 857 1076; x_wconf 68' lang='grc' dir='ltr'><strong>ρηπ</strong></span> <span class='ocrx_word' id='word_1_105' title='bbox 885 1031 932 1072; x_wconf 87' lang='lat' dir='ltr'><strong>c.</strong></span> <span class='ocrx_word' id='word_1_106' title='bbox 969 1031 1172 1072; x_wconf 86' lang='lat' dir='ltr'><strong>lVLlVS.</strong></span> <span class='ocrx_word' id='word_1_107' title='bbox 1217 1032 1419 1076; x_wconf 80' lang='lat' dir='ltr'><strong>CAESAR</strong></span> <span class='ocrx_word' id='word_1_108' title='bbox 1465 1021 1756 1076; x_wconf 87' lang='lat' dir='ltr'><strong>(Octavia—</strong></span> <span class='ocrx_word' id='word_1_109' title='bbox 1808 1025 1881 1076; x_wconf 88' lang='lat' dir='ltr'><strong>A.</strong></span> <span class='ocrx_word' id='word_1_110' title='bbox 1920 1024 1980 1076; x_wconf 88' lang='grc' dir='ltr'><strong>Ρ.</strong></span> 
     </span>
    </p>
   </div>
   <div class='ocr_carea' id='block_1_10' title="bbox 1955 951 3519 1076">
    <p class='ocr_par' dir='ltr' id='par_1_10' title="bbox 1955 967 3519 1050">
     <span class='ocr_line' id='line_1_13' title="bbox 1955 967 3519 1050; baseline 0.006 -31"><span class='ocrx_word' id='word_1_111' title='bbox 1955 1029 1960 1050; x_wconf 28' lang='grc' dir='ltr'>ν</span> <span class='ocrx_word' id='word_1_112' title='bbox 2431 967 2618 1022; x_wconf 77' lang='lat' dir='ltr'><strong>tendit</strong></span> <span class='ocrx_word' id='word_1_113' title='bbox 2669 968 2916 1023; x_wconf 91' lang='lat' dir='ltr'><strong>Procons</strong></span> <span class='ocrx_word' id='word_1_114' title='bbox 2965 969 3073 1025; x_wconf 91' lang='lat' dir='ltr'><strong>Dio</strong></span> <span class='ocrx_word' id='word_1_115' title='bbox 3105 970 3189 1025; x_wconf 90' lang='lat' dir='ltr'><strong>lib</strong></span> <span class='ocrx_word' id='word_1_116' title='bbox 3231 986 3408 1028; x_wconf 84' lang='lat' dir='ltr'><strong>xLVII.</strong></span> <span class='ocrx_word' id='word_1_117' title='bbox 3463 979 3519 1029; x_wconf 92' lang='lat' dir='ltr'><strong>et</strong></span> 
     </span>
    </p>
   </div>
   <div class='ocr_carea' id='block_1_11' title="bbox 537 1021 2101 1165">
    <p class='ocr_par' dir='ltr' id='par_1_11' title="bbox 537 1021 1996 1165">
     <span class='ocr_line' id='line_1_14' title="bbox 537 1021 1980 1108; baseline 0.003 -36"><span class='ocrx_word' id='word_1_118' title='bbox 537 1058 549 1072; x_wconf 97' lang='lat'><strong>.</strong></span> <span class='ocrx_word' id='word_1_119' title='bbox 742 1054 857 1108; x_wconf 65' lang='lat' dir='ltr'><strong>SvF</strong></span> <span class='ocrx_word' id='word_1_120' title='bbox 885 1031 932 1072; x_wconf 87' lang='lat' dir='ltr'><strong>c.</strong></span> <span class='ocrx_word' id='word_1_121' title='bbox 969 1031 1172 1072; x_wconf 85' lang='lat' dir='ltr'><strong>lVLiVS.</strong></span> <span class='ocrx_word' id='word_1_122' title='bbox 1217 1032 1419 1076; x_wconf 80' lang='lat' dir='ltr'><strong>CAESAR</strong></span> <span class='ocrx_word' id='word_1_123' title='bbox 1465 1021 1756 1090; x_wconf 89' lang='lat' dir='ltr'><strong>(Octavia—</strong></span> <span class='ocrx_word' id='word_1_124' title='bbox 1808 1025 1881 1079; x_wconf 87' lang='lat' dir='ltr'><strong>A.</strong></span> <span class='ocrx_word' id='word_1_125' title='bbox 1920 1024 1980 1077; x_wconf 96' lang='lat' dir='ltr'><strong>P.</strong></span> 
     </span>
     <span class='ocr_line' id='line_1_15' title="bbox 888 1093 1996 1165; baseline 0.004 -23"><span class='ocrx_word' id='word_1_126' title='bbox 888 1101 935 1142; x_wconf 92' lang='lat' dir='ltr'><strong>c.</strong></span> <span class='ocrx_word' id='word_1_127' title='bbox 979 1101 1270 1145; x_wconf 76' lang='lat' dir='ltr'><strong>CARRlNAS.</strong></span> <span class='ocrx_word' id='word_1_128' title='bbox 1308 1105 1354 1145; x_wconf 92' lang='lat' dir='ltr'><strong>c.</strong></span> <span class='ocrx_word' id='word_1_129' title='bbox 1385 1106 1436 1146; x_wconf 66' lang='grc' dir='ltr'>Ρ.</span> <span class='ocrx_word' id='word_1_130' title='bbox 1622 1093 1749 1164; x_wconf 90' lang='lat' dir='ltr'><strong>nus)</strong></span> <span class='ocrx_word' id='word_1_131' title='bbox 1805 1097 1996 1165; x_wconf 77' lang='lat' dir='ltr'><strong>etpost</strong></span> 
     </span>
    </p>
   </div>
   <div class='ocr_carea' id='block_1_12' title="bbox 1956 1021 3520 1165">
    <p class='ocr_par' dir='ltr' id='par_1_12' title="bbox 1956 1021 3520 1165">
     <span class='ocr_line' id='line_1_16' title="bbox 1956 1021 3520 1165; baseline 0.003 -53"><span class='ocrx_word' id='word_1_132' title='bbox 1956 1031 1996 1146; x_wconf 48' lang='lat' dir='ltr'><strong>Lit</strong></span> <span class='ocrx_word' id='word_1_133' title='bbox 2430 1056 2533 1165; x_wconf 54' lang='lat' dir='ltr'><strong>sui</strong></span> <span class='ocrx_word' id='word_1_134' title='bbox 2571 1057 2728 1124; x_wconf 87' lang='lat' dir='ltr'><strong>juris</strong></span> <span class='ocrx_word' id='word_1_135' title='bbox 2778 1055 2916 1111; x_wconf 85' lang='lat' dir='ltr'><strong>fecit</strong></span> <span class='ocrx_word' id='word_1_136' title='bbox 2974 1072 3074 1127; x_wconf 88' lang='lat' dir='ltr'><strong>pro</strong></span> <span class='ocrx_word' id='word_1_137' title='bbox 3123 1021 3435 1130; x_wconf 71' lang='lat' dir='ltr'><strong>Republica</strong></span> 
     </span>
    </p>
   </div>
   <div class='ocr_carea' id='block_1_13' title="bbox 745 1143 2309 1249">
    <p class='ocr_par' dir='ltr' id='par_1_13' title="bbox 745 1143 2303 1249">
     <span class='ocr_line' id='line_1_17' title="bbox 745 1143 2303 1249; baseline 0 0"><span class='ocrx_word' id='word_1_138' title='bbox 745 1175 937 1249; x_wconf 56' lang='lat' dir='ltr'><strong>syra</strong></span> <span class='ocrx_word' id='word_1_139' title='bbox 972 1143 1263 1249; x_wconf 53' lang='lat' dir='ltr'><strong>Bestiae}</strong></span> <span class='ocrx_word' id='word_1_140' title='bbox 1293 1143 1352 1249; x_wconf 49' lang='grc' dir='ltr'>ξ</span> <span class='ocrx_word' id='word_1_141' title='bbox 1385 1143 1435 1146; x_wconf 64' lang='grc'><em>”</em></span> <span class='ocrx_word' id='word_1_142' title='bbox 1806 1143 1990 1249; x_wconf 51' lang='lat' dir='ltr'><strong>lie???</strong></span> <span class='ocrx_word' id='word_1_143' title='bbox 2244 1229 2303 1249; x_wconf 66' lang='grc' dir='ltr'><strong>,ο</strong></span> 
     </span>
    </p>
   </div>
   <div class='ocr_carea' id='block_1_14' title="bbox 1945 1143 3509 1249">
    <p class='ocr_par' dir='ltr' id='par_1_14' title="bbox 1945 1143 3509 1249">
     <span class='ocr_line' id='line_1_18' title="bbox 1945 1143 3509 1249; baseline 0.006 -55"><span class='ocrx_word' id='word_1_144' title='bbox 1945 1143 1990 1217; x_wconf 54' lang='grc' dir='ltr'><strong>ές</strong></span> <span class='ocrx_word' id='word_1_145' title='bbox 2244 1229 2331 1249; x_wconf 47' lang='grc' dir='ltr'><strong>,ω</strong></span> <span class='ocrx_word' id='word_1_146' title='bbox 2427 1143 2622 1244; x_wconf 69' lang='lat' dir='ltr'><strong>Judaea</strong></span> <span class='ocrx_word' id='word_1_147' title='bbox 2650 1145 2838 1216; x_wconf 83' lang='lat' dir='ltr'><strong>exegit</strong></span> <span class='ocrx_word' id='word_1_148' title='bbox 2881 1147 3102 1217; x_wconf 82' lang='lat' dir='ltr'><strong>argenti</strong></span> <span class='ocrx_word' id='word_1_149' title='bbox 3138 1148 3347 1205; x_wconf 87' lang='lat' dir='ltr'><strong>talenta</strong></span> <span class='ocrx_word' id='word_1_150' title='bbox 3376 1146 3509 1206; x_wconf 85' lang='lat'><strong>700.</strong></span> 
     </span>
    </p>
   </div>
   <div class='ocr_carea' id='block_1_15' title="bbox 890 1235 1964 1294">
    <p class='ocr_par' dir='ltr' id='par_1_15' title="bbox 890 1235 1964 1294">
     <span class='ocr_line' id='line_1_19' title="bbox 890 1235 1964 1294; baseline 0.004 -8"><span class='ocrx_word' id='word_1_151' title='bbox 890 1245 938 1286; x_wconf 68' lang='grc' dir='ltr'><strong>ιι.</strong></span> <span class='ocrx_word' id='word_1_152' title='bbox 972 1244 1286 1288; x_wconf 79' lang='lat' dir='ltr'><strong>VENTlDlVS.</strong></span> <span class='ocrx_word' id='word_1_153' title='bbox 1315 1247 1364 1288; x_wconf 85' lang='lat' dir='ltr'><strong>p.</strong></span> <span class='ocrx_word' id='word_1_154' title='bbox 1399 1248 1428 1288; x_wconf 86' lang='lat' dir='ltr'><strong>F</strong></span> <span class='ocrx_word' id='word_1_155' title='bbox 1819 1235 1964 1294; x_wconf 52' lang='grc'><strong>³740.</strong></span> 
     </span>
    </p>
   </div>
   <div class='ocr_carea' id='block_1_16' title="bbox 746 1229 3526 1375">
    <p class='ocr_par' dir='ltr' id='par_1_16' title="bbox 746 1229 3526 1375">
     <span class='ocr_line' id='line_1_20' title="bbox 746 1229 3526 1356; baseline 0.003 -70"><span class='ocrx_word' id='word_1_156' title='bbox 746 1229 938 1356; x_wconf 29' lang='grc' dir='ltr'><strong>ῐηλι).</strong></span> <span class='ocrx_word' id='word_1_157' title='bbox 972 1244 1286 1314; x_wconf 74' lang='lat' dir='ltr'><strong>VENTImvs.</strong></span> <span class='ocrx_word' id='word_1_158' title='bbox 1315 1247 1364 1288; x_wconf 85' lang='lat' dir='ltr'><strong>p.</strong></span> <span class='ocrx_word' id='word_1_159' title='bbox 1399 1248 1428 1288; x_wconf 86' lang='lat' dir='ltr'><strong>F</strong></span> <span class='ocrx_word' id='word_1_160' title='bbox 1810 1229 1964 1294; x_wconf 52' lang='lat'><strong>“710.</strong></span> <span class='ocrx_word' id='word_1_161' title='bbox 2238 1229 2341 1287; x_wconf 67' lang='grc'><strong>484</strong></span> <span class='ocrx_word' id='word_1_162' title='bbox 2428 1233 2553 1288; x_wconf 88' lang='lat' dir='ltr'><strong>Hist</strong></span> <span class='ocrx_word' id='word_1_163' title='bbox 2594 1233 2699 1288; x_wconf 87' lang='lat' dir='ltr'><strong>Jud</strong></span> <span class='ocrx_word' id='word_1_164' title='bbox 2734 1234 2794 1287; x_wconf 90' lang='lat' dir='ltr'><strong>in</strong></span> <span class='ocrx_word' id='word_1_165' title='bbox 2840 1233 2961 1288; x_wconf 90' lang='lat' dir='ltr'><strong>Bibl</strong></span> <span class='ocrx_word' id='word_1_166' title='bbox 2994 1235 3186 1307; x_wconf 85' lang='lat' dir='ltr'><strong>Polygl</strong></span> <span class='ocrx_word' id='word_1_167' title='bbox 3219 1238 3380 1293; x_wconf 90' lang='lat' dir='ltr'><strong>Paris</strong></span> <span class='ocrx_word' id='word_1_168' title='bbox 3409 1240 3526 1294; x_wconf 87' lang='lat' dir='ltr'><strong>He—</strong></span> 
     </span>
     <span class='ocr_line' id='line_1_21' title="bbox 792 1303 3516 1375; baseline 0.002 -5"><span class='ocrx_word' id='word_1_169' title='bbox 792 1314 918 1370; x_wconf 72' lang='lat' dir='ltr'><strong>apls</strong></span> <span class='ocrx_word' id='word_1_170' title='bbox 997 1303 1334 1360; x_wconf 68' lang='lat' dir='ltr'><strong>Colotianus</strong></span> <span class='ocrx_word' id='word_1_171' title='bbox 1405 1321 1497 1375; x_wconf 81' lang='lat' dir='ltr'><strong>ap-</strong></span> <span class='ocrx_word' id='word_1_172' title='bbox 1578 1305 1745 1360; x_wconf 71' lang='lat' dir='ltr'><strong>Grut-</strong></span> <span class='ocrx_word' id='word_1_173' title='bbox 2178 1322 2388 1375; x_wconf 82' lang='lat' dir='ltr'><strong>Olumn.</strong></span> <span class='ocrx_word' id='word_1_174' title='bbox 2434 1320 2599 1375; x_wconf 88' lang='lat' dir='ltr'><strong>rodes</strong></span> <span class='ocrx_word' id='word_1_175' title='bbox 2659 1336 2728 1375; x_wconf 79' lang='lat' dir='ltr'><strong>ex</strong></span> <span class='ocrx_word' id='word_1_176' title='bbox 2800 1321 3036 1375; x_wconf 69' lang='lat' dir='ltr'><strong>Galilma</strong></span> <span class='ocrx_word' id='word_1_177' title='bbox 3100 1321 3202 1375; x_wconf 83' lang='lat' dir='ltr'><strong>lOO</strong></span> <span class='ocrx_word' id='word_1_178' title='bbox 3271 1326 3516 1375; x_wconf 71' lang='lat' dir='ltr'><strong>talenta:</strong></span> 
     </span>
    </p>
   </div>
   <div class='ocr_carea' id='block_1_17' title="bbox 2178 1320 3518 1397">
    <p class='ocr_par' dir='ltr' id='par_1_17' title="bbox 2178 1320 3518 1397">
     <span class='ocr_line' id='line_1_22' title="bbox 2178 1320 3518 1397; baseline 0.002 -19"><span class='ocrx_word' id='word_1_179' title='bbox 2178 1322 2388 1391; x_wconf 84' lang='lat' dir='ltr'><strong>Olymp.</strong></span> <span class='ocrx_word' id='word_1_180' title='bbox 2434 1320 2599 1376; x_wconf 91' lang='lat' dir='ltr'><strong>rodes</strong></span> <span class='ocrx_word' id='word_1_181' title='bbox 2659 1336 2728 1376; x_wconf 79' lang='lat' dir='ltr'><strong>ex</strong></span> <span class='ocrx_word' id='word_1_182' title='bbox 2800 1321 3036 1378; x_wconf 75' lang='lat' dir='ltr'><strong>Galilaea</strong></span> <span class='ocrx_word' id='word_1_183' title='bbox 3100 1321 3202 1379; x_wconf 93' lang='grc'>400</span> <span class='ocrx_word' id='word_1_184' title='bbox 3271 1326 3518 1397; x_wconf 84' lang='lat' dir='ltr'><strong>talenta;</strong></span> 
     </span>
    </p>
   </div>
   <div class='ocr_carea' id='block_1_18' title="bbox 678 1389 3521 1489">
    <p class='ocr_par' dir='ltr' id='par_1_18' title="bbox 678 1389 3521 1489">
     <span class='ocr_line' id='line_1_23' title="bbox 678 1389 3521 1489; baseline 0.006 -38"><span class='ocrx_word' id='word_1_185' title='bbox 678 1389 1054 1489; x_wconf 53' lang='lat' dir='ltr'><strong>fol:_CfiXC_\v&#39;IlI-</strong></span> <span class='ocrx_word' id='word_1_186' title='bbox 1144 1482 1181 1489; x_wconf 49' lang='grc' dir='ltr'>η</span> <span class='ocrx_word' id='word_1_187' title='bbox 1271 1481 1320 1489; x_wconf 76' lang='lat'>__</span> <span class='ocrx_word' id='word_1_188' title='bbox 1524 1480 1576 1489; x_wconf 80' lang='lat'><strong>__</strong></span> <span class='ocrx_word' id='word_1_189' title='bbox 2205 1389 2364 1464; x_wconf 75' lang='lat' dir='ltr'><strong>Ann.</strong></span> <span class='ocrx_word' id='word_1_190' title='bbox 2429 1409 2666 1465; x_wconf 80' lang='lat' dir='ltr'><strong>totidem</strong></span> <span class='ocrx_word' id='word_1_191' title='bbox 2715 1409 3008 1489; x_wconf 81' lang='lat' dir='ltr'><strong>Hyrcanus</strong></span> <span class='ocrx_word' id='word_1_192' title='bbox 3063 1412 3222 1468; x_wconf 88' lang='lat' dir='ltr'><strong>misit</strong></span> <span class='ocrx_word' id='word_1_193' title='bbox 3261 1414 3356 1470; x_wconf 84' lang='lat' dir='ltr'><strong>Jos</strong></span> <span class='ocrx_word' id='word_1_194' title='bbox 3386 1389 3521 1469; x_wconf 69' lang='lat' dir='ltr'><strong>libi</strong></span> 
     </span>
    </p>
   </div>
   <div class='ocr_carea' id='block_1_19' title="bbox 720 1480 2284 1582">
    <p class='ocr_par' dir='ltr' id='par_1_19' title="bbox 720 1480 2267 1582">
     <span class='ocr_line' id='line_1_24' title="bbox 720 1480 2267 1582; baseline 0.005 -48"><span class='ocrx_word' id='word_1_195' title='bbox 720 1480 872 1582; x_wconf 39' lang='lat' dir='ltr'><strong>.Kal.</strong></span> <span class='ocrx_word' id='word_1_196' title='bbox 922 1481 1218 1536; x_wconf 87' lang='lat' dir='ltr'><strong>Januariis</strong></span> <span class='ocrx_word' id='word_1_197' title='bbox 1264 1481 1481 1551; x_wconf 89' lang='lat' dir='ltr'><strong>Cicero,</strong></span> <span class='ocrx_word' id='word_1_198' title='bbox 1524 1480 1754 1550; x_wconf 88' lang='lat' dir='ltr'><strong>Philip—</strong></span> <span class='ocrx_word' id='word_1_199' title='bbox 2251 1511 2267 1552; x_wconf 83' lang='grc' dir='ltr'><strong>ι</strong></span> 
     </span>
    </p>
   </div>
   <div class='ocr_carea' id='block_1_20' title="bbox 1963 1480 3527 1582">
    <p class='ocr_par' dir='ltr' id='par_1_20' title="bbox 2251 1483 3527 1573">
     <span class='ocr_line' id='line_1_25' title="bbox 2251 1483 3527 1573; baseline 0.005 -21"><span class='ocrx_word' id='word_1_200' title='bbox 2251 1511 2341 1552; x_wconf 85' lang='grc' dir='ltr'><strong>ιιι</strong></span> <span class='ocrx_word' id='word_1_201' title='bbox 2440 1497 2576 1552; x_wconf 87' lang='lat' dir='ltr'><strong>belli</strong></span> <span class='ocrx_word' id='word_1_202' title='bbox 2632 1512 2682 1552; x_wconf 92' lang='lat' dir='ltr'><strong>c.</strong></span> <span class='ocrx_word' id='word_1_203' title='bbox 2730 1495 2782 1552; x_wconf 93' lang='lat'><strong>9.</strong></span> <span class='ocrx_word' id='word_1_204' title='bbox 2835 1483 2891 1554; x_wconf 84' lang='lat' dir='ltr'><strong>et</strong></span> <span class='ocrx_word' id='word_1_205' title='bbox 2961 1498 3046 1554; x_wconf 88' lang='lat' dir='ltr'><strong>lib</strong></span> <span class='ocrx_word' id='word_1_206' title='bbox 3098 1514 3194 1556; x_wconf 81' lang='lat' dir='ltr'><strong>xVI</strong></span> <span class='ocrx_word' id='word_1_207' title='bbox 3257 1502 3527 1573; x_wconf 87' lang='lat' dir='ltr'><strong>Antiquit</strong></span> 
     </span>
    </p>
   </div>
   <div class='ocr_carea' id='block_1_21' title="bbox 679 1568 2614 1642">
    <p class='ocr_par' dir='ltr' id='par_1_21' title="bbox 679 1568 2614 1642">
     <span class='ocr_line' id='line_1_26' title="bbox 679 1568 2614 1642; baseline 0.005 -20"><span class='ocrx_word' id='word_1_208' title='bbox 679 1568 806 1639; x_wconf 88' lang='lat' dir='ltr'><strong>pica</strong></span> <span class='ocrx_word' id='word_1_209' title='bbox 832 1569 1054 1638; x_wconf 91' lang='lat' dir='ltr'><strong>quinta,</strong></span> <span class='ocrx_word' id='word_1_210' title='bbox 1083 1568 1398 1626; x_wconf 88' lang='lat' dir='ltr'><strong>Antonium</strong></span> <span class='ocrx_word' id='word_1_211' title='bbox 1426 1569 1578 1624; x_wconf 91' lang='lat' dir='ltr'><strong>belio</strong></span> <span class='ocrx_word' id='word_1_212' title='bbox 1616 1582 1755 1638; x_wconf 87' lang='lat' dir='ltr'><strong>per—</strong></span> <span class='ocrx_word' id='word_1_213' title='bbox 2439 1601 2490 1641; x_wconf 74' lang='grc' dir='ltr'><strong>ο,</strong></span> <span class='ocrx_word' id='word_1_214' title='bbox 2527 1585 2614 1642; x_wconf 80' lang='grc'><strong>18,</strong></span> 
     </span>
    </p>
   </div>
   <div class='ocr_carea' id='block_1_22' title="bbox 677 1818 2134 1910">
    <p class='ocr_par' dir='ltr' id='par_1_22' title="bbox 677 1818 2134 1910">
     <span class='ocr_line' id='line_1_27' title="bbox 677 1818 2134 1910; baseline -0.009 -18"><span class='ocrx_word' id='word_1_215' title='bbox 677 1836 987 1892; x_wconf 83' lang='lat' dir='ltr'><strong>Octaviano</strong></span> <span class='ocrx_word' id='word_1_216' title='bbox 1012 1835 1287 1892; x_wconf 85' lang='lat' dir='ltr'><strong>defertur.</strong></span> <span class='ocrx_word' id='word_1_217' title='bbox 1316 1832 1452 1910; x_wconf 81' lang='lat' dir='ltr'><strong>[Cic.</strong></span> <span class='ocrx_word' id='word_1_218' title='bbox 1473 1833 1623 1890; x_wconf 87' lang='lat' dir='ltr'><strong>Phil.</strong></span> <span class='ocrx_word' id='word_1_219' title='bbox 1645 1827 1750 1905; x_wconf 68' lang='lat' dir='ltr'><strong>XL}</strong></span> <span class='ocrx_word' id='word_1_220' title='bbox 2078 1818 2134 1879; x_wconf 93' lang='lat' dir='ltr'><strong>B</strong></span> 
     </span>
    </p>
   </div>
   <div class='ocr_carea' id='block_1_23' title="bbox 679 1922 1759 1996">
    <p class='ocr_par' dir='ltr' id='par_1_23' title="bbox 679 1922 1759 1996">
     <span class='ocr_line' id='line_1_28' title="bbox 679 1922 1759 1996; baseline -0.006 -15"><span class='ocrx_word' id='word_1_221' title='bbox 679 1925 1057 1982; x_wconf 84' lang='lat' dir='ltr'><strong>Reconciliati</strong></span> <span class='ocrx_word' id='word_1_222' title='bbox 1082 1926 1348 1996; x_wconf 87' lang='lat' dir='ltr'><strong>Lepidus,</strong></span> <span class='ocrx_word' id='word_1_223' title='bbox 1371 1922 1680 1989; x_wconf 85' lang='lat' dir='ltr'><strong>Antonius,</strong></span> <span class='ocrx_word' id='word_1_224' title='bbox 1702 1926 1759 1975; x_wconf 90' lang='lat' dir='ltr'><strong>et</strong></span> 
     </span>
    </p>
   </div>
   <div class='ocr_carea' id='block_1_24' title="bbox 677 2011 1750 2074">
    <p class='ocr_par' dir='ltr' id='par_1_24' title="bbox 677 2011 1750 2074">
     <span class='ocr_line' id='line_1_29' title="bbox 677 2011 1750 2074; baseline -0.011 0"><span class='ocrx_word' id='word_1_225' title='bbox 677 2019 864 2074; x_wconf 66' lang='lat' dir='ltr'><strong>Caesar</strong></span> <span class='ocrx_word' id='word_1_226' title='bbox 913 2019 1341 2070; x_wconf 76' lang='lat' dir='ltr'><strong>Triumuiratum</strong></span> <span class='ocrx_word' id='word_1_227' title='bbox 1379 2011 1654 2066; x_wconf 76' lang='lat' dir='ltr'><strong>invadunt</strong></span> <span class='ocrx_word' id='word_1_228' title='bbox 1678 2011 1750 2063; x_wconf 76' lang='grc' dir='ltr'><strong>Β.</strong></span> 
     </span>
    </p>
   </div>
   <div class='ocr_carea' id='block_1_25' title="bbox 679 2079 1756 2152">
    <p class='ocr_par' dir='ltr' id='par_1_25' title="bbox 679 2079 1756 2152">
     <span class='ocr_line' id='line_1_30' title="bbox 679 2079 1756 2152; baseline -0.011 -7"><span class='ocrx_word' id='word_1_229' title='bbox 679 2091 741 2145; x_wconf 89' lang='grc' dir='ltr'><strong>Ρ.</strong></span> <span class='ocrx_word' id='word_1_230' title='bbox 758 2089 811 2144; x_wconf 88' lang='lat' dir='ltr'><strong>C.</strong></span> <span class='ocrx_word' id='word_1_231' title='bbox 837 2088 932 2144; x_wconf 92' lang='lat' dir='ltr'><strong>die</strong></span> <span class='ocrx_word' id='word_1_232' title='bbox 949 2101 980 2141; x_wconf 93' lang='lat' dir='ltr'><strong>v</strong></span> <span class='ocrx_word' id='word_1_233' title='bbox 1009 2089 1108 2144; x_wconf 84' lang='lat' dir='ltr'><strong>Kal</strong></span> <span class='ocrx_word' id='word_1_234' title='bbox 1129 2085 1366 2143; x_wconf 91' lang='lat' dir='ltr'><strong>Decemb</strong></span> <span class='ocrx_word' id='word_1_235' title='bbox 1390 2084 1558 2152; x_wconf 83' lang='lat' dir='ltr'><strong>Lapis</strong></span> <span class='ocrx_word' id='word_1_236' title='bbox 1574 2079 1756 2136; x_wconf 93' lang='lat' dir='ltr'><strong>Colot.</strong></span> 
     </span>
    </p>
   </div>
   <div class='ocr_carea' id='block_1_26' title="bbox 683 2170 1755 2242">
    <p class='ocr_par' dir='ltr' id='par_1_26' title="bbox 683 2170 1755 2242">
     <span class='ocr_line' id='line_1_31' title="bbox 683 2170 1755 2242; baseline -0.017 -2"><span class='ocrx_word' id='word_1_237' title='bbox 683 2183 790 2240; x_wconf 88' lang='lat' dir='ltr'><strong>ibi.</strong></span> <span class='ocrx_word' id='word_1_238' title='bbox 817 2189 872 2238; x_wconf 91' lang='lat' dir='ltr'><strong>et</strong></span> <span class='ocrx_word' id='word_1_239' title='bbox 902 2181 1122 2238; x_wconf 89' lang='lat' dir='ltr'><strong>nummi</strong></span> <span class='ocrx_word' id='word_1_240' title='bbox 1141 2185 1198 2234; x_wconf 87' lang='lat' dir='ltr'><strong>et</strong></span> <span class='ocrx_word' id='word_1_241' title='bbox 1225 2174 1493 2233; x_wconf 88' lang='lat' dir='ltr'><strong>historici</strong></span> <span class='ocrx_word' id='word_1_242' title='bbox 1518 2170 1755 2242; x_wconf 89' lang='lat' dir='ltr'><strong>passim.</strong></span> 
     </span>
    </p>
   </div>
   <div class='ocr_carea' id='block_1_27' title="bbox 752 2260 1755 2330">
    <p class='ocr_par' dir='ltr' id='par_1_27' title="bbox 752 2260 1755 2330">
     <span class='ocr_line' id='line_1_32' title="bbox 752 2260 1755 2330; baseline -0.021 0"><span class='ocrx_word' id='word_1_243' title='bbox 752 2273 949 2330; x_wconf 88' lang='lat' dir='ltr'><strong>Cicero</strong></span> <span class='ocrx_word' id='word_1_244' title='bbox 1006 2269 1297 2326; x_wconf 89' lang='lat' dir='ltr'><strong>occiditur</strong></span> <span class='ocrx_word' id='word_1_245' title='bbox 1343 2277 1424 2319; x_wconf 82' lang='lat' dir='ltr'><strong>\&#39;ll</strong></span> <span class='ocrx_word' id='word_1_246' title='bbox 1485 2260 1564 2315; x_wconf 90' lang='lat' dir='ltr'><strong>Id.</strong></span> <span class='ocrx_word' id='word_1_247' title='bbox 1624 2261 1755 2314; x_wconf 89' lang='lat' dir='ltr'><strong>Dec.</strong></span> 
     </span>
    </p>
   </div>
   <div class='ocr_carea' id='block_1_28' title="bbox 680 2350 1479 2435">
    <p class='ocr_par' dir='ltr' id='par_1_28' title="bbox 680 2350 1479 2435">
     <span class='ocr_line' id='line_1_33' title="bbox 680 2350 1479 2435; baseline -0.025 -11"><span class='ocrx_word' id='word_1_248' title='bbox 680 2365 893 2435; x_wconf 88' lang='lat' dir='ltr'><strong>dialog.</strong></span> <span class='ocrx_word' id='word_1_249' title='bbox 930 2362 1000 2417; x_wconf 93' lang='lat' dir='ltr'><strong>de</strong></span> <span class='ocrx_word' id='word_1_250' title='bbox 1030 2361 1225 2416; x_wconf 90' lang='lat' dir='ltr'><strong>causis</strong></span> <span class='ocrx_word' id='word_1_251' title='bbox 1253 2369 1372 2411; x_wconf 91' lang='lat' dir='ltr'><strong>cor.</strong></span> <span class='ocrx_word' id='word_1_252' title='bbox 1405 2350 1479 2406; x_wconf 91' lang='grc'>01.</span> 
     </span>
    </p>
   </div>
   <div class='ocr_carea' id='block_1_29' title="bbox 2445 1766 3529 1839">
    <p class='ocr_par' dir='ltr' id='par_1_29' title="bbox 2445 1766 3529 1839">
     <span class='ocr_line' id='line_1_34' title="bbox 2445 1766 3529 1839; baseline 0.005 -18"><span class='ocrx_word' id='word_1_253' title='bbox 2445 1779 2517 1821; x_wconf 91' lang='lat' dir='ltr'><strong>no</strong></span> <span class='ocrx_word' id='word_1_254' title='bbox 2547 1779 2577 1820; x_wconf 91' lang='lat' dir='ltr'><strong>e</strong></span> <span class='ocrx_word' id='word_1_255' title='bbox 2610 1767 2794 1822; x_wconf 91' lang='lat' dir='ltr'><strong>medio</strong></span> <span class='ocrx_word' id='word_1_256' title='bbox 2826 1766 3074 1823; x_wconf 89' lang='lat' dir='ltr'><strong>tollitur.</strong></span> <span class='ocrx_word' id='word_1_257' title='bbox 3110 1769 3439 1839; x_wconf 90' lang='lat' dir='ltr'><strong>Phasaelus,</strong></span> <span class='ocrx_word' id='word_1_258' title='bbox 3471 1777 3529 1826; x_wconf 89' lang='lat' dir='ltr'><strong>et</strong></span> 
     </span>
    </p>
   </div>
   <div class='ocr_carea' id='block_1_30' title="bbox 2444 1855 3528 1914">
    <p class='ocr_par' dir='ltr' id='par_1_30' title="bbox 2444 1855 3528 1914">
     <span class='ocr_line' id='line_1_35' title="bbox 2444 1855 3528 1914; baseline 0.005 -5"><span class='ocrx_word' id='word_1_259' title='bbox 2444 1855 2691 1910; x_wconf 90' lang='lat' dir='ltr'><strong>Herodes</strong></span> <span class='ocrx_word' id='word_1_260' title='bbox 2747 1855 2854 1911; x_wconf 86' lang='lat' dir='ltr'><strong>filii</strong></span> <span class='ocrx_word' id='word_1_261' title='bbox 2919 1855 3196 1912; x_wconf 88' lang='lat' dir='ltr'><strong>ultionem</strong></span> <span class='ocrx_word' id='word_1_262' title='bbox 3250 1857 3528 1914; x_wconf 72' lang='lat' dir='ltr'><strong>differunt</strong></span> 
     </span>
    </p>
   </div>
   <div class='ocr_carea' id='block_1_31' title="bbox 2448 1945 3532 2017">
    <p class='ocr_par' dir='ltr' id='par_1_31' title="bbox 2448 1945 3532 2017">
     <span class='ocr_line' id='line_1_36' title="bbox 2448 1945 3532 2017; baseline 0.002 -17"><span class='ocrx_word' id='word_1_263' title='bbox 2448 1945 2651 2015; x_wconf 83' lang='lat' dir='ltr'><strong>patris.</strong></span> <span class='ocrx_word' id='word_1_264' title='bbox 2703 1945 2970 2014; x_wconf 88' lang='lat' dir='ltr'><strong>Herodes,</strong></span> <span class='ocrx_word' id='word_1_265' title='bbox 3016 1946 3214 2003; x_wconf 91' lang='lat' dir='ltr'><strong>Cassio</strong></span> <span class='ocrx_word' id='word_1_266' title='bbox 3287 1951 3532 2017; x_wconf 86' lang='lat' dir='ltr'><strong>permit—</strong></span> 
     </span>
    </p>
   </div>
   <div class='ocr_carea' id='block_1_32' title="bbox 2448 2036 3534 2105">
    <p class='ocr_par' dir='ltr' id='par_1_32' title="bbox 2448 2036 3534 2105">
     <span class='ocr_line' id='line_1_37' title="bbox 2448 2036 3534 2105; baseline 0.002 -15"><span class='ocrx_word' id='word_1_267' title='bbox 2448 2040 2618 2105; x_wconf 87' lang='lat' dir='ltr'><strong>tente,</strong></span> <span class='ocrx_word' id='word_1_268' title='bbox 2651 2036 2910 2090; x_wconf 87' lang='lat' dir='ltr'><strong>eumdem</strong></span> <span class='ocrx_word' id='word_1_269' title='bbox 2947 2050 3044 2105; x_wconf 91' lang='lat' dir='ltr'><strong>per</strong></span> <span class='ocrx_word' id='word_1_270' title='bbox 3073 2037 3353 2092; x_wconf 85' lang='lat' dir='ltr'><strong>satellites</strong></span> <span class='ocrx_word' id='word_1_271' title='bbox 3389 2051 3534 2094; x_wconf 89' lang='lat' dir='ltr'><strong>con—</strong></span> 
     </span>
    </p>
   </div>
   <div class='ocr_carea' id='block_1_33' title="bbox 2448 2123 3534 2196">
    <p class='ocr_par' dir='ltr' id='par_1_33' title="bbox 2448 2123 3534 2196">
     <span class='ocr_line' id='line_1_38' title="bbox 2448 2123 3534 2196; baseline 0.002 -17"><span class='ocrx_word' id='word_1_272' title='bbox 2448 2123 2596 2181; x_wconf 85' lang='lat' dir='ltr'><strong>fodit</strong></span> <span class='ocrx_word' id='word_1_273' title='bbox 2636 2126 2737 2180; x_wconf 74' lang='lat' dir='ltr'><strong>Jos&#39;</strong></span> <span class='ocrx_word' id='word_1_274' title='bbox 2774 2127 2952 2196; x_wconf 89' lang='lat' dir='ltr'><strong>Antiq</strong></span> <span class='ocrx_word' id='word_1_275' title='bbox 2986 2125 3067 2180; x_wconf 92' lang='lat' dir='ltr'><strong>lib</strong></span> <span class='ocrx_word' id='word_1_276' title='bbox 3115 2140 3235 2181; x_wconf 79' lang='lat' dir='ltr'><strong>XIV.</strong></span> <span class='ocrx_word' id='word_1_277' title='bbox 3267 2141 3319 2182; x_wconf 92' lang='lat' dir='ltr'><strong>c.</strong></span> <span class='ocrx_word' id='word_1_278' title='bbox 3359 2125 3452 2183; x_wconf 82' lang='grc'><strong>20.</strong></span> <span class='ocrx_word' id='word_1_279' title='bbox 3476 2132 3534 2182; x_wconf 92' lang='lat' dir='ltr'><strong>et</strong></span> 
     </span>
    </p>
   </div>
   <div class='ocr_carea' id='block_1_34' title="bbox 2449 2212 2958 2284">
    <p class='ocr_par' dir='ltr' id='par_1_34' title="bbox 2449 2212 2958 2284">
     <span class='ocr_line' id='line_1_39' title="bbox 2449 2212 2958 2284; baseline 0 -16"><span class='ocrx_word' id='word_1_280' title='bbox 2449 2212 2532 2268; x_wconf 91' lang='lat' dir='ltr'><strong>lib</strong></span> <span class='ocrx_word' id='word_1_281' title='bbox 2566 2227 2582 2268; x_wconf 88' lang='grc' dir='ltr'><strong>ι</strong></span> <span class='ocrx_word' id='word_1_282' title='bbox 2613 2213 2776 2284; x_wconf 89' lang='lat' dir='ltr'><strong>belli,</strong></span> <span class='ocrx_word' id='word_1_283' title='bbox 2806 2229 2853 2270; x_wconf 92' lang='lat' dir='ltr'><strong>c.</strong></span> <span class='ocrx_word' id='word_1_284' title='bbox 2906 2214 2958 2270; x_wconf 92' lang='lat'><strong>9.</strong></span> 
     </span>
    </p>
   </div>
   <div class='ocr_carea' id='block_1_35' title="bbox 449 2486 2013 2594">
    <p class='ocr_par' dir='ltr' id='par_1_35' title="bbox 449 2492 1980 2594">
     <span class='ocr_line' id='line_1_40' title="bbox 449 2492 1980 2594; baseline -0.031 0"><span class='ocrx_word' id='word_1_285' title='bbox 449 2532 612 2594; x_wconf 73' lang='grc'><strong>4674.</strong></span> <span class='ocrx_word' id='word_1_286' title='bbox 745 2531 805 2584; x_wconf 85' lang='grc' dir='ltr'><strong>Ι..</strong></span> <span class='ocrx_word' id='word_1_287' title='bbox 832 2520 1178 2582; x_wconf 84' lang='lat' dir='ltr'><strong>Munatiusl.</strong></span> <span class='ocrx_word' id='word_1_288' title='bbox 1204 2517 1302 2573; x_wconf 93' lang='lat' dir='ltr'><strong>f.l.</strong></span> <span class='ocrx_word' id='word_1_289' title='bbox 1333 2529 1388 2570; x_wconf 94' lang='lat' dir='ltr'><strong>n.</strong></span> <span class='ocrx_word' id='word_1_290' title='bbox 1415 2511 1667 2566; x_wconf 82' lang='lat' dir='ltr'><strong>Plancus</strong></span> <span class='ocrx_word' id='word_1_291' title='bbox 1690 2502 1763 2556; x_wconf 85' lang='lat' dir='ltr'><strong>M.</strong></span> 
     </span>
    </p>
   </div>
   <div class='ocr_carea' id='block_1_36' title="bbox 2169 2486 3733 2594">
    <p class='ocr_par' dir='ltr' id='par_1_36' title="bbox 2232 2486 3733 2562">
     <span class='ocr_line' id='line_1_41' title="bbox 2232 2486 3733 2562; baseline -0.001 -18"><span class='ocrx_word' id='word_1_292' title='bbox 2232 2501 2273 2545; x_wconf 90' lang='lat' dir='ltr'><strong>II</strong></span> <span class='ocrx_word' id='word_1_293' title='bbox 2318 2501 2380 2544; x_wconf 90' lang='lat' dir='ltr'><strong>III</strong></span> <span class='ocrx_word' id='word_1_294' title='bbox 2519 2489 2818 2559; x_wconf 87' lang='lat' dir='ltr'><strong>Hyrcanus</strong></span> <span class='ocrx_word' id='word_1_295' title='bbox 2888 2504 2986 2561; x_wconf 89' lang='lat' dir='ltr'><strong>per</strong></span> <span class='ocrx_word' id='word_1_296' title='bbox 3047 2490 3262 2562; x_wconf 85' lang='lat' dir='ltr'><strong>legatos</strong></span> <span class='ocrx_word' id='word_1_297' title='bbox 3309 2502 3542 2545; x_wconf 87' lang='lat' dir='ltr'><strong>auream</strong></span> <span class='ocrx_word' id='word_1_298' title='bbox 3637 2486 3733 2544; x_wconf 72' lang='grc'><strong>43.</strong></span> 
     </span>
    </p>
   </div>
   <div class='ocr_carea' id='block_1_37' title="bbox 432 2578 3543 2682">
    <p class='ocr_par' dir='ltr' id='par_1_37' title="bbox 432 2578 3543 2682">
     <span class='ocr_line' id='line_1_42' title="bbox 432 2578 3543 2682; baseline -0.016 0"><span class='ocrx_word' id='word_1_299' title='bbox 1105 2609 1145 2663; x_wconf 91' lang='lat' dir='ltr'><strong>f.</strong></span> <span class='ocrx_word' id='word_1_300' title='bbox 1194 2623 1247 2677; x_wconf 88' lang='lat' dir='ltr'><strong>q.</strong></span> <span class='ocrx_word' id='word_1_301' title='bbox 1306 2618 1364 2658; x_wconf 89' lang='grc' dir='ltr'>ιι.</span> <span class='ocrx_word' id='word_1_302' title='bbox 1400 2597 1647 2667; x_wconf 85' lang='lat' dir='ltr'><strong>Lepidus</strong></span> <span class='ocrx_word' id='word_1_303' title='bbox 1693 2604 1754 2659; x_wconf 85' lang='lat' dir='ltr'><strong>II,</strong></span> <span class='ocrx_word' id='word_1_304' title='bbox 1843 2580 1971 2641; x_wconf 93' lang='grc'><strong>744.</strong></span> <span class='ocrx_word' id='word_1_305' title='bbox 2460 2593 2729 2636; x_wconf 87' lang='lat' dir='ltr'><strong>coronam</strong></span> <span class='ocrx_word' id='word_1_306' title='bbox 2774 2579 2849 2634; x_wconf 85' lang='lat' dir='ltr'><strong>M.</strong></span> <span class='ocrx_word' id='word_1_307' title='bbox 2891 2580 3144 2635; x_wconf 90' lang='lat' dir='ltr'><strong>Antonio</strong></span> <span class='ocrx_word' id='word_1_308' title='bbox 3185 2578 3385 2645; x_wconf 84' lang='lat' dir='ltr'><strong>mittit,</strong></span> <span class='ocrx_word' id='word_1_309' title='bbox 3440 2591 3543 2632; x_wconf 85' lang='lat' dir='ltr'><strong>ro—</strong></span> 
     </span>
    </p>
   </div>
   <div class='ocr_carea' id='block_1_38' title="bbox 507 2710 570 2766">
    <p class='ocr_par' dir='ltr' id='par_1_38' title="bbox 507 2710 570 2766">
     <span class='ocr_line' id='line_1_43' title="bbox 507 2710 570 2766; baseline -0.032 0"><span class='ocrx_word' id='word_1_310' title='bbox 507 2710 570 2766; x_wconf 85' lang='lat' dir='ltr'><strong>G.</strong></span> 
     </span>
    </p>
   </div>
   <div class='ocr_carea' id='block_1_39' title="bbox 475 4195 634 4255">
    <p class='ocr_par' dir='ltr' id='par_1_39' title="bbox 475 4195 634 4255">
     <span class='ocr_line' id='line_1_44' title="bbox 475 4195 634 4255; baseline -0.013 0"><span class='ocrx_word' id='word_1_311' title='bbox 475 4195 634 4255; x_wconf 69' lang='lat' dir='ltr'><strong>W2.</strong></span> 
     </span>
    </p>
   </div>
   <div class='ocr_carea' id='block_1_40' title="bbox 685 2683 1764 2762">
    <p class='ocr_par' dir='ltr' id='par_1_40' title="bbox 685 2683 1764 2762">
     <span class='ocr_line' id='line_1_45' title="bbox 685 2683 1764 2762; baseline -0.027 0"><span class='ocrx_word' id='word_1_312' title='bbox 685 2708 835 2762; x_wconf 85' lang='lat' dir='ltr'><strong>Man.</strong></span> <span class='ocrx_word' id='word_1_313' title='bbox 866 2704 1013 2756; x_wconf 89' lang='lat' dir='ltr'><strong>Anto</strong></span> <span class='ocrx_word' id='word_1_314' title='bbox 1034 2699 1170 2753; x_wconf 90' lang='lat' dir='ltr'><strong>nius</strong></span> <span class='ocrx_word' id='word_1_315' title='bbox 1194 2697 1259 2749; x_wconf 89' lang='lat' dir='ltr'><strong>H.</strong></span> <span class='ocrx_word' id='word_1_316' title='bbox 1285 2687 1576 2760; x_wconf 90' lang='lat' dir='ltr'><strong>Sulpitius</strong></span> <span class='ocrx_word' id='word_1_317' title='bbox 1598 2683 1764 2738; x_wconf 92' lang='lat' dir='ltr'><strong>Cons.</strong></span> 
     </span>
    </p>
   </div>
   <div class='ocr_carea' id='block_1_41' title="bbox 699 2767 1300 2832">
    <p class='ocr_par' dir='ltr' id='par_1_41' title="bbox 699 2767 1300 2832">
     <span class='ocr_line' id='line_1_46' title="bbox 699 2767 1300 2832; baseline -0.025 1"><span class='ocrx_word' id='word_1_318' title='bbox 699 2779 968 2832; x_wconf 81' lang='lat' dir='ltr'><strong>Lustrum</strong></span> <span class='ocrx_word' id='word_1_319' title='bbox 994 2783 1106 2826; x_wconf 91' lang='lat' dir='ltr'><strong>non</strong></span> <span class='ocrx_word' id='word_1_320' title='bbox 1143 2767 1300 2822; x_wconf 89' lang='lat' dir='ltr'><strong>fecit.</strong></span> 
     </span>
    </p>
   </div>
   <div class='ocr_carea' id='block_1_42' title="bbox 769 2839 1767 2916">
    <p class='ocr_par' dir='ltr' id='par_1_42' title="bbox 769 2839 1767 2916">
     <span class='ocr_line' id='line_1_47' title="bbox 769 2839 1767 2916; baseline -0.025 1"><span class='ocrx_word' id='word_1_321' title='bbox 769 2859 921 2916; x_wconf 88' lang='lat' dir='ltr'><strong>Fasti</strong></span> <span class='ocrx_word' id='word_1_322' title='bbox 946 2869 1142 2913; x_wconf 89' lang='lat' dir='ltr'><strong>marm.</strong></span> <span class='ocrx_word' id='word_1_323' title='bbox 1175 2849 1457 2908; x_wconf 91' lang='lat' dir='ltr'><strong>Colotian.</strong></span> <span class='ocrx_word' id='word_1_324' title='bbox 1481 2858 1572 2914; x_wconf 87' lang='lat' dir='ltr'><strong>ap.</strong></span> <span class='ocrx_word' id='word_1_325' title='bbox 1599 2839 1767 2896; x_wconf 89' lang='lat' dir='ltr'><strong>Grut.</strong></span> 
     </span>
    </p>
   </div>
   <div class='ocr_carea' id='block_1_43' title="bbox 698 2931 1774 3010">
    <p class='ocr_par' dir='ltr' id='par_1_43' title="bbox 698 2931 1774 3010">
     <span class='ocr_line' id='line_1_48' title="bbox 698 2931 1774 3010; baseline -0.022 -4"><span class='ocrx_word' id='word_1_326' title='bbox 698 2950 799 3006; x_wconf 87' lang='lat' dir='ltr'><strong>fol.</strong></span> <span class='ocrx_word' id='word_1_327' title='bbox 829 2945 954 3004; x_wconf 83' lang='grc'><strong>298.</strong></span> <span class='ocrx_word' id='word_1_328' title='bbox 984 2945 1066 3001; x_wconf 87' lang='lat' dir='ltr'><strong>Ad</strong></span> <span class='ocrx_word' id='word_1_329' title='bbox 1105 2942 1402 3010; x_wconf 89' lang='lat' dir='ltr'><strong>Philippos</strong></span> <span class='ocrx_word' id='word_1_330' title='bbox 1431 2931 1774 2991; x_wconf 63' lang='lat' dir='ltr'><strong>Macedoniae</strong></span> 
     </span>
    </p>
   </div>
   <div class='ocr_carea' id='block_1_44' title="bbox 699 3018 1771 3104">
    <p class='ocr_par' dir='ltr' id='par_1_44' title="bbox 699 3018 1771 3104">
     <span class='ocr_line' id='line_1_49' title="bbox 699 3018 1771 3104; baseline -0.021 -9"><span class='ocrx_word' id='word_1_331' title='bbox 699 3037 1001 3095; x_wconf 90' lang='lat' dir='ltr'><strong>commissa</strong></span> <span class='ocrx_word' id='word_1_332' title='bbox 1049 3044 1260 3104; x_wconf 88' lang='lat' dir='ltr'><strong>pugna.</strong></span> <span class='ocrx_word' id='word_1_333' title='bbox 1289 3026 1451 3083; x_wconf 88' lang='lat' dir='ltr'><strong>Bruti</strong></span> <span class='ocrx_word' id='word_1_334' title='bbox 1487 3029 1545 3080; x_wconf 91' lang='lat' dir='ltr'><strong>et</strong></span> <span class='ocrx_word' id='word_1_335' title='bbox 1585 3018 1771 3076; x_wconf 88' lang='lat' dir='ltr'><strong>Cassii</strong></span> 
     </span>
    </p>
   </div>
   <div class='ocr_carea' id='block_1_45' title="bbox 701 3109 1778 3199">
    <p class='ocr_par' dir='ltr' id='par_1_45' title="bbox 701 3109 1778 3199">
     <span class='ocr_line' id='line_1_50' title="bbox 701 3109 1778 3199; baseline -0.02 -15"><span class='ocrx_word' id='word_1_336' title='bbox 701 3127 955 3199; x_wconf 79' lang='lat' dir='ltr'><strong>legiones</strong></span> <span class='ocrx_word' id='word_1_337' title='bbox 993 3135 1117 3189; x_wconf 76' lang='lat' dir='ltr'><strong>XXI,</strong></span> <span class='ocrx_word' id='word_1_338' title='bbox 1141 3132 1271 3175; x_wconf 90' lang='lat' dir='ltr'><strong>cum</strong></span> <span class='ocrx_word' id='word_1_339' title='bbox 1299 3114 1536 3172; x_wconf 85' lang='lat' dir='ltr'><strong>totidem</strong></span> <span class='ocrx_word' id='word_1_340' title='bbox 1565 3111 1635 3166; x_wconf 81' lang='grc' dir='ltr'><strong>Μ.</strong></span> <span class='ocrx_word' id='word_1_341' title='bbox 1666 3109 1778 3164; x_wconf 84' lang='lat' dir='ltr'><strong>An-</strong></span> 
     </span>
    </p>
   </div>
   <div class='ocr_carea' id='block_1_46' title="bbox 702 3201 1774 3275">
    <p class='ocr_par' dir='ltr' id='par_1_46' title="bbox 702 3201 1774 3275">
     <span class='ocr_line' id='line_1_51' title="bbox 702 3201 1774 3275; baseline -0.019 -4"><span class='ocrx_word' id='word_1_342' title='bbox 702 3214 849 3271; x_wconf 90' lang='lat' dir='ltr'><strong>tonii</strong></span> <span class='ocrx_word' id='word_1_343' title='bbox 880 3217 936 3268; x_wconf 90' lang='lat' dir='ltr'><strong>et</strong></span> <span class='ocrx_word' id='word_1_344' title='bbox 980 3207 1240 3275; x_wconf 63' lang='lat' dir='ltr'><strong>Caesaris,</strong></span> <span class='ocrx_word' id='word_1_345' title='bbox 1282 3201 1516 3259; x_wconf 86' lang='lat' dir='ltr'><strong>Cassius</strong></span> <span class='ocrx_word' id='word_1_346' title='bbox 1565 3203 1774 3253; x_wconf 85' lang='lat' dir='ltr'><strong>exutus</strong></span> 
     </span>
    </p>
   </div>
   <div class='ocr_carea' id='block_1_47' title="bbox 702 3288 1775 3358">
    <p class='ocr_par' dir='ltr' id='par_1_47' title="bbox 702 3288 1775 3358">
     <span class='ocr_line' id='line_1_52' title="bbox 702 3288 1775 3358; baseline -0.019 1"><span class='ocrx_word' id='word_1_347' title='bbox 702 3301 911 3358; x_wconf 84' lang='lat' dir='ltr'><strong>castris</strong></span> <span class='ocrx_word' id='word_1_348' title='bbox 936 3312 996 3354; x_wconf 91' lang='lat' dir='ltr'><strong>se</strong></span> <span class='ocrx_word' id='word_1_349' title='bbox 1018 3293 1312 3352; x_wconf 86' lang='lat' dir='ltr'><strong>interﬁcit.</strong></span> <span class='ocrx_word' id='word_1_350' title='bbox 1334 3293 1546 3346; x_wconf 90' lang='lat' dir='ltr'><strong>Brutus</strong></span> <span class='ocrx_word' id='word_1_351' title='bbox 1570 3288 1775 3342; x_wconf 88' lang='lat' dir='ltr'><strong>iterato</strong></span> 
     </span>
    </p>
   </div>
   <div class='ocr_carea' id='block_1_48' title="bbox 704 3374 1770 3461">
    <p class='ocr_par' dir='ltr' id='par_1_48' title="bbox 704 3374 1770 3461">
     <span class='ocr_line' id='line_1_53' title="bbox 704 3374 1770 3461; baseline -0.019 -14"><span class='ocrx_word' id='word_1_352' title='bbox 704 3390 904 3461; x_wconf 66' lang='lat' dir='ltr'><strong>praelia</strong></span> <span class='ocrx_word' id='word_1_353' title='bbox 946 3387 1136 3442; x_wconf 91' lang='lat' dir='ltr'><strong>victus</strong></span> <span class='ocrx_word' id='word_1_354' title='bbox 1165 3396 1225 3438; x_wconf 91' lang='lat' dir='ltr'><strong>se</strong></span> <span class='ocrx_word' id='word_1_355' title='bbox 1268 3380 1483 3450; x_wconf 91' lang='lat' dir='ltr'><strong>pariter</strong></span> <span class='ocrx_word' id='word_1_356' title='bbox 1514 3374 1770 3431; x_wconf 87' lang='lat' dir='ltr'><strong>conficit.</strong></span> 
     </span>
    </p>
   </div>
   <div class='ocr_carea' id='block_1_49' title="bbox 704 3463 1770 3541">
    <p class='ocr_par' dir='ltr' id='par_1_49' title="bbox 704 3463 1770 3541">
     <span class='ocr_line' id='line_1_54' title="bbox 704 3463 1770 3541; baseline -0.02 -6"><span class='ocrx_word' id='word_1_357' title='bbox 704 3479 824 3536; x_wconf 90' lang='lat' dir='ltr'><strong>Liv.</strong></span> <span class='ocrx_word' id='word_1_358' title='bbox 854 3477 956 3532; x_wconf 90' lang='lat' dir='ltr'><strong>lib.</strong></span> <span class='ocrx_word' id='word_1_359' title='bbox 988 3485 1157 3530; x_wconf 83' lang='lat' dir='ltr'><strong>cxxw</strong></span> <span class='ocrx_word' id='word_1_360' title='bbox 1184 3490 1199 3541; x_wconf 70' lang='grc' dir='ltr'><strong>ς</strong></span> <span class='ocrx_word' id='word_1_361' title='bbox 1230 3471 1446 3524; x_wconf 84' lang='lat' dir='ltr'><strong>Patere.</strong></span> <span class='ocrx_word' id='word_1_362' title='bbox 1477 3463 1580 3519; x_wconf 91' lang='lat' dir='ltr'><strong>lib.</strong></span> <span class='ocrx_word' id='word_1_363' title='bbox 1615 3477 1677 3530; x_wconf 88' lang='lat' dir='ltr'><strong>II,</strong></span> <span class='ocrx_word' id='word_1_364' title='bbox 1721 3477 1770 3518; x_wconf 90' lang='lat' dir='ltr'><strong>c.</strong></span> 
     </span>
    </p>
   </div>
   <div class='ocr_carea' id='block_1_50' title="bbox 701 3550 1770 3625">
    <p class='ocr_par' dir='ltr' id='par_1_50' title="bbox 701 3550 1770 3625">
     <span class='ocr_line' id='line_1_55' title="bbox 701 3550 1770 3625; baseline -0.021 -1"><span class='ocrx_word' id='word_1_365' title='bbox 701 3565 793 3624; x_wconf 89' lang='grc'>70.</span> <span class='ocrx_word' id='word_1_366' title='bbox 826 3566 958 3621; x_wconf 90' lang='lat' dir='ltr'><strong>Plut</strong></span> <span class='ocrx_word' id='word_1_367' title='bbox 979 3563 1040 3618; x_wconf 92' lang='lat' dir='ltr'><strong>in</strong></span> <span class='ocrx_word' id='word_1_368' title='bbox 1068 3563 1262 3616; x_wconf 87' lang='lat' dir='ltr'><strong>Bruto.</strong></span> <span class='ocrx_word' id='word_1_369' title='bbox 1287 3555 1530 3625; x_wconf 86' lang='lat' dir='ltr'><strong>Appian.</strong></span> <span class='ocrx_word' id='word_1_370' title='bbox 1565 3550 1668 3606; x_wconf 89' lang='lat' dir='ltr'><strong>lib.</strong></span> <span class='ocrx_word' id='word_1_371' title='bbox 1697 3563 1770 3605; x_wconf 91' lang='lat' dir='ltr'><strong>Iv.</strong></span> 
     </span>
    </p>
   </div>
   <div class='ocr_carea' id='block_1_51' title="bbox 702 3636 1774 3711">
    <p class='ocr_par' dir='ltr' id='par_1_51' title="bbox 702 3636 1774 3711">
     <span class='ocr_line' id='line_1_56' title="bbox 702 3636 1774 3711; baseline -0.02 -1"><span class='ocrx_word' id='word_1_372' title='bbox 702 3652 991 3711; x_wconf 77' lang='lat' dir='ltr'><strong>Antonius</strong></span> <span class='ocrx_word' id='word_1_373' title='bbox 1014 3651 1072 3704; x_wconf 92' lang='lat' dir='ltr'><strong>in</strong></span> <span class='ocrx_word' id='word_1_374' title='bbox 1089 3643 1411 3704; x_wconf 88' lang='lat' dir='ltr'><strong>Orientales</strong></span> <span class='ocrx_word' id='word_1_375' title='bbox 1423 3636 1774 3706; x_wconf 90' lang='lat' dir='ltr'><strong>Provincias,</strong></span> 
     </span>
    </p>
   </div>
   <div class='ocr_carea' id='block_1_52' title="bbox 702 3725 1780 3799">
    <p class='ocr_par' dir='ltr' id='par_1_52' title="bbox 702 3725 1780 3799">
     <span class='ocr_line' id='line_1_57' title="bbox 702 3725 1780 3799; baseline -0.019 -1"><span class='ocrx_word' id='word_1_376' title='bbox 702 3743 889 3797; x_wconf 67' lang='lat' dir='ltr'><strong>Caesar</strong></span> <span class='ocrx_word' id='word_1_377' title='bbox 911 3739 971 3794; x_wconf 89' lang='lat' dir='ltr'><strong>in</strong></span> <span class='ocrx_word' id='word_1_378' title='bbox 996 3731 1392 3793; x_wconf 86' lang='lat' dir='ltr'><strong>Occidentales</strong></span> <span class='ocrx_word' id='word_1_379' title='bbox 1409 3725 1780 3799; x_wconf 83' lang='lat' dir='ltr'><strong>proficiscun-</strong></span> 
     </span>
    </p>
   </div>
   <div class='ocr_carea' id='block_1_53' title="bbox 707 3813 1778 3898">
    <p class='ocr_par' dir='ltr' id='par_1_53' title="bbox 707 3813 1778 3898">
     <span class='ocr_line' id='line_1_58' title="bbox 707 3813 1778 3898; baseline -0.02 -12"><span class='ocrx_word' id='word_1_380' title='bbox 707 3837 804 3886; x_wconf 87' lang='lat' dir='ltr'><strong>tur</strong></span> <span class='ocrx_word' id='word_1_381' title='bbox 824 3827 1058 3898; x_wconf 87' lang='lat' dir='ltr'><strong>partitis</strong></span> <span class='ocrx_word' id='word_1_382' title='bbox 1084 3825 1234 3879; x_wconf 89' lang='lat' dir='ltr'><strong>inter</strong></span> <span class='ocrx_word' id='word_1_383' title='bbox 1250 3833 1311 3876; x_wconf 86' lang='lat' dir='ltr'><strong>se</strong></span> <span class='ocrx_word' id='word_1_384' title='bbox 1329 3817 1536 3888; x_wconf 92' lang='lat' dir='ltr'><strong>copiis,</strong></span> <span class='ocrx_word' id='word_1_385' title='bbox 1561 3813 1657 3869; x_wconf 90' lang='lat' dir='ltr'><strong>sed</strong></span> <span class='ocrx_word' id='word_1_386' title='bbox 1690 3813 1778 3867; x_wconf 93' lang='lat' dir='ltr'><strong>in-</strong></span> 
     </span>
    </p>
   </div>
   <div class='ocr_carea' id='block_1_54' title="bbox 710 3901 1774 3973">
    <p class='ocr_par' dir='ltr' id='par_1_54' title="bbox 710 3901 1774 3973">
     <span class='ocr_line' id='line_1_59' title="bbox 710 3901 1774 3973; baseline -0.018 0"><span class='ocrx_word' id='word_1_387' title='bbox 710 3925 878 3973; x_wconf 78' lang='lat' dir='ltr'><strong>terim</strong></span> <span class='ocrx_word' id='word_1_388' title='bbox 907 3913 1196 3969; x_wconf 85' lang='lat' dir='ltr'><strong>Antonius</strong></span> <span class='ocrx_word' id='word_1_389' title='bbox 1219 3907 1496 3965; x_wconf 83' lang='lat' dir='ltr'><strong>hiemavit</strong></span> <span class='ocrx_word' id='word_1_390' title='bbox 1513 3901 1774 3958; x_wconf 87' lang='lat' dir='ltr'><strong>Athenis.</strong></span> 
     </span>
    </p>
   </div>
   <div class='ocr_carea' id='block_1_55' title="bbox 710 3999 1248 4060">
    <p class='ocr_par' dir='ltr' id='par_1_55' title="bbox 710 3999 1248 4060">
     <span class='ocr_line' id='line_1_60' title="bbox 710 3999 1248 4060; baseline -0.017 1"><span class='ocrx_word' id='word_1_391' title='bbox 710 4005 860 4060; x_wconf 91' lang='lat' dir='ltr'><strong>Plut.</strong></span> <span class='ocrx_word' id='word_1_392' title='bbox 894 4003 953 4058; x_wconf 93' lang='lat' dir='ltr'><strong>in</strong></span> <span class='ocrx_word' id='word_1_393' title='bbox 978 3999 1248 4056; x_wconf 88' lang='lat' dir='ltr'><strong>Antonio.</strong></span> 
     </span>
    </p>
   </div>
   <div class='ocr_carea' id='block_1_56' title="bbox 775 4170 1994 4316">
    <p class='ocr_par' dir='ltr' id='par_1_56' title="bbox 775 4170 1994 4316">
     <span class='ocr_line' id='line_1_61' title="bbox 775 4170 1994 4250; baseline -0.018 1"><span class='ocrx_word' id='word_1_394' title='bbox 775 4195 831 4250; x_wconf 89' lang='lat' dir='ltr'><strong>L.</strong></span> <span class='ocrx_word' id='word_1_395' title='bbox 878 4186 1169 4248; x_wconf 86' lang='lat' dir='ltr'><strong>Antonius</strong></span> <span class='ocrx_word' id='word_1_396' title='bbox 1208 4183 1270 4236; x_wconf 92' lang='lat' dir='ltr'><strong>P.</strong></span> <span class='ocrx_word' id='word_1_397' title='bbox 1319 4175 1602 4235; x_wconf 88' lang='lat' dir='ltr'><strong>Servilius</strong></span> <span class='ocrx_word' id='word_1_398' title='bbox 1646 4188 1700 4244; x_wconf 91' lang='lat' dir='ltr'><strong>p.</strong></span> <span class='ocrx_word' id='word_1_399' title='bbox 1733 4171 1777 4227; x_wconf 88' lang='lat' dir='ltr'><strong>f.</strong></span> <span class='ocrx_word' id='word_1_400' title='bbox 1863 4170 1994 4229; x_wconf 88' lang='grc'><strong>744.</strong></span> 
     </span>
     <span class='ocr_line' id='line_1_62' title="bbox 775 4257 1994 4316; baseline -0.007 0"><span class='ocrx_word' id='word_1_401' title='bbox 775 4281 992 4316; x_wconf 73' lang='grc' dir='ltr'><strong>..ιι-ιριια</strong></span> <span class='ocrx_word' id='word_1_402' title='bbox 1070 4271 1241 4316; x_wconf 67' lang='lat' dir='ltr'><strong>[nnis</strong></span> <span class='ocrx_word' id='word_1_403' title='bbox 1287 4267 1468 4316; x_wconf 76' lang='lat' dir='ltr'><strong>Colat.</strong></span> <span class='ocrx_word' id='word_1_404' title='bbox 1868 4257 1994 4316; x_wconf 75' lang='grc'><strong>742.</strong></span> 
     </span>
    </p>
   </div>
   <div class='ocr_carea' id='block_1_57' title="bbox 446 4267 1468 4345">
    <p class='ocr_par' dir='ltr' id='par_1_57' title="bbox 446 4267 1468 4345">
     <span class='ocr_line' id='line_1_63' title="bbox 446 4267 1468 4345; baseline -0.026 0"><span class='ocrx_word' id='word_1_405' title='bbox 446 4284 540 4345; x_wconf 74' lang='grc'><strong>24.</strong></span> <span class='ocrx_word' id='word_1_406' title='bbox 582 4281 649 4342; x_wconf 88' lang='grc'><strong>47</strong></span> <span class='ocrx_word' id='word_1_407' title='bbox 705 4281 1012 4339; x_wconf 83' lang='lat' dir='ltr'><strong>Rauricus,</strong></span> <span class='ocrx_word' id='word_1_408' title='bbox 1069 4271 1241 4341; x_wconf 90' lang='lat' dir='ltr'><strong>Lapis</strong></span> <span class='ocrx_word' id='word_1_409' title='bbox 1287 4267 1468 4323; x_wconf 89' lang='lat' dir='ltr'><strong>Colot.</strong></span> 
     </span>
    </p>
   </div>
   <div class='ocr_carea' id='block_1_58' title="bbox 553 4377 602 4430">
    <p class='ocr_par' dir='ltr' id='par_1_58' title="bbox 553 4377 602 4430">
     <span class='ocr_line' id='line_1_64' title="bbox 553 4377 602 4430; baseline 0 0"><span class='ocrx_word' id='word_1_410' title='bbox 553 4377 602 4430; x_wconf 88' lang='lat' dir='ltr'><strong><em>F</em></strong></span> 
     </span>
    </p>
   </div>
   <div class='ocr_carea' id='block_1_59' title="bbox 789 4348 1799 4425">
    <p class='ocr_par' dir='ltr' id='par_1_59' title="bbox 789 4348 1799 4425">
     <span class='ocr_line' id='line_1_65' title="bbox 789 4348 1799 4425; baseline -0.019 0"><span class='ocrx_word' id='word_1_411' title='bbox 789 4364 1077 4425; x_wconf 86' lang='lat' dir='ltr'><strong>Antonius</strong></span> <span class='ocrx_word' id='word_1_412' title='bbox 1140 4359 1212 4414; x_wconf 90' lang='lat' dir='ltr'><strong>ab</strong></span> <span class='ocrx_word' id='word_1_413' title='bbox 1279 4353 1514 4410; x_wconf 84' lang='lat' dir='ltr'><strong>Asianis</strong></span> <span class='ocrx_word' id='word_1_414' title='bbox 1563 4348 1799 4420; x_wconf 74' lang='lat' dir='ltr'><strong>praemia</strong></span> 
     </span>
    </p>
   </div>
   <div class='ocr_carea' id='block_1_60' title="bbox 719 4437 1792 4526">
    <p class='ocr_par' dir='ltr' id='par_1_60' title="bbox 719 4437 1792 4526">
     <span class='ocr_line' id='line_1_66' title="bbox 719 4437 1792 4526; baseline -0.022 -12"><span class='ocrx_word' id='word_1_415' title='bbox 719 4457 904 4526; x_wconf 79' lang='lat' dir='ltr'><strong>exigit</strong></span> <span class='ocrx_word' id='word_1_416' title='bbox 947 4451 1020 4508; x_wconf 85' lang='grc'><strong>28</strong></span> <span class='ocrx_word' id='word_1_417' title='bbox 1067 4443 1396 4518; x_wconf 87' lang='lat' dir='ltr'><strong>legionibus</strong></span> <span class='ocrx_word' id='word_1_418' title='bbox 1451 4437 1792 4495; x_wconf 89' lang='lat' dir='ltr'><strong>victricibus</strong></span> 
     </span>
    </p>
   </div>
   <div class='ocr_carea' id='block_1_61' title="bbox 723 4527 1790 4617">
    <p class='ocr_par' dir='ltr' id='par_1_61' title="bbox 723 4527 1790 4617">
     <span class='ocr_line' id='line_1_67' title="bbox 723 4527 1790 4617; baseline -0.022 -17"><span class='ocrx_word' id='word_1_419' title='bbox 723 4541 873 4617; x_wconf 68' lang='lat' dir='ltr'><strong>[quat</strong></span> <span class='ocrx_word' id='word_1_420' title='bbox 903 4543 1038 4596; x_wconf 90' lang='lat' dir='ltr'><strong>sunt</strong></span> <span class='ocrx_word' id='word_1_421' title='bbox 1066 4549 1197 4592; x_wconf 90' lang='lat' dir='ltr'><strong>cum</strong></span> <span class='ocrx_word' id='word_1_422' title='bbox 1245 4529 1489 4587; x_wconf 85' lang='lat' dir='ltr'><strong>auxiliis</strong></span> <span class='ocrx_word' id='word_1_423' title='bbox 1535 4527 1790 4581; x_wconf 90' lang='lat' dir='ltr'><strong>virorum</strong></span> 
     </span>
    </p>
   </div>
   <div class='ocr_carea' id='block_1_62' title="bbox 725 4615 1794 4702">
    <p class='ocr_par' dir='ltr' id='par_1_62' title="bbox 725 4615 1794 4702">
     <span class='ocr_line' id='line_1_68' title="bbox 725 4615 1794 4702; baseline -0.019 -13"><span class='ocrx_word' id='word_1_424' title='bbox 725 4615 827 4689; x_wconf 81' lang='grc'><strong>470</strong></span> <span class='ocrx_word' id='word_1_425' title='bbox 873 4624 1080 4702; x_wconf 90' lang='lat' dir='ltr'><strong>millia]</strong></span> <span class='ocrx_word' id='word_1_426' title='bbox 1113 4635 1309 4681; x_wconf 89' lang='lat' dir='ltr'><strong>novem</strong></span> <span class='ocrx_word' id='word_1_427' title='bbox 1355 4631 1636 4675; x_wconf 88' lang='lat' dir='ltr'><strong>annorum</strong></span> <span class='ocrx_word' id='word_1_428' title='bbox 1677 4615 1794 4671; x_wconf 89' lang='lat' dir='ltr'><strong>tri—</strong></span> 
     </span>
    </p>
   </div>
   <div class='ocr_carea' id='block_1_63' title="bbox 722 4705 1790 4778">
    <p class='ocr_par' dir='ltr' id='par_1_63' title="bbox 722 4705 1790 4778">
     <span class='ocr_line' id='line_1_69' title="bbox 722 4705 1790 4778; baseline -0.02 0"><span class='ocrx_word' id='word_1_429' title='bbox 722 4723 927 4778; x_wconf 90' lang='lat' dir='ltr'><strong>butum</strong></span> <span class='ocrx_word' id='word_1_430' title='bbox 977 4718 1128 4772; x_wconf 90' lang='lat' dir='ltr'><strong>intra</strong></span> <span class='ocrx_word' id='word_1_431' title='bbox 1169 4709 1494 4778; x_wconf 90' lang='lat' dir='ltr'><strong>biennium,</strong></span> <span class='ocrx_word' id='word_1_432' title='bbox 1544 4705 1790 4776; x_wconf 89' lang='lat' dir='ltr'><strong>Appian.</strong></span> 
     </span>
    </p>
   </div>
   <div class='ocr_carea' id='block_1_64' title="bbox 723 4793 1798 4879">
    <p class='ocr_par' dir='ltr' id='par_1_64' title="bbox 723 4793 1798 4879">
     <span class='ocr_line' id='line_1_70' title="bbox 723 4793 1798 4879; baseline -0.02 -12"><span class='ocrx_word' id='word_1_433' title='bbox 723 4810 808 4867; x_wconf 94' lang='lat' dir='ltr'><strong>lib</strong></span> <span class='ocrx_word' id='word_1_434' title='bbox 836 4823 921 4879; x_wconf 89' lang='lat' dir='ltr'><strong>III,</strong></span> <span class='ocrx_word' id='word_1_435' title='bbox 944 4820 1070 4877; x_wconf 88' lang='lat' dir='ltr'><strong>pag.</strong></span> <span class='ocrx_word' id='word_1_436' title='bbox 1093 4801 1218 4871; x_wconf 74' lang='lat'><strong>6’73,</strong></span> <span class='ocrx_word' id='word_1_437' title='bbox 1237 4800 1443 4857; x_wconf 90' lang='lat' dir='ltr'><strong>deinde</strong></span> <span class='ocrx_word' id='word_1_438' title='bbox 1461 4797 1583 4854; x_wconf 91' lang='lat' dir='ltr'><strong>abit</strong></span> <span class='ocrx_word' id='word_1_439' title='bbox 1611 4795 1669 4850; x_wconf 89' lang='lat' dir='ltr'><strong>in</strong></span> <span class='ocrx_word' id='word_1_440' title='bbox 1687 4793 1798 4863; x_wconf 84' lang='lat' dir='ltr'><strong>Sy-</strong></span> 
     </span>
    </p>
   </div>
   <div class='ocr_carea' id='block_1_65' title="bbox 724 4893 1794 4963">
    <p class='ocr_par' dir='ltr' id='par_1_65' title="bbox 724 4893 1794 4963">
     <span class='ocr_line' id='line_1_71' title="bbox 724 4893 1794 4963; baseline -0.015 -5"><span class='ocrx_word' id='word_1_441' title='bbox 724 4903 888 4958; x_wconf 89' lang='lat' dir='ltr'><strong>riam.</strong></span> <span class='ocrx_word' id='word_1_442' title='bbox 943 4896 1290 4954; x_wconf 90' lang='lat' dir='ltr'><strong>Octavianus</strong></span> <span class='ocrx_word' id='word_1_443' title='bbox 1319 4893 1526 4963; x_wconf 64' lang='lat' dir='ltr'><strong>Caesar,</strong></span> <span class='ocrx_word' id='word_1_444' title='bbox 1559 4900 1794 4946; x_wconf 89' lang='lat' dir='ltr'><strong>causam</strong></span> 
     </span>
    </p>
   </div>
   <div class='ocr_carea' id='block_1_66' title="bbox 723 4983 1798 5060">
    <p class='ocr_par' dir='ltr' id='par_1_66' title="bbox 723 4983 1798 5060">
     <span class='ocr_line' id='line_1_72' title="bbox 723 4983 1798 5060; baseline -0.012 -13"><span class='ocrx_word' id='word_1_445' title='bbox 723 4992 793 5046; x_wconf 92' lang='lat' dir='ltr'><strong>de</strong></span> <span class='ocrx_word' id='word_1_446' title='bbox 845 4987 1003 5060; x_wconf 84' lang='lat' dir='ltr'><strong>agris</strong></span> <span class='ocrx_word' id='word_1_447' title='bbox 1048 4987 1286 5053; x_wconf 89' lang='lat' dir='ltr'><strong>civium,</strong></span> <span class='ocrx_word' id='word_1_448' title='bbox 1341 4983 1440 5056; x_wconf 91' lang='lat' dir='ltr'><strong>qui</strong></span> <span class='ocrx_word' id='word_1_449' title='bbox 1518 4984 1688 5038; x_wconf 90' lang='lat' dir='ltr'><strong>Bruto</strong></span> <span class='ocrx_word' id='word_1_450' title='bbox 1741 4985 1798 5035; x_wconf 90' lang='lat' dir='ltr'><strong>et</strong></span> 
     </span>
    </p>
   </div>
   <div class='ocr_carea' id='block_1_67' title="bbox 723 5071 1796 5144">
    <p class='ocr_par' dir='ltr' id='par_1_67' title="bbox 723 5071 1796 5144">
     <span class='ocr_line' id='line_1_73' title="bbox 723 5071 1796 5144; baseline -0.01 -9"><span class='ocrx_word' id='word_1_451' title='bbox 723 5079 920 5136; x_wconf 90' lang='lat' dir='ltr'><strong>Cassio</strong></span> <span class='ocrx_word' id='word_1_452' title='bbox 951 5074 1230 5144; x_wconf 86' lang='lat' dir='ltr'><strong>faverant,</strong></span> <span class='ocrx_word' id='word_1_453' title='bbox 1273 5072 1605 5129; x_wconf 90' lang='lat' dir='ltr'><strong>dividendis</strong></span> <span class='ocrx_word' id='word_1_454' title='bbox 1643 5071 1796 5126; x_wconf 89' lang='lat' dir='ltr'><strong>inter</strong></span> 
     </span>
    </p>
   </div>
   <div class='ocr_carea' id='block_1_68' title="bbox 727 5159 1799 5232">
    <p class='ocr_par' dir='ltr' id='par_1_68' title="bbox 727 5159 1799 5232">
     <span class='ocr_line' id='line_1_74' title="bbox 727 5159 1799 5232; baseline -0.01 -11"><span class='ocrx_word' id='word_1_455' title='bbox 727 5167 944 5221; x_wconf 89' lang='lat' dir='ltr'><strong>milites</strong></span> <span class='ocrx_word' id='word_1_456' title='bbox 962 5165 1334 5232; x_wconf 69' lang='lat' dir='ltr'><strong>Caesarianos,</strong></span> <span class='ocrx_word' id='word_1_457' title='bbox 1363 5174 1496 5216; x_wconf 91' lang='lat' dir='ltr'><strong>cum</strong></span> <span class='ocrx_word' id='word_1_458' title='bbox 1537 5159 1608 5213; x_wconf 89' lang='lat' dir='ltr'><strong>ab</strong></span> <span class='ocrx_word' id='word_1_459' title='bbox 1652 5159 1799 5226; x_wconf 87' lang='lat' dir='ltr'><strong>ipsis</strong></span> 
     </span>
    </p>
   </div>
   <div class='ocr_carea' id='block_1_69' title="bbox 729 5248 1798 5312">
    <p class='ocr_par' dir='ltr' id='par_1_69' title="bbox 729 5248 1798 5312">
     <span class='ocr_line' id='line_1_75' title="bbox 729 5248 1798 5312; baseline -0.014 -1"><span class='ocrx_word' id='word_1_460' title='bbox 729 5254 1018 5312; x_wconf 92' lang='lat' dir='ltr'><strong>militibus</strong></span> <span class='ocrx_word' id='word_1_461' title='bbox 1076 5250 1460 5308; x_wconf 89' lang='lat' dir='ltr'><strong>dirimendam</strong></span> <span class='ocrx_word' id='word_1_462' title='bbox 1518 5248 1798 5312; x_wconf 91' lang='lat' dir='ltr'><strong>curasset,</strong></span> 
     </span>
    </p>
   </div>
   <div class='ocr_carea' id='block_1_70' title="bbox 729 5334 1802 5401">
    <p class='ocr_par' dir='ltr' id='par_1_70' title="bbox 729 5334 1802 5401">
     <span class='ocr_line' id='line_1_76' title="bbox 729 5334 1802 5401; baseline -0.017 -1"><span class='ocrx_word' id='word_1_463' title='bbox 729 5343 926 5400; x_wconf 87' lang='lat' dir='ltr'><strong>Fulvia</strong></span> <span class='ocrx_word' id='word_1_464' title='bbox 958 5341 1189 5396; x_wconf 89' lang='lat' dir='ltr'><strong>illorum</strong></span> <span class='ocrx_word' id='word_1_465' title='bbox 1219 5334 1644 5401; x_wconf 82' lang='lat' dir='ltr'><strong>odium,C2esar</strong></span> <span class='ocrx_word' id='word_1_466' title='bbox 1665 5343 1802 5400; x_wconf 87' lang='lat' dir='ltr'><strong>gra-</strong></span> 
     </span>
    </p>
   </div>
   <div class='ocr_carea' id='block_1_71' title="bbox 729 5419 1803 5488">
    <p class='ocr_par' dir='ltr' id='par_1_71' title="bbox 729 5419 1803 5488">
     <span class='ocr_line' id='line_1_77' title="bbox 729 5419 1803 5488; baseline -0.017 0"><span class='ocrx_word' id='word_1_467' title='bbox 729 5434 868 5488; x_wconf 91' lang='lat' dir='ltr'><strong>tiam</strong></span> <span class='ocrx_word' id='word_1_468' title='bbox 899 5427 1254 5484; x_wconf 86' lang='lat' dir='ltr'><strong>conciliavit.</strong></span> <span class='ocrx_word' id='word_1_469' title='bbox 1287 5423 1431 5476; x_wconf 93' lang='lat' dir='ltr'><strong>Hinc</strong></span> <span class='ocrx_word' id='word_1_470' title='bbox 1459 5419 1668 5473; x_wconf 91' lang='lat' dir='ltr'><strong>bellum</strong></span> <span class='ocrx_word' id='word_1_471' title='bbox 1705 5419 1803 5472; x_wconf 92' lang='lat' dir='ltr'><strong>in—</strong></span> 
     </span>
    </p>
   </div>
   <div class='ocr_carea' id='block_1_72' title="bbox 731 5508 1802 5579">
    <p class='ocr_par' dir='ltr' id='par_1_72' title="bbox 731 5508 1802 5579">
     <span class='ocr_line' id='line_1_78' title="bbox 731 5508 1802 5579; baseline -0.016 -1"><span class='ocrx_word' id='word_1_472' title='bbox 731 5530 817 5579; x_wconf 90' lang='lat' dir='ltr'><strong>ter</strong></span> <span class='ocrx_word' id='word_1_473' title='bbox 844 5523 1117 5575; x_wconf 70' lang='lat' dir='ltr'><strong>Caesarem</strong></span> <span class='ocrx_word' id='word_1_474' title='bbox 1159 5521 1215 5570; x_wconf 92' lang='lat' dir='ltr'><strong>et</strong></span> <span class='ocrx_word' id='word_1_475' title='bbox 1267 5511 1479 5566; x_wconf 67' lang='lat' dir='ltr'><strong>Fulvia:</strong></span> <span class='ocrx_word' id='word_1_476' title='bbox 1531 5508 1802 5563; x_wconf 88' lang='lat' dir='ltr'><strong>maritum</strong></span> 
     </span>
    </p>
   </div>
   <div class='ocr_carea' id='block_1_73' title="bbox 734 5597 1800 5666">
    <p class='ocr_par' dir='ltr' id='par_1_73' title="bbox 734 5597 1800 5666">
     <span class='ocr_line' id='line_1_79' title="bbox 734 5597 1800 5666; baseline -0.012 -3"><span class='ocrx_word' id='word_1_477' title='bbox 734 5608 1066 5663; x_wconf 87' lang='lat' dir='ltr'><strong>Antonium.</strong></span> <span class='ocrx_word' id='word_1_478' title='bbox 1092 5604 1199 5658; x_wconf 91' lang='lat' dir='ltr'><strong>Dio</strong></span> <span class='ocrx_word' id='word_1_479' title='bbox 1221 5601 1321 5655; x_wconf 88' lang='lat' dir='ltr'><strong>lib.</strong></span> <span class='ocrx_word' id='word_1_480' title='bbox 1345 5612 1520 5653; x_wconf 72' lang='lat' dir='ltr'><strong>XLVIII</strong></span> <span class='ocrx_word' id='word_1_481' title='bbox 1541 5598 1719 5666; x_wconf 81' lang='lat' dir='ltr'><strong>;Suet.</strong></span> <span class='ocrx_word' id='word_1_482' title='bbox 1742 5597 1800 5652; x_wconf 91' lang='lat' dir='ltr'><strong>in</strong></span> 
     </span>
    </p>
   </div>
   <div class='ocr_carea' id='block_1_74' title="bbox 733 5689 1694 5754">
    <p class='ocr_par' dir='ltr' id='par_1_74' title="bbox 733 5689 1694 5754">
     <span class='ocr_line' id='line_1_80' title="bbox 733 5689 1694 5754; baseline -0.015 0"><span class='ocrx_word' id='word_1_483' title='bbox 733 5697 857 5754; x_wconf 91' lang='lat' dir='ltr'><strong>Oct.</strong></span> <span class='ocrx_word' id='word_1_484' title='bbox 901 5710 952 5750; x_wconf 89' lang='lat' dir='ltr'><strong>c.</strong></span> <span class='ocrx_word' id='word_1_485' title='bbox 983 5691 1303 5749; x_wconf 67' lang='lat' dir='ltr'><strong>62.Bellum</strong></span> <span class='ocrx_word' id='word_1_486' title='bbox 1332 5689 1694 5744; x_wconf 86' lang='lat' dir='ltr'><strong>Perusinum.</strong></span> 
     </span>
    </p>
   </div>
   <div class='ocr_carea' id='block_1_75' title="bbox 2463 2667 3542 2742">
    <p class='ocr_par' dir='ltr' id='par_1_75' title="bbox 2463 2667 3542 2742">
     <span class='ocr_line' id='line_1_81' title="bbox 2463 2667 3542 2742; baseline -0.006 -17"><span class='ocrx_word' id='word_1_487' title='bbox 2463 2683 2605 2742; x_wconf 86' lang='lat' dir='ltr'><strong>gans</strong></span> <span class='ocrx_word' id='word_1_488' title='bbox 2636 2685 2736 2740; x_wconf 87' lang='lat' dir='ltr'><strong>pro</strong></span> <span class='ocrx_word' id='word_1_489' title='bbox 2782 2669 2969 2740; x_wconf 90' lang='lat' dir='ltr'><strong>gentis</strong></span> <span class='ocrx_word' id='word_1_490' title='bbox 2996 2682 3112 2723; x_wconf 69' lang='lat' dir='ltr'><strong>sua:</strong></span> <span class='ocrx_word' id='word_1_491' title='bbox 3152 2667 3437 2728; x_wconf 90' lang='lat' dir='ltr'><strong>libertate,</strong></span> <span class='ocrx_word' id='word_1_492' title='bbox 3485 2669 3542 2721; x_wconf 82' lang='lat' dir='ltr'><strong>et</strong></span> 
     </span>
    </p>
   </div>
   <div class='ocr_carea' id='block_1_76' title="bbox 2462 2755 3544 2832">
    <p class='ocr_par' dir='ltr' id='par_1_76' title="bbox 2462 2755 3544 2832">
     <span class='ocr_line' id='line_1_82' title="bbox 2462 2755 3544 2832; baseline -0.006 -17"><span class='ocrx_word' id='word_1_493' title='bbox 2462 2759 2619 2832; x_wconf 89' lang='lat' dir='ltr'><strong>agris</strong></span> <span class='ocrx_word' id='word_1_494' title='bbox 2648 2772 2681 2814; x_wconf 91' lang='lat' dir='ltr'><strong>a</strong></span> <span class='ocrx_word' id='word_1_495' title='bbox 2708 2757 2904 2814; x_wconf 89' lang='lat' dir='ltr'><strong>Cassio</strong></span> <span class='ocrx_word' id='word_1_496' title='bbox 2936 2757 3241 2826; x_wconf 90' lang='lat' dir='ltr'><strong>ademptis,</strong></span> <span class='ocrx_word' id='word_1_497' title='bbox 3275 2762 3339 2812; x_wconf 89' lang='lat' dir='ltr'><strong>ut</strong></span> <span class='ocrx_word' id='word_1_498' title='bbox 3364 2755 3544 2810; x_wconf 91' lang='lat' dir='ltr'><strong>resti-</strong></span> 
     </span>
    </p>
   </div>
   <div class='ocr_carea' id='block_1_77' title="bbox 2463 2845 3543 2917">
    <p class='ocr_par' dir='ltr' id='par_1_77' title="bbox 2463 2845 3543 2917">
     <span class='ocr_line' id='line_1_83' title="bbox 2463 2845 3543 2917; baseline -0.006 -12"><span class='ocrx_word' id='word_1_499' title='bbox 2463 2855 2722 2906; x_wconf 89' lang='lat' dir='ltr'><strong>tuantur.</strong></span> <span class='ocrx_word' id='word_1_500' title='bbox 2752 2848 3006 2917; x_wconf 85' lang='lat' dir='ltr'><strong>Quorum</strong></span> <span class='ocrx_word' id='word_1_501' title='bbox 3042 2845 3326 2915; x_wconf 88' lang='lat' dir='ltr'><strong>postulata</strong></span> <span class='ocrx_word' id='word_1_502' title='bbox 3357 2847 3543 2900; x_wconf 78' lang='lat' dir='ltr'><strong>Aulo-</strong></span> 
     </span>
    </p>
   </div>
   <div class='ocr_carea' id='block_1_78' title="bbox 2464 2934 3542 3008">
    <p class='ocr_par' dir='ltr' id='par_1_78' title="bbox 2464 2934 3542 3008">
     <span class='ocr_line' id='line_1_84' title="bbox 2464 2934 3542 3008; baseline -0.003 -15"><span class='ocrx_word' id='word_1_503' title='bbox 2464 2938 2600 2993; x_wconf 91' lang='lat' dir='ltr'><strong>nius</strong></span> <span class='ocrx_word' id='word_1_504' title='bbox 2634 2951 2796 3008; x_wconf 65' lang='lat' dir='ltr'><strong>aequa</strong></span> <span class='ocrx_word' id='word_1_505' title='bbox 2846 2937 3186 2990; x_wconf 85' lang='lat' dir='ltr'><strong>existimans</strong></span> <span class='ocrx_word' id='word_1_506' title='bbox 3217 2948 3326 2990; x_wconf 91' lang='lat' dir='ltr'><strong>non</strong></span> <span class='ocrx_word' id='word_1_507' title='bbox 3376 2934 3542 2990; x_wconf 92' lang='lat' dir='ltr'><strong>modo</strong></span> 
     </span>
    </p>
   </div>
   <div class='ocr_carea' id='block_1_79' title="bbox 2463 3023 3543 3095">
    <p class='ocr_par' dir='ltr' id='par_1_79' title="bbox 2463 3023 3543 3095">
     <span class='ocr_line' id='line_1_85' title="bbox 2463 3023 3543 3095; baseline -0.005 -13"><span class='ocrx_word' id='word_1_508' title='bbox 2463 3026 2721 3092; x_wconf 89' lang='lat' dir='ltr'><strong>admisit,</strong></span> <span class='ocrx_word' id='word_1_509' title='bbox 2752 3027 2847 3082; x_wconf 89' lang='lat' dir='ltr'><strong>sed</strong></span> <span class='ocrx_word' id='word_1_510' title='bbox 2878 3025 3174 3095; x_wconf 90' lang='lat' dir='ltr'><strong>proposito</strong></span> <span class='ocrx_word' id='word_1_511' title='bbox 3211 3023 3398 3078; x_wconf 89' lang='lat' dir='ltr'><strong>edicto</strong></span> <span class='ocrx_word' id='word_1_512' title='bbox 3426 3024 3543 3093; x_wconf 85' lang='lat' dir='ltr'><strong>Ty-</strong></span> 
     </span>
    </p>
   </div>
   <div class='ocr_carea' id='block_1_80' title="bbox 2466 3112 3544 3184">
    <p class='ocr_par' dir='ltr' id='par_1_80' title="bbox 2466 3112 3544 3184">
     <span class='ocr_line' id='line_1_86' title="bbox 2466 3112 3544 3184; baseline -0.005 -12"><span class='ocrx_word' id='word_1_513' title='bbox 2466 3118 2568 3184; x_wconf 86' lang='lat' dir='ltr'><strong>ris,</strong></span> <span class='ocrx_word' id='word_1_514' title='bbox 2644 3115 2923 3182; x_wconf 91' lang='lat' dir='ltr'><strong>Sidoniis,</strong></span> <span class='ocrx_word' id='word_1_515' title='bbox 3008 3112 3409 3181; x_wconf 87' lang='lat' dir='ltr'><strong>Antiochenis,</strong></span> <span class='ocrx_word' id='word_1_516' title='bbox 3487 3118 3544 3168; x_wconf 91' lang='lat' dir='ltr'><strong>et</strong></span> 
     </span>
    </p>
   </div>
   <div class='ocr_carea' id='block_1_81' title="bbox 2463 3201 3541 3262">
    <p class='ocr_par' dir='ltr' id='par_1_81' title="bbox 2463 3201 3541 3262">
     <span class='ocr_line' id='line_1_87' title="bbox 2463 3201 3541 3262; baseline -0.006 0"><span class='ocrx_word' id='word_1_517' title='bbox 2463 3207 2698 3262; x_wconf 81' lang='lat' dir='ltr'><strong>Aradiis</strong></span> <span class='ocrx_word' id='word_1_518' title='bbox 2756 3208 2813 3261; x_wconf 92' lang='lat' dir='ltr'><strong>in</strong></span> <span class='ocrx_word' id='word_1_519' title='bbox 2864 3206 3118 3261; x_wconf 89' lang='lat' dir='ltr'><strong>eamdem</strong></span> <span class='ocrx_word' id='word_1_520' title='bbox 3201 3201 3541 3259; x_wconf 88' lang='lat' dir='ltr'><strong>sententiam</strong></span> 
     </span>
    </p>
   </div>
   <div class='ocr_carea' id='block_1_82' title="bbox 2465 3293 3543 3364">
    <p class='ocr_par' dir='ltr' id='par_1_82' title="bbox 2465 3293 3543 3364">
     <span class='ocr_line' id='line_1_88' title="bbox 2465 3293 3543 3364; baseline -0.006 -14"><span class='ocrx_word' id='word_1_521' title='bbox 2465 3295 2722 3364; x_wconf 86' lang='lat' dir='ltr'><strong>scripsit,</strong></span> <span class='ocrx_word' id='word_1_522' title='bbox 2772 3300 2836 3349; x_wconf 91' lang='lat' dir='ltr'><strong>ut</strong></span> <span class='ocrx_word' id='word_1_523' title='bbox 2883 3293 3053 3349; x_wconf 91' lang='lat' dir='ltr'><strong>liberi</strong></span> <span class='ocrx_word' id='word_1_524' title='bbox 3111 3293 3543 3348; x_wconf 90' lang='lat' dir='ltr'><strong>dimitterentur</strong></span> 
     </span>
    </p>
   </div>
   <div class='ocr_carea' id='block_1_83' title="bbox 2463 3381 3542 3449">
    <p class='ocr_par' dir='ltr' id='par_1_83' title="bbox 2463 3381 3542 3449">
     <span class='ocr_line' id='line_1_89' title="bbox 2463 3381 3542 3449; baseline -0.002 -11"><span class='ocrx_word' id='word_1_525' title='bbox 2463 3384 2644 3440; x_wconf 72' lang='lat' dir='ltr'><strong>Judaei</strong></span> <span class='ocrx_word' id='word_1_526' title='bbox 2669 3383 2776 3439; x_wconf 92' lang='lat' dir='ltr'><strong>sub</strong></span> <span class='ocrx_word' id='word_1_527' title='bbox 2808 3383 2968 3438; x_wconf 88' lang='lat' dir='ltr'><strong>hasta</strong></span> <span class='ocrx_word' id='word_1_528' title='bbox 2993 3397 3025 3437; x_wconf 91' lang='lat' dir='ltr'><strong>a</strong></span> <span class='ocrx_word' id='word_1_529' title='bbox 3051 3383 3112 3437; x_wconf 94' lang='lat' dir='ltr'><strong>C.</strong></span> <span class='ocrx_word' id='word_1_530' title='bbox 3144 3381 3360 3449; x_wconf 88' lang='lat' dir='ltr'><strong>Cassio,</strong></span> <span class='ocrx_word' id='word_1_531' title='bbox 3401 3382 3542 3436; x_wconf 88' lang='lat' dir='ltr'><strong>Cas-</strong></span> 
     </span>
    </p>
   </div>
   <div class='ocr_carea' id='block_1_84' title="bbox 2468 3470 3607 3536">
    <p class='ocr_par' dir='ltr' id='par_1_84' title="bbox 2468 3470 3607 3536">
     <span class='ocr_line' id='line_1_90' title="bbox 2468 3470 3607 3536; baseline -0.004 -8"><span class='ocrx_word' id='word_1_532' title='bbox 2468 3471 2723 3528; x_wconf 90' lang='lat' dir='ltr'><strong>sianisve</strong></span> <span class='ocrx_word' id='word_1_533' title='bbox 2771 3471 3104 3534; x_wconf 85' lang='lat' dir='ltr'><strong>venundati,</strong></span> <span class='ocrx_word' id='word_1_534' title='bbox 3151 3477 3208 3524; x_wconf 93' lang='lat' dir='ltr'><strong>et</strong></span> <span class='ocrx_word' id='word_1_535' title='bbox 3250 3470 3372 3525; x_wconf 88' lang='lat' dir='ltr'><strong>loca</strong></span> <span class='ocrx_word' id='word_1_536' title='bbox 3404 3470 3546 3526; x_wconf 91' lang='lat' dir='ltr'><strong>uni-</strong></span> <span class='ocrx_word' id='word_1_537' title='bbox 3603 3533 3607 3536; x_wconf 92' lang='lat'><strong>_</strong></span> 
     </span>
    </p>
   </div>
   <div class='ocr_carea' id='block_1_85' title="bbox 2465 3557 3546 3628">
    <p class='ocr_par' dir='ltr' id='par_1_85' title="bbox 2465 3557 3546 3628">
     <span class='ocr_line' id='line_1_91' title="bbox 2465 3557 3546 3628; baseline -0.001 -14"><span class='ocrx_word' id='word_1_538' title='bbox 2465 3573 2647 3628; x_wconf 90' lang='lat' dir='ltr'><strong>versa,</strong></span> <span class='ocrx_word' id='word_1_539' title='bbox 2722 3560 2926 3616; x_wconf 89' lang='lat' dir='ltr'><strong>iisdem</strong></span> <span class='ocrx_word' id='word_1_540' title='bbox 2983 3558 3197 3614; x_wconf 75' lang='lat' dir='ltr'><strong>Judaeis</strong></span> <span class='ocrx_word' id='word_1_541' title='bbox 3272 3557 3546 3613; x_wconf 90' lang='lat' dir='ltr'><strong>similiter</strong></span> 
     </span>
    </p>
   </div>
   <div class='ocr_carea' id='block_1_86' title="bbox 2466 3647 3541 3718">
    <p class='ocr_par' dir='ltr' id='par_1_86' title="bbox 2466 3647 3541 3718">
     <span class='ocr_line' id='line_1_92' title="bbox 2466 3647 3541 3718; baseline -0.001 -16"><span class='ocrx_word' id='word_1_542' title='bbox 2466 3647 2730 3718; x_wconf 89' lang='lat' dir='ltr'><strong>adempta</strong></span> <span class='ocrx_word' id='word_1_543' title='bbox 2783 3647 3177 3716; x_wconf 89' lang='lat' dir='ltr'><strong>redderentur,</strong></span> <span class='ocrx_word' id='word_1_544' title='bbox 3237 3651 3541 3715; x_wconf 88' lang='lat' dir='ltr'><strong>essentque</strong></span> 
     </span>
    </p>
   </div>
   <div class='ocr_carea' id='block_1_87' title="bbox 2469 3733 3546 3808">
    <p class='ocr_par' dir='ltr' id='par_1_87' title="bbox 2469 3733 3546 3808">
     <span class='ocr_line' id='line_1_93' title="bbox 2469 3733 3546 3808; baseline -0.003 -17"><span class='ocrx_word' id='word_1_545' title='bbox 2469 3743 2591 3792; x_wconf 90' lang='lat' dir='ltr'><strong>rata</strong></span> <span class='ocrx_word' id='word_1_546' title='bbox 2624 3737 2947 3808; x_wconf 89' lang='lat' dir='ltr'><strong>privilegia,</strong></span> <span class='ocrx_word' id='word_1_547' title='bbox 2998 3742 3054 3792; x_wconf 92' lang='lat' dir='ltr'><strong>et</strong></span> <span class='ocrx_word' id='word_1_548' title='bbox 3091 3737 3223 3805; x_wconf 89' lang='lat' dir='ltr'><strong>jura</strong></span> <span class='ocrx_word' id='word_1_549' title='bbox 3272 3733 3546 3790; x_wconf 81' lang='lat' dir='ltr'><strong>beneficio</strong></span> 
     </span>
    </p>
   </div>
   <div class='ocr_carea' id='block_1_88' title="bbox 2468 3824 3545 3893">
    <p class='ocr_par' dir='ltr' id='par_1_88' title="bbox 2468 3824 3545 3893">
     <span class='ocr_line' id='line_1_94' title="bbox 2468 3824 3545 3893; baseline -0.003 -14"><span class='ocrx_word' id='word_1_550' title='bbox 2468 3825 2793 3893; x_wconf 65' lang='lat' dir='ltr'><strong>Dolabellae,</strong></span> <span class='ocrx_word' id='word_1_551' title='bbox 2879 3838 2945 3880; x_wconf 91' lang='lat' dir='ltr'><strong>ac</strong></span> <span class='ocrx_word' id='word_1_552' title='bbox 3034 3837 3140 3879; x_wconf 92' lang='lat' dir='ltr'><strong>suo</strong></span> <span class='ocrx_word' id='word_1_553' title='bbox 3221 3824 3545 3878; x_wconf 62' lang='lat' dir='ltr'><strong>Judmorum</strong></span> 
     </span>
    </p>
   </div>
   <div class='ocr_carea' id='block_1_89' title="bbox 2469 3911 3541 3997">
    <p class='ocr_par' dir='ltr' id='par_1_89' title="bbox 2469 3911 3541 3997">
     <span class='ocr_line' id='line_1_95' title="bbox 2469 3911 3541 3997; baseline -0.006 -29"><span class='ocrx_word' id='word_1_554' title='bbox 2469 3913 2622 3997; x_wconf 67' lang='lat' dir='ltr'><strong>genti</strong></span> <span class='ocrx_word' id='word_1_555' title='bbox 2717 3926 3006 3969; x_wconf 87' lang='lat' dir='ltr'><strong>concessa.</strong></span> <span class='ocrx_word' id='word_1_556' title='bbox 3074 3914 3169 3969; x_wconf 91' lang='lat' dir='ltr'><strong>Jos</strong></span> <span class='ocrx_word' id='word_1_557' title='bbox 3265 3911 3346 3966; x_wconf 90' lang='lat' dir='ltr'><strong>lib</strong></span> <span class='ocrx_word' id='word_1_558' title='bbox 3422 3922 3541 3979; x_wconf 74' lang='lat' dir='ltr'><strong>XIV,</strong></span> 
     </span>
    </p>
   </div>
   <div class='ocr_carea' id='block_1_90' title="bbox 2465 4008 2631 4068">
    <p class='ocr_par' dir='ltr' id='par_1_90' title="bbox 2465 4008 2631 4068">
     <span class='ocr_line' id='line_1_96' title="bbox 2465 4008 2631 4068; baseline -0.024 0"><span class='ocrx_word' id='word_1_559' title='bbox 2465 4027 2515 4068; x_wconf 90' lang='lat' dir='ltr'><strong>c.</strong></span> <span class='ocrx_word' id='word_1_560' title='bbox 2540 4008 2631 4066; x_wconf 88' lang='grc'><strong>22.</strong></span> 
     </span>
    </p>
   </div>
   <div class='ocr_carea' id='block_1_91' title="bbox 2219 4160 3749 4240">
    <p class='ocr_par' dir='ltr' id='par_1_91' title="bbox 2219 4160 3749 4240">
     <span class='ocr_line' id='line_1_97' title="bbox 2219 4160 3749 4240; baseline -0.007 -7"><span class='ocrx_word' id='word_1_561' title='bbox 2219 4190 2285 4233; x_wconf 90' lang='grc' dir='ltr'><strong>ιιι</strong></span> <span class='ocrx_word' id='word_1_562' title='bbox 2345 4186 2430 4230; x_wconf 85' lang='lat' dir='ltr'><strong>IIII</strong></span> <span class='ocrx_word' id='word_1_563' title='bbox 2480 4169 2804 4240; x_wconf 87' lang='lat' dir='ltr'><strong>Antigonus</strong></span> <span class='ocrx_word' id='word_1_564' title='bbox 2852 4165 3012 4222; x_wconf 80' lang='lat' dir='ltr'><strong>ﬁlius</strong></span> <span class='ocrx_word' id='word_1_565' title='bbox 3058 4164 3381 4222; x_wconf 91' lang='lat' dir='ltr'><strong>Aristobuli</strong></span> <span class='ocrx_word' id='word_1_566' title='bbox 3434 4160 3559 4238; x_wconf 91' lang='lat' dir='ltr'><strong>[qui</strong></span> <span class='ocrx_word' id='word_1_567' title='bbox 3658 4162 3749 4222; x_wconf 76' lang='grc'><strong>42.</strong></span> 
     </span>
    </p>
   </div>
   <div class='ocr_carea' id='block_1_92' title="bbox 2480 4250 3554 4327">
    <p class='ocr_par' dir='ltr' id='par_1_92' title="bbox 2480 4250 3554 4327">
     <span class='ocr_line' id='line_1_98' title="bbox 2480 4250 3554 4327; baseline -0.006 -13"><span class='ocrx_word' id='word_1_568' title='bbox 2480 4257 2667 4315; x_wconf 88' lang='lat' dir='ltr'><strong>fuerat</strong></span> <span class='ocrx_word' id='word_1_569' title='bbox 2713 4254 2890 4312; x_wconf 88' lang='lat' dir='ltr'><strong>frater</strong></span> <span class='ocrx_word' id='word_1_570' title='bbox 2940 4256 3182 4326; x_wconf 85' lang='lat' dir='ltr'><strong>Hyrcani</strong></span> <span class='ocrx_word' id='word_1_571' title='bbox 3234 4250 3554 4327; x_wconf 82' lang='lat' dir='ltr'><strong>Pontiﬁcis]</strong></span> 
     </span>
    </p>
   </div>
   <div class='ocr_carea' id='block_1_93' title="bbox 2477 4342 3561 4414">
    <p class='ocr_par' dir='ltr' id='par_1_93' title="bbox 2477 4342 3561 4414">
     <span class='ocr_line' id='line_1_99' title="bbox 2477 4342 3561 4414; baseline -0.007 -12"><span class='ocrx_word' id='word_1_572' title='bbox 2477 4347 2752 4402; x_wconf 89' lang='lat' dir='ltr'><strong>adversus</strong></span> <span class='ocrx_word' id='word_1_573' title='bbox 2775 4351 3065 4414; x_wconf 90' lang='lat' dir='ltr'><strong>patruum,</strong></span> <span class='ocrx_word' id='word_1_574' title='bbox 3081 4343 3249 4412; x_wconf 90' lang='lat' dir='ltr'><strong>cujus</strong></span> <span class='ocrx_word' id='word_1_575' title='bbox 3266 4342 3478 4412; x_wconf 84' lang='lat' dir='ltr'><strong>Regno,</strong></span> <span class='ocrx_word' id='word_1_576' title='bbox 3502 4346 3561 4396; x_wconf 90' lang='lat' dir='ltr'><strong>et</strong></span> 
     </span>
    </p>
   </div>
   <div class='ocr_carea' id='block_1_94' title="bbox 2476 4431 3555 4498">
    <p class='ocr_par' dir='ltr' id='par_1_94' title="bbox 2476 4431 3555 4498">
     <span class='ocr_line' id='line_1_100' title="bbox 2476 4431 3555 4498; baseline -0.006 -7"><span class='ocrx_word' id='word_1_577' title='bbox 2476 4435 2806 4491; x_wconf 87' lang='lat' dir='ltr'><strong>Sacerdotio</strong></span> <span class='ocrx_word' id='word_1_578' title='bbox 2885 4431 3164 4498; x_wconf 87' lang='lat' dir='ltr'><strong>inhiabat,</strong></span> <span class='ocrx_word' id='word_1_579' title='bbox 3215 4431 3555 4486; x_wconf 89' lang='lat' dir='ltr'><strong>Parthorum</strong></span> 
     </span>
    </p>
   </div>
   <div class='ocr_carea' id='block_1_95' title="bbox 2479 4519 3558 4589">
    <p class='ocr_par' dir='ltr' id='par_1_95' title="bbox 2479 4519 3558 4589">
     <span class='ocr_line' id='line_1_101' title="bbox 2479 4519 3558 4589; baseline -0.006 -10"><span class='ocrx_word' id='word_1_580' title='bbox 2479 4537 2636 4580; x_wconf 90' lang='lat' dir='ltr'><strong>arma</strong></span> <span class='ocrx_word' id='word_1_581' title='bbox 2690 4525 2954 4589; x_wconf 89' lang='lat' dir='ltr'><strong>suscitat,</strong></span> <span class='ocrx_word' id='word_1_582' title='bbox 2989 4522 3135 4577; x_wconf 91' lang='lat' dir='ltr'><strong>duce</strong></span> <span class='ocrx_word' id='word_1_583' title='bbox 3165 4519 3397 4586; x_wconf 88' lang='lat' dir='ltr'><strong>Parbro,</strong></span> <span class='ocrx_word' id='word_1_584' title='bbox 3440 4520 3558 4587; x_wconf 90' lang='lat' dir='ltr'><strong>jam</strong></span> 
     </span>
    </p>
   </div>
   <div class='ocr_carea' id='block_1_96' title="bbox 2479 4607 3564 4667">
    <p class='ocr_par' dir='ltr' id='par_1_96' title="bbox 2479 4607 3564 4667">
     <span class='ocr_line' id='line_1_102' title="bbox 2479 4607 3564 4667; baseline -0.006 -1"><span class='ocrx_word' id='word_1_585' title='bbox 2479 4625 2512 4665; x_wconf 89' lang='lat' dir='ltr'><strong>a</strong></span> <span class='ocrx_word' id='word_1_586' title='bbox 2563 4611 2810 4666; x_wconf 89' lang='lat' dir='ltr'><strong>Labieno</strong></span> <span class='ocrx_word' id='word_1_587' title='bbox 2863 4610 3048 4666; x_wconf 88' lang='lat' dir='ltr'><strong>excita</strong></span> <span class='ocrx_word' id='word_1_588' title='bbox 3101 4615 3300 4667; x_wconf 91' lang='lat' dir='ltr'><strong>contra</strong></span> <span class='ocrx_word' id='word_1_589' title='bbox 3347 4607 3564 4661; x_wconf 86' lang='lat' dir='ltr'><strong>Roma-</strong></span> 
     </span>
    </p>
   </div>
   <div class='ocr_carea' id='block_1_97' title="bbox 2481 4697 3564 4769">
    <p class='ocr_par' dir='ltr' id='par_1_97' title="bbox 2481 4697 3564 4769">
     <span class='ocr_line' id='line_1_103' title="bbox 2481 4697 3564 4769; baseline -0.006 -14"><span class='ocrx_word' id='word_1_590' title='bbox 2481 4713 2585 4756; x_wconf 92' lang='lat' dir='ltr'><strong>nos</strong></span> <span class='ocrx_word' id='word_1_591' title='bbox 2666 4705 2867 4769; x_wconf 87' lang='lat' dir='ltr'><strong>pactus</strong></span> <span class='ocrx_word' id='word_1_592' title='bbox 2946 4698 3104 4754; x_wconf 90' lang='lat' dir='ltr'><strong>mille</strong></span> <span class='ocrx_word' id='word_1_593' title='bbox 3181 4697 3412 4763; x_wconf 87' lang='lat' dir='ltr'><strong>talenta,</strong></span> <span class='ocrx_word' id='word_1_594' title='bbox 3507 4698 3564 4748; x_wconf 91' lang='lat' dir='ltr'><strong>et</strong></span> 
     </span>
    </p>
   </div>
   <div class='ocr_carea' id='block_1_98' title="bbox 2482 4783 3563 4859">
    <p class='ocr_par' dir='ltr' id='par_1_98' title="bbox 2482 4783 3563 4859">
     <span class='ocr_line' id='line_1_104' title="bbox 2482 4783 3563 4859; baseline -0.006 -15"><span class='ocrx_word' id='word_1_595' title='bbox 2482 4789 2827 4859; x_wconf 88' lang='lat' dir='ltr'><strong>quingentas</strong></span> <span class='ocrx_word' id='word_1_596' title='bbox 2879 4783 3174 4858; x_wconf 89' lang='lat' dir='ltr'><strong>mulieres,</strong></span> <span class='ocrx_word' id='word_1_597' title='bbox 3227 4788 3278 4843; x_wconf 92' lang='lat' dir='ltr'><strong>si</strong></span> <span class='ocrx_word' id='word_1_598' title='bbox 3311 4785 3382 4841; x_wconf 90' lang='lat' dir='ltr'><strong>ab</strong></span> <span class='ocrx_word' id='word_1_599' title='bbox 3412 4785 3563 4854; x_wconf 82' lang='lat' dir='ltr'><strong>Hyr—</strong></span> 
     </span>
    </p>
   </div>
   <div class='ocr_carea' id='block_1_99' title="bbox 2482 4875 3560 4951">
    <p class='ocr_par' dir='ltr' id='par_1_99' title="bbox 2482 4875 3560 4951">
     <span class='ocr_line' id='line_1_105' title="bbox 2482 4875 3560 4951; baseline -0.008 -15"><span class='ocrx_word' id='word_1_600' title='bbox 2482 4891 2624 4936; x_wconf 85' lang='lat' dir='ltr'><strong>cano</strong></span> <span class='ocrx_word' id='word_1_601' title='bbox 2676 4879 2734 4934; x_wconf 92' lang='lat' dir='ltr'><strong>in</strong></span> <span class='ocrx_word' id='word_1_602' title='bbox 2787 4892 2846 4936; x_wconf 89' lang='lat' dir='ltr'><strong>se</strong></span> <span class='ocrx_word' id='word_1_603' title='bbox 2904 4893 3143 4951; x_wconf 89' lang='lat' dir='ltr'><strong>regnum</strong></span> <span class='ocrx_word' id='word_1_604' title='bbox 3193 4875 3560 4942; x_wconf 89' lang='lat' dir='ltr'><strong>transferant,</strong></span> 
     </span>
    </p>
   </div>
   <div class='ocr_carea' id='block_1_100' title="bbox 2483 4965 3564 5028">
    <p class='ocr_par' dir='ltr' id='par_1_100' title="bbox 2483 4965 3564 5028">
     <span class='ocr_line' id='line_1_106' title="bbox 2483 4965 3564 5028; baseline -0.01 -1"><span class='ocrx_word' id='word_1_605' title='bbox 2483 4977 2540 5027; x_wconf 90' lang='lat' dir='ltr'><strong>et</strong></span> <span class='ocrx_word' id='word_1_606' title='bbox 2569 4971 2837 5028; x_wconf 84' lang='lat' dir='ltr'><strong>Herodem</strong></span> <span class='ocrx_word' id='word_1_607' title='bbox 2885 4984 3000 5026; x_wconf 90' lang='lat' dir='ltr'><strong>una</strong></span> <span class='ocrx_word' id='word_1_608' title='bbox 3029 4982 3158 5025; x_wconf 90' lang='lat' dir='ltr'><strong>cum</strong></span> <span class='ocrx_word' id='word_1_609' title='bbox 3203 4965 3346 5021; x_wconf 84' lang='lat' dir='ltr'><strong>ﬁliis</strong></span> <span class='ocrx_word' id='word_1_610' title='bbox 3376 4965 3564 5019; x_wconf 91' lang='lat' dir='ltr'><strong>inter-</strong></span> 
     </span>
    </p>
   </div>
   <div class='ocr_carea' id='block_1_101' title="bbox 2486 5061 3302 5133">
    <p class='ocr_par' dir='ltr' id='par_1_101' title="bbox 2486 5061 3302 5133">
     <span class='ocr_line' id='line_1_107' title="bbox 2486 5061 3302 5133; baseline -0.009 -17"><span class='ocrx_word' id='word_1_611' title='bbox 2486 5061 2700 5116; x_wconf 83' lang='lat' dir='ltr'><strong>ficiant.</strong></span> <span class='ocrx_word' id='word_1_612' title='bbox 2990 5130 2994 5133; x_wconf 94' lang='lat'><em>_</em></span> <span class='ocrx_word' id='word_1_613' title='bbox 3297 5069 3302 5073; x_wconf 80' lang='lat'><strong><em>&#39;</em></strong></span> 
     </span>
    </p>
   </div>
   <div class='ocr_carea' id='block_1_102' title="bbox 2555 5143 3564 5218">
    <p class='ocr_par' dir='ltr' id='par_1_102' title="bbox 2555 5143 3564 5218">
     <span class='ocr_line' id='line_1_108' title="bbox 2555 5143 3564 5218; baseline -0.011 -11"><span class='ocrx_word' id='word_1_614' title='bbox 2555 5153 2828 5207; x_wconf 90' lang='lat' dir='ltr'><strong>Herodem</strong></span> <span class='ocrx_word' id='word_1_615' title='bbox 2883 5149 3057 5218; x_wconf 92' lang='lat' dir='ltr'><strong>enim,</strong></span> <span class='ocrx_word' id='word_1_616' title='bbox 3115 5153 3171 5202; x_wconf 93' lang='lat' dir='ltr'><strong>et</strong></span> <span class='ocrx_word' id='word_1_617' title='bbox 3228 5143 3564 5200; x_wconf 87' lang='lat' dir='ltr'><strong>Phasaelum</strong></span> 
     </span>
    </p>
   </div>
   <div class='ocr_carea' id='block_1_103' title="bbox 2486 5233 3564 5298">
    <p class='ocr_par' dir='ltr' id='par_1_103' title="bbox 2486 5233 3564 5298">
     <span class='ocr_line' id='line_1_109' title="bbox 2486 5233 3564 5298; baseline -0.013 0"><span class='ocrx_word' id='word_1_618' title='bbox 2486 5243 2802 5298; x_wconf 88' lang='lat' dir='ltr'><strong>tetrarchas</strong></span> <span class='ocrx_word' id='word_1_619' title='bbox 2841 5239 3227 5294; x_wconf 88' lang='lat' dir='ltr'><strong>constituerat</strong></span> <span class='ocrx_word' id='word_1_620' title='bbox 3258 5233 3564 5293; x_wconf 83' lang='lat' dir='ltr'><strong>Antonius,</strong></span> 
     </span>
    </p>
   </div>
   <div class='ocr_carea' id='block_1_104' title="bbox 2487 5320 3571 5400">
    <p class='ocr_par' dir='ltr' id='par_1_104' title="bbox 2487 5320 3571 5400">
     <span class='ocr_line' id='line_1_110' title="bbox 2487 5320 3571 5400; baseline -0.009 -14"><span class='ocrx_word' id='word_1_621' title='bbox 2487 5331 2637 5400; x_wconf 87' lang='lat' dir='ltr'><strong>apud</strong></span> <span class='ocrx_word' id='word_1_622' title='bbox 2716 5341 2880 5399; x_wconf 90' lang='lat' dir='ltr'><strong>quem</strong></span> <span class='ocrx_word' id='word_1_623' title='bbox 2961 5325 3187 5395; x_wconf 88' lang='lat' dir='ltr'><strong>Daphni</strong></span> <span class='ocrx_word' id='word_1_624' title='bbox 3273 5320 3571 5377; x_wconf 65' lang='lat' dir='ltr'><strong>Antochiaa</strong></span> 
     </span>
    </p>
   </div>
   <div class='ocr_carea' id='block_1_105' title="bbox 2490 5420 3572 5491">
    <p class='ocr_par' dir='ltr' id='par_1_105' title="bbox 2490 5420 3572 5491">
     <span class='ocr_line' id='line_1_111' title="bbox 2490 5420 3572 5491; baseline -0.011 -16"><span class='ocrx_word' id='word_1_625' title='bbox 2490 5421 2763 5491; x_wconf 66' lang='lat' dir='ltr'><strong>proxima:</strong></span> <span class='ocrx_word' id='word_1_626' title='bbox 2794 5420 2900 5474; x_wconf 91' lang='lat' dir='ltr'><strong>hoc</strong></span> <span class='ocrx_word' id='word_1_627' title='bbox 2925 5429 3075 5472; x_wconf 92' lang='lat' dir='ltr'><strong>anno</strong></span> <span class='ocrx_word' id='word_1_628' title='bbox 3101 5421 3360 5485; x_wconf 88' lang='lat' dir='ltr'><strong>agentem</strong></span> <span class='ocrx_word' id='word_1_629' title='bbox 3391 5424 3572 5465; x_wconf 88' lang='lat' dir='ltr'><strong>accu-</strong></span> 
     </span>
    </p>
   </div>
   <div class='ocr_carea' id='block_1_106' title="bbox 2497 5499 3561 5573">
    <p class='ocr_par' dir='ltr' id='par_1_106' title="bbox 2497 5499 3561 5573">
     <span class='ocr_line' id='line_1_112' title="bbox 2497 5499 3561 5573; baseline -0.012 -7"><span class='ocrx_word' id='word_1_630' title='bbox 2497 5511 2771 5566; x_wconf 90' lang='lat' dir='ltr'><strong>sabantur</strong></span> <span class='ocrx_word' id='word_1_631' title='bbox 2793 5523 2825 5564; x_wconf 93' lang='lat' dir='ltr'><strong>a</strong></span> <span class='ocrx_word' id='word_1_632' title='bbox 2845 5508 3170 5563; x_wconf 69' lang='lat' dir='ltr'><strong>Judmorum</strong></span> <span class='ocrx_word' id='word_1_633' title='bbox 3204 5499 3561 5573; x_wconf 88' lang='lat' dir='ltr'><strong>proceribus.</strong></span> 
     </span>
    </p>
   </div>
   <div class='ocr_carea' id='block_1_107' title="bbox 2487 5589 3572 5666">
    <p class='ocr_par' dir='ltr' id='par_1_107' title="bbox 2487 5589 3572 5666">
     <span class='ocr_line' id='line_1_113' title="bbox 2487 5589 3572 5666; baseline -0.012 -11"><span class='ocrx_word' id='word_1_634' title='bbox 2487 5600 2703 5655; x_wconf 88' lang='lat' dir='ltr'><strong>Audito</strong></span> <span class='ocrx_word' id='word_1_635' title='bbox 2734 5598 3222 5666; x_wconf 84' lang='lat' dir='ltr'><strong>tamen’Hyrcano,</strong></span> <span class='ocrx_word' id='word_1_636' title='bbox 3254 5592 3355 5662; x_wconf 88' lang='lat' dir='ltr'><strong>qui</strong></span> <span class='ocrx_word' id='word_1_637' title='bbox 3392 5589 3572 5644; x_wconf 86' lang='lat' dir='ltr'><strong>filiam</strong></span> 
     </span>
    </p>
   </div>
   <div class='ocr_carea' id='block_1_108' title="bbox 2491 5681 3579 5753">
    <p class='ocr_par' dir='ltr' id='par_1_108' title="bbox 2491 5681 3579 5753">
     <span class='ocr_line' id='line_1_114' title="bbox 2491 5681 3579 5753; baseline -0.006 -11"><span class='ocrx_word' id='word_1_638' title='bbox 2491 5689 2859 5742; x_wconf 85' lang='lat' dir='ltr'><strong>Mariamnem</strong></span> <span class='ocrx_word' id='word_1_639' title='bbox 2916 5683 3127 5741; x_wconf 85' lang='lat' dir='ltr'><strong>Herodi</strong></span> <span class='ocrx_word' id='word_1_640' title='bbox 3194 5681 3579 5753; x_wconf 90' lang='lat' dir='ltr'><strong>desponderat</strong></span> 
     </span>
    </p>
   </div>
  </div>
