3960 6384
135 280 252 337 424

1165 285 1513 343 ΟΗΒΟΝΟΙ..
1569 286 1853 349 CONSUL.
1908 293 1996 349 ET
2035 295 2196 352 CES.
2248 297 2414 355 ROM.
2475 300 2621 356 ETC.

3482 301 3590 362 422

211 422 387 511 Anni.
442 425 822 494 Imperatores,
854 424 1110 511 Consales
1132 431 1517 501 Romanorum,
1557 429 1742 511 “Atilii
1839 411 1894 468 Α
1985 418 2154 511 έῇηί
2221 424 2532 511 εἶυάττονυζη
2581 429 3290 511 βὲ,1ίηίίξηῖονυπιρορυῖφ“
3360 429 3521 511 Αηηί

1983 489 2178 562 Olymp
2284 513 2409 550 rum
2457 489 2762 568 Pontiﬁces,
2789 504 2980 568 Reges,
3015 489 3292 569 rES‘gestze
3386 505 3515 554 ante

179 493 406 548 Period.

208 566 322 619 Jul.
345 570 400 620 et

227 637 369 704 σεισιὶ

215 705 356 782 @D

1557 502 1628 555 U.
1667 501 1730 555 C.

1613 576 1741 626 ante

1576 648 1627 698 et
1650 645 1776 712 post

1593 714 1754 768 Palil.

582 512 668 550 res
699 504 861 566 geste
909 505 958 552 et
1001 500 1342 554 documenta.

606 607 696 648 EX.
753 608 951 650 IVDAEA
1013 611 1077 653 III
1150 611 1328 653 NONAS
1406 611 1540 654 SEP-

603 704 813 746 TEMBR.
852 707 906 747 Λ.
941 706 1135 750 DCCXIX

507 829 554 872 C.
590 831 905 875 NORBANVS.
936 834 989 875 C.
1019 836 1076 877 F.
1115 835 1361 878 FLACCVS.
1385 837 1529 879 PRO-

580 919 675 962 COS

577 1010 647 1051 EX
696 1011 956 1055 HISPANIA
997 1013 1057 1056 IV
1104 1015 1161 1056 ID
1199 1013 1420 1057 OCTOBR.
1469 1015 1523 1056 Α.

581 1098 773 1144 DCCXIX

575 1175 729 1231 Fasti
764 1177 1146 1248 triumphales
1185 1177 1524 1250 Capitolini.

1665 1297 1776 1358 749

1619 1408 1672 1446 a.
1708 1392 1770 1445 P.

1662 1475 1777 1536 720

1643 1571 1770 1640 pP.

171 1293 323 1353 4680
503 1299 645 1370 Imp.
700 1299 889 1357 Caesar
942 1303 1070 1359 Divi
1129 1302 1168 1358 ι.
1228 1318 1269 1360 ιι
1326 1304 1521 1360 eadem

168 1381 228 1454 4,
261 1383 298 1441 6
443 1385 540 1444 die
571 1387 695 1444 Kal.
725 1389 1050 1447 Abdicavit.
1078 1394 1141 1448 In
1170 1394 1296 1463 ejus
1324 1393 1418 1448 Io-

220 1474 261 1531 C
441 1489 572 1532 cum
614 1477 727 1533 suf.

503 1566 565 1621 L.
597 1567 896 1626 Volcatius
927 1569 974 1626 I.
1009 1569 1050 1625 f.
1082 1571 1310 1628 Tullus.

506 1657 656 1712 Idem
690 1658 842 1729 lapis
870 1659 1168 1718 Fastorum
1203 1660 1485 1732 municip.

421 1757 513 1815 ap.
535 1745 702 1802 Grut.
748 1747 789 1803 f.
831 1761 961 1818 ccxc,
994 1757 1050 1806 et
1088 1751 1346 1806 Frontin.
1382 1751 1476 1805 his

421 1847 566 1890 coss.
612 1842 770 1892 notat
809 1839 954 1894 V.C.
1000 1851 1137 1894 ann.
1180 1851 1394 1908 DCCXIX,
1431 1844 1489 1894 et

422 1929 550 1992 post
597 1938 781 1981 annos
820 1940 949 1981 xm.
1002 1927 1062 1983 C.
1114 1928 1375 1984 Sentium
1422 1929 1482 1980 P.

418 2012 752 2068 Lucretium
787 2027 904 2070 cos.
929 2016 1154 2071 Boccho
1187 2029 1317 2087 rege
1343 2017 1495 2072 Mau-

355 2118 363 2124 -
425 2099 658 2154 ritaniaa
706 2100 1000 2172 defuncto,
1045 2103 1396 2159 Mauritania
1439 2103 1498 2158 in

430 2185 792 2245 Provinciam
823 2193 1072 2247 redacta.
1098 2193 1204 2248 Dio
1244 2191 1286 2247 .l.
1329 2205 1482 2262 mx,

425 2275 766 2334 Simultates
807 2279 1066 2351 gliscunt
1113 2281 1265 2337 inter
1309 2281 1486 2337 Caesa-

433 2377 574 2435 rem,
607 2371 664 2422 et
691 2366 901 2424 Anton.

1665 2455 1774 2518 720

1661 2546 1762 2605 724

152 2627 305 2688 4684

148 2717 285 2790 5,7

152 2808 260 2864 BA

559 2633 660 2688 Cn.
690 2631 982 2692 Domitius
1003 2635 1440 2694 Ahenobarbus.

561 2721 624 2778 C.
641 2723 866 2780 Sosius.

488 2811 640 2867 Idem
673 2811 846 2884 lapis,
878 2815 979 2885 qui
1010 2820 1311 2873 enumerat
1339 2815 1515 2872 etiam

422 2899 716 2959 suffectos.

496 2988 626 3044 Kal.
679 2991 940 3049 Januarii
986 2995 1289 3051 consulum
1329 2995 1515 3051 alter-

424 3078 578 3134 catio
625 3083 981 3139 occasionem
1010 3084 1108 3140 dat
1153 3084 1288 3141 belli
1318 3083 1516 3142 civilis

426 3167 578 3224 inter
623 3168 921 3244 Caesarem,
953 3177 1010 3229 et
1033 3173 1368 3231 Antonium.
1404 3174 1512 3230 Dio

420 3255 531 3312 sub
553 3257 683 3317 init.
716 3259 816 3316 lib.
847 3276 896 3317 ι..

491 3345 598 3402 His
639 3362 781 3405 coss.
817 3351 1048 3423 Dionys.
1104 3353 1396 3409 Halicarn.
1450 3352 1510 3409 in

422 3433 581 3505 praaf.
643 3437 777 3494 hist.
831 3446 1096 3497 numerat
1125 3440 1521 3512 Olympiadem

421 3522 714 3581 ineuntem
754 3523 876 3597 487,
921 3533 984 3584 ut
1022 3542 1089 3584 ex
1123 3529 1364 3586 biennio
1412 3544 1512 3586 se-

423 3617 622 3684 quenti
672 3615 998 3686 colligitur,
1044 3617 1146 3672 ubi
1198 3618 1258 3673 in
1301 3618 1510 3674 diebus

421 3702 641 3758 aestivis
673 3710 940 3759 numerat
973 3705 1238 3761 mediam.

196 3785 350 3847 £682
493 3792 636 3862 Imp.
663 3791 804 3847 Caes.
831 3792 960 3847 Divi
985 3791 1025 3846 f.
1059 3806 1120 3847 ιιι

195 3877 252 3950 6,
295 3875 337 3934 8
498 3881 572 3935 M.
600 3881 870 3938 Valerius
894 3883 968 3937 Μ.
1005 3879 1045 3936 f.
1079 3881 1152 3936 M.
1183 3894 1244 3937 ιι.
1273 3882 1514 3939 Messala

235 3967 306 4024 G.
419 3967 628 4026 Corvin
643 4011 656 4024 .

421 4055 573 4114 Idem
610 4058 780 4129 lapis,
814 4059 924 4116 AA.
962 4062 1199 4132 passim.
1232 4074 1327 4136 ac.

425 4160 601 4202 rvcm
652 4161 876 4204 aeruca
926 4150 1234 4207 commissa
1290 4147 1324 4206 4
1367 4152 1511 4207 Non.

426 4237 579 4308 Sept.
617 4238 898 4295 Patercul.
940 4253 1002 4310 ιι,
1040 4237 1130 4294 84.
1167 4239 1309 4296 Vide
1347 4241 1519 4296 Noris

422 4326 558 4382 Cen.
610 4327 726 4382 Pis.
764 4343 816 4397 p.
869 4326 990 4384 459.
1038 4328 1339 4400 Augustus
1393 4335 1521 4400 post

173 4429 319 4472 Αειυι
427 4428 551 4471 eam
598 4417 899 4472 victoriam
937 4419 994 4474 in
1035 4420 1231 4473 Asiam
1263 4421 1519 4475 Procon—

205 4518 280 4560 ιι
431 4504 683 4561 sularem
718 4505 1007 4576 profectus
1036 4507 1285 4563 eamdem
1319 4509 1517 4564 statim

171 4607 370 4650 vxcron
437 4594 717 4652 obtinuit.
759 4596 841 4652 Ex
877 4594 1087 4651 Africae
1127 4597 1386 4667 proxima
1415 4597 1518 4652 1E—

175 4696 230 4739 IA
281 4696 400 4740 scr.
444 4683 603 4756 gypti
639 4689 818 4755 parte,
865 4684 1136 4742 Pinarius
1172 4691 1420 4757 Scarpus
1447 4701 1517 4743 ex

263 4778 322 4829 et
439 4773 680 4830 Antonii
714 4772 1000 4844 praefectis
1025 4775 1094 4831 ad
1121 4789 1253 4832 cum
1279 4774 1510 4834 defecit.

175 4874 298 4916 ave.
346 4874 406 4916 IN
443 4861 654 4918 Didius
713 4862 937 4934 legatus
998 4864 1240 4920 Caesaris
1294 4865 1517 4936 Syriam

192 4963 374 5007 svum.
430 4951 752 5022 occupavit.
804 4952 963 5009 Unde
1000 4967 1144 5010 AERA
1173 4968 1298 5010 avc.
1328 4968 1387 5009 ιιι
1419 4968 1524 5010 sv—

429 5053 529 5096 ιιιΑ
553 5053 621 5095 ex
646 5040 881 5096 Autum.
912 5042 1054 5098 Vide
1072 5044 1242 5098 Noris
1263 5043 1366 5112 Ep.
1393 5043 1517 5108 Syr.

431 5144 488 5201 p.
524 5127 652 5201 254,
684 5130 824 5186 edit.
861 5131 1013 5202 Lips.

1619 3880 1724 3940 724

1623 4057 1736 4117 722

215 5215 354 5276 4683
501 5221 642 5289 Imp.
681 5219 871 5276 Cmsar
896 5221 1026 5276 Divi
1059 5219 1100 5275 f.
1130 5233 1240 5276 ιιιι.

211 5303 270 5380 7,
322 5305 358 5364 9
503 5309 576 5363 M.
624 5309 890 5366 Licinius
932 5310 1003 5364 M.
1057 5308 1097 5365 f.
1134 5323 1209 5364 ιιι.
1243 5322 1298 5365 ιι.
1344 5308 1523 5367 Cras-
1627 5308 1738 5370 722

249 5399 316 5453 F.
436 5411 539 5454 sus

632 5499 848 5544 BELLvu
873 5485 1307 5545 ALEXANDRINVI
1627 5483 1736 5545 723

451 5575 606 5632 Idem
635 5575 806 5648 lapis,
836 5578 938 5648 qui
965 5581 1023 5633 et
1046 5575 1316 5635 suﬂ‘ectos
1340 5590 1490 5633 coss.

1833 3057 1884 3120 C

1993 1538 2056 1581 ιιι
2086 1530 2139 1581 et

2021 1629 2110 1672 IIII

1953 2774 2035 2831 Ol.
2074 2773 2178 2832 486

1969 2877 2057 2919 IIII
2099 2869 2152 2920 et

2277 572 2328 621 et
2357 569 2676 624 documenta

2209 726 2324 783 sibi
2371 728 2498 784 dari
2542 730 2839 801 ademptas
2887 735 3014 790 suis
3064 733 3299 802 regibus

2209 815 2417 872 Verum
2447 817 2736 876 Antonius
2776 822 3014 892 restitit,
3052 822 3301 894 largitus

2209 908 2398 960 tamen
2447 907 2736 965 maritima
2778 909 2903 966 loca
2933 925 2965 967 a
2997 911 3171 967 ﬂuvio
3217 911 3302 965 E-

2209 991 2474 1051 Ieuthero
2499 996 2566 1052 ad
2606 997 2850 1069 Egyptu
2864 1015 2908 1053 ιιι
2953 1004 3159 1069 praeter
3184 999 3302 1069 Ty—

2209 1094 2360 1152 rum,
2388 1088 2446 1140 et
2469 1085 2760 1151 Sidonem,
2796 1086 2899 1143 ibi.

2278 1174 2508 1231 Mortuo
2538 1176 2800 1245 pontiﬁci
2821 1178 3148 1234 Judaeorum
3175 1191 3303 1234 suc-

2204 1263 2360 1318 cedit
2401 1265 2567 1321 Jesus
2612 1265 2771 1322 ﬁlius
2818 1267 3022 1324 Phabaa
3065 1267 3136 1323 ab
3179 1269 3300 1325 Aa-

2206 1364 2344 1407 rone
2390 1367 2506 1409 LXI.

2345 1442 2477 1498 Jesu
2510 1443 2590 1498 ﬁl.
2637 1444 2842 1501 Phabaa
2882 1442 2931 1500 4.
2964 1446 3210 1502 Herodis
3234 1441 3293 1501 7.

2283 1529 2530 1587 Herodes
2551 1534 2774 1590 auxilia
2799 1534 2871 1589 ab
2891 1534 3144 1592 Antonio
3171 1542 3300 1606 post

2210 1616 2424 1675 bellum
2466 1623 2662 1679 Media:
2688 1624 2800 1680 sibi
2831 1625 3071 1681 remissa
3097 1624 3297 1681 educit

2208 1715 2407 1764 contra
2433 1710 2666 1774 Arabas.
2691 1719 2748 1769 et
2770 1714 2934 1771 vario
2962 1721 3140 1770 marte
3165 1727 3298 1770 cum

2208 1795 2334 1852 illis
2364 1798 2645 1871 conﬂigit.

2278 1887 2569 1944 Antonius
2625 1903 2754 1945 cum
2816 1905 2946 1962 rege
3001 1892 3296 1948 Medorum

2207 1974 2539 2032 societatem
2614 1977 2752 2034 belli
2816 1981 3107 2049 junxerat,
3179 1981 3294 2051 ipsi

2205 2069 2406 2121 contra
2449 2067 2670 2137 Persas,
2711 2067 2828 2123 sibi
2873 2073 3072 2125 contra
3101 2069 3296 2126 Caesa-

2203 2167 2342 2225 rem,
2390 2156 2542 2226 quod
2597 2156 2647 2212 is
2707 2157 3040 2214 Provincias
3095 2157 3294 2228 Lepidi

2203 2241 2317 2297 sibi
2379 2250 2736 2315 usurpasset.
2796 2246 2948 2302 Idem
3009 2246 3299 2303 Antonius

2200 2328 2486 2388 Armenia;
2532 2347 2717 2405 regem
2765 2348 2864 2404 per
2905 2333 3164 2391 fraudem
3191 2349 3297 2391 ca-

2202 2423 2374 2489 ptem,
2435 2427 2492 2476 et
2553 2423 2809 2477 vinctum
2862 2423 2921 2478 in
2995 2424 3294 2494 triumpho

2201 2508 2366 2564 ducit
2415 2509 2844 2582 Alexandriam,
2895 2518 2952 2568 et
3001 2525 3172 2584 regna
3211 2513 3298 2569 di-

2202 2598 2352 2653 vidit
2403 2600 2554 2656 inter
2602 2600 2756 2657 ﬁlios
2800 2601 3129 2673 Cle0patraz.
3183 2601 3290 2660 Dio

2203 2685 2307 2742 lib.
2348 2702 2502 2744 XLIX.

2356 2778 2489 2835 Jesu
2516 2776 2569 2836 2.
2649 2781 2891 2838 Herodis
2918 2779 2972 2837 8.

2273 2866 2444 2924 Hillel
2493 2868 2844 2940 Babylonius
2896 2884 2964 2927 ex
3016 2870 3289 2928 Davidica

1951 2949 2078 3024 487,
2108 2967 2124 3010 1
2202 2956 2385 3026 stirpe
2429 2956 2635 3013 ﬂoret:
2671 2973 2738 3015 ex
2767 2959 2945 3030 hujus
2974 2960 3296 3031 discipulo-

2008 3979 2048 4035 ιν

1989 5235 2147 5294 ιι,ιιι.

2081 3979 2120 4022 II

2206 3059 2330 3100 rum
2409 3060 2715 3104 numeroso
2787 3055 2939 3106 cmtu
3008 3051 3290 3106 Jonathan

2197 3133 2442 3190 Uzzielis
2487 3133 2526 3189 f.
2573 3143 2776 3194 auctor
2820 3137 3146 3194 Chaldaica:
3185 3140 3284 3196 Pa-

2204 3223 2545 3293 raphraseos
2597 3226 2965 3283 clarissimus
3023 3226 3287 3284 habetur.

2196 3311 2350 3368 Inter
2398 3313 2660 3371 Hillelem
2706 3316 2884 3383 hunc,
2929 3321 2986 3371 et
3028 3315 3291 3371 Samma-

2199 3398 2313 3455 iam
2363 3410 2491 3458 orto
2533 3403 2786 3460 dissidio
2831 3403 3089 3472 familiae,
3142 3404 3292 3460 sub-

2199 3490 2478 3546 oriuntur
2505 3492 2858 3561 Scribarum,
2892 3499 2950 3548 et
2975 3494 3286 3550 Pharisaeo-

2195 3593 2347 3647 rum,
2375 3578 2430 3634 S.
2482 3581 2804 3651 Hieronym.
2839 3582 2897 3636 in
2928 3582 3137 3637 Isaiam
3170 3582 3280 3637 lib.

2200 3680 2286 3737 III,
2320 3681 2446 3737 cap.
2473 3666 2527 3736 8,
2561 3680 2618 3725 et
2655 3683 2725 3725 ex
2769 3669 2874 3725 illo
2916 3669 3187 3725 Usserius
3230 3670 3290 3725 in

2195 3752 2401 3810 Annal.

2337 3880 2470 3935 Jesu
2501 3877 2553 3936 3.
2631 3881 2874 3937 Herodis
2902 3881 2956 3938 9.

2267 3965 2477 4025 Contra
2506 3968 2757 4025 Arabum
2800 3984 2986 4042 regem
3032 3971 3284 4041 Aretam,

2197 4057 2446 4113 Herodes
2494 4058 2851 4114 tributorum
2900 4073 3075 4117 causa
3125 4075 3284 4118 arma

2203 4152 2408 4202 movet.
2433 4147 2549 4203 Jos.
2588 4145 2690 4202 lib.
2719 4161 2815 4213 xv,
2845 4161 2896 4203 c.
2918 4148 2973 4205 6.

2269 4235 2463 4291 Iudaea
2547 4237 2868 4293 vehementi
2959 4242 3289 4294 terraemotu

2195 4325 2530 4381 concutitur
2559 4340 2608 4381 c.
2639 4321 2695 4381 7.

2268 4414 2517 4471 Herodes
2549 4416 2607 4470 in
2630 4415 2943 4474 discrimen
2974 4416 3288 4474 adductum

2200 4502 2262 4558 in
2315 4517 2375 4559 se
2405 4503 2637 4573 timens,
2671 4506 2823 4576 quod
2857 4505 3094 4564 favisset
3119 4505 3290 4563 Anto-

2197 4592 2317 4662 nio,
2360 4599 2488 4664 post
2516 4593 2806 4652 Actiacam
2859 4596 3186 4665 vlctoriam,
3218 4610 3289 4652 ne

2196 4681 2484 4741 Hircanus
2525 4684 2717 4742 adhuc
2755 4694 3048 4756 superstes
3097 4687 3157 4741 in
3207 4699 3289 4741 re-

2209 4785 2382 4844 gnum
2416 4773 2780 4846 restituatur,
2828 4775 2899 4831 de
2942 4775 3111 4831 illius
3155 4786 3288 4829 nece

2198 4860 2503 4919 deliberat.
2534 4861 2644 4918 Ibi.
2676 4876 2803 4932 cap.
2833 4859 2889 4916 9.

2365 5223 2498 5276 Jesu
2529 5217 2582 5274 4.
2614 5217 2858 5273 Herodis
2886 5213 2973 5272 40.

2273 5308 2523 5364 Herodes
2577 5311 2705 5376 post
2749 5305 3095 5373 interceptas
3143 5303 3286 5358 Hir-

2201 5397 2330 5453 cani
2357 5395 2582 5451 litteras
2611 5394 2680 5449 ad
2714 5391 2999 5447 Malchum
3029 5391 3282 5450 Arabum

2203 5499 2411 5558 regem.
2491 5495 2669 5538 suasu
2742 5479 3078 5536 Alexandra;
3147 5480 3283 5537 ﬁliae

2201 5575 2446 5644 scriptas
2500 5571 2570 5628 ad
2624 5567 3045 5639 impetrandum
3096 5569 3283 5640 hospi-

3365 574 3552 625 [Eram

3349 642 3553 698 Christi

3404 1442 3477 1502 34

3371 2871 3495 2926 Biss

3399 5216 3464 5275 34
