3960 6382
335 334 440 393 435
1125 333 1218 388 AD
1258 332 1690 390 ANASTASIUM
1743 333 2257 392 PROLEGOMENA
2301 333 2476 390 EDIT.
2532 329 2964 390 ROM.-VATIC.
3661 328 3773 390 436

383 460 560 519 Αηηίι
621 463 1000 530 Imperatores,
1045 458 1300 513 Consules
1346 461 1709 514 Romanorum
1777 461 1926 514 Anni
2009 459 2068 520 A
2155 458 2320 530 Anni
2381 459 2692 514 Iudaeorum
2743 460 2794 510 et
2833 456 3191 526 ﬁnitimorum
3222 454 3461 524 populo-
3523 455 3690 509 Anni

341 539 461 592 Per.
502 535 616 590 Jul.

373 620 424 670 et
435 615 608 684 Acyclt‘.

799 546 886 585 res
914 535 1096 598 gestae,
1127 535 1178 584 et
1224 531 1567 585 documenta.

1764 533 1834 587 U.

1763 615 1889 669 ante
1917 613 1970 665 et

403 682 543 763 ®B
621 689 921 747 omissoad
942 690 1714 746 ann.xu.Bissextilicorri-
1791 688 1915 756 post

643 797 747 868 git.
794 795 942 851 Plin.
998 794 1101 851 lib.
1137 793 1222 865 48,
1253 809 1377 867 cap.
1420 794 1511 852 25.
1541 795 1723 852 Solin.
1778 787 1944 848 Palil.

631 900 684 941 c.
713 883 766 942 3.
799 884 1046 942 Macrob.
1071 885 1186 942 Sat.
1222 885 1324 941 lib.
1351 883 1404 955 4,
1437 899 1488 941 c.
1519 881 1606 940 44.

425 987 568 1046 4706
705 991 1004 1061 Augustus
1033 991 1092 1044 P.
1127 988 1201 1044 M.
1231 994 1302 1046 tr.
1348 1005 1402 1061 p.
1436 1003 1530 1046 xv:
1573 1000 1717 1045 xvn.

421 1077 562 1172 9,1,3
632 1114 769 1172 ρο..
811 1080 898 1172 1":-
935 1079 1231 1172 slaiasms
1260 1079 1346 1172 lli-
1389 1079 1430 1172 £-

476 1152 524 1204 E
633 1149 769 1172 W”
809 1150 908 1204 Cn.
935 1150 1244 1220 Calpurius
1268 1149 1436 1206 Cn.f.
1469 1150 1602 1205 Piso
1653 1163 1720 1204 ιι.

711 1237 848 1298 διιεῖ.
879 1252 950 1295 ex
975 1239 1044 1294 K.
1075 1239 1220 1310 Aug.
1246 1240 1307 1294 L.
1338 1238 1635 1294 Manilius.
1653 1237 1719 1306 Q.

641 1347 986 1417 Torquatus.

685 1437 956 1507 Lapisap.
981 1435 1218 1490 Panvin.
1233 1435 1446 1490 Hocest
1457 1432 1722 1504 sequenti

646 1540 817 1583 anno.
837 1525 1136 1598 Augustus
1161 1523 1450 1579 militibus
1465 1522 1726 1577 emeritis

647 1617 892 1686 pretium
917 1628 1017 1683 pro
1034 1613 1190 1684 agris
1204 1612 1527 1667 distribuit.
1558 1611 1726 1680 Lapis

644 1703 853 1774 Ancyr.
893 1700 1033 1756 Tab.
1080 1699 1133 1768 3,
1168 1713 1259 1768 ap.
1291 1700 1458 1755 Grut.
1493 1714 1547 1769 p.
1592 1695 1719 1754 234.

646 1791 833 1847 Arcus
862 1791 1123 1862 Augusto
1151 1797 1374 1846 erectus
1416 1789 1476 1842 in
1519 1787 1729 1843 Norico

655 1885 730 1938 tr.
774 1897 829 1952 p.
868 1894 1010 1948 xvn,
1043 1879 1112 1935 de
1137 1893 1252 1951 quo
1277 1878 1505 1934 Plinius
1536 1876 1639 1932 lib.
1671 1873 1726 1946 3,

651 1984 703 2026 c.
733 1968 788 2026 2.

723 2059 848 2116 Kal.
866 2060 990 2115 Jan.
1013 2058 1101 2114 Ti.
1124 2071 1243 2114 cos.
1266 2057 1412 2127 li,de
1431 2054 1736 2112 Germanis

654 2149 936 2220 triumph.

725 2239 832 2295 Dio
857 2237 958 2294 lib.
985 2233 1076 2295 54.
1099 2235 1242 2292 Vide
1265 2234 1438 2291 Noris
1466 2232 1598 2289 Cen.
1616 2232 1734 2287 Pis.

439 2434 580 2495 4707
724 2435 870 2507 Aug.
915 2433 977 2486 P.
1013 2432 1087 2486 Μ.
1142 2434 1216 2488 tr.
1263 2445 1318 2500 p.
1365 2440 1511 2486 xvii.
1562 2439 1730 2482 xviii.

440 2523 581 2621 3'5.“
650 2564 790 2621 eoas
845 2522 914 2621 9'
963 2515 1415 2621 ΕΞΕἚΞῙΞἺΒῘΞΞ

495 2603 543 2655 Β
650 2589 790 2621 *⁸⁵⁵
845 2595 907 2649 C.
951 2591 1246 2645 Antistius
1278 2589 1453 2642 Vetus

725 2701 976 2758 Monum.
998 2697 1206 2767 Ancyr.
1227 2693 1359 2749 Tab.
1385 2690 1441 2756 3,
1469 2705 1540 2762 ap
1567 2691 1736 2749 Grut.

658 2807 715 2863 p.
745 2785 872 2846 232.
917 2785 1153 2842 Panvin.
1195 2785 1255 2840 in
1298 2782 1447 2838 Fast.
1507 2794 1577 2836 ex
1613 2784 1734 2835 ant.

659 2881 774 2951 lap.
823 2875 1070 2933 Fabrett.
1119 2875 1246 2929 Insc
1301 2883 1426 2943 pag.
1470 2866 1595 2940 698,
1640 2866 1809 2922 habet

658 2968 931 3026 Antestt'o.

732 3067 904 3112 unus
927 3064 1170 3110 τειιτισιι
1195 3063 1414 3106 cwsus.
1449 3048 1590 3104 Vide
1616 3045 1742 3102 No-

664 3147 752 3202 ris
784 3145 928 3201 Cen.
961 3143 1076 3198 Pis.
1110 3155 1164 3212 p.
1209 3137 1333 3209 493,
1367 3137 1468 3194 ubi
1499 3150 1598 3208 per
1627 3140 1742 3190 tres

663 3247 847 3292 annos
875 3233 1138 3289 clausum
1163 3228 1384 3301 probat.

447 3607 589 3668 4708
731 3608 878 3679 Aug.
909 3605 971 3660 P.
994 3604 1068 3659 Μ.
1101 3607 1172 3660 tr.
1209 3615 1264 3672 p.
1300 3610 1467 3667 xvm,
1493 3607 1619 3654 xix.

452 3699 592 3791 "15
665 3733 804 3791 Coss
839 3687 1507 3791 éugﬁsﬂlﬁgiﬁeﬁiﬁu'

520 3772 560 3826 C
665 3759 804 3791 υυδδ
851 3759 1251 3821 Δίμῖὶοιηιεξιίιιει
1281 3759 1462 3817 Sulla.

737 3855 908 3926 Lapis
927 3867 1017 3923 ap.
1042 3851 1284 3907 Panvin.
1315 3850 1374 3904 in
1397 3847 1547 3903 Fast.
1571 3845 1756 3902 [ndu—

667 3948 767 4001 ctu
805 3944 980 4013 Aquas
1029 3941 1253 3996 Mercia;
1305 3949 1481 4006 supra
1530 3941 1755 4006 portam

669 4031 1042 4102 quuilinam
1089 4029 1376 4096 Augustus
1429 4026 1490 4079 P.
1537 4025 1614 4079 Μ.
1677 4027 1750 4078 tr.

673 4139 730 4194 p.
788 4133 905 4177 xix.
965 4132 1082 4175 cos.
1146 4131 1246 4173 xii.
1308 4117 1457 4168 rivos
1513 4114 1758 4166 omnium

675 4219 967 4282 Aquarum
1011 4209 1221 4276 refecit.
1279 4202 1453 4260 Numi
1511 4213 1644 4257 cum
1705 4203 1759 4254 tr

675 4317 732 4374 ρ.
762 4313 930 4368 χνιιι,
949 4311 1066 4353 COS.
1087 4309 1168 4365 XI,
1200 4299 1258 4350 ει
1284 4305 1415 4348 cum
1447 4295 1521 4345 tr.
1555 4303 1608 4357 p.
1635 4300 1757 4357 XIX,

676 4405 796 4448 008.
828 4402 936 4444 XII.

751 4479 964 4532 Sueton
993 4473 1053 4526 in
1085 4469 1230 4541 Aug.
1261 4483 1312 4523 c.
1339 4463 1430 4534 29,
1464 4465 1636 4521 annis
1670 4459 1757 4533 47,

683 4565 754 4621 ab
796 4577 856 4618 xi
885 4559 1198 4618 Consulatu
1224 4557 1439 4627 elapsis
1467 4568 1572 4623 xu,
1607 4555 1762 4609 hunc

685 4654 839 4710 uitro
867 4649 1104 4721 petiisse
1119 4647 1207 4703 ait
1233 4651 1290 4701 et
1313 4657 1443 4716 ιιιιι,
1469 4647 1634 4700 antea
1666 4655 1764 4698 re—

685 4747 937 4800 cusatos.

754 4830 1040 4902 Quirinus
1055 4841 1186 4884 cum
1206 4825 1497 4883 extraord.
1521 4821 1765 4892 imperio

687 4925 748 4980 in
792 4921 1013 4994 Syriam
1047 4919 1263 4974 missus
1293 4928 1502 4971 census
1549 4912 1671 4983 agit
1703 4911 1763 4966 in

685 5013 898 5069 iudica.
953 5010 1095 5070 Vide
1149 5007 1320 5064 Neris
1379 5005 1572 5061 Cenot.
1644 5001 1761 5057 Pis.

690 5119 742 5172 p.
782 5099 908 5157 322.

480 5436 622 5494 4709
695 5391 702 5395 ’

489 5524 620 5596 5,46
1217 5584 1220 5587 _

480 5613 523 5666 B
563 5613 618 5668 A
797 5611 1090 5681 Augustus
1116 5613 1175 5665 P.
1212 5613 1284 5665 Μ.
1317 5615 1390 5664 tr.
1425 5624 1479 5678 p.
1511 5622 1635 5675 XIX,
1663 5620 1763 5661 xx.

1814 982 1923 1041 745

1811 1071 1919 1131 74-6

1830 2419 1940 2480 746

1823 2508 1930 2569 747

1842 3588 1951 3648 747

1844 3679 1954 3738 768

1852 5513 1962 5571 748

1863 5600 1972 5659 749

1890 530 1950 586 C.

2133 529 2340 600 Olymp.
2446 547 2568 584 rum
2615 529 2919 600 Pontiﬁces,
2961 541 3133 594 reges,
3175 541 3263 580 res
3303 531 3464 594 gestae
3543 531 3673 600 (gite

2463 605 2514 655 et
2539 601 2882 654 documenta.
2909 598 2914 600 ⁷
3530 598 3728 653 Eram

3569 667 3670 724 Ch.

2244 1013 2263 1052 ι
2470 995 2590 1050 Sim
2624 989 2711 1048 49.
2741 990 2984 1048 Herodis
3027 1002 3098 1048 ex
3137 990 3195 1045 S.
3223 989 3284 1046 C.
3313 987 3402 1060 33,
3447 1003 3484 1047 a
3610 988 3651 1047 8

2231 1101 2273 1141 ιι
2397 1098 2473 1139 m.
2514 1083 2581 1138 A.
2626 1078 2717 1138 30.
2771 1079 2950 1136 Matth
3000 1093 3038 1134 ι.
3066 1079 3158 1150 Sy.
3193 1077 3485 1135 1⁵1ιωίὃᾶ-

2400 1171 2639 1228 turnino
2677 1170 2798 1226 Prae
2824 1166 2926 1238 jud
2971 1167 3198 1223 Volum.

2472 1261 2668 1316 Simon
2713 1258 2911 1314 Boethi
2959 1256 3230 1313 Summus
3279 1256 3488 1312 Sacer-

2403 1351 2508 1406 dos
2531 1348 2604 1404 ob
2633 1345 3046 1404 conscientiam
3073 1344 3334 1401 veneﬁcii
3365 1345 3485 1401 im-

2407 1440 2591 1510 putati
2611 1437 2736 1507 ejus
2749 1435 2883 1492 ﬁlia:
2899 1434 3138 1491 Herodis
3156 1449 3320 1502 uxor,
3357 1447 3493 1504 pou-

2410 1527 2630 1583 tiﬁcatu
2686 1525 2969 1596 privatur.
3023 1523 3290 1580 Succedit
3335 1523 3492 1577 Mat-

2408 1617 2551 1670 thias
2610 1611 2701 1688 [ab
2756 1612 2978 1669 Aarone
3043 1611 3227 1681 inu].
3283 1610 3491 1680 Joseph

2410 1706 2449 1763 l.
2494 1701 2579 1775 47,
2612 1719 2662 1759 c.
2706 1701 2773 1758 45
2795 1710 2851 1758 et
2887 1698 2972 1771 48,
3017 1714 3068 1755 c.
3104 1698 3161 1769 3,
3202 1699 3490 1754 C.Sentius

2411 1794 2768 1861 Saturninus,
2831 1791 3052 1862 legatus
3101 1789 3373 1858 Propraet.
3429 1787 3493 1843 in

2409 1883 2640 1954 Syriam,
2667 1881 2844 1951 venit,
2867 1893 2998 1935 cum
3035 1879 3321 1934 Volumnio
3349 1878 3494 1932 Pro-

2411 1976 2696 2028 curatore.
2772 1968 3003 2024 Nummi
3076 1967 3291 2038 signati
3358 1965 3488 2020 Era

2411 2061 2538 2133 Aug
2565 2061 2701 2116 Vide
2721 2059 2878 2115 card.
2920 2058 3092 2113 Noris
3118 2056 3226 2111 Cen
3265 2056 3360 2110 Pis
3385 2067 3493 2125 pag

2412 2149 2536 2220 306,
2564 2164 2634 2206 ex
2665 2151 2759 2205 Jos
2787 2147 2869 2204 lib
2900 2145 2985 2218 46,
3010 2161 3060 2201 c.
3084 2143 3170 2200 46.

2483 2241 2710 2295 Aretam
2754 2250 2938 2308 regem
2969 2235 3124 2291 datis
3155 2231 3494 2291 muneribus

2412 2329 2541 2400 Aug
2568 2328 2870 2384 conﬁrmat
2900 2324 3004 2379 ibi.

2251 2455 2295 2494 ιι
2481 2437 2677 2493 Joasar
2724 2448 2741 2489 ι
2792 2430 3032 2488 Herodis
3075 2443 3145 2486 ex
3186 2429 3242 2484 S.
3287 2427 3348 2483 C.
3393 2424 3484 2496 34,
3623 2422 3666 2481 7

2239 2542 2304 2583 ιιι
2413 2539 2490 2582 ιιι.
2517 2523 2583 2580 A.
2617 2522 2708 2580 34.

2485 2613 2726 2670 Matthia
2763 2613 2957 2667 coacto
2996 2605 3263 2662 abdicare
3298 2605 3496 2658 Joasar

2418 2702 2515 2788 [aL
2563 2697 2756 2776 Gozar]
2798 2694 3056 2770 pontifex
3099 2700 3332 2750 creatur
3381 2691 3496 2762 [Jos

2415 2790 2521 2869 ibi]
2553 2792 2624 2848 ab
2661 2792 2883 2847 Aarone
2911 2797 3066 2842 inv.

2485 2867 2729 2938 Herodis
2771 2877 2879 2934 ﬁlii
2911 2871 3168 2931 damnati
3208 2871 3267 2925 in
3297 2867 3493 2924 Concil

2418 2969 2711 3042 Berytensi
2752 2964 3192 3036 strangulantur
3238 2957 3488 3014 Sebaste.

2418 3061 2514 3117 Jos
2545 3059 2630 3115 lib
2661 3056 2747 3127 46,
2785 3069 2836 3111 c.
2880 3050 2966 3108 47.
3000 3048 3312 3106 Saturnino
3344 3059 3498 3116 prae-

2421 3147 2547 3205 side
2601 3145 2778 3217 Syriae
2834 3137 2963 3215 [ibi]
3015 3151 3145 3193 cum
3196 3133 3502 3190 Volumnio

2422 3236 2674 3305 aliisque
2692 3233 2762 3288 ad
2784 3228 2884 3286 450
2904 3224 3245 3283 sententiam
3266 3220 3500 3278 ferente.

2421 3323 2724 3392 Antipater
2747 3315 3028 3374 fratribus
3052 3314 3124 3368 de
3153 3310 3339 3366 medio
3358 3307 3508 3365 sub-

2423 3411 2562 3468 latis
2599 3410 2771 3466 etiam
2818 3409 3036 3476 patrem
3083 3398 3286 3457 tollere
3328 3395 3507 3466 impie

2425 3500 2758 3557 meditatur.
2790 3494 2872 3551 lbi
2905 3491 2988 3548 lib
3012 3486 3099 3561 47,
3131 3502 3183 3544 c.
3208 3485 3264 3542 4.

2248 3623 2314 3664 ιιι
2491 3607 2688 3662 Joasar
2728 3601 2782 3674 4,
2811 3599 2866 3670 2,
2904 3595 3084 3654 Herod
3127 3607 3197 3651 ex
3237 3592 3294 3649 S.
3325 3590 3386 3646 C.
3433 3585 3506 3646 35
3635 3587 3675 3646 6

2251 3709 2307 3752 iv
2427 3709 2496 3751 ex
2533 3697 2714 3750 morte
2744 3689 2921 3759 Antig
2947 3684 3037 3743 32.

2495 3785 2614 3842 Hoc
2655 3794 2808 3838 anno
2834 3779 2972 3836 orbe
2999 3776 3058 3832 in
3092 3785 3227 3845 pace
3273 3781 3513 3840 compo-

2429 3876 2564 3932 sito.

2501 3990 2726 4035 VERBUH
2769 3988 2859 4032 DEI
2882 3986 3019 4030 CARO
3055 3981 3264 4027 FACl'UI
3319 3979 3437 4022 EST.

2503 4069 2770 4124 Christus
2789 4065 2848 4120 in
2874 4070 3034 4119 utero
3051 4074 3101 4115 Β.
3119 4069 3308 4114 minus
3329 4053 3518 4125 Virgi-

2436 4159 2550 4229 nis,
2598 4153 2815 4228 Angelo
2848 4151 3155 4208 nuntiante
3202 4150 3516 4214 conceptus

2434 4249 2506 4303 de
2550 4257 2772 4302 SRIBITU
2825 4253 3023 4298 sana-ro
3061 4249 3164 4292 vm
3207 4234 3308 4290 Kal
3352 4231 3518 4298 April

2437 4339 2528 4394 SS.
2566 4337 2664 4390 PP.
2701 4347 2772 4390 ex
2813 4335 2971 4388 Luca:
3003 4325 3329 4399 Evangelio.
3363 4325 3520 4378 Prae—

2440 4438 2643 4482 cursor
2687 4424 2814 4493 ejus
2855 4423 3090 4475 Joannes
3132 4416 3384 4486 Baptista
3409 4424 3522 4467 na-

2441 4515 2624 4572 scitur
2666 4525 2858 4568 mense
2903 4507 3120 4565 Junio:
3169 4511 3226 4559 et
3266 4515 3370 4557 vm
3415 4499 3522 4555 Kal

2438 4606 2539 4659 Jan
2570 4613 2813 4658 DOMINUS
2840 4611 3047 4655 NOSTER
3084 4606 3246 4650 JESUS
3259 4600 3525 4647 CHRISTUS

2441 4703 2706 4748 NASCITUR
2731 4702 2797 4744 DE
2817 4700 2992 4744 MARIA
3010 4696 3238 4740 VIRGINE
3267 4694 3323 4737 IN
3345 4690 3524 4734 ΒΕἸἮ-

2442 4793 2625 4838 LEEEI
2645 4791 2794 4834 JUDE
2828 4791 2882 4832 IN
2913 4787 3109 4831 DIEBUS
3141 4782 3375 4828 HRRODIS
3403 4779 3503 4823 113-

2440 4884 2531 4926 cis
2568 4884 2690 4923 cum
2733 4869 2932 4921 emisset
2966 4866 3202 4920 edictum
3243 4878 3280 4915 a
3317 4861 3525 4918 Casare

2441 4961 2714 5026 Augusto,
2737 4961 2798 5010 ut
2817 4954 3213 5010 describeretur
3231 4949 3523 5004 universus

2447 5049 2613 5102 orbis.
2646 5046 2753 5102 Ibi.

2243 5161 2364 5218 Olm
2512 5169 2633 5213 HEC
2699 5166 3014 5213 [insomnio
3091 5163 3267 5208 nam
3359 5157 3530 5204 nam

2249 5248 2355 5306 493
2439 5261 2536 5303 EST
2572 5261 2609 5303 Α
2637 5257 2882 5303 rusws
2907 5255 3098 5300 sum
3145 5250 3366 5297 canino.
3406 5238 3530 5293 Lu—

2297 5351 2329 5393 v
2515 5377 2527 5391 .
2585 5377 2600 5392 .

2213 5353 2406 5498 Dig/mp
2448 5333 2756 5497 ngigrane
2827 5425 3053 5480 mortuo
3111 5418 3384 5476 Armenia
3431 5427 3532 5471 re-

2252 5514 2356 5572 494
2447 5514 2643 5572 bellat.
2671 5514 2758 5569 Vi.
2791 5513 2903 5569 Cen
2933 5511 3030 5567 Pis
3061 5507 3185 5566 485.

2296 5603 2320 5660 4
2518 5605 2714 5660 Joasar
2741 5601 2797 5673 2,
2834 5599 2890 5673 3,
2933 5603 3061 5658 Her.
3119 5613 3188 5655 ex
3242 5597 3300 5655 S.
3345 5595 3404 5650 C.
3439 5590 3531 5663 36,
3608 5587 3648 5646 5
3675 5590 3820 5644 Biss.
