3960 6418
164 390 276 448 449
1177 393 1516 452 CHRONOL.
1561 394 1850 452 CONSUL.
1900 398 1988 454 ET
2028 400 2192 458 CASS.
2241 402 2410 460 ROM.
2451 406 2600 461 ETC.
3498 403 3604 464 450

230 522 420 606 Αηηὶ-
459 527 841 596 Imperatores,
860 528 1141 606 Consules
1182 529 1546 584 Romanorum
1611 528 1767 606 ﬁngi
1840 528 1900 590 Α
1992 531 2159 606 Anni
2221 533 2678 599 Christianorum,
2726 536 3042 592 Judmorum
3087 541 3138 592 et
3179 537 3317 606 ﬁni—
3383 536 3542 591 Anni

161 595 288 678 Per.
358 599 436 678 ul.
539 595 556 596 ί
636 614 723 653 res
752 604 940 666 gestae,
972 605 1022 654 et
1051 600 1378 656 documenta
1615 600 1678 678 Π.
1714 599 1795 678 C,_
1977 601 2186 675 Olymp.
2301 610 2555 661 timorum
2601 595 2954 677 populorum,
3007 595 3305 678 Pontifices.
3365 609 3531 667 ,Erm

193 671 423 747 “fil?”-
1575 674 1700 747 αητε
1713 673 1810 747 -θτ,
2048 671 2054 672 ί
2128 671 2147 675 ’
2231 697 2236 704 ·
2295 679 2483 746 Reges,
2527 671 2622 733 res
2652 671 2834 747 destas,
2884 685 2935 734 et
2975 671 3315 734 documenta.
3355 678 3563 735 Christi

221 739 390 818 @‘p
1534 746 1659 812 post
1708 739 1828 796 Pal.
2371 739 2475 746 τ’
2652 739 2676 747 ν
2816 739 2825 743 ν
3337 749 3344 758 ·

453 866 682 922 Nummi
727 865 944 922 Tiberii
989 869 1062 921 tr.
1099 880 1154 935 p.
1185 862 1275 936 22,
1309 877 1456 922 coss.
1489 861 1544 933 3,
2227 853 2370 924 Imp.
2418 853 2506 910 Ti.
2562 856 2772 911 Procos
2814 856 2977 912 Grati
3023 856 3164 911 Proc
3204 855 3312 912 Jud

455 963 511 1012 et
550 960 620 1011 tr.
665 953 831 1026 p.23.
865 956 993 1011 Cos.
1017 952 1069 1010 4.
1101 955 1310 1012 Junius
1331 955 1550 1010 Blaesus
1994 1028 1996 1031 λ

1994 1028 1996 1031 λ
2295 1030 2300 1031 ν
2378 1029 2390 1031 4
2470 940 2584 1031 ιι,
2621 940 2708 998 42.
3037 941 3092 1012 6,
3121 939 3177 997 7.

453 1044 642 1114 Sejani
670 1043 941 1100 avunculi
971 1041 1165 1100 favore
1199 1044 1257 1099 in
1289 1042 1544 1099 Africam
1994 1029 1996 1031 ’
2294 1029 2560 1086 Valerius
2589 1031 2820 1102 Gratus,
2853 1032 3200 1087 Procurator
3222 1029 3312 1086 Ti.

456 1135 714 1190 mittitur
741 1138 940 1189 contra
965 1131 1405 1189 Tacfarinatem.
1432 1133 1550 1188 Ta—

2221 1115 2368 1188 Aug.
2399 1118 2458 1173 in
2483 1119 2696 1190 Judeea,
2724 1120 2940 1176 annuis
2967 1119 3315 1175 mutationi—

453 1224 536 1279 cit
563 1237 657 1279 an.
688 1220 741 1292 3,
773 1220 864 1278 34.
2220 1204 2330 1261 bus
2373 1207 2741 1263 Summorum
2797 1208 3146 1264 Pontiﬁcum
3209 1207 3315 1263 hos

2219 1306 2402 1350 annos
2421 1297 2606 1352 variat
2624 1310 2806 1367 usque
2824 1295 3194 1353 undecimum
3217 1295 3318 1351 sui

2221 1383 2526 1454 regiminis
2565 1385 2874 1457 expletum,
2924 1398 3038 1456 quo
3082 1386 3316 1440 Romam

2223 1479 2540 1529 revocatur.
2569 1474 2666 1529 Jos
2697 1473 2737 1528 l.
2771 1471 2861 1544 48,
2890 1488 2942 1530 c.
2979 1471 3015 1529 3

235 1556 380 1617 4734
520 1557 575 1630 8,
619 1556 673 1614 9.
717 1559 841 1615 Tib.
886 1560 1026 1629 Imp.
1070 1556 1126 1629 8,
1168 1563 1226 1614 et
1263 1555 1317 1627 9,
1366 1561 1438 1613 tr.
1482 1571 1538 1628 p.
1630 1552 1740 1612 773

2063 1553 2089 1612 4
2362 1560 2532 1616 ditat.
2560 1561 2777 1617 Christi
2809 1561 3040 1619 Domini
3070 1559 3142 1618 26
3427 1555 3491 1614 24

250 1647 289 1704 2
323 1647 360 1704 3
447 1645 540 1719 23,
571 1644 662 1704 24.
1630 1641 1740 1700 774

2053 1661 2095 1700 ιι
2283 1645 2514 1718 Caiphae
2558 1646 2611 1720 3,
2664 1647 2716 1719 4,
2761 1651 2845 1707 vel
2888 1653 3067 1707 Anna:
3113 1661 3313 1706 Lxxm.

275 1738 326 1790 E
625 1739 693 1791 D.
735 1739 997 1792 Haterius
1037 1736 1312 1806 Agrippa.
1356 1737 1535 1790 Inscr.
2224 1735 2364 1790 Nam
2430 1737 2644 1794 Gratus
2709 1741 3050 1797 Procurator
3111 1739 3319 1796 Iudaeae

726 1828 1023 1910 anp._P.auv.
1099 1897 1136 1910 Α
1857 1848 1912 1910 Β
2221 1836 2446 1880 annuos
2501 1827 2662 1881 Pont.
2725 1828 3015 1884 statuebat
3078 1827 3314 1884 Saturn.

448 1862 589 1920 (³0³⁸
629 1898 691 1953 ι..
726 1862 1045 1967 “subigis;
1095 1896 1290 1953 Galba.
1349 1893 1532 1951 Tacit.

724 1987 917 2042 annal.
964 1999 1050 2057 ιιι,
1083 1983 1174 2042 52.

519 2095 582 2148 In
612 2093 789 2147 Ponte
816 2091 1067 2147 Arimin.
1093 2091 1182 2146 Ti.
1207 2091 1394 2146 Caesar
1422 2089 1539 2145 dic.

447 2182 613 2236 Pont.
656 2181 800 2235 Max.
850 2181 988 2249 Imp.
1046 2173 1173 2234 vui.
1221 2191 1370 2234 TBIB.
1420 2192 1538 2234 por.

449 2281 614 2323 XXIV.

481 2357 672 2412 Druso
699 2355 907 2413 Caesari
948 2356 1217 2414 Tiberius
1246 2356 1383 2412 trib.
1433 2369 1543 2426 po-

445 2448 708 2500 testatem
791 2446 1076 2501 concedit.
1159 2445 1337 2500 Tacit.
1417 2445 1544 2500 Au-

445 2531 562 2588 nal.
598 2546 684 2604 III,
721 2531 811 2589 56.
847 2533 1060 2589 Junius
1095 2532 1310 2590 Blaesus
1342 2532 1542 2602 priva—

2218 1911 2371 1967 Prol.
2402 1915 2527 1984 Syr.
2564 1915 2728 1970 Praes.
2760 1913 2816 1979 2,
2854 1917 2909 1973 3.

2292 2001 2376 2057 Ex
2421 2016 2535 2073 quo
2581 2004 2697 2060 Nos
2750 2018 2935 2076 usque
2989 2005 3058 2061 ad
3103 2017 3164 2061 ιι
3208 2017 3321 2060 an-

2259 2103 2396 2146 num
2450 2092 2613 2148 Grati
2666 2093 3030 2164 signabimus
3078 2092 3323 2149 alternis

2223 2190 2450 2234 annuos
2496 2180 2802 2237 Pontiﬁces
2840 2181 3061 2237 Annam
3093 2185 3149 2237 et
3184 2179 3326 2236 Cai-

2224 2266 2394 2336 pham
2450 2267 2716 2324 ineuntes
2768 2269 2923 2326 circa
2984 2270 3116 2325 init.
3176 2267 3315 2324 anni

2221 2353 2428 2410 Civilis
2468 2354 2794 2412 Iudaeorum
2833 2371 2903 2412 ex
2943 2355 3320 2425 Auctoribus,

2223 2443 2510 2514 praecipue
2533 2456 2602 2500 ex
2624 2443 2868 2514 Josepbo
2887 2445 2972 2501 lib
3005 2443 3092 2516 48,
3115 2457 3220 2515 cap
3246 2441 3301 2500 3.

445 2627 635 2678 torum
685 2629 1008 2692 postremus
1054 2621 1424 2692 Imperatoris
1474 2620 1561 2676 ti-

445 2709 570 2767 tulo
596 2711 1018 2767 consalutatur.
1050 2711 1115 2765 D.
1142 2708 1209 2765 A.
1241 2723 1305 2777 ιι,
1337 2705 1430 2764 74.

217 2833 374 2893 4735
519 2835 609 2892 Ti.
637 2836 778 2906 Imp.
812 2833 867 2905 9,
903 2833 990 2906 40,
1025 2841 1100 2892 tr.
1133 2841 1281 2906 post.
1313 2833 1404 2907 25,
1436 2832 1531 2891 24.
1624 2831 1733 2890 774

2057 2848 2099 2887 ιι
2383 2831 2495 2889 Et.
2524 2831 2741 2890 Christi
2771 2832 3002 2890 Domini
3033 2829 3125 2890 27.
3429 2829 3501 2888 22

239 2923 349 3018 3h!
449 2961 589 3018 COSS
739 2924 1238 3018 Asinius-Pollia
1627 2925 1736 2986 ’775
2046 2937 2111 2977 ιιι
2220 2921 2397 2978 Annae
2497 2928 2554 3018 et
2599 2923 2738 2979 Cai-
2822 2923 3009 3018 Flacci
3066 2921 3318 3018 “Syria

272 3001 329 3054 D
449 2996 589 3018 ννω
648 2997 706 3052 C.
742 2996 1037 3053 Antistius
1067 2997 1241 3054 Vetus

2453 3011 2586 3082 phae
2910 3011 3146 3068 Praesid.
3182 3024 3221 3081 ι,

519 3086 750 3142 Gruter.
781 3082 939 3156 4044,
971 3082 1056 3141 45.
1086 3085 1334 3143 Fabrett.
1363 3089 1542 3145 Inscr.
2225 3098 2652 3157 Αιιθι-ηαηιίυω
2697 3095 2750 3170 4,
2825 3101 2989 3158 Grati
3011 3099 3322 3156 Proc..lud.

451 3189 578 3248 pag,
629 3173 754 3231 627.
802 3175 966 3230 Tacit
1001 3175 1194 3231 annal.
1245 3189 1320 3247 IV,
1363 3190 1401 3231 ι.
1443 3177 1552 3233 Se—
1861 3180 1911 3244 C

1861 3180 1911 3244 c
2515 3188 2570 3258 5,
3055 3187 3110 3260 8,
3139 3186 3191 3244 9.

449 3270 623 3321 tanus
663 3270 730 3320 ut
773 3265 922 3320 viam
960 3263 1028 3319 ad
1071 3263 1383 3335 Imperi'um
1432 3265 1548 3323 sibi

447 3355 692 3424 aperiat,
723 3355 973 3411 Drusum
1003 3368 1218 3411 veneno
1252 3359 1415 3412 necat
1455 3371 1554 3426 per

452 3443 672 3499 Liviam
711 3456 966 3513 uxorem,
1009 3448 1066 3499 et
1106 3443 1389 3500 invidiam
1421 3445 1550 3501 cri-

452 3533 633 3588 minis
660 3531 752 3588 sui
779 3532 1055 3590 transfert
1083 3533 1141 3589 in
1166 3532 1544 3605 Agrippinam

453 3621 838 3679 innocentem.
870 3622 1002 3678 Tac.
1035 3622 1102 3676 A.
1138 3635 1201 3691 ιι,
1231 3617 1325 3691 74,

2299 3279 2362 3334 Ι..
2421 3278 2773 3349 Pomponius
2843 3278 3082 3335 Flaccus
3146 3277 3326 3348 Syriae

2228 3366 2444 3422 Prmses
2474 3367 2830 3437 provinciam
2857 3366 3100 3422 obtinet.
3133 3365 3323 3421 Noris.

2180 3518 2183 3521 ,
2227 3453 2360 3510 Cen.
2389 3455 2503 3511 Pis.
2533 3469 2636 3525 cap
2659 3452 2746 3523 46,
2777 3467 2885 3525 pag
2905 3451 3030 3523 329,
3055 3467 3125 3509 ex
3144 3453 3329 3508 Tacit:

2231 3540 2435 3613 ibique
2468 3543 2716 3599 moritur
2737 3557 2790 3612 p.
2825 3539 2950 3609 330,
2989 3547 3116 3610 post
3143 3553 3330 3596 annos

2265 3645 2345 3701 χι,
2402 3631 2756 3687 Consulibus
2808 3628 2988 3686 Galba
3038 3635 3097 3685 et
3142 3627 3325 3684 Sulla.

213 3709 368 3769 4736
518 3711 606 3766 Ti.
639 3713 784 3782 Imp.
820 3709 908 3780 40,
941 3707 1028 3779 44,
1064 3718 1137 3766 tr.
1173 3723 1295 3780 por.
1327 3708 1418 3780 25,
1449 3708 1539 3768 26.
1635 3707 1745 3768 775

2051 3735 2116 3774 ιιι
2313 3718 2482 3773 Etat.
2513 3718 2733 3774 Christi
2763 3717 2997 3772 Domini
3026 3715 3116 3774 28.
3427 3715 3497 3774 23

251 3799 286 3857 4
287 3799 350 3893 ξ’)
455 3837 596 3893 COSS
767 3797 1423 3893 ‘Czorplelius'gethegus
1627 3795 1736 3856 776
2037 3825 2125 3864 nu
2218 3806 2452 3876 Caiphae
2495 3812 2553 3893 et
2596 3806 2775 3861 Annae
2821 3805 3180 3893 Flacciisvr.
3229 3805 3319 3861 Pr.

283 3875 330 3930 C
456 3869 596 3893 W”
673 3873 734 3927 L.
767 3869 1046 3926 Visellius
1076 3870 1223 3925 Varo

2226 3869 2449 3951 Altern.
2496 3892 2552 3951 5.
2598 3899 2656 3950 et
2695 3893 2754 3950 6.
3010 3892 3062 3951 4.
3094 3869 3147 3950 2.

523 3961 705 4016 Tacit.
754 3959 819 4015 A.
881 3971 958 4030 IV,
1014 3955 1100 4030 47,
1160 3958 1422 4015 Frontin.
1473 3957 1545 4015 de

2226 3936 2246 3951 ⁸
2496 3936 2552 3966 “”
2598 3936 2656 3950 ”’
2697 3936 2730 3950 ”
2800 3983 2962 4041 Grati
2999 3936 3159 4040 ιὲἰ-οὲ.
3193 3983 3325 4042 Jud.

451 4049 789 4122 Aquaeduct.
867 4135 887 4144 _
1338 4135 1359 4144 Δ

2898 4129 2902 4134 ,
2967 4069 3022 4144 9,
3057 4069 3141 4129 40.

527 4138 744 4196 Bellum
811 4135 1146 4196 Africanum
1219 4135 1544 4195 confectum

455 4228 649 4285 occiso
677 4226 1058 4284 Tacfarinate.
1085 4226 1173 4283 Ti.
1208 4225 1545 4284 decennalia

456 4317 691 4388 Imperii
723 4323 958 4373 renovat
986 4323 1060 4373 tr.
1089 4320 1208 4388 pot.
1233 4312 1325 4373 26.

2300 4162 2541 4232 Sejanus
2578 4164 2645 4219 ut
2691 4159 2978 4231 plurimos
3025 4161 3108 4216 ita
3153 4160 3328 4216 etiam

2226 4253 2456 4310 Iudaeos
2483 4249 2898 4320 delationibus,
2927 4255 2984 4306 et
3013 4249 3330 4305 calumniis

2230 4343 2292 4398 in
2344 4340 2486 4398 urbe
2523 4345 2706 4396 vexat.
2740 4338 2906 4395 Philo
2948 4340 3020 4396 de
3051 4338 3219 4411 legat.
3254 4338 3324 4394 ad

2227 4431 2451 4487 Caium.
2504 4429 2645 4486 Vide
2690 4429 2864 4485 Usser
2909 4431 3058 4485 Ann.
3097 4443 3152 4499 p.
3198 4423 3328 4496 564,

1858 4510 1916 4572 D
2230 4519 2408 4577 Grato
2449 4519 2519 4576 ad
2559 4533 2776 4577 annum
2818 4518 3146 4589 proximum
3186 4531 3332 4574 suc-

2230 4622 2424 4666 cessor
2452 4608 2793 4679 designatur
2817 4608 3062 4664 Pontius
3087 4607 3329 4664 Pilatus.

2229 4699 2372 4756 Vide
2398 4697 2533 4755 Cen.
2567 4698 2684 4754 Pis.
2720 4712 2775 4768 p.
2809 4693 2938 4754 326.

239 4813 384 4873 4737
457 4815 547 4871 Ti.
578 4817 722 4887 Imp.
761 4811 851 4885 44,
882 4811 968 4886 42,
1003 4813 1140 4870 trib.
1175 4817 1292 4884 pot.
1333 4810 1425 4880 26,
1452 4807 1545 4868 27.
1637 4805 1747 4866 776

2041 4789 2126 4846 Ol.
2374 4787 2544 4843 Etat.
2577 4785 2796 4842 Christi
2826 4785 3060 4887 Domini
3090 4780 3210 4887 29‘.n
3400 4779 3473 4887 ἓξ

255 4865 374 4997 ἐξ
453 4865 1549 4997 ...ᾳξρέὲιξειειέιεῖιλίιῖιέε
1638 4865 1747 4954 τη

2031 4873 2140 4934 200
2300 4877 2503 4944 Annus
2557 4873 2791 4946 Imperii
2844 4873 2932 4928 Ti.
3000 4867 3086 4938 44,
3141 4865 3229 4934 42,
3285 4881 3320 4924 a
3407 4868 3530 4923 Biss

2039 4981 2122 4997 ....
2227 4959 2794 4997 ...υ-...ηιληηηεηεινι
2827 4961 3042 4997 βρηοηη
3093 4955 3324 4997 lmnm-ii
3383 4956 3542 4997 ﬂanti

243 4955 366 5032 DA
453 4955 595 4997 “oss
669 4955 1461 5046 ifile'inﬁiJgribpi
2039 4981 2126 5022 ιιιι
2227 4964 2674 5035 morteAugusti
2700 4959 2796 5018 sed
2827 4961 3064 5016 Procon.
3091 4955 3327 5025 Imperii
3375 4956 3582 5025 Bapti-

517 5067 652 5136 IAp.
728 5064 880 5136 apud
942 5065 1250 5120 Ceretanos
1311 5060 1454 5116 edit.
1519 5071 1554 5115 a
1984 5056 2195 5126 Olymp.
2305 5053 2468 5124 Syria
2501 5048 2588 5116 44,
2622 5047 2709 5106 45.
2918 5135 2921 5136 ν
2983 5133 2998 5136 _
3084 5133 3117 5136 η
3156 5129 3185 5136 _
3359 5057 3480 5098 sma
3529 5046 3581 5136 et

467 5128 659 5227 piaz-za
729 5128 1026 5210 Hierarch.
1088 5151 1254 5208 Card.
1331 5165 1384 5220 p.
1456 5145 1548 5205 86.
2039 5141 2140 5200 204
2246 5143 2306 5198 in
2340 5141 2506 5195 Anno
2531 5151 2625 5200 xv,
2657 5136 2879 5227 Imperii
2912 5129 3334 5227 Tiberi-:iCaesa—
3383 5128 3566 5227 praedi

462 5218 645 5299 Tacit.
675 5243 741 5299 A.
776 5257 853 5312 ιν,
887 5240 976 5299 34.
1333 5218 1346 5220 ⁷
2081 5247 2100 5285 ι
2231 5233 2332 5291 ris,
2374 5229 2730 5312 procurante
2767 5223 2958 5276 Pontio
3000 5219 3331 5312 Pilato-llu-
3392 5218 3548 5312 patio

2239 5317 2435 5379 ἀεαηι,
2506 5308 2782 5366 tetrarcha
2846 5315 3032 5364 autem
3095 5306 3338 5363 Galilaeas
3380 5306 3581 5359 Joann.

2239 5404 2474 5466 Herode,
2560 5400 2815 5467 Philippo
2904 5403 3087 5453 autem
3154 5397 3336 5463 fratre

2242 5496 2361 5566 ejus
2386 5491 2660 5547 tetrarcha
2680 5489 2914 5551 Iturzz,
2941 5491 2994 5541 et
3019 5483 3332 5540 Trachom't.

2237 5582 2512 5654 Regionis,
2559 5584 2608 5635 et
2646 5577 2891 5645 Lysania
2921 5574 3167 5631 Abilinz
3209 5575 3330 5628 tetr.

2239 5674 2342 5730 sub
2391 5671 2578 5726 Princ.
2627 5663 2854 5723 Sacerd.
2903 5663 3073 5721 Anna
3118 5665 3169 5717 et
3220 5659 3339 5716 Cai-

536 5332 777 5402 Sejanus
814 5345 847 5388 a
875 5330 1109 5387 Tiberio
1153 5332 1342 5400 petere
1372 5339 1552 5383 ausus

467 5422 704 5492 nuptias
733 5435 864 5478 cum
910 5421 1090 5488 Livia,
1118 5417 1266 5486 Caii,
1297 5422 1354 5472 et
1381 5415 1554 5471 Drusi

464 5509 637 5569 Cass.
669 5511 866 5580 vidua,
900 5509 1189 5579 repulsam
1226 5505 1468 5579 patitur,
1500 5511 1560 5561 et

468 5615 758 5659 secessum
788 5601 861 5657 ab
889 5599 1038 5656 Urbe
1081 5596 1344 5654 insinuat
1382 5593 1560 5651 Tibe-

433 5687 438 5694 ’
469 5693 582 5750 rio.
612 5691 796 5748 Tacit.
827 5689 894 5747 A.
925 5703 1001 5763 ιν,
1028 5685 1118 5761 39,
1147 5684 1236 5744 44.
