3960 6388
346 388 444 447 474

1108 386 1202 445 ΔΙ)
1267 385 1700 444 ANASTASIUM
1743 385 2261 448 PROLEGOMENA
2314 386 2492 444 EDIT.
2554 383 2988 442 ROM.—VATIC.

3655 381 3788 440 472

407 509 564 564 Anni
636 511 1020 581 Imperatores,
1106 508 1364 564 Consules
1397 579 1412 581 _
1441 510 1718 562 Romano-
1793 507 1948 581 Anni
2022 509 2084 574 Α
2161 508 2318 581 Anni
2388 509 2836 581 Christianorum,
2889 505 3208 581 Jydeorurn
3255 505 3480 581 etﬁni—
3541 503 3706 581 Alani

347 581 471 634 Per.
519 581 632 636 Jul.
706 579 852 644 him,
909 595 995 634 res
1037 585 1215 648 gestae,
1257 584 1310 633 et
1374 579 1712 633 documenta.
1781 581 1845 634 U.
1880 579 1935 632 C.

377 656 427 706 et
447 653 607 720 cycli.

420 719 558 796 €353

637 871 806 942 Ionii)
831 871 1002 943 jussu
1032 869 1298 940 Neronis,
1327 869 1430 942 qui
1457 869 1550 927 sui
1586 883 1720 926 cer-

642 961 880 1018 taminis
927 959 1400 1030 Quinquennales
1428 959 1596 1016 ludos
1626 972 1721 1015 se-

644 1051 866 1107 cundos
893 1051 953 1106 in
987 1051 1138 1106 hunc
1156 1062 1369 1105 annum
1403 1048 1724 1104 incidentes

645 1138 848 1206 (Tacit.
904 1137 971 1194 A.
1024 1151 1143 1206 va,
1201 1135 1256 1208 2)
1328 1135 1487 1207 paria
1541 1134 1724 1192 facere

648 1241 777 1284 cum
833 1225 1220 1299 olympiadum
1251 1239 1429 1282 cursu
1461 1223 1717 1292 fortasse,

647 1317 856 1373 voluit.

435 1915 578 1976 4779

420 2006 489 2064 49
519 2005 586 2064 40
653 2013 749 2078 pot
777 2021 883 2078 χιι,
913 2021 1037 2062 χιιι.

482 2101 532 2156 Ε
651 2134 790 2192 coss
868 2099 927 2152 L.
959 2097 1276 2154 Suetonius
1299 2095 1601 2153 Paulinus.

864 2170 902 2192 η
955 2171 1194 2192 η--.ε---
1224 2169 1524 2192 rn..|--:......

863 2170 924 2224 C.
955 2171 1198 2225 Pontius
1224 2170 1542 2225 Telesinus.

718 2261 828 2314 Tac
874 2258 942 2314 Α.
987 2272 1106 2327 xvr,
1160 2255 1246 2327 49,
1299 2265 1357 2313 et
1396 2257 1634 2313 Frontin
1667 2255 1738 2312 de

648 2347 862 2420 Aquarii
892 2354 1008 2403 sect
1045 2345 1164 2403 402.

729 2435 1018 2491 Tiridates
1080 2434 1149 2490 ad
1225 2433 1472 2488 Neronis
1531 2445 1736 2503 genua,

653 2537 812 2581 more
838 2522 1058 2589 servili,
1074 2521 1367 2577 accedens.
1395 2521 1624 2592 insigne
1644 2521 1744 2574 Re-

655 2611 816 2684 gium
861 2611 934 2666 ab
976 2611 1175 2666 eodem
1208 2609 1421 2678 recepit
1467 2609 1526 2663 in
1571 2607 1738 2663 Urbe.

654 2698 968 2757 Suetonius
999 2698 1057 2754 in
1081 2699 1302 2754 Nerone
1321 2710 1426 2766 cap
1466 2693 1549 2752 43.
1583 2696 1746 2752 Tacit

656 2789 722 2846 Α.
758 2800 875 2842 xvr.
904 2788 1031 2843 Dio.
1060 2793 1168 2842 etc.

731 2877 882 2934 Nero
903 2878 1104 2934 Janum
1136 2876 1380 2948 claudit,
1416 2876 1586 2948 paulo
1617 2879 1744 2946 post

659 2967 1058 3038 aperiendum,
1127 2967 1365 3023 suborto
1413 2967 1736 3024 Iudaeorum

661 3054 834 3114 bello.
879 3059 1006 3114 Mox
1049 3058 1110 3113 in
1161 3055 1437 3112 Grmcl'am
1491 3055 1739 3127 navigat.

657 3145 768 3202 Dio
799 3145 881 3201 lib
901 3159 1063 3203 Lxm.

449 3230 590 3292 4780

449 3322 520 3380 20
543 3320 602 3380 44
675 3334 802 3380 xm.
837 3337 955 3380 ιιιν.

491 3451 539 3504 υ
953 3411 1570 3543 amisissem-

748 3575 900 3631 Fasti
919 3577 1220 3632 marmorei
1236 3575 1484 3631 Coloniae
1512 3549 1759 3628 Casina-

675 3664 754 3722 tis
773 3665 830 3720 in
854 3667 1064 3722 Musaeo
1079 3665 1316 3722 Albano.
1343 3664 1484 3721 Vide
1503 3666 1664 3718 notas
1680 3661 1749 3717 ad

674 3759 833 3826 pont.
860 3754 916 3810 S.
947 3754 1277 3811 Cleme:.tis.
1313 3767 1422 3826 pag
1451 3748 1541 3807 47.

749 3841 831 3898 Fl.
875 3842 1262 3913 Vespasianus
1289 3842 1427 3898 dum
1455 3841 1514 3896 in
1545 3838 1762 3894 Achaia

681 3943 808 3986 cum
842 3931 1062 3988 Nerone
1114 3936 1394 3998 versatur,
1422 3929 1574 3986 bello
1620 3941 1766 3984 con-

684 4025 774 4076 tra
805 4020 1030 4077 Judmos
1071 4020 1532 4078 administrando
1572 4017 1768 4089 prati]—

685 4109 858 4166 citur.
880 4109 976 4166 Jos
1007 4110 1089 4166 lib
1114 4127 1198 4184 m,
1227 4111 1390 4180 Belli,
1414 4123 1518 4179 cap
1542 4105 1770 4164 4.Tacit

687 4211 744 4257 v.
775 4199 990 4256 llistor.
1021 4200 1164 4256 Vide
1209 4199 1340 4255 card
1375 4197 1566 4266 Noris,
1593 4195 1770 4252 Cenot

687 4288 892 4345 Pisana
933 4303 1042 4360 pag
1069 4287 1190 4346 335.

477 4373 610 4435 L784

471 4465 534 4524 24
576 4464 644 4522 42
705 4479 826 4534 xxv,
869 4481 929 4522 se
957 4467 1145 4535 ipsum
1177 4466 1410 4521 coniicit
1438 4465 1467 4518 ιι
1494 4463 1630 4519 Idus
1673 4463 1783 4518 Ju-

499 4560 540 4614 C
567 4557 610 4611 B
702 4553 810 4609 nii.
843 4553 987 4609 Vide
1027 4555 1158 4610 card
1187 4554 1407 4609 Norisii
1437 4551 1604 4622 Epist
1627 4551 1770 4606 Con-

698 4642 970 4700 sularem.

961 4731 1048 4788 Ti.
1080 4730 1280 4788 Catius
1306 4729 1490 4788 Silius
1516 4729 1773 4786 Italicus.

961 4833 1032 4844 —-
1062 4803 1324 4859 Valerius
1348 4801 1680 4858 Trachalus.

773 4912 954 4969 ANNIS
999 4926 1050 4968 ι».
1085 4926 1140 4968 ιι.
1183 4924 1228 4966 c.
1277 4923 1420 4972 nccc,
1454 4924 1570 4966 xxx.
1619 4909 1770 4965 Gru-

703 5005 790 5058 ter
842 4999 920 5058 fol
954 4997 1080 5070 300,
1112 4999 1334 5058 eosdem
1369 4999 1634 5056 consules
1661 5010 1786 5052 me-

705 5095 910 5148 morat.
983 5091 1299 5148 Frontinus
1364 5089 1582 5146 section
1659 5083 1779 5156 402,

704 5180 776 5236 de
803 5181 1038 5252 'Aquzed
1081 5187 1140 5237 et
1187 5179 1342 5236 Fasti
1373 5179 1684 5252 Casinates
1725 5176 1782 5232 in

705 5270 917 5326 Musaeo
959 5269 1178 5327 Albano
1227 5268 1378 5326 infra
1411 5269 1470 5324 in
1520 5267 1676 5324 notis
1711 5265 1781 5322 ad

709 5365 866 5429 pont.
899 5359 954 5414 S.
991 5358 1320 5430 Clementis,
1363 5356 1634 5414 suffectos
1658 5367 1786 5410 coss

707 5447 837 5503 vide
867 5446 1015 5517 apud
1054 5445 1363 5504 Gruterum
1393 5443 1520 5513 238,
1555 5441 1646 5498 42.

779 5531 1201 5593 JuliusVindex
1215 5537 1275 5592 in
1291 5534 1482 5592 Gallia
1501 5544 1788 5602 usurpans

714 5623 1018 5690 imperium
1037 5623 1345 5680 occiditur.
1373 5621 1550 5676 Galba
1583 5623 1640 5674 in
1663 5619 1786 5674 His-

715 5709 882 5780 pania
907 5710 1161 5766 oblatum
1209 5709 1514 5778 imperium
1545 5707 1778 5776 recipit.

699 4768 858 4824 Coss.

1749 655 1876 704 ante
1914 654 1966 704 et

1706 725 1831 791 post
1851 721 1970 775 Pal.

721 1919 842 1990 Imp
891 1917 1010 1974 Caes
1060 1919 1208 1974 Nero
1247 1917 1424 1974 Claud
1477 1916 1604 1990 Aug
1645 1920 1719 1972 tr.
1811 1911 1920 1971 848

721 2013 749 2058 4.
777 2021 883 2058 xn.
913 2021 1037 2058 xm.
1821 2001 1930 2058 8I9

737 3235 855 3306 Imp
899 3235 1020 3291 Caes
1049 3236 1197 3291 Nero
1251 3234 1427 3290 Claud
1458 3233 1584 3305 Aug
1608 3237 1648 3288 t.
1685 3246 1737 3303 p.
1827 3225 1936 3286 849

1837 3317 1945 3376 820

763 4379 1015 4448 ImpCaas
1026 4379 1174 4433 Nero
1193 4377 1470 4434 Claudius
1483 4375 1692 4446 Augtr.
1711 4387 1764 4444 p.
1859 4369 1966 4430 820

1865 4459 1965 4518 824

2045 1838 2100 1900 Β

2065 3169 2112 3232 C

2086 4514 2142 4577 D

2143 579 2354 651 Olymp.

2255 3235 2297 3277 Ῑῐ

2249 3327 2314 3366 Ill

2269 4363 2332 4404 111

2271 4449 2328 4492 ιν

2463 580 2716 632 timorum
2767 577 3116 646 populorum,
3170 576 3472 646 Pontiﬁces,
3551 578 3706 632 Erae

2467 651 2655 718 Reges,
2695 663 2780 702 res
2823 653 2987 716 gesta:
3027 652 3078 702 et
3129 647 3468 700 documenta.
3570 646 3674 701 Ch.

2398 875 2512 919 LlNl
2543 875 2696 920 rara
2722 873 2836 918 ann
2865 857 2916 917 4.

2471 954 2642 1008 Lusus
2683 955 2810 1021 post
2835 949 3174 1021 martyrium
3225 948 3282 1003 B.
3325 948 3477 1006 Petri

2400 1041 2642 1113 eligitur
2701 1052 2998 1096 successor
3063 1037 3161 1094 die
3218 1037 3481 1108 proxima

2401 1127 2669 1187 301unii.

2479 1219 2692 1276 Paulus
2742 1217 3037 1290 apostolus
3109 1215 3306 1272 eadem
3363 1215 3478 1283 die,

2407 1322 2520 1381 qua
2598 1309 2801 1364 Petrus
2882 1305 3041 1362 cruci
3119 1303 3476 1376 adigebatur,

2417 1402 2721 1454 truncatur
2748 1397 2954 1467 capite.
2977 1408 3126 1451 anno
3145 1393 3214 1450 37
3228 1395 3490 1464 postPas-

2411 1487 2631 1544 sionem
2677 1485 2927 1542 Domini.
2973 1484 3029 1540 S.
3084 1485 3482 1553 Hieronymus.

2485 1578 2601 1632 Rex
2647 1575 2918 1648 Agrippa,
2977 1580 3165 1630 amoto
3204 1573 3337 1628 Jesu
3370 1572 3491 1628 Ga-

2413 1666 2664 1723 malielis
2681 1665 2822 1730 tilio,
2845 1663 3140 1720 Matthiam
3177 1659 3481 1731 Theophili

2415 1756 2599 1812 illium
2651 1753 2974 1825 pontiﬁcem
3013 1749 3142 1808 Jud.
3187 1755 3360 1806 creat.
3387 1751 3490 1806 Jo-

2414 1843 2572 1917 seph.
2605 1858 2699 1912 xx,
2725 1840 2781 1899 8.

2487 1933 2613 1990 Lini
2671 1930 2693 1988 4
2748 1936 2806 1988 et
2844 1929 2901 2002 2,
2958 1945 3025 1987 ex
3069 1929 3164 1986 die
3208 1926 3486 1986 3OJunii.
3600 1925 3679 1982 66

2484 2025 2544 2080 C.
2570 2023 2812 2080 Castius
2841 2021 3045 2079 Gallus
3071 2019 3250 2090 Syria
3283 2019 3495 2073 Praeses

2413 2127 2486 2170 an
2519 2111 2572 2185 4,
2606 2113 2760 2184 regis
2788 2111 3055 2184 Agrippae
3081 2105 3166 2178 47,
3205 2105 3288 2163 48.

2485 2203 2727 2260 Gessius
2756 2201 2962 2259 Florus
2988 2213 3142 2270 proc.
3167 2198 3273 2254 Jud
3331 2195 3498 2266 rapi—

2417 2292 2531 2361 nis,
2578 2305 2644 2348 ac
2669 2291 2890 2347 saevitia
2936 2303 3040 2346 sua
3075 2287 3214 2343 belli
3269 2283 3494 2341 Iudaici

2418 2382 2775 2436 occasionem
2837 2378 3066 2449 praebet.
3115 2375 3342 2444 Ioseph.
3425 2372 3496 2428 de

2419 2469 2570 2526 bello
2589 2470 2717 2526 Jud.
2757 2469 2840 2524 lib
2874 2484 2935 2537 ιι,
2960 2480 3064 2535 cap
3107 2461 3192 2534 43,
3245 2461 3496 2518 Matthiae

2420 2557 2761 2630 pontifJud.
2789 2556 2926 2612 anni
2961 2553 3011 2626 4,
3037 2552 3094 2610 2.

2492 2647 2723 2704 Nummi
2751 2646 2922 2715 hujus
2937 2641 3126 2699 Caastii
3149 2636 3361 2710 signati
3385 2647 3497 2692 aera

2419 2736 2774 2796 Antiochena
2800 2733 2924 2788 ΡΙΔ
2948 2728 3067 2802 444,
3104 2728 3505 2800 producuntur

2420 2840 2454 2884 a
2482 2826 2638 2882 card.
2669 2822 2902 2880 Norisio
2946 2821 3005 2877 in
3038 2817 3284 2890 Epochis
3313 2815 3490 2886 Syro—

2423 2915 2818 2974 macedonum.

2495 3219 2624 3276 Lini
2649 3216 2703 3291 2,
2725 3215 2780 3289 3,
2807 3215 2902 3273 cui
2931 3211 3202 3284 martyrio
3219 3213 3488 3266 coronato
3597 3201 3674 3263 67

2424 3310 2519 3367 die
2569 3308 2641 3366 23
2669 3309 2802 3378 Sept
2840 3305 3097 3362 succedit
3124 3301 3404 3370 Canens,
3435 3311 3506 3353 ex

2428 3401 2524 3456 die
2549 3397 2617 3454 2i
2649 3395 2929 3468 Septemb.

2501 3490 2642 3546 Lino
2675 3488 3017 3544 tribuuntur
3043 3483 3116 3540 ab
3145 3479 3510 3540 ordinatione

2432 3577 2741 3650 episcopali
2795 3579 3057 3644 suscepta
3114 3584 3262 3628 anno
3299 3566 3370 3626 59
3413 3565 3509 3624 die

2435 3667 2733 3724 Dominica
2765 3662 2835 3721 23
2875 3663 3034 3720 Junii
3061 3675 3208 3717 coss.
3257 3656 3510 3713 Saturni-

2432 3773 2522 3821 no,
2554 3763 2610 3814 et
2647 3758 2894 3826 Scipione
2934 3753 3023 3824 (ex
3065 3750 3289 3820 catalog
3341 3751 3399 3802 et
3428 3742 3513 3800 lib

2438 3844 2646 3920 pontit')
2664 3845 2802 3901 anni
2825 3857 2932 3911 xu,
2975 3852 3134 3896 mens
3162 3853 3225 3892 ιιι
3253 3835 3381 3891 dies
3406 3845 3508 3887 xu.

2435 3937 2579 3992 Vide
2626 3939 2792 3991 notas
2819 3933 2888 3989 ad
2921 3934 3074 4000 pont.
3105 3929 3162 3984 S.
3196 3925 3346 3982 Lini.

2511 4025 2572 4080 C.
2615 4021 2809 4078 Caestii
2853 4017 3003 4075 Galli
3047 4016 3099 4084 4,
3151 4013 3202 4071 2.
3247 4012 3514 4084 Agrippae

2445 4114 2598 4184 regis
2631 4108 2714 4179 48,
2764 4107 2849 4164 49.
2893 4104 3147 4162 Matthiae
3192 4099 3386 4174 pontll'
3411 4099 3518 4156 Jud

2445 4199 2499 4271 3,
2526 4199 2580 4256 5.

2515 4339 2826 4398 Clementis
2857 4335 2906 4400 4,
2934 4334 2985 4392 2.
3633 4325 3710 4385 68

2508 4431 2713 4488 Czestio
2741 4427 2906 4484 Gallo
2950 4427 3007 4482 in
3041 4421 3334 4495 provincia
3363 4419 3529 4492 Syria
3603 4419 3734 4473 Biss

2448 4521 2738 4578 defuncto.

2527 4613 2584 4666 P.
2627 4607 2889 4664 Licinius
2943 4605 3248 4662 Mucianus
3294 4601 3541 4657 Succes—

2456 4714 2553 4758 sor
2601 4701 2774 4756 datur
2823 4697 2977 4752 circa
3019 4699 3361 4750 autumnum
3427 4699 3528 4757 pro

2459 4795 2600 4862 praet
2643 4788 2841 4860 Syriaz,
2903 4791 2958 4840 et
3015 4793 3312 4840 nummum
3367 4777 3531 4833 cudit

2455 4879 2650 4936 Galba:
2677 4878 2794 4946 imp
2843 4875 3132 4947 signatum
3165 4882 3290 4924 serae
3322 4865 3536 4922 Antio-

2459 4971 2652 5026 cheme
2707 4978 2859 5022 anno
2932 4974 3106 5016 cxvn.
3163 4956 3305 5015 Vide
3363 4952 3534 5010 Noris

2462 5057 2672 5129 Epoch.
2767 5049 3124 5126 Syromaced.
3234 5059 3340 5116 pag
3437 5039 3542 5097 465

2463 5147 2616 5220 regis
2643 5145 2910 5218 Agrippa:
2941 5137 3026 5208 49,
3062 5135 3152 5193 20.
3197 5148 3211 5162 ·

2537 5233 2788 5292 Matthiae
2830 5234 2966 5303 pont
2994 5226 3049 5298 3,
3100 5223 3154 5282 4.
