3960 6398
200 380 319 441 473

249 719 416 797 @33

258 1092 426 1153 4782.

1189 390 1530 450 CHRONOL.
1579 394 1862 457 OONSUL.
1913 400 2002 457 ET
2055 401 2216 461 (ms.
2283 405 2449 463 ROM.
2504 409 2648 463 ETC.
3533 400 3640 470 m

270 510 432 607 Ληξί
458 582 473 607 ι
496 512 888 607 Imperatoﬁgs:
896 509 1291 607 “93125316133”.
1296 514 1587 607 fgggno—
1650 517 1812 607 έηῃί
1896 522 1956 580 Α
2024 523 2202 607 “Anni
2264 527 2691 607 ωιτίιειιηονωη,
2739 534 3056 607 judceorum
3110 540 3160 590 et
3208 539 3348 607 ﬁni—
3412 539 3568 593 Anni

194 583 325 636 Per.
376 582 491 635 Jul.
568 597 713 644 rum,
746 596 830 635 res
853 587 1039 649 gesta},
1070 588 1121 637 et
1154 584 1495 639 documenta.

230 657 297 720 et,
326 653 485 720 cycli.

496 921 619 991 pito
710 919 1124 991 acclamantur,
1218 921 1312 977 sed
1410 923 1580 981 irrito

491 1011 716 1065 eventu.

564 1099 705 1166 Imp.
759 1096 996 1168 Sergius
1042 1098 1342 1169 Sulpicius
1388 1101 1565 1157 Galba
1647 1101 1773 1160 821.

220 1182 319 1241 22.
370 1184 456 1242 l3.
491 1186 782 1242 occiditur
800 1186 895 1242 die
915 1200 1056 1242 xvm
1078 1187 1202 1243 Kal.
1233 1188 1394 1244 Febr.
1418 1195 1564 1247 aeta—-

302 1276 378 1329 Α.

250 2413 419 2473 4783.

233 2523 308 2582 23
341 2523 428 2581 li.

311 2614 358 2671 G

235 3771 405 3831 4784.

209 3862 302 3921 24.
342 3863 430 3922 15.

228 5325 402 5386 4785.

203 5415 298 5476 ὕ.
336 5416 424 5474 46.

256 5511 378 5565 Ει)

485 1276 563 1331 tis
596 1271 686 1331 73.
719 1275 952 1333 Sueton.
988 1277 1047 1332 in
1077 1276 1258 1334 Galba
1295 1293 1345 1333 c.
1377 1277 1467 1335 23.

699 1367 781 1491 ξι]
999 1367 1295 1439 Sulpicius
1315 1369 1495 1427 Galba
1513 1382 1572 1427 ιι.

750 1478 762 1491 .
845 1453 927 1493 ιιι
978 1454 1022 1494 s.

750 1478 762 1491 .
803 1453 1022 1494 γιηιυε.

489 1401 628 1457 Coss

562 1524 731 1597 Lapis
750 1526 942 1582 Casin.
970 1527 1104 1584 infr.
1128 1528 1189 1584 in
1214 1535 1332 1586 not.
1359 1533 1422 1587 ut
1442 1546 1572 1602 sup.

485 1616 555 1671 Et
573 1616 806 1673 Tacitus
835 1616 971 1675 hist.
1000 1632 1038 1688 ι,
1065 1616 1115 1673 4.
1133 1619 1405 1691 Capitolii
1431 1635 1579 1678 con-

490 1705 771 1778 ﬁagratio.

554 1795 776 1851 Salvius
795 1796 946 1854 Otho
969 1798 1275 1870 adaptione
1314 1800 1572 1859 frustra-

484 1886 578 1939 tus
590 1885 932 1941 seditionem
949 1886 1207 1958 molitur,
1222 1890 1361 1960 Imp.
1377 1890 1573 1948 dictus

483 1974 773 2030 occiditur
806 1972 879 2031 95
917 1978 1147 2046 Imperii
1188 1979 1301 2034 die.
1340 1981 1570 2037 Sueton.

562 2063 816 2118 Vitellius
878 2078 910 2120 a
968 2063 1160 2120 Germ.
1228 2068 1577 2139 Legionibus

482 2151 625 2221 Imp.
671 2152 966 2209 Salutatus
1008 2155 1299 2211 occiditur
1344 2154 1415 2213 20
1460 2159 1576 2213 De—

487 2239 756 2310 cembris,
783 2243 1010 2314 expleto
1035 2258 1186 2301 anno
1215 2243 1285 2301 57
1321 2247 1474 2304 Suet.
1517 2253 1573 2304 et

481 2328 663 2385 Tacit.
696 2331 836 2387 Vide
865 2334 1053 2389 Petav.
1094 2348 1172 2405 χι,
1202 2333 1267 2390 46

558 2420 699 2489 lmp.
731 2420 868 2476 Caes.
898 2423 977 2478 Fl.
1012 2425 1384 2495 Vespasianus
1414 2430 1559 2501 Aug.
1644 2427 1770 2487 822.

1650 2536 1776 2595 823.

483 2526 543 2582 Ρ.
573 2530 645 2583 Μ.
681 2534 752 2584 tr.
789 2546 840 2600 p.
880 2529 928 2587 4.

470 2692 475 2697 Δ
691 2621 833 2689 Imp.
864 2622 1003 2678 Caes.
1037 2622 1121 2679 Fl.
1159 2624 1562 2693 Vespasianus.

475 2704 634 2763 Coss.
667 2707 810 2781 Aug.
848 2711 1015 2768 Titus
1042 2712 1230 2768 Caesar
1268 2714 1567 2785 Vespasia-

691 2799 750 2854 ni
784 2798 873 2855 ﬁl.

547 2886 716 2957 Lapis
742 2889 1039 2946 Fastorum
1079 2891 1269 2948 Casia.
1305 2892 1362 2949 in
1410 2894 1566 2951 notis

471 2974 541 3031 ad
577 2982 732 3046 pont.
767 2978 823 3033 S.
854 2978 1182 3036 Clementis.

545 3064 817 3134 Capitolii
850 3082 991 3125 nova
1020 3068 1392 3128 fundamenta
1410 3074 1561 3142 jacta

471 3150 567 3209 die
600 3151 665 3210 2i
706 3157 888 3212 Junii.
928 3160 1108 3216 Tacit.
1146 3160 1354 3220 Civilis
1391 3163 1562 3219 Bata-

471 3256 579 3299 vus
610 3245 834 3315 junctis
877 3249 1162 3306 amicitiis
1207 3265 1338 3308 cum
1376 3251 1563 3310 Gallis

475 3332 760 3392 Romanos
809 3336 1055 3407 obsidet,
1108 3353 1424 3413 eorumque
1473 3342 1562 3399 le-

472 3422 673 3493 giones
700 3425 884 3497 adigit
913 3428 982 3483 ad
1018 3428 1332 3498 iurandum
1376 3433 1433 3487 in
1458 3446 1563 3489 sua

471 3511 663 3573 verba.
698 3526 799 3569 nec
824 3529 934 3571 non
960 3516 1256 3574 Coloniam
1280 3520 1563 3592 Agrippi—

474 3612 624 3655 nam.
651 3601 858 3658 Contra
901 3604 1053 3660 hunc
1082 3607 1297 3662 missus
1317 3608 1569 3665 Cerealis

472 3701 563 3744 res
574 3690 906 3759 Vespasiani
923 3691 1136 3749 firmat.
1153 3696 1334 3751 Tacit.
1349 3697 1561 3754 llist.v.

542 3781 681 3850 Imp.
711 3780 851 3837 Caes.
880 3782 962 3837 Fl.
1002 3784 1387 3854 Vespasianus
1423 3787 1566 3862 Aug.

474 3880 522 3922 ι’.
547 3882 595 3938 p.
628 3866 676 3937 4,
699 3867 754 3925 2.

687 3963 829 4031 Imp.
854 3960 992 4018 C328.
1018 3963 1404 4034 Vespasianus
1425 3965 1567 4040 Aug.

466 4046 623 4105 Coss.
776 4065 862 4107 ιιι.

682 4141 755 4197 M.
788 4142 1064 4201 Cocceius
1092 4145 1293 4201 Nerva.

540 4229 693 4287 Fasti
738 4244 936 4288 marm.
967 4233 1219 4290 Casinat.
1256 4236 1314 4291 in
1346 4237 1557 4294 Musaeo

467 4320 627 4376 card.
656 4320 866 4378 Albani
898 4321 1049 4379 infra
1080 4324 1137 4380 in
1172 4328 1290 4380 not.
1324 4325 1392 4381 ad
1419 4332 1560 4397 pont

467 4408 524 4464 S.
550 4409 723 4466 Clem.
758 4412 1043 4469 Gruterus
1072 4412 1213 4470 folio
1239 4427 1343 4486 ccc,
1374 4429 1414 4488 ι,
1457 4416 1560 4473 hos

468 4512 615 4557 coss.
643 4501 877 4558 exhibet
899 4503 959 4558 in
986 4505 1107 4559 Vet.
1139 4505 1403 4576 inscript.
1427 4520 1557 4563 cum

464 4589 694 4660 Epocha
709 4590 880 4648 Urbis
900 4594 1146 4650 condita:
1167 4608 1452 4652 occcxxiv.

506 4680 949 4740 Janusclausus.
964 4682 1206 4743 Orosius
1224 4685 1322 4741 lib.
1338 4699 1440 4759 vn,
1453 4700 1575 4759 cap.

465 4766 519 4825 9.
559 4769 948 4829 Fundamenta
974 4773 1173 4845 templi
1214 4776 1373 4833 Pacis
1392 4791 1424 4832 a
1443 4775 1562 4832 Ve-

468 4861 741 4930 spasiano
757 4863 931 4932 jacta.
955 4862 1096 4921 Vide
1118 4870 1282 4921 notas
1301 4879 1375 4937 ap
1398 4872 1555 4937 pont.

464 4949 523 5005 S.
544 4949 721 5006 Clem.
745 4952 1014 5022 Inscript.
1039 4966 1131 5024 ap.
1159 4954 1471 5012 Gruterum
1507 4968 1558 5025 p.

464 5035 592 5095 573.
618 5040 954 5111 Vespasiani
984 5042 1123 5098 trib.
1156 5049 1272 5113 pot.
1314 5040 1370 5113 2,
1407 5044 1555 5114 jun-

468 5128 556 5200 git
598 5143 730 5185 cum
776 5130 971 5188 titulis
1003 5131 1142 5202 imp.
1183 5145 1263 5202 vr,
1313 5145 1432 5188 cos.
1468 5146 1550 5189 ιιι.

465 5231 698 5274 DES.IV.

545 5330 688 5401 Imp.
729 5329 872 5387 Caes.
896 5330 979 5387 Fl.
1002 5330 1392 5402 Vespasianus
1415 5329 1561 5406 Aug.

464 5421 538 5475 tr.
574 5433 628 5490 p.
667 5416 723 5490 2,
756 5417 807 5477 3.

684 5512 870 5581 Imper
900 5510 1286 5582 Vespasianus
1323 5510 1451 5585 Aug
1482 5527 1552 5569 ιν.

463 5598 623 5655 Coss.
675 5600 845 5657 Titus
891 5601 1008 5658 Cres
1050 5602 1385 5671 Vespasiani
1433 5602 1559 5675 Aug

685 5693 744 5748 F.
778 5706 839 5748 ιι.

1650 588 1713 641 U.
1734 587 1797 647 ϐ.

1612 663 1758 713 ante.
1793 666 1843 715 et

1579 734 1704 798 post
1744 733 1865 786 Pal.

493 832 556 888 In
586 827 781 888 Africa
814 830 1019 899 Macer,
1044 828 1103 886 in
1134 830 1441 889 Germania
1468 832 1584 889 Ca—

1647 1191 1773 1249 822.

1656 3786 1765 3847 823

1648 3876 1775 3935 824.
1830 3896 1837 3901 -

2020 592 2231 666 Olymp.
2260 601 2562 681 _timorum
2619 592 2969 681 populorum,
3016 592 3345 681 _Pontiﬁces,

2309 614 2562 655 umorum
2619 614 2969 675 populorum,
3041 614 3345 681 Pontiﬁces,
3420 614 3564 665 Eros

2255 666 2441 740 Reges,
2498 689 2584 728 res
2640 680 2823 745 gestae,
2878 682 2931 730 et
2992 678 3334 736 documenta.
3412 681 3506 736 Ch.

2012 1075 2223 1148 Olymp.
2337 1079 2648 1138 Clementis
2693 1096 2849 1153 papa:
2895 1082 2950 1156 2,
2995 1084 3048 1142 3.
3092 1087 3346 1145 Muciani
3466 1089 3536 1146 69

2071 1164 2171 1221 2M
2272 1175 2520 1240 propraat
2556 1172 2735 1242 Syriae
2776 1172 2827 1244 l,
2872 1171 2926 1229 2.
2955 1176 3151 1232 Matth.
3186 1183 3341 1248 pont.

2095 1268 2147 1308 ιν
2249 1257 2379 1314 Jud.
2408 1255 2459 1325 4,
2487 1258 2542 1316 5.

2058 1348 2197 1399 eteae
2339 1348 2454 1404 Hoc
2506 1362 2659 1407 anno
2718 1351 2843 1408 Kal.
2903 1352 3046 1410 Julii
3078 1355 3140 1409 T.
3208 1354 3344 1413 Fla-

2029 1433 2218 1490 diebus
2273 1437 2407 1493 vius
2450 1440 2852 1511 Vespasianus,
2903 1443 3021 1498 dux
3071 1442 3208 1500 belli
3235 1445 3346 1501 ad-

2008 1526 2213 1579 aestivis
2260 1538 2465 1583 versus
2532 1528 2778 1599 Iudaeos,
2837 1530 3133 1589 adnitente
3194 1547 3348 1603 prm-

2011 1612 2071 1667 0.
2119 1610 2227 1670 212
2263 1614 2391 1671 side
2464 1616 2690 1689 Egypti
2756 1618 2844 1673 Ti.
2894 1619 3241 1685 Alexandro,
3292 1628 3349 1679 et

2106 1716 2122 1757 ι
2256 1704 2437 1776 Syria:
2493 1704 2678 1779 legato
2757 1710 3047 1781 Muciano,
3117 1710 3345 1768 saluta-

2258 1798 2355 1850 tur
2413 1795 2725 1866 imperator
2777 1799 2837 1854 in
2887 1800 3074 1871 Syria.
3137 1801 3348 1857 Mucia-

2253 1896 2327 1939 no
2375 1898 2505 1940 cum
2585 1891 2842 1943 exercltn
2888 1895 3087 1945 contra
3158 1890 3347 1946 Vitel—

2261 1971 2405 2028 lium
2453 1972 2729 2044 profecto,
2774 1975 2940 2032 Titus
2969 1978 3135 2048 Vesp.
3194 1978 3353 2034 ﬁlius

2258 2060 2472 2118 bellum
2501 2063 2876 2120 administrat
2898 2066 2957 2121 in
2985 2067 3356 2137 Judiea,dum

2255 2152 2419 2223 Vcsp.
2480 2159 2642 2223 pater
2673 2154 2859 2225 primo
2910 2155 2969 2210 in
3017 2155 3343 2227 Egyptum,

2254 2240 2467 2297 deinde
2498 2242 2732 2299 Romam
2763 2243 2949 2300 tendit
2976 2243 3045 2301 ad
3087 2244 3344 2316 insignia

2254 2328 2485 2401 imperii
2513 2331 2810 2402 capienda.

2109 2434 2128 2472 ι
2284 2420 2598 2478 Clementis
2629 2435 2786 2492 papa:
2823 2420 2876 2492 3,
2910 2420 2964 2479 ι.
3474 2424 3544 2483 το

2090 2543 2131 2582 ιι
2334 2532 2619 2587 Nummus
2642 2532 2757 2588 Titi
2782 2540 2979 2589 nostro
3026 2533 3085 2590 in
3132 2536 3344 2590 Musmo

2251 2621 2633 2692 consignatus
2692 2621 2917 2691 duplici
2970 2636 3084 2679 aera
3131 2622 3345 2678 Antio-

2251 2707 2433 2764 chena
2477 2722 2584 2766 cxx
2625 2710 2969 2781 Caesariana,
3022 2715 3079 2768 et
3110 2723 3181 2766 cu
3212 2710 3344 2767 Au—

2250 2805 2431 2871 gusta:
2474 2798 2543 2854 ad
2596 2799 2749 2856 hunc
2790 2814 3005 2857 annum
3050 2800 3345 2871 pertinet:

2288 2902 2393 2956 quo
2422 2892 2549 2942 ante
2575 2888 2709 2943 Idus
2750 2890 2926 2944 Iulias
2972 2889 3140 2960 Syria
3165 2892 3339 2944 omnis

2249 2977 2311 3031 in
2348 2978 2675 3047 Vespasiani
2693 2984 3031 3034 sacramento
3058 2981 3192 3047 fuit.
3224 2980 3339 3034 Ta-

2251 3065 2353 3121 cit.
2382 3065 2556 3137 Capta
2600 3066 3010 3140 Hierosolyma,
3058 3067 3336 3139 templum

2252 3154 2549 3213 incensum
2581 3158 2754 3215 annis
2786 3154 2888 3215 407
2930 3163 3059 3230 post
3098 3172 3336 3231 regnum

2246 3244 2488 3302 Herodis
2550 3247 2608 3304 in
2679 3248 2780 3305 illa
2841 3249 3157 3307 exercitum
3197 3248 3330 3320 (Jos.

2246 3349 2343 3408 xx,
2375 3335 2429 3407 8)
2451 3338 2549 3395 die
2577 3338 2810 3396 Sabbati
2844 3340 2967 3396 Kal.
3003 3340 3159 3410 Sept.
3187 3339 3334 3395 Phi-

2238 3422 2402 3481 lostr.
2452 3427 2511 3482 in
2546 3427 2672 3484 Vita
2713 3428 3035 3499 Apollonii.
3076 3427 3334 3484 Matthiae

2244 3513 2373 3569 Jud.
2411 3516 2670 3584 pontiﬁci
2699 3530 2730 3573 a
2764 3516 3081 3574 rebellibus
3108 3514 3334 3572 suﬁici-

2248 3606 2347 3657 tur
2398 3602 2716 3659 Phananus.
2771 3604 2982 3662 Omnes
3034 3604 3335 3675 pontifices

2246 3688 2320 3744 ab
2348 3689 2572 3748 Aarone
2618 3693 2687 3749 ad
2723 3694 3056 3751 Phananum
3100 3689 3173 3747 84
3214 3705 3333 3749 ιιιι-

2250 3782 2547 3834 merantur
2575 3794 2607 3835 a
2637 3781 2882 3851 Josepho
2913 3780 3015 3837 lib.
3050 3796 3145 3851 xx,
3191 3794 3240 3836 c.
3272 3778 3329 3837 8.

2095 3876 2138 3919 ιι
2326 3864 2637 3923 Clementis
2660 3881 2816 3939 papae
2855 3866 2908 3940 4,
2936 3867 2990 3925 5.
3438 3866 3503 3929 74

2077 3967 2141 4008 ιιι
2316 3954 2482 4010 Titus
2505 3956 2721 4013 Judagis
2746 3957 2884 4017 licet
2923 3972 2956 4015 a
3000 3973 3061 4016 se
3084 3959 3331 4018 devictis

2246 4048 2552 4114 prmservat
2601 4045 2926 4120 privilegia,
2974 4049 3361 4122 nequidquam

2247 4130 2741 4191 intercedentibus
2786 4135 3217 4206 Alexandrinis,
3275 4143 3333 4193 et

2240 4220 2621 4279 Antiochenis
2654 4229 2716 4280 ut
2746 4225 2939 4281 eadem
2971 4225 3326 4296 antiquaret.

2236 4311 2540 4382 Iosephus.
2590 4314 2719 4371 vide
2750 4321 2914 4371 notas
2946 4329 2999 4385 p.
3026 4310 3112 4369 Η.

2312 4402 2670 4474 Triumphus
2700 4405 3036 4476 Vespasiani
3072 4403 3256 4476 patris
3300 4416 3366 4460 ac

2240 4491 2357 4548 Titi
2413 4491 2520 4549 ﬁlii
2565 4495 2637 4549 de
2688 4495 2881 4551 Iudaea
2923 4494 3164 4551 subacta
3201 4493 3324 4551 Kal.

2242 4582 2408 4652 Julii,
2442 4597 2556 4653 quo
2588 4590 2659 4640 tr.
2713 4590 2960 4656 potestas
3007 4586 3137 4642 Tito
3184 4597 3332 4641 con-

2245 4668 2432 4729 fertur
2454 4685 2487 4728 a
2510 4678 2685 4744 patre.
2736 4676 2986 4730 Caesarea
3028 4677 3327 4744 maritima,

2245 4760 2347 4817 ubi
2379 4762 2766 4831 Vespasianus
2789 4763 3079 4821 salutatus
3111 4762 3359 4833 primum

2244 4848 2433 4906 fuerat
2463 4851 2597 4921 imp.
2627 4852 2865 4908 ﬁtRom.
2890 4852 3138 4909 colonia.
3158 4852 3345 4906 Num-

2245 4940 2324 4996 mi
2356 4939 2541 4997 colon.
2580 4940 2858 4997 Vaillant.
2899 4946 2957 4997 et
2986 4939 3222 4996 Reland.
3256 4938 3326 4995 de

2241 5028 2836 5100 urbibusPalaastinm,
2867 5028 2972 5085 lib.
3005 5042 3092 5096 ιιι,
3118 5042 3170 5098 p.
3195 5024 3321 5084 500.

2057 5349 2121 5389 ιιι
2301 5327 2612 5386 Clementis
2662 5340 2820 5400 papa:
2849 5324 2903 5399 5,
2937 5325 2991 5385 6.
3427 5325 3501 5386 72

2091 5435 2148 5478 ιν
2275 5418 2582 5489 Complura
2680 5415 2926 5474 :ediﬁcia
2996 5416 3319 5475 Antioohiae
3388 5418 3533 5475 Biss.

2234 5514 2583 5568 constructa.
2617 5508 2841 5565 Malala.
2862 5508 3160 5565 Caesonius
3196 5509 3321 5564 Ρω-

2235 5606 2330 5659 tus
2362 5613 2534 5672 regno
2562 5598 2727 5670 pellit
2755 5598 3105 5655 Antiochum
3129 5605 3343 5668 postre-

2237 5704 2392 5749 mum
2420 5689 2847 5747 Seleucidarum
2895 5701 3082 5761 regem
3110 5687 3319 5746 Coma-
