3960 6384
373 378 479 439 4.75

1164 381 1258 436 AD
1304 382 1740 448 ANASTASIUM
1771 391 2286 453 PROLEGOMENA
2331 397 2510 454 EDIT.
2559 397 2992 460 ROM.-VATIC.

3690 410 3808 471 476

416 510 1034 606 inniJImgflfﬂfﬁS,
1062 511 1427 606 “9011811758,:
1469 521 1748 606 Romano-
1803 521 1968 606 iam};
2035 524 2093 584 A
2180 526 2348 606 Anni
2419 527 2876 606 Christianorum,
2923 532 3237 601 judzeorum
3281 541 3332 592 et
3367 540 3487 606 ﬁni-
3565 539 3728 596 Anni

2487 602 2739 656 timorum
2795 607 3140 674 populorum,
3185 602 3496 679 Pontiﬁces,
3575 613 3724 666 Era

2419 673 2608 739 Reges,
2677 690 2764 728 res
2820 673 2983 743 gesta:
3048 682 3098 731 et
3161 673 3507 734 documenta".
3588 680 3688 737 Ch.

377 582 501 636 Per.
546 582 658 635 Jul.
736 597 882 645 rum,
911 598 997 638 res
1053 591 1237 652 gestae,
1293 591 1344 640 et
1389 582 1731 645 documenta.
1803 594 1864 647 U.
1917 593 1974 647 C.

399 655 450 706 et
473 653 629 706 ουσὶί.
1771 667 1898 706 ante
1926 668 1974 706 ρί

399 666 450 706 et
472 666 629 720 gyan.

442 718 582 797 ΘΞ)

431 1658 575 1717 4786

422 1748 514 1821 26,
536 1747 604 1806 47

517 1840 555 1896 C

449 2829 588 2888 4787

1771 667 1898 718 ante
1926 668 1976 717 et

1725 739 1853 803 post
1899 734 2021 790 Pal.

732 812 885 868 Fasti
915 813 1150 870 Casinat
1203 813 1260 870 in
1289 818 1501 874 Musaeo
1524 819 1743 877 Albano

665 899 728 956 in
759 905 876 956 not.
911 901 966 956 S.
999 901 1173 957 Clem.
1209 902 1468 974 Eclipses
1495 906 1625 963 dua:
1649 909 1751 963 in-

659 993 749 1044 tra
800 989 926 1045 dies
977 1003 1060 1044 xu
1111 990 1325 1060 (verius
1355 993 1523 1065 x1v)a
1554 995 1744 1052 Plinio

664 1081 1057 1220 rgamorantur
1077 1079 1186 1136 sub
1226 1079 1318 1136 his
1347 1080 1486 1137 Coss
1507 1081 1590 1140 lib
1619 1099 1660 1138 ιι
1687 1098 1736 1140 c.

719 1664 838 1730 Imp
888 1661 1072 1718 Caesar
1109 1664 1496 1734 Vespasianus
1543 1666 1670 1738 Aug
1699 1672 1769 1724 tr.
1849 1668 1956 1727 825

1848 1757 1954 1816 826

854 1842 1221 1899 Domitianus
1282 1845 1426 1914 Vesp
1499 1844 1646 1917 Aug.
1699 1844 1740 1902 f.

661 1929 798 1986 Coss
905 1931 1042 1988 Caes.
1082 1946 1140 1987 ιι.

870 2051 944 2062 -
965 2021 1234 2078 Valerius
1257 2023 1622 2080 Messalinus.

728 2109 882 2166 Fasti
949 2111 1247 2166 Casinates
1315 2116 1380 2168 ut
1455 2126 1654 2182 supra,
1697 2121 1752 2170 et

653 2197 966 2254 Frontinus
989 2197 1242 2256 sect402.
1272 2199 1608 2272 Philosophi
1628 2215 1744 2258 om-

647 2299 766 2356 nes,
798 2287 1345 2356 praeterMusonium
1368 2288 1544 2344 Roma
1568 2289 1744 2360 pulsi.

653 2373 1004 2443 Xiphilinus
1027 2387 1097 2430 ex
1122 2375 1304 2431 Dione
1322 2375 1406 2430 lib
1430 2391 1592 2436 LXVI.
1619 2379 1762 2437 Vide

659 2467 824 2517 notas
853 2462 923 2517 ad
957 2467 1112 2531 pont.
1142 2462 1198 2516 S.
1225 2463 1392 2518 Cleti.

721 2548 966 2603 Petilius
1033 2549 1283 2605 Cerealis
1338 2552 1634 2623 Brigantes
1683 2555 1744 2610 in

669 2635 969 2691 Britannia
997 2636 1211 2693 domat.
1255 2637 1510 2712 Tacitus,
1529 2642 1598 2698 de
1629 2641 1758 2699 Vita

663 2723 965 2794 Agricolae.

733 2833 854 2902 Imp
882 2831 1068 2889 Caesar
1101 2833 1485 2904 Vespasianus
1521 2837 1649 2912 Aug
1669 2846 1741 2896 tr.

443 2916 536 2984 27,
561 2915 630 2976 48
681 2933 737 2990 p.
759 2915 813 2990 4,
840 2917 894 2976 5.

451 3863 592 3922 4788

839 3012 960 3087 I_mp
987 3013 1374 3087 Vespasianus
1394 3014 1522 3087 Aug
1546 3031 1598 3087 v.

836 3083 1002 3140 Titus
1051 3083 1236 3140 Cazsar
1281 3083 1528 3158 Augusti
1570 3086 1608 3142 f.
1657 3103 1739 3144 ιιι.

732 3163 973 3221 Frontin
1003 3163 1074 3218 de
1101 3163 1314 3234 Aquaed
1345 3171 1462 3220 sect
1495 3162 1664 3222 402et

659 3245 814 3301 Fasti
851 3257 1030 3300 marm
1062 3243 1377 3311 Casinates,
1409 3249 1473 3300 ut
1500 3259 1624 3316 sup.
1654 3249 1773 3319 Imp

661 3326 1068 3395 Vespasianus,
1119 3337 1186 3380 ac
1213 3325 1380 3380 Titus
1411 3323 1570 3380 illius
1598 3327 1750 3384 Cen-

663 3418 821 3462 sores
893 3407 1071 3462 creati
1146 3411 1405 3466 Lustrum
1488 3407 1746 3466 fecerunt

663 3509 810 3552 Lxxv
841 3497 1101 3553 omnium
1127 3505 1497 3568 postremum.
1527 3501 1755 3556 Plinius

669 3583 754 3639 lib
806 3599 882 3640 vn
923 3599 1028 3657 cap
1072 3583 1161 3643 49.
1205 3589 1482 3647 Censorin
1535 3591 1604 3646 de
1645 3590 1748 3646 Die

663 3680 763 3730 nat
794 3689 898 3746 cap
928 3676 981 3733 6.

669 3047 808 3108 Coss

737 3871 879 3941 Imp.
905 3871 1040 3929 Caes.
1075 3874 1462 3947 Vespasianus
1489 3859 1637 3952 Aug'.
1666 3883 1739 3936 tr.

445 3953 536 4025 28,
568 3953 636 4010 49
666 3973 720 4028 p.
743 3956 798 4029 5,
821 3959 874 4015 6.

451 5071 594 5131 4789

490 5161 594 5232 4,4

487 5261 595 5316 GF

665 4073 821 4140 coss.
1071 4053 1454 4140 Vespasianus
1478 4056 1642 4140 Aug.
1667 4071 1741 4113 vr.

881 4123 1046 4178 Titus
1071 4123 1258 4182 Caesar
1285 4129 1447 4198 Vesp.
1473 4127 1555 4182 fil.
1585 4123 1638 4182 ἰν

725 4209 896 4267 iidem
923 4213 1076 4270 Fasti
1101 4228 1302 4272 marm.
1343 4217 1640 4272 Casinates
1683 4215 1744 4272 in

665 4300 878 4356 Musaeo
905 4301 1144 4359 Albano.

733 4391 873 4458 Imp.
894 4389 1281 4460 Vespasianus
1299 4392 1573 4462 templum
1598 4394 1759 4450 Pacis

663 4476 852 4531 Romae
881 4478 1128 4546 dedicat,
1161 4486 1218 4535 et
1257 4495 1524 4537 nummos
1551 4481 1742 4552 signat

665 4565 1052 4622 dedicationis
1079 4581 1208 4624 cum
1241 4575 1358 4625 not.
1387 4570 1511 4626 Cos.
1539 4584 1594 4626 γι

732 4653 883 4709 Idem
915 4667 984 4710 ex
1013 4655 1234 4713 colosso
1295 4659 1538 4714 Neronis
1571 4665 1746 4730 caput

662 4749 942 4814 amputat,
977 4744 1232 4816 solisque
1277 4747 1334 4802 in
1368 4761 1434 4804 eo
1480 4748 1742 4806 collocat.

663 4834 1014 4904 Xiphilinus
1052 4849 1122 4892 ex
1157 4837 1356 4894 Dione.
1382 4839 1438 4894 S.
1477 4839 1750 4909 Hierony-

663 4929 794 4974 mus
853 4919 1108 4988 ejusdem
1171 4919 1394 4977 .colossi
1462 4921 1744 4978 meminit.

740 5080 1050 5224 lrgp.7Cazs.
1086 5083 1475 5155 Vespasianus
1498 5083 1640 5156 Aug.
1667 5089 1736 5140 tr.

740 5184 768 5219 ι.
832 5211 846 5228 ,
918 5211 930 5223 .

710 5179 768 5234 p.
793 5167 846 5238 6,
876 5165 930 5224 7.

678 5282 816 5342 Coss
887 5263 1028 5342 imp.
1060 5263 1608 5342 VespasianuSAAug.
1643 5278 1741 5320 vn.

887 5336 1052 5392 Titus
1071 5333 1404 5406 Vespasiani
1447 5333 1485 5388 f.
1515 5333 1659 5407 Aug.
1689 5351 1741 5390 ν.

733 5425 962 5480 Nummi
987 5426 1139 5494 apud
1170 5425 1447 5481 Oeconem
1477 5429 1534 5479 et
1558 5424 1782 5482 Medio-

663 5511 918 5565 barbam.

733 5597 1074 5664 Spartianus
1117 5599 1172 5652 in
1212 5601 1341 5656 Vita
1387 5599 1598 5654 Adiani
1653 5600 1746 5655 his

670 5684 1010 5740 consulibus
1037 5694 1229 5742 natum
1268 5689 1476 5743 asserit
1519 5701 1574 5741 lx
1621 5687 1744 5742 Kal.

2171 595 2382 669 Olymp.

1851 2839 1958 2898 826

1849 2927 1954 2986 827

1852 3875 1957 3934 827

1853 3965 1960 4024 828
2021 3968 2030 4036 Ῑ
2256 4001 2322 4043 xu

2063 4521 2116 4582 D

2247 5081 2310 5118 III

2235 5168 2288 5211 ιν

2424 879 2616 936 genes.
2635 868 2740 924 Hic
2767 871 2826 927 in
2851 869 3117 927 Ciliciam
3132 870 3284 945 fugit
3313 891 3327 928 :
3355 873 3514 932 illius

2426 961 2555 1008 vere
2584 953 2653 1008 ad
2704 951 2963 1008 Parthos.
3007 953 3214 1009 Verum
3246 955 3514 1024 utrisque

2407 1029 2522 1087 sibi
2572 1031 2966 1088 reconciliatis
3009 1032 3394 1102 Vespasianus
3421 1046 3501 1089 re-

2421 1133 2597 1190 gnum
2628 1120 2910 1176 restituit.
2940 1119 3134 1189 Alam',
3166 1121 3503 1190 Scytharum

2420 1208 2580 1264 natio
2621 1209 2787 1278 juxta
2828 1209 3086 1278 Tanaim,
3136 1209 3379 1265 Mediam
3409 1223 3502 1266 va-

2407 1301 2581 1365 stant,
2621 1295 2878 1370 fugiente
2905 1311 3034 1369 rege
3077 1297 3346 1369 Pachoro,
3390 1297 3502 1354 lis-

2419 1385 2548 1442 dem
2595 1386 2922 1442 Armeniam
2962 1385 3368 1442 invadentibus
3408 1400 3508 1442 re-

2419 1475 2578 1531 sistit
2604 1476 2917 1532 Tiridates.
2948 1475 3228 1547 Josephus
3270 1475 3374 1532 lib.
3417 1489 3496 1532 vn

2417 1563 2580 1635 Belli,
2603 1579 2727 1634 cap.
2759 1561 2850 1620 27.

2206 1648 2258 1706 0.
2288 1649 2394 1707 242
2497 1653 2806 1710 Clementis
2825 1652 2878 1722 6,
2910 1650 2966 1708 7.

2277 1755 2331 1795 IV

2051 1843 2104 1904 Β
2207 1835 2258 1884 et
2287 1845 2353 1884 ea:
2425 1843 2574 1886 anno
2621 1831 2764 1886 Era:
2792 1831 3012 1886 Christi
3058 1828 3122 1886 74
3158 1833 3227 1888 ad
3259 1829 3332 1889 75
3367 1833 3508 1890 dum

2174 1918 2364 1972 diebus
2424 1918 2698 1989 templum
2752 1920 2916 1975 Pacis
2961 1921 3150 1976 Romae
3203 1923 3508 1979 construi-

2173 2008 2373 2062 aestivis
2430 2013 2546 2076 tur,
2597 2013 2654 2063 et
2709 2013 3092 2066 assentatores
3154 2011 3502 2081 Vespasiano

2205 2093 2395 2151 0.243
2425 2095 2758 2152 attribuunt
2781 2110 2913 2153 cum
2955 2099 3198 2168 Josepho
3244 2099 3348 2156 lib.
3397 2114 3496 2172 vn,

2275 2201 2294 2238 ι
2404 2199 2536 2254 cap.
2589 2183 2674 2256 42,
2722 2198 2786 2241 ea
2826 2201 2952 2257 quae
2996 2187 3067 2243 de
3109 2187 3340 2245 Christo
3383 2190 3502 2245 Do-

2496 1743 2652 1797 Intra
2730 1742 2837 1798 hoc
2907 1743 3379 1813 quinquennium
3440 1757 3508 1800 ex

2422 2273 2580 2329 mino
2611 2274 2770 2344 pacis
2791 2276 3054 2346 principe
3082 2274 3309 2334 fuerant
3328 2291 3359 2334 a
3382 2291 3506 2348 pro-

2418 2362 2607 2434 phetis
2645 2365 2942 2421 enuntiata
2974 2366 3232 2422 Clemens
3272 2381 3373 2438 pro
3395 2381 3503 2422 suo

2421 2453 2697 2522 pastorali
2730 2467 2964 2510 munere
2985 2454 3202 2510 Christi
3219 2455 3496 2512 vaticinia

2421 2547 2572 2596 recte
2600 2543 3009 2612 interpretatus
3047 2543 3179 2599 odia
3221 2543 3504 2599 Ethnico—

2428 2645 2554 2686 rum
2589 2631 3005 2688 incurritVide
3036 2637 3200 2688 notas
3228 2632 3297 2688 ad
3339 2638 3495 2703 pont.

2420 2719 2473 2774 S.
2503 2719 2644 2775 Cleti

2494 2827 2806 2886 Clementis
2822 2825 2877 2900 7,
2908 2829 2964 2884 8.

2489 2918 2726 2986 Achaia,
2759 2919 2999 2990 Graecia,
3032 2918 3220 2989 Lycia,
3251 2917 3506 2986 Rhodus,

2420 3006 2776 3077 Byzantium,
2808 3008 3030 3077 Samus,
3066 3007 3330 3076 Thracia,
3359 3007 3502 3062 Cili-

2423 3097 2532 3165 cia,
2561 3096 2895 3168 Comagene,
2925 3113 3050 3168 quae
3079 3103 3241 3155 antea
3287 3095 3392 3154 sub
3415 3109 3516 3150 re-

2414 3183 2585 3256 gibus
2616 3181 2864 3254 fuerant,
2901 3187 2960 3241 in
2985 3188 3314 3256 provincias
3356 3185 3510 3242 reda-

2422 3277 2526 3328 cta:
2543 3275 2698 3328 sunt.
2731 3274 3066 3344 Eutropius,
3094 3280 3150 3330 et
3191 3274 3396 3332 Rufus.

2493 3361 2717 3432 EurOpe
2732 3374 2765 3416 a
2785 3361 3027 3417 Thracia
3051 3364 3331 3432 sejuncta.
3371 3365 3498 3418 Me-

2421 3449 2666 3520 tropolis
2691 3447 2838 3506 facta
2868 3449 3153 3507 Heraclea.
3184 3450 3499 3506 Antiochia

2421 3544 2477 3594 et
2517 3537 2788 3594 Caesarea.
2823 3544 3058 3594 ornatae.
3109 3539 3343 3594 Odzeum
3375 3553 3506 3595 ma-

2425 3626 2700 3700 gniﬁcum
2769 3627 3034 3683 Caesareas
3091 3632 3510 3700 constructum,

2426 3717 2523 3774 ubi
2573 3716 2761 3774 fuerat
2801 3718 3096 3790 Synagoga
3130 3717 3501 3775 Judaeorum..

2427 3810 2510 3865 Jo.
2545 3809 2771 3865 Malala.

2494 3899 2804 3955 Clementis
2823 3898 2879 3960 8,
2903 3896 2958 3953 9.

2493 3987 2730 4044 Occasio
2767 3986 3069 4044 exsulandi
3088 3986 3220 4042 data
3239 3985 3514 4042 Clementi

2427 4092 2582 4150 papa:
2629 4092 2697 4133 ex
2743 4076 3132 4132 declarations
3189 4075 3508 4131 vaticinio—

2426 4180 2554 4224 rum
2619 4165 2689 4221 ad
2737 4165 3030 4221 Christum
3095 4165 3506 4236 pertinentium

2425 4257 2590 4312 Pacis
2619 4256 2970 4326 Principem,
3003 4270 3129 4327 quae
3151 4254 3222 4310 ab
3243 4260 3508 4311 assenta-

2425 4346 2652 4403 toribus
2686 4346 2862 4416 impie
2915 4344 3405 4416 detorquebantnr
3435 4343 3504 4400 ad

2417 4435 2853 4508 Vespasianum.
2873 4435 3012 4490 Vide
3039 4439 3204 4490 notas
3226 4438 3291 4489 ut
3307 4446 3501 4503 supra.

2435 4524 2770 4594 Philosophi
2798 4523 3012 4594 pariter
3051 4523 3226 4579 Roma
3270 4522 3444 4592 pulsi.

2508 4613 2808 4684 Expeditio
2888 4612 3202 4668 Domitiani
3281 4609 3506 4668 suffecti

2423 4717 2520 4759 cos
2566 4719 2616 4758 v.
2680 4703 2738 4758 in
2787 4703 3075 4758 Sarmatas
3129 4715 3198 4758 ex
3255 4701 3510 4756 nummis

2428 4793 2577 4864 apud
2623 4791 2972 4848 Mediobarb.
3013 4794 3080 4850 Et
3115 4789 3323 4862 Joseph
3360 4789 3500 4846 Belli

2425 4884 2509 4940 lib
2529 4897 2625 4939 v11.
2651 4898 2700 4939 c.
2729 4879 2798 4937 24

2496 5063 2808 5118 Clementis
2836 5059 2872 5116 9
2894 5059 2980 5117 40.

2490 5153 2559 5207 lli
2588 5151 2854 5209 consules
2899 5151 3244 5208 tribuuntur
3281 5155 3509 5222 postre-

2417 5242 2495 5296 mi
2535 5242 2809 5298 Clementi
2841 5254 2994 5310 papa:
3021 5241 3081 5294 in
3113 5241 3382 5312 Catalogo
3410 5241 3514 5296 Li-

2423 5330 2705 5386 beriano:
2753 5328 2860 5386 sub
2910 5330 3126 5400 quibus
3164 5337 3516 5401 postremum

2421 5420 2632 5475 Pascha
2655 5421 2748 5474 sui
2766 5419 3140 5477 Pontificatus
3165 5420 3402 5476 maximi
3427 5433 3513 5475 ce-

2435 5509 2696 5564 lebravit.
2735 5509 2878 5564 Vide
2901 5515 3063 5564 notas
3111 5514 3172 5565 ut
3197 5525 3324 5580 sup.
3365 5509 3505 5566 Cle—

2434 5611 2589 5652 mens
2605 5612 2662 5652 se
2683 5597 2913 5653 abdicat
2930 5597 3274 5654 Pontificatu
3295 5599 3510 5654 Roma-

2429 5701 2501 5741 no
2527 5686 2621 5742 die
2664 5684 2700 5740 3
2741 5685 3070 5742 Decembris
3112 5700 3238 5742 cum
3273 5687 3516 5742 sedisset

3630 1653 3708 1712 73

3614 2827 3690 2886 74

3602 3893 3677 3954 75

3628 5055 3701 5116 76

3588 5151 3717 5207 biss.
