3960 6388
3903 93 3916 384 1

397 386 500 447 479
1186 384 1278 440 AD
1321 382 1757 440 ANASTASIUM
1793 379 2310 440 PROLEGOMENA
2357 382 2534 439 EDIT.
2576 383 3010 442 ROM.-VATIC.
3710 379 3816 440 430
3912 379 3914 447 ᾗ

465 511 621 566 Anni
680 511 1060 579 Imperatores,
1133 507 1408 570 Consules,
1505 510 1780 564 Romano-
1842 506 1998 579 Ληῃί
2080 511 2136 570 Α
2209 507 2391 579 Δᾼηηὶ
2453 507 2909 570 Christianorum,
2957 506 3269 562 Iudaeorum
3320 510 3369 559 et
3409 507 3550 574 ﬁni-
3605 502 3770 579 Anni
3911 437 3916 532 1

397 583 517 636 Per.
557 581 668 634 Jul.
746 575 871 635 ium
917 595 1003 634 res
1055 585 1237 648 gesta,
1305 586 1356 636 et
1411 581 1750 634 documenta.
1819 579 1884 632 U.
1935 576 1992 630 C.
2193 575 2404 648 Olymp.
2518 581 2769 633 timorum
2817 579 3164 649 populorum,
3207 579 3533 649 Pontiﬁces,
3617 577 3766 649 Δξτεε

425 656 476 706 et
486 653 648 720 pycli.
1063 647 1071 648 ί
1800 652 1927 702 ante
1948 652 2035 720 et_
2518 654 2684 718 Reges
2730 647 2835 705 res
2874 647 3036 718 gestae
3088 653 3138 702 et
3183 648 3525 702 documenta.
3642 647 3739 703 Ch.

455 717 609 798 ©B
1739 724 1864 790 post
1934 717 2053 773 Pal.
2602 717 2610 718 “
2731 773 2742 786 ο
2883 717 2890 718 “
3033 772 3045 784 ,
3273 771 3285 783 ο
3483 771 3494 783 ,

913 839 996 844 Α,
1076 839 1124 844 ,,
1254 837 1353 844 ,η
1416 839 1431 844 ,
1563 839 1658 844 ___
1727 838 1741 844 _
2446 787 2572 830 rum
2612 788 2644 829 a
2681 773 2810 830 Tito
2854 786 3088 844 proprio
3133 783 3385 827 nomine.
3430 772 3538 828 DIO

682 846 861 902 rianat
901 839 1022 912 472,
1066 839 1132 898 ιο
1171 845 1227 897 et
1250 837 1431 912 3l6,I
1476 845 1534 898 et
1557 839 1685 910 943,
1719 838 1768 895 ι.

1171 845 1227 897 et
1250 837 1376 912 3l6,
1407 839 1431 896 4
1476 845 1534 898 et
1557 839 1685 910 943,
1719 838 1768 895 l.
2451 861 2534 919 lib
2568 876 2715 919 m1.

685 933 1016 991 Incendium
1047 931 1251 1002 ingens
1271 930 1478 999 Romae,
1509 945 1626 1001 quo
1645 943 1773 986 con-

3909 589 3918 978 ι

2521 953 2660 1008 Vota
2711 955 3039 1022 nuncupata
3086 949 3179 1007 his
3224 950 3381 1006 Coss.
3436 964 3535 1006 vn.

685 1023 1070 1094 ﬂagraverunt
1108 1016 1381 1087 templum
1418 1017 1575 1072 Jovis
1610 1017 1771 1087 Capi-

686 1109 880 1177 tolinl,
929 1106 1204 1178 templum
1252 1107 1526 1175 Neptuni,
1575 1105 1768 1174 Isidis,

2449 1129 2580 1183 Tito
2603 1128 2722 1184 Caes
2744 1127 3092 1198 Vespasiano
3112 1127 3397 1199 Augusto,
3419 1105 3527 1183 etc.

683 1197 1210 1297 δῧτὶιξξάίῇβθυων
1242 1201 1298 1250 εί
1324 1193 1525 1249 balnea
1556 1192 1772 1264 Agrip’
2447 1192 2873 1272 dedicationem
2932 1192 3236 1287 Capitolii.
3270 1215 3342 1271 ab
3387 1192 3540 1286 Imp.

692 1301 790 1358 Ρωο
822 1288 928 1342 Dio
955 1284 1058 1340 “bo
1093 1297 1240 1339 ωίνιο
2449 1307 2626 1362 Vetus
2651 1305 2962 1376 inscriptio
2989 1284 3050 1360 in
3077 1305 3273 1360 Museo
3298 1284 3538 1375 Albano,

1541 1397 1558 1407 “
2450 1395 2605 1450 edita
2629 1393 2701 1450 ab
2721 1395 2994 1465 episcopo
3016 1393 3288 1450 Adriensi
3311 1393 3547 1464 Philip-

2396 1530 2407 1533 -
2451 1497 2522 1555 po
2571 1484 2642 1540 de
2683 1484 2864 1540 Turre
2918 1484 2976 1538 in
3027 1483 3138 1538 ﬁne
3188 1485 3541 1539 Monument.

2451 1571 2674 1628 Veteris
2703 1571 2862 1628 Antii
2897 1585 3005 1642 pag
3032 1568 3156 1627 385.

479 1675 619 1734 4694
763 1680 904 1748 Imp.
960 1677 1128 1733 Titus
1183 1676 1322 1732 (ἷξες.
1373 1675 1502 1732 Divi
1557 1675 1683 1732 Ves.
1731 1674 1771 1732 ι.
1863 1674 1971 1733 833

2215 1660 2406 1748 Olymp
2524 1661 2667 1716 Cleti
2701 1659 2754 1730 4,
2784 1659 2837 1716 5.
3655 1659 3727 1718 81

487 1765 544 1834 6,
576 1765 611 1822 6
690 1747 959 1839 Augrtr.
1006 1781 1059 1837 p.
1103 1781 1160 1837 x,
1202 1781 1281 1836 χι,
1324 1766 1424 1834 qui
1461 1765 1633 1822 etiam
1671 1765 1778 1822 hoc
1866 1764 1973 1822 834

2089 1828 2138 1839 _
2260 1747 2366 1806 214
2529 1749 2782 1806 Placidis
2804 1750 2918 1806 Titi
2943 1749 3302 1820 temporibus
3325 1762 3543 1821 Oppor-

527 1828 572 1911 ὰ
689 1828 840 1911 and},
893 1828 1095 1911 [digus
1139 1828 1451 1925 'sepfenibr,
1508 1855 1775 1911 decessit.
2089 1828 2143 1890 B
2294 1853 2345 1894 ιγ
2455 1843 2598 1895 tune
2631 1839 2820 1895 utitur
2847 1839 3040 1894 Cletus
3060 1840 3126 1894 ad
3159 1841 3544 1896 ordinandum

692 1945 928 2000 δυειοη,
959 1957 1082 2016 cap,
1119 1942 1204 1999 η,
1235 1947 1295 2000 ιη
1326 1945 1454 2014 ejus
1483 1943 1630 2000 vna.
2246 1933 2297 1983 et
2317 1944 2385 1982 ea:
2455 1928 2722 1983 Romana:
2777 1927 3045 1984 Ecclesiae
3096 1929 3542 2000 Presbyterium,

871 2034 930 2088 ι,
966 2032 1199 2090 Flavius
1226 2033 1379 2088 sum
1409 2032 1653 2088 Nonius,
2229 2017 2418 2070 diebus
2472 2029 2605 2071 xxv.
2657 2017 3012 2088 Presbyteris
3057 2017 3421 2073 Titularibus
3479 2030 3548 2073 ex

869 2104 1112 2161 Asinius
1169 2104 1351 2160 Pollio
1405 2105 1778 2160 Verrucosus.
2269 2110 2366 2158 aest
2461 2105 2727 2162 mandato
2785 2107 3075 2177 Principis
3131 2106 3541 2178 Apostolorum

767 2193 835 2248 lli
863 2193 1022 2250 Coss.
1065 2199 1454 2249 memorantur
1495 2192 1553 2247 in
1594 2193 1783 2248 Fastis
2245 2190 2369 2248 215.
2457 2199 2748 2266 constans,
2789 2196 2858 2252 ad
2902 2195 3137 2252 totidem
3171 2196 3323 2252 vices
3354 2208 3550 2250 sacer—

695 2295 897 2338 marm.
928 2283 1191 2338 Fratrum
1230 2280 1525 2336 Arvalium
1561 2279 1619 2335 in
1651 2280 1784 2336 Mu—
2309 2294 2324 2334 ι
2456 2281 2679 2339 dotales
2756 2285 2814 2340 in
2894 2284 3227 2340 Christiana
3300 2284 3552 2339 Ecclesia

2451 1040 2511 1096 Id
2542 1039 2826 1096 decembr.
2873 1040 2942 1096 ad
2995 1039 3444 1108 restitutionem,
3478 1043 3536 1095 et

695 2068 834 2124 Coss

701 2385 798 2427 seo
840 2371 996 2426 card.
1039 2369 1198 2425 Alex.
1254 2367 1488 2434 Albani,
1528 2368 1672 2424 editi
1725 2367 1785 2424 in

697 2458 1087 2514 Monumentis
1128 2457 1338 2514 veteris
1379 2455 1540 2511 Antii
1591 2472 1645 2526 p.
1691 2454 1781 2523 99,

696 2553 755 2603 et
795 2545 920 2618 387,
961 2561 994 2602 a
1033 2547 1183 2602 Phil.
1224 2561 1257 2602 a
1298 2548 1479 2602 Turre
1515 2545 1786 2614 episcopo

695 2635 988 2690 Adriensi.
1019 2635 1089 2690 Et
1110 2635 1168 2690 in
1189 2634 1308 2690 alio
1333 2633 1524 2702 lapide
1552 2631 1704 2690 intra
1725 2633 1786 2688 in

703 2723 858 2779 notis
885 2724 954 2780 ad
989 2727 1144 2794 pont.
1175 2723 1232 2779 S.
1264 2722 1359 2798 Pii
1385 2723 1427 2777 I.

770 2811 899 2868 Tito
941 2811 1199 2868 succedit
1242 2813 1590 2868 Donmumus
1625 2809 1791 2883 (alter

699 2900 867 2971 Nero)
908 2901 1132 2971 incepta
1177 2900 1349 2972 paulo
1390 2905 1523 2956 ante
1563 2899 1784 2972 Olymp.

701 3001 878 3056 ccxxv,
911 2996 1083 3060 atque
1120 3003 1270 3047 anno
1301 2989 1618 3059 Nabonass,
1658 2987 1785 3060 829,

697 3080 864 3151 juxta
931 3078 1164 3151 Ptolem,
1234 3079 1456 3150 Lydiat,
1519 3079 1578 3134 in
1636 3081 1786 3134 Fast.

2462 2367 2807 2440 referendas,
2857 2371 3255 2428 universitatis
3305 2379 3546 2441 typum:

2465 2463 2531 2513 ut
2599 2458 2658 2512 in
2735 2460 2888 2515 notis
2960 2459 3151 2514 fusius
3229 2459 3554 2527 explicatur

2467 2558 2577 2617 pag
2603 2542 2692 2616 37,
2725 2553 2781 2602 et
2809 2545 2934 2603 232.

2537 2635 2596 2690 Si
2628 2649 2756 2692 cum
2789 2635 3018 2692 Petavio
3048 2635 3348 2707 legendum
3381 2634 3460 2690 sit
3489 2633 3548 2689 in

2467 2723 2760 2793 Suetonio,
2805 2725 2996 2780 Titum
3041 2724 3356 2781 decessisse
3400 2736 3550 2779 anno

2467 2813 2654 2870 astatis
2683 2828 2773 2869 xm
2803 2813 2936 2884 (non
2967 2827 3104 2882 χιιι,
3141 2817 3203 2869 ιιι
3234 2813 3292 2868 in
3323 2811 3552 2868 codici-

2468 2900 2578 2959 bus
2617 2901 2734 2958 fere
2773 2901 3044 2959 omnibus
3076 2900 3378 2969 habetur);
3410 2913 3556 2956 con-

2471 2998 2586 3048 stat
2623 2993 2773 3048 ratio
2803 3011 2818 3063 ;
2848 3007 2977 3049 cum
3021 2996 3191 3047 natus
3229 2990 3460 3046 dicatur
3489 3001 3552 3045 ιιι

2469 3079 2592 3138 Kal.
2634 3081 2894 3138 Januarii
2938 3079 3155 3151 insigni
3201 3091 3352 3134 anno
3399 3077 3555 3133 necis

706 3143 875 3223 habet
913 3178 1064 3238 ccxv,
1113 3143 1164 3238 p.
1219 3143 1293 3223 m.
1339 3172 1410 3223 tr.
1445 3143 1510 3239 'p.
1557 3180 1656 3224 cos
1689 3181 1786 3237 vu,
2103 3143 2154 3207 δ
2471 3169 2713 3240 Gaianae,
2741 3171 2846 3227 hoc
2869 3177 2956 3225 est
2979 3143 3158 3224 biduo
3183 3173 3314 3223 ante
3342 3166 3554 3222 Kalen-

701 3271 820 3315 DES.
851 3270 972 3312 vm.
1007 3257 1259 3312 Nummi.
2472 3259 2576 3314 das
2606 3260 2732 3330 ejus
2754 3259 3036 3329 Januarii,
3072 3271 3186 3328 quo
3215 3256 3442 3313 occisus
3471 3258 3557 3310 est

489 3432 630 3494 £795
776 3440 916 3509 Imp.
945 3435 1312 3494 Domitianus
1335 3435 1479 3507 Aug.
1516 3449 1570 3506 p.
1605 3448 1680 3490 m.
1715 3441 1785 3490 tr.
1880 3431 1987 3492 834
2319 3451 2338 3491 ι
2470 3348 2787 3495 camstlleti
2819 3438 2874 3508 5,
2905 3437 2941 3494 6
3669 3429 3748 3488 82

487 3521 543 3594 7,
592 3524 627 3582 7
703 3543 758 3600 p.
795 3525 844 3599 l,
875 3527 931 3585 2.
1881 3522 1990 3581 837)
2304 3540 2345 3580 ιι
2539 3527 2876 3599 Philosophi
2904 3542 2973 3583 ex
3005 3527 3169 3582 Italia
3197 3525 3349 3598 pulsi
3381 3537 3414 3581 a
3439 3525 3556 3581 Do-

537 3617 584 3673 F
702 3655 843 3710 COSS
882 3620 1024 3688 Imp.
1069 3615 1438 3700 Domitianus
1481 3613 1625 3686 Aug.
1667 3627 1790 3669 vm.

718 3743 742 3759 κ
880 3691 942 3744 Τ.
976 3689 1210 3747 Flavnus
1239 3686 1507 3744 Sabinus.

2473 3615 2734 3674 mitiano.
2783 3616 2988 3688 Xiphil
3034 3631 3101 3674 ex
3141 3616 3341 3672 Dione.
3381 3613 3557 3670 Chri-

2471 3706 2646 3762 stiani
2671 3721 2922 3764 auoaue.
2946 3708 3217 3763 virtutem
3241 3706 3406 3764 longe
3425 3718 3557 3764 prae-

718 3743 742 3759 ‘
767 3719 1556 3878 ανυῖέτῗᾎῖςῗέῗὶῇῗδ

2471 3719 2646 3762 suam
2671 3721 2922 3779 quoque,
2946 3719 3217 3763 Virtutem
3241 3719 3406 3775 longe
3425 3719 3557 3774 pra:-

2470 3796 2806 3852 stantiorem
2866 3811 2978 3866 prae
3033 3794 3402 3864 PhiIOSOphis
3434 3805 3557 3864 pro-

775 3869 1018 3956 Inventae
1046 3865 1117 3921 ab
1146 3864 1412 3938 Agricola
1441 3865 1708 3936 Oreades,
1739 3869 1797 3919 et

2473 3882 2632 3954 fessi,
2686 3864 2878 3956 eoque
2921 3885 3152 3941 nomine
3193 3884 3264 3940 ab
3308 3881 3560 3939 ethnicis

706 3955 950 4024 Imperio
993 3955 1223 4010 additae.
1274 3953 1509 4010 Tacitus
1563 3955 1622 4010 in
1671 3954 1797 4025 ejus

2471 3986 2602 4028 cum
2623 3953 2988 4044 philoSOphis
3007 3971 3257 4040 confusi,
3273 3969 3561 4028 Domitia—

707 4043 858 4113 νίῐθν
894 4045 952 4100 in
985 4056 1097 4114 qua
1137 4049 1194 4100 ει
1221 4043 1290 4099 ad
1326 4042 1656 4098 Hiberniam
1692 4056 1798 4114 Pe-
2473 4063 2533 4116 ni
2573 4042 2796 4118 seviora
2849 4042 3104 4133 tempora
3155 4061 3538 4132 experiuntur

710 4139 965 4190 netrasse
995 4135 1218 4192 scribit.

1890 4217 1987 4222 μη
2473 4151 2613 4206 Vide
2640 4156 2804 4206 notas
2833 4151 2901 4208 ad
2937 4157 3094 4222 pont.
3124 4153 3178 4208 S.
3213 4151 3379 4207 Cleti.

496 4219 637 4318 £799
745 4225 885 4295 imp.
913 4225 1278 4282 Domitianus
1299 4223 1446 4295 Aug.
1475 4227 1547 4318 l‘r-
1581 4236 1634 4291 P-
1657 4218 1714 4288 ἓν
1741 4217 1794 4276 3·

2314 4254 2357 4294 ιι
2536 4238 2681 4294 Cleti
2730 4237 2785 4308 6,
2835 4235 2890 4307 7,
2933 4217 3193 4296 ANACLETI
3237 4252 3352 4295 ann
3393 4252 3430 4308 ι,
3481 4251 3551 4293 ex
3662 4231 3736 4292 83

509 4311 632 4409 8,ηὸ
716 4352 856 4409 COSS
892 4312 1446 4409 gmgnyggljtgagg
1479 4308 1626 4409 Alge-
1672 4322 1796 4364 VIU-
1889 4307 1997 4366 836
2304 4341 2365 4380 ιιι
2475 4325 2571 4382 die
2608 4327 2905 4382 Dominica
2933 4324 2969 4382 7
3000 4328 3154 4397 Sept.
3195 4327 3336 4382 Vide
3373 4307 3560 4381 notas.

549 4387 596 4438 Ε
716 4381 856 4486 “of
893 4381 1792 4486 0·’ξῖθίηίυὶΒΡῗΡδζΑ’,ἷῖηηι
2539 4381 3129 4486 Cletusmartyrium
3178 4413 3427 4484 complet
3463 4413 3560 4468 die

783 4470 1409 4574 E‘E““E“!E‘PJ“3£‘E‘?
1450 4470 1794 4574 ff‘EX'E‘effi‘
2106 4509 2161 4572 ι)
2470 4501 2560 4560 26.
2625 4503 2850 4574 Aprilis
2905 4470 3160 4574 (ἐπειδὴ
3222 4470 3372 4572 Εοὲι)
3429 4514 3562 4557 cum

712 4561 863 4632 apud
881 4559 1035 4615 card.
1060 4557 1231 4613 Noris
1249 4557 1428 4626 Epist.
1448 4554 1610 4617 Conf.
1633 4571 1683 4625 p.

782 4646 1064 4705 Sutl'ectus
1093 4643 1240 4701 Rufo
1263 4644 1324 4700 C.
1353 4643 1615 4700 Valerius
1647 4646 1796 4699 Mes-

712 4738 960 4796 salinus.
991 4737 1222 4808 Gruter,
1255 4731 1382 4806 3M,
1411 4731 1464 4790 3.
1807 4741 1810 4744 ’

2473 4592 2718 4649 sedisset
2756 4605 2867 4648 ann
2903 4607 2982 4659 Vl,
3031 4607 3188 4648 mens
3233 4606 3298 4662 ιι,
3336 4591 3464 4647 dies
3503 4604 3562 4660 x,

2472 4681 2560 4754 (ex
2587 4681 2822 4753 Catalog
2851 4681 3019 4753 liber)
3047 4683 3222 4739 Vacat
3252 4681 3414 4737 sedes
3443 4679 3565 4734 Ro-

2474 4784 2639 4827 mana
2670 4785 2854 4842 usque
2887 4771 2956 4828 ad
2993 4771 3147 4827 diem
3181 4765 3238 4825 7.
3271 4765 3568 4840 Septembr

2471 4860 2612 4917 Vide
2655 4865 2819 4916 notas
2856 4859 2927 4915 ad
2979 4865 3134 4930 pont.
3181 4858 3238 4914 S.
3279 4855 3564 4913 Anacleti.

2541 4948 2611 5003 Hi
2635 4949 2793 5018 Coss,
2825 4947 2934 5004 sub
2961 4947 3180 5020 quibus
3201 4946 3396 5003 Cletus
3429 4957 3571 5016 pos-

2477 5042 2721 5094 tremum
2753 5037 2969 5094 Pascha
2998 5038 3095 5094 sui
3135 5034 3441 5108 regiminis
3468 5045 3572 5090 ce-

2476 5125 2738 5196 lebravit,
2779 5124 2869 5181 illi
2911 5125 3256 5182 tribuuntur
3291 5120 3564 5194 postremi

2469 5215 2530 5270 in
2560 5214 2869 5285 Catalogis,
2901 5218 2959 5270 et
2990 5213 3166 5284 Codd.
3206 5213 3348 5269 Vide
3375 5216 3562 5277 notas,

2479 5307 2537 5359 et
2567 5303 2988 5375 prolegomena.

503 5405 641 5463 4797
753 5409 890 5478 Imp.
916 5408 1282 5465 Domitianus
1307 5407 1450 5478 Aug.
1480 5410 1552 5461 tr.
1581 5419 1633 5474 p.
1661 5402 1716 5472 3,
1745 5401 1797 5458 4.
1890 5399 1999 5456 836

2301 5406 2365 5444 ιιι
2553 5391 2810 5448 Anacleti
2845 5389 2896 5460 4,
2935 5387 2989 5446 2.
3292 5477 3298 5478 7
3377 5476 3385 5478 4
3441 5475 3449 5478 Α
3648 5381 3753 5478 -84

504 5493 561 5586 2,
593 5493 646 5586 ρ
719 5475 858 5586 Cos;
895 5498 1068 5586 ξυιιιρ.Δ
1095 5475 1463 5586 Domitiapus
1523 5495 1664 5564 Aug.
1740 5506 1794 5546 χ.
1889 5491 1995 5549 837
2302 5493 2376 5533 tv.
2513 5567 2528 5586 ἱ
2554 5479 2657 5534 His
2687 5479 3194 5586 flossntribuunt'ur
3215 5476 3390 5586 primi
3422 5475 3568 5586 Ana:
3642 5475 3789 5528 Biss.

499 5563 653 5618 D.G.
720 5563 858 5586 W”
897 5563 1310 5622 T.‘Aurelius
1336 5563 1637 5624 Sabinus.’
2479 5567 2626 5624 cleto
2687 5569 2746 5624 in
2809 5568 3040 5641 Catalog
3107 5566 3437 5633 Liberiano,
3516 5569 3573 5618 et

792 5652 873 5704 Ex
915 5651 1026 5721 lap.
1069 5654 1311 5724 antiquo
1349 5653 1499 5722 apud
1545 5651 1804 5708 Almelo-
2481 5656 2632 5712 Codd
2695 5656 2894 5714 relatis
2961 5657 3112 5712 inter
3173 5654 3572 5726 prolegomena
