3960 6426
1121 395 1463 454 CHRONOL.
1508 395 1796 455 CONSUL.
1846 398 1935 455 ET
1978 398 2138 457 CIES.
2190 398 2357 456 ROM.
2402 400 2548 455 ETC.

3443 401 3551 460 494

177 512 354 597 Angit:
413 516 796 586 Imperatores,
827 521 1080 597 Consules
1121 524 1508 585 Romanorum,
1570 521 1741 597 ᾃᾼηῃί
1807 524 1866 584 Α
1946 521 2111 597 Anni
2175 523 2632 587 Christianorum,
2680 527 2996 581 Judworum
3042 533 3093 582 et
3125 530 3262 597 ﬁni—
3323 531 3480 586 Anni

118 381 231 443 493

106 581 236 660 Per.
260 585 374 660 Jul.
490 581 512 586 ”
611 604 699 645 res
718 596 902 660 gesta,
921 596 973 648 et
991 592 1329 650 documenta.
1491 581 1503 585 ’
1569 595 1631 649 U.
1668 594 1726 650 6.

142 659 200 708 et
213 657 376 724 cycii.
458 709 469 713 ,
724 657 737 660 ⁷
1538 670 1666 720 ante
1694 669 1747 720 et

184 722 327 801 CBD
1474 736 1776 808 postI’alii.

177 1334 326 1393 4824

173 1424 234 1490 8,
258 1422 328 1483 47

160 2658 225 2731 9,
252 2658 327 2717 48

473 890 693 964 Optimi
724 908 1036 969 cognomen
1067 897 1183 955 sibi
1214 910 1249 955 a
1288 901 1493 955 senatu

402 981 695 1040 decretum
743 985 1027 1057 Trajanus
1051 987 1160 1044 hoc
1205 1000 1356 1044 anno
1383 988 1496 1043 ad-

401 1072 607 1129 mittit.
636 1072 863 1131 Mediob
892 1089 962 1133 ex
998 1076 1320 1134 historicis.
1350 1075 1496 1133 Vide

398 1161 513 1234 Pag
561 1163 687 1219 Crit
735 1165 917 1222 Baron
968 1167 1040 1222 ad
1095 1166 1200 1223 hos
1260 1179 1389 1224 coss
1438 1172 1498 1223 et

400 1257 724 1322 sequentes.

468 1340 590 1413 Imp
618 1344 746 1414 Traj
769 1342 915 1419 Aug.
942 1345 1076 1403 Ger.
1097 1347 1214 1403 Dac
1243 1350 1286 1403 t.
1311 1361 1367 1418 p.
1402 1343 1489 1417 44,

402 1425 492 1501 45,
540 1433 663 1503 Imp
704 1431 757 1490 6.

608 1523 667 1578 C.
692 1523 1046 1595 Calpurnius
1081 1527 1212 1584 Piso

1599 1342 1707 1403 863

1585 1433 1692 1493 864

609 1555 667 1578 υ.
693 1555 1046 1610 υιιιμιμΊιιυδ
1084 1555 1212 1584 Γιδυ

612 1596 683 1651 Μ.
719 1597 941 1655 Vettius
968 1599 1234 1656 Bolanus.

468 1682 694 1755 Inscrip
755 1686 816 1742 in
876 1688 1101 1746 aedibus
1164 1689 1359 1745 March
1417 1687 1491 1745 de

395 1770 666 1829 Maximis
678 1775 749 1831 ad
765 1775 987 1833 circum
1004 1778 1335 1850 Agonalem,
1360 1792 1489 1850 quae

398 1857 587 1917 fuerat
626 1862 760 1919 olim
805 1865 875 1921 ad
919 1866 974 1921 S.
1020 1867 1371 1938 Stephanum
1427 1867 1487 1923 in

398 1957 589 2006 monte
615 1952 815 2023 Caelio,
850 1960 913 2011 ut
944 1969 1014 2011 ex
1044 1957 1305 2013 Manutio
1340 1957 1490 2012 Grut

401 2033 525 2110 428,
569 2038 625 2095 5.
670 2041 974 2100 Fabrettus
1045 2043 1293 2115 inscript
1360 2041 1487 2114 696,

397 2123 521 2183 473.
555 2128 757 2184 Boldet
783 2129 887 2187 obs
915 2132 984 2188 ad
1036 2133 1250 2189 Cmmet
1297 2147 1353 2202 p.
1396 2128 1487 2199 78,

396 2214 457 2270 in
487 2217 732 2286 epistola
752 2218 960 2290 Cuperi
989 2221 1283 2291 praemissa
1308 2222 1497 2278 Fastis

394 2303 779 2363 Almelovenii
809 2322 943 2365 num
990 2324 1047 2381 ι,
1078 2324 1370 2381 perperam
1397 2310 1489 2367 le—

397 2394 560 2465 gitur
577 2397 661 2450 M.
706 2396 1003 2468 Calpurnio
1050 2402 1262 2456 Pisone:
1315 2405 1367 2455 et
1419 2401 1484 2466 L,

399 2486 563 2538 Junio
592 2489 797 2540 rustico
842 2490 1084 2544 Juniano
1122 2490 1331 2544 Bolano
1372 2505 1477 2544 cos.

465 2574 587 2643 Imp
612 2575 740 2645 Traj
762 2574 893 2649 Aug
918 2578 1033 2634 Ger
1054 2578 1171 2634 Dac
1194 2587 1240 2634 ι.
1278 2592 1332 2648 p.
1390 2575 1477 2650 45,

401 2659 469 2718 46
494 2663 633 2734 Imp.
680 2663 734 2721 6.

670 2754 794 2828 Imp
832 2756 1113 2827 Trajanus
1141 2756 1268 2828 Aug
1294 2770 1371 2812 vr.

673 2826 694 2849 "
739 2825 800 2881 T.
832 2825 1105 2885 “sextius
1149 2825 1478 2884 Africanus.

458 2912 603 2970 Card
634 2915 809 2972 Noris
839 2918 991 2988 epist
1040 2931 1180 2974 cons
1233 2932 1344 2990 pag
1383 2913 1475 2989 74,

387 3012 458 3057 ex
498 3002 655 3061 Julio
727 3004 1089 3079 Obsequenle
1147 3006 1219 3063 de
1270 3006 1479 3077 prodi-

383 3090 518 3163 giis,
550 3098 607 3149 et
633 3107 702 3150 ex
720 3095 953 3153 Gruteri
976 3097 1198 3168 inscrip
1232 3093 1388 3164 4029,
1420 3094 1472 3153 6.

453 3184 725 3251 Profectio
748 3187 993 3255 Augusti
1018 3188 1090 3245 ad
1117 3186 1333 3244 bellum
1360 3187 1478 3243 Ar-

387 3272 711 3331 meniacum
758 3279 816 3332 et
862 3277 1197 3334 Parthicum
1244 3277 1472 3350 signata

386 3362 695 3420 consulatu
724 3365 851 3434 ejus
889 3371 1051 3423 sexto
1103 3367 1164 3423 in
1218 3367 1473 3425 nummis

1579 2576 1688 2635 864

1570 2665 1679 2725 865

424 2786 562 2845 Coss

310 3442 313 3447 ’
384 3450 601 3508 visitur
621 3455 775 3525 apud
805 3454 1083 3513 Oeconem
1112 3461 1171 3513 et
1222 3455 1469 3514 Mediob.

153 3716 306 3776 4826

130 3808 225 3876 40,
261 3806 333 3867 49

186 3899 236 3954 Β

135 4792 286 4852 4827

136 4882 267 4941 444

181 4982 238 5037 Α

382 3540 456 3597 de
479 3542 699 3613 quibus
722 3543 894 3601 Noris
913 3545 1173 3616 epistolae
1188 3544 1475 3602 Consula—

382 3630 469 3688 ris
500 3644 608 3706 pag
632 3628 724 3704 72,
756 3638 814 3690 et
840 3633 1064 3691 Fobret.
1094 3634 1164 3691 de
1186 3634 1284 3692 Col
1320 3633 1472 3703 Traj.

451 3721 575 3792 Imp
602 3722 730 3792 Traj
780 3722 910 3795 Aug
962 3722 1076 3780 Ger
1128 3723 1244 3779 Dac
1298 3729 1371 3780 tr.
1413 3737 1467 3794 p.

383 3808 472 3882 46,
502 3806 589 3867 47.
619 3813 761 3883 Imp.
791 3810 847 3868 6.

410 3935 554 3994 Coss
590 3902 649 3994 ἔτ’
680 3900 1294 3994 ἓξλΡξξξῖίὲηηίὲξδξὲξλὲἐὶ·

588 3973 648 4029 C.
689 3973 927 4030 Clodius
972 3973 1304 4045 Crispinus.

456 4063 684 4133 Inscrip
708 4069 873 4120 vetus
905 4062 964 4120 in
992 4062 1089 4120 Pal
1115 4064 1327 4121 Farnes
1347 4062 1504 4121 edita

370 4167 407 4210 a
430 4150 679 4212 Grutero
705 4166 814 4227 pag
835 4150 962 4211 244.

1559 3720 1670 3780 865

1568 3810 1677 3871 866

1555 4796 1661 4856 866

1542 4882 1651 4945 867

435 4797 559 4869 Imp
576 4796 706 4868 Traj
733 4795 864 4869 Aug
890 4797 1005 4854 Dac
1035 4802 1077 4854 t.
1128 4812 1183 4870 p.
1216 4795 1304 4871 47,
1366 4796 1449 4856 48.

356 4887 485 4958 Imp
512 4884 568 4958 6,
593 4882 649 4943 7.

404 5011 546 5074 coss
585 4979 649 5049 ρ.
669 4981 924 5067 Ninnius
941 4981 1115 5065 Hasta

581 5054 641 5109 P.
670 5053 948 5111 Manilius
976 5054 1259 5125 chiscus

433 5162 685 5234 Inscript
736 5175 866 5233 qua:
917 5172 1094 5231 supra
1151 5158 1211 5214 in
1274 5156 1435 5213 Palat

357 5253 572 5310 Farnes
601 5265 693 5324 ap.
745 5253 959 5310 Gruter
998 5246 1125 5305 244.
1169 5246 1447 5303 Columna

360 5342 420 5398 in
452 5341 594 5399 Foro
613 5343 843 5413 Trajani
863 5341 1163 5398 dedicata:
1194 5339 1441 5411 cujusin

348 5426 637 5504 s’tylobate
672 5432 1019 5488 inscribitur
1041 5430 1324 5499 Trajanus
1346 5445 1437 5488 ru.

346 5537 398 5578 ιι.
447 5536 589 5594 xvu,
668 5535 763 5578 me
806 5536 885 5589 Vl,
962 5534 1058 5576 cos
1106 5534 1183 5577 VI.
1232 5520 1445 5577 Gruter

352 5608 486 5683 247,
513 5610 571 5683 8,
598 5617 657 5669 et
679 5612 868 5668 dicitu
887 5612 1143 5675 Dacicus,
1166 5610 1262 5668 sed
1292 5623 1446 5668 non-

353 5703 495 5761 dum
530 5703 844 5759 Parthicus.
899 5700 1085 5758 Arcus
1138 5699 1442 5759 Beneventi

1931 592 2121 665 Olymp

1992 1356 2035 1395 II

1993 1445 2057 1484 III

1985 2591 2051 2629 III

1975 2678 2062 2719 IIII

2257 597 2508 669 timorum
2541 598 2893 667 populorum,
2954 600 3261 669 Pontiﬁces,
3323 603 3478 657 Erae

2251 668 2441 736 Reges,
2480 683 2566 723 res
2607 674 2772 737 gesta
2821 676 2873 725 et
2907 668 3248 727 documenta.
3283 672 3504 730 Christi.

2236 1343 2549 1401 Alexandri
2580 1347 2679 1417 Pp.
2712 1345 2747 1404 3
2791 1352 2848 1405 et
2894 1344 2947 1404 4.
3360 1348 3455 1407 444

2236 1433 2557 1491 Alexander
2569 1450 2713 1507 papa
2741 1438 3079 1511 religionem
3102 1438 3269 1496 chri-

2168 1522 2417 1580 stiauam
2468 1525 2527 1580 in
2576 1525 2725 1582 Urbe
2782 1528 3100 1598 plurimum
3134 1542 3274 1599 pro-

2175 1621 2379 1684 movet,
2435 1627 2638 1686 magna
2709 1621 2870 1686 parte
2922 1616 3255 1674 nobilitatis

2164 1714 2413 1757 romanae
2439 1704 2507 1759 ad
2537 1703 2832 1761 Christum
2858 1708 3273 1777 perducta.Bi-

2172 1789 2598 1849 bliothecarius
2650 1793 2710 1851 in
2758 1797 2887 1869 ejus
2934 1798 3084 1856 Vita.
3129 1800 3272 1857 Vide

2164 1885 2330 1938 notas
2362 1897 2413 1953 p.
2448 1880 2539 1940 82.

2229 2575 2541 2633 Alexandri
2614 2579 2711 2649 Pp.
2779 2576 2814 2635 4
2864 2583 2921 2637 et
2977 2579 3014 2637 5
3354 2579 3456 2638 442

2233 2665 2457 2723 ldatius
2482 2667 2542 2722 in
2565 2668 2753 2724 Fastis
2780 2668 2850 2725 ad
2878 2669 3031 2726 hunc
3045 2683 3261 2728 annum
3338 2672 3460 2728 Biss

2162 2753 2409 2819 scribit;
2475 2755 2578 2810 His
2630 2772 2737 2813 cos.
2786 2760 2900 2826 fuit
2936 2763 3246 2831 persecutio

2163 2841 2608 2900 Christianorum.

2204 2939 2510 3011 Expeditio
2530 2939 2760 3010 Trajani
2789 2938 2857 2996 ad
2889 2938 3105 2997 bellum
3130 2941 3260 2997 Par-

2162 3031 2405 3101 thicum,
2433 3038 2491 3088 et
2507 3031 2933 3105 Armeniacum,
2967 3032 3118 3106 quod
3146 3046 3246 3089 rex

2157 3121 2563 3181 Armeniorum
2596 3137 2708 3180 non
2735 3124 3045 3195 aTrajano,
3075 3123 3175 3180 sed
3206 3136 3241 3180 a

2158 3228 2289 3287 rege
2313 3216 2655 3272 Parthorum
2697 3215 2962 3272 diadema
2981 3215 3246 3287 accepis—

2155 3308 2258 3360 set.
2290 3305 2399 3362 Dio
2450 3304 2536 3361 lib
2583 3304 2673 3377 68,
2701 3304 2832 3363 vide
2882 3303 3017 3364 card
3070 3305 3241 3362 Noris

2153 3396 2318 3468 Epist
2342 3410 2482 3454 cons
2512 3410 2567 3467 p.
2600 3392 2693 3453 72.

1921 3734 2115 3805 Olymp
2159 3732 2470 3790 Alexandri
2502 3733 2603 3802 Pp.
2623 3730 2734 3789 ὅθι
2760 3730 2816 3788 6.
3336 3726 3440 3786 443

1968 3820 2078 3881 222
2161 3824 2429 3878 Armenia
2468 3818 2629 3895 [olim
2675 3815 2983 3893 Armeniae]
3026 3822 3078 3874 et
3116 3818 3240 3874 Me-

1990 3928 2046 3971 iV
2156 3913 2461 3984 sopotamia
2529 3912 2590 3964 in
2667 3914 2989 3981 potestatem
3052 3908 3251 3981 pepuli

1928 4007 1980 4057 et
2006 4019 2074 4058 ea:
2144 4002 2362 4056 romani
2388 3999 2639 4055 redactae.
2672 3999 2904 4055 Nummi
2934 4004 3024 4055 vet
3051 4005 3108 4055 et
3131 4000 3239 4057 Dio

1900 4091 2093 4146 diebus
2151 4089 2235 4147 lib
2276 4087 2366 4159 68,
2396 4090 2481 4145 Jo.
2514 4087 2719 4144 Malala
2748 4087 2981 4145 exhibet
3009 4088 3081 4144 ab
3134 4089 3228 4145 his

1897 4185 1992 4237 est
2027 4180 2110 4236 οι.
2139 4180 2368 4237 diversa
2417 4179 2653 4235 nomina
2679 4190 2878 4249 regum
2926 4177 3241 4232 Armenio-

1949 4267 2058 4328 223
2143 4284 2271 4326 rum
2297 4275 2353 4326 et
2376 4269 2739 4337 Parthorum,
2770 4279 2871 4322 seu
2909 4267 3232 4335 Persarum,

1990 4375 2009 4414 ι
2146 4373 2275 4416 cum
2298 4358 2514 4430 quibus
2536 4358 2656 4414 haec
2670 4356 2819 4412 bella
2841 4354 3022 4427 gessit
3038 4353 3244 4424 Traja-

2144 4462 2272 4505 nus:
2299 4449 2398 4519 qui
2417 4447 2730 4504 Antiochia
2770 4444 3063 4518 proiectus
3079 4444 3233 4501 intra

2142 4536 2445 4595 biennium
2493 4538 2784 4594 Samosata
2845 4542 2902 4592 et
2952 4535 3231 4606 Comage-

2141 4640 2268 4683 nem
2299 4627 2623 4697 occupavit,
2655 4631 2712 4682 et
2737 4625 2968 4696 imperii
3004 4624 3227 4682 romani

2138 4715 2280 4773 ﬁnes
2309 4717 2557 4788 protulit
2581 4718 2641 4773 in
2668 4716 3152 4788 Mesopotamiam.

1983 4822 2003 4862 1
2210 4807 2522 4864 Alexandri
2624 4808 2720 4876 Pp.
2768 4804 2803 4860 6
2870 4811 2927 4862 et
2965 4800 3002 4861 7
3315 4798 3417 4857 444

1960 4911 2004 4951 II

2201 4897 2440 4968 Assyria
2456 4899 2517 4951 in
2541 4900 2717 4967 potest
2756 4895 2817 4950 P.
2858 4896 2923 4952 R.
2973 4894 3216 4949 redacta.

2129 4986 2363 5042 Nummi
2412 4990 2647 5043 veteres.
2691 4983 2972 5053 Trajanus
3002 4982 3062 5036 in
3105 4981 3222 5038 Ar-

2130 5074 2377 5130 meniam
2400 5087 2650 5142 movens,
2673 5073 2852 5141 eiecto
2873 5069 3213 5126 Parthama—

2126 5177 2276 5228 sare,
2326 5162 2580 5217 eamdem
2626 5172 2919 5217 romanam
2964 5159 3211 5215 Provin-

2125 5252 2274 5308 ciam
2355 5250 2513 5307 iacit.
2601 5251 2662 5304 In
2745 5248 3211 5318 Mesopotamiam

2127 5341 2446 5412 ingressus,
2504 5338 2784 5410 spendide
2858 5345 3132 5408 exceptus
3178 5352 3212 5395 a

2125 5444 2256 5503 rege
2282 5430 2530 5503 Abgaro,
2553 5442 2791 5501 regnum
2813 5427 2998 5484 eidem
3016 5434 3204 5485 ratum

2124 5520 2313 5576 habet.
2364 5519 2581 5575 Deinde
2644 5523 2968 5589 expugnata
3014 5520 3228 5594 Nisibi,

2114 5614 2173 5666 et
2200 5609 2398 5667 Batnis
2425 5609 2576 5664 inter
2615 5606 2835 5679 Tigrim
2863 5613 2921 5663 et
2942 5610 3215 5680 Euphra-

2119 5705 2231 5756 tem
2267 5698 2533 5770 urbibus,
2565 5712 2710 5770 quas
2741 5711 2838 5754 rex
2864 5699 3207 5759 Parthorum
