3960 6452
187 394 293 453 504
1192 394 1536 455 CHRONOL.
1591 398 1751 457 eous

2068 401 2227 458 (ΗΕΒ.
2290 401 2458 458 ROM.
2511 401 2656 457 ETC.
3370 396 3375 397 γ
3512 398 3620 460 502

259 508 418 589 Ληιιί
444 579 456 589 _
486 508 877 589 Imperatores.
899 509 1151 589 Con_su_les
1192 514 1554 570 Romanorum
1612 515 1779 589 Anni
1878 512 1933 572 A
2029 517 2192 589 Auni
2261 520 2714 589 Christianorwn,
2756 522 3073 576 Judmorum
3113 524 3163 573 et
3209 519 3327 588 ﬁni-
3391 517 3548 571 Anni

216 582 339 662 Per.
364 579 456 662 Jul
662 595 748 634 res
765 585 949 647 gestae,
973 587 1022 636 et
1048 582 1396 638 documenta.
1640 588 1701 641 U.
1741 587 1797 641 Ο.
2009 588 2201 660 Olymp
2347 595 2601 645 timorum
2643 579 2992 661 populorum,
3021 579 3324 660 Pontifices,
3400 592 3543 645 Erae

210 656 265 705 et
270 650 450 733 [eg/eli.
1606 663 1733 733 ante
1761 676 1774 711 ε

2075 650 2095 658 ⁷
2160 650 2180 660 ’
2360 665 2548 731 Reges,
2589 650 2674 718 res
2707 650 2868 733 basta
2908 650 3336 719 et'docu‘m'enta'.
3371 662 3592 720 Christi.

262 718 404 796 €033
1541 734 1667 799 post
1686 729 1854 783 Palil.

554 846 733 903 Obser
785 848 957 905 Satur
1010 850 1070 906 ίη
1138 848 1162 904 4
1239 848 1325 908 43,
1385 852 1570 910 Librae
2250 822 2646 894 Pontiﬁcatus,
2694 824 2807 895 ipsi
2856 824 3231 896 assignantur
3273 822 3335 878 in

482 949 516 991 a
557 935 862 993 Ptolemaeo
898 939 1125 1011 signata
1145 952 1296 997 anno
1337 955 1418 997 xx.
1450 944 1573 998 Ha-

2251 913 2559 986 Catalogis,
2619 917 2676 970 et
2728 913 2910 970 codic.
2963 913 3105 969 Vide
3162 916 3328 971 notas

482 1024 677 1081 driani
718 1026 814 1081 die
869 1022 923 1081 7.
955 1000 1202 1084 vPachon
1258 1026 1384 1085 874.
1445 1032 1570 1086 Na-
1973 1035 1977 1038 ’

914 1000 1202 1084 ,νΡειοΙιοιι
1258 1026 1384 1085 874.
1445 1032 1570 1086 Na-
1973 1035 1977 1038 ’
2254 1017 2363 1075 pag
2391 1000 2478 1059 96·

479 1114 594 1171 bon
640 1115 855 1173 incidit
903 1117 962 1174 in
1020 1116 1091 1175 26
1144 1119 1340 1176 Martii
1374 1119 1567 1177 Calvis
1646 1146 1653 1151 -
2322 1094 2666 1150 Hadrianus
2688 1094 2748 1149 in
2774 1092 3068 1149 Orientem
3099 1104 3335 1149 rursum

2252 1184 2623 1254 proﬁciscens
2647 1183 2892 1240 Athenis
2918 1182 3040 1240 Jovi
3071 1181 3337 1253 Olympio

2254 1273 2452 1343 aedem,
2479 1273 2714 1344 sibique
2758 1286 2918 1329 aram
2943 1271 3189 1329 collocat
3212 1272 3339 1326 Me-

2252 1362 2389 1418 diob
2419 1376 2487 1419 ex
2508 1376 2646 1419 num
2687 1367 2745 1418 et
2771 1362 2908 1417 hist.

263 1449 399 1508 4844
551 1456 672 1524 Imp
700 1455 1026 1512 Hadrianus
1080 1460 1151 1512 tr.
1190 1472 1244 1527 p.
1280 1455 1339 1512 44
1386 1461 1445 1514 et
1475 1456 1562 1514 42.
1653 1456 1760 1516 880

2072 1468 2136 1506 ιιι
2330 1452 2663 1522 Telesphori
2700 1449 2722 1506 4
2746 1457 2802 1507 et
2829 1448 2887 1507 2.
3418 1447 3521 1506 428

230 1538 325 1611 25,
362 1540 428 1598 45
657 1545 715 1600 L.
768 1546 992 1601 Nonius
1062 1546 1349 1617 ASprenas
1408 1549 1556 1605 Tor—
1652 1546 1751 1605 884
2081 1555 2138 1597 ιν
2332 1542 2661 1599 Hadrianus
2696 1541 2756 1596 in
2774 1540 2912 1597 Asia
2938 1552 3098 1612 reges
3122 1540 3192 1597 ad
3215 1540 3353 1596 ami—
3405 1541 3547 1595 Biss.

262 1632 313 1684 E
346 1635 394 1687 D
476 1632 616 1689 Coss
725 1638 1009 1704 quartus‘
1038 1652 1105 1689 ιι.
2251 1631 2448 1686 citiam
2496 1631 2724 1701 invitat,
2760 1630 3025 1701 interque
3061 1629 3167 1685 hos
3194 1628 3339 1685 Cos-

657 1725 729 1778 M.
763 1724 990 1780 Annius
1018 1724 1161 1781 Libo
2256 1722 2452 1777 rhoem
2501 1720 2861 1791 Parthorum,
2894 1720 3134 1777 remissa
3166 1720 3334 1791 Filia,

550 1814 571 1835 "
598 1810 810 1869 Gruter
839 1828 894 1884 p.
921 1811 1027 1870 337
1066 1823 1121 1871 et
1149 1816 1219 1910 in.
1247 1819 1339 1910 vet
1365 1816 1566 1890 ﬁglina
1882 1846 1939 1910 B
2254 1824 2425 1910 quam
2474 1811 2756 1910 Trajanus
2805 1815 3050 1881 ceperat.
3108 1808 3337 1866 Mediob

478 1902 628 1972 apud
697 1902 929 1960 Fabrett
993 1906 1155 1960 Inscr
1203 1901 1312 1961 540
1381 1913 1439 1962 et
1501 1906 1563 1963 in
1883 1901 1937 1910 ’⁷
2252 1901 2312 1958 in
2341 1915 2480 1957 num
2506 1901 2575 1957 ad
2613 1901 2673 1957 b.
2713 1914 2766 1958 a.

481 1995 679 2047 nostro
701 1994 935 2048 Musaeo.
953 1992 1320 2063 Capitolinus
1338 2009 1569 2066 quoque
2322 1991 2622 2061 Nicopolis
2646 1994 2703 2046 et
2728 1991 2980 2048 Caesarea
3010 1993 3339 2048 terraemotu

482 2081 544 2136 in
575 2082 766 2136 Marco
791 2081 1085 2137 Antonino
1115 2096 1220 2151 cap
1242 2080 1291 2137 4.
2250 2082 2650 2140 conciderunt.
2691 2080 2897 2138 Euseb.

553 2170 882 2227 Hadrianus
912 2172 1100 2227 Patris
1145 2172 1348 2228 Patrias
1369 2173 1574 2244 appel-
2321 2171 2536 2243 Aquila
2560 2172 2836 2229 Ponticus
2870 2185 3094 2243 genere,
3135 2183 3341 2241 prose-

486 2258 760 2316 lationem
805 2260 1083 2315 admittit.
1130 2260 1315 2318 Euseb
1354 2266 1410 2318 et
1464 2262 1573 2319 Sa-
1892 2274 1905 2283 ‘
2254 2262 2431 2334 lytus,
2471 2268 2530 2319 et
2579 2276 2650 2319 ex
2703 2263 3037 2320 Christiano
3078 2262 3332 2329 Iudaeus,

484 2346 623 2404 bina
652 2347 913 2419 Augusta
944 2348 1183 2406 dicitur.
1240 2351 1466 2409 Mediob
1495 2352 1564 2409 ad
2248 2353 2446 2409 Graece
2512 2355 2837 2425 scripturas
2896 2356 3336 2424 interpretatur.

490 2438 543 2493 h.
580 2452 634 2492 a.
1725 2456 1736 2467 ο
2248 2443 2509 2499 Petavad
2562 2443 2619 2497 h.
2661 2458 2712 2501 a.
2747 2457 2818 2500 ex
2869 2433 3196 2514 Epiphanio
3264 2444 3336 2500 de

2249 2547 2409 2588 mens
2443 2539 2501 2587 et
2528 2533 2699 2602 pond.

251 2610 404 2672 4842
548 2616 671 2685 Imp
713 2615 1041 2672 Hadrianus
1070 2619 1141 2671 tr.
1194 2631 1247 2687 p.
1278 2615 1347 2673 42
1382 2622 1441 2675 et
1466 2616 1554 2675 43.
1641 2619 1743 2678 884

2019 2622 2062 2678 0
2084 2620 2193 2680 228
2334 2622 2666 2692 Telesphori
2692 2620 2730 2678 2
2752 2626 2809 2677 et
2835 2620 2888 2678 3.
3425 2619 3528 2679 429

226 2701 434 2802 26%“;
472 2739 612 2802 Coss
688 2704 1342 2802 ’.‘.’.‘.‘.§.‘.‘3.’.’.‘.‘.'b.9ﬁ-..-
1404 2778 1526 2802 υ--
1638 2708 1749 2770 882

2064 2727 2122 2769 1v
2321 2713 2646 2769 Hadrianus
2666 2712 2768 2768 hoc
2785 2726 2959 2783 anno,
2975 2725 3142 2783 quem
3155 2712 3332 2783 olym-

309 2775 351 2830 C
473 2775 612 2802 υυδδ
688 2776 747 2829 Ρ.
796 2776 1100 2832 Juventius
1147 2776 1346 2834 Celsus
1404 2778 1565 2837 Mar-

2014 2808 2065 2858 et
2101 2818 2169 2857 ea:
2241 2802 2432 2873 piadis
2454 2798 2560 2856 227
2587 2801 2838 2871 primum
2862 2805 2920 2857 et
2943 2775 3069 2870 ej-us
3092 2775 3326 2872 imperii

761 2864 943 2921 cellus
968 2882 1031 2920 ιι.
2009 2892 2160 2947 diem

2009 2892 2200 2947 diebus
2242 2864 2312 2947 43
2360 2864 2644 2947 Eusebius
2688 2864 3230 2955 numeratJdicitur
3258 2905 3328 2948 ex

669 2968 798 3056 00:8
827 2954 908 3056 ide
946 2954 1099 3011 diem
1147 2970 1229 3012 ΧΠ
1277 2956 1379 3013 Kal
1413 2961 1559 3017 Ma”
1989 2983 2191 3036 aestivis
2232 2978 2368 3036 Asia
2407 2982 2467 3036 in
2509 2981 2810 3052 Egyptum
2841 2978 3152 3051 profectus.
3183 2981 3328 3037 Vide

473 3044 694 3100 dicitur
738 3044 1203 3129 Hadrianus/“ra.
1264 3060 1381 3102 por.
1446 3062 1550 3104 xu.
2008 3070 2037 3125 ε

2008 3070 2051 3125 0
2086 3067 2194 3126 229
2238 3071 2298 3126 C.
2327 3071 2497 3125 Noris
2526 3044 2739 3140 Epoch.
2762 3044 3095 3140 Syromaced
3124 3085 3179 3141 p.
3199 3067 3323 3126 498.

482 3133 691 3230 βθδηξίξ
734 3132 795 3187 in
848 3146 1001 3188 “mea
1032 3133 1241 3193 tabella
1294 3149 1366 3206 ap
1397 3137 1557 3193 Gn“
1872 3195 1921 3230 ρ.
2085 3175 2105 3213 ι
2309 3159 2529 3230 Syriam
2574 3129 2636 3214 'a
2709 3129 2980 3217 Phinnice
3060 3129 3328 3230 separare

474 3226 560 3277 ter
586 3218 712 3278 573.
1332 3195 1349 3206 ’
1665 3258 1671 3264 -
1872 3195 1922 3260 ο
2085 3195 2105 3213 ³
2239 3195 3325 3306 ωιῖιέξἭέιειιῖἶειηῖἴῖιῗἏηῗῖοέῖὲιὶἷ

541 3310 684 3366 Vide
726 3309 897 3366 Noris
952 3311 1051 3382 Ep.
1110 3312 1215 3383 Syr
1268 3328 1323 3385 p.
1367 3312 1475 3372 498
1502 3320 1559 3372 et

2203 3338 2355 3395 sium
2409 3337 2626 3395 odium.
2694 3338 2922 3397 Mediob
2996 3337 3066 3395 ad
3128 3338 3184 3395 h.
3267 3350 3321 3395 a.

470 3398 987 3470 Fabrettlnscript
1035 3415 1085 3472 p.
1139 3399 1265 3458 506.
1310 3407 1557 3462 Juventio
2025 3451 2029 3455 .

470 3504 514 3544 ιι
559 3492 611 3543 et
639 3490 896 3544 Marcello
942 3506 1004 3544 ιι.
1046 3490 1178 3547 Alia
1208 3491 1406 3564 ﬁglina
1458 3509 1550 3567 ap.

468 3579 701 3724 Fagrett
745 3578 854 3636 508
924 3584 982 3636 et
1025 3580 1086 3637 in
1135 3583 1262 3639 Mus
1327 3582 1550 3642 Albano

471 3668 545 3724 ha
586 3673 663 3724 et.

471 3668 663 3740 habet,

467 3759 543 3813 Η.
596 3759 847 3830 Pompeio
894 3759 1145 3814 Macrino
1191 3760 1250 3815 P.
1306 3763 1556 3819 Juveniio

470 3849 621 3905 Celso
644 3864 749 3903 cos.

242 3938 394 3997 4843
543 3940 682 4008 Imp.
715 3937 1045 3995 Hadrianus
1079 3941 1150 3994 tr.
1189 3953 1243 4010 p.
1288 3935 1355 3995 43
1379 3943 1436 3997 et
1465 3939 1550 3999 44.
1641 3943 1749 4002 882

2083 3944 2102 3982 ι
2309 3923 2641 3995 Telesphori
2668 3922 2703 3981 3
2726 3929 2783 3982 et
2803 3922 2851 3982 4.
3417 3925 3519 3986 430

210 4027 414 4121 Ξιζὶη
466 4066 609 4121 COSS
776 4028 987 4121 fiamus
1005 4028 1336 4121 Catullinus
1645 4033 1752 4092 883
2068 4034 2111 4073 ιι
2303 4014 2638 4121 Hadrianus
2654 4014 3320 4121 Hierosolymisinstau-

288 4079 406 4156 ιτ·
466 4079 609 4122 coss
684 4079 1334 4171 n.r'iaia;s';iya;-"'"
2237 4106 2380 4161 ratis
2404 4103 2564 4159 eum
2600 4079 2940 4174 Capitolinae
2966 4119 3170 4163 nomen
3204 4108 3321 4163 im-

540 4191 770 4247 Gruter.
833 4189 954 4261 408,
1018 4192 1071 4264 6,
1152 4192 1399 4250 Fabrett.
1454 4196 1556 4251 In-
2238 4196 2453 4268 posuit,
2513 4206 2694 4266 eoque
2737 4192 3021 4249 coloniam
3051 4195 3317 4252 deduxit.

466 4283 697 4353 script..
748 4298 816 4340 ex
848 4283 1047 4356 ﬂglina
1079 4298 1203 4357 pag.
1231 4282 1357 4352 503,
1400 4286 1557 4341 Pan-
2233 4285 2415 4343 Judaei
2451 4297 2597 4355 aegre
2649 4282 2895 4339 ferentes
2942 4282 3187 4355 gentiles
3216 4296 3318 4341 sua

468 4373 591 4429 vin.
624 4373 682 4428 in
709 4373 858 4429 Fast.
2242 4377 2301 4433 in
2336 4376 2476 4433 urbe
2502 4374 2795 4444 collocari,
2820 4372 3043 4429 occulte
3069 4374 3320 4444 primum

541 4463 819 4520 Hadriani
854 4463 1266 4535 profectionem
1306 4466 1366 4523 in
1396 4467 1555 4540 Egy-
1865 4522 1918 4540 ﬂ
2240 4465 2586 4524 tumultuari
2609 4468 2925 4537 coeperunt.
2956 4465 3121 4520 Petav
3146 4464 3217 4521 ad
3252 4464 3310 4521 h.

469 4558 633 4624 ptum
696 4567 795 4624 per
854 4522 1147 4610 .Graaciam
1206 4560 1262 4612 et
1330 4522 1548 4629 Asiani,
1865 4522 1921 4585 D
2236 4522 2724 4627 a.e)r8partiano‘.
2754 4554 2906 4611 Idem
2932 4554 3320 4626 imperatorin

466 4644 520 4712 ej
532 4656 713 4713 usque
729 4643 1139 4699 admissionem
1161 4645 1229 4700 ad
1254 4644 1554 4703 Eleusinia
2234 4646 2502 4703 Arabiam
2522 4645 2812 4718 profectus
2832 4644 3125 4702 Pelusium
3138 4644 3320 4715 venit,

469 4745 635 4789 sacra
659 4728 830 4804 [anno
850 4729 904 4801 2,
943 4732 1302 4804 Olympiadis
1340 4736 1555 4792 ineun—
2240 4736 2439 4808 ibique
2486 4735 2742 4807 Pompeii
2789 4734 3159 4808 sepulchrum
3194 4747 3322 4791 ma-

470 4827 529 4877 te
570 4835 638 4877 ex
688 4822 995 4879 Plutarcho
1036 4823 1187 4879 sileri
1259 4823 1554 4901 consueta]
2239 4827 2615 4898 gniﬁcentius
2639 4827 2917 4885 extruxit.
2944 4824 3115 4883 lbiex
3134 4825 3317 4883 Dione

471 4909 649 4969 refert
694 4912 763 4968 ad
800 4912 953 4968 hunc
983 4926 1197 4970 annum
1227 4915 1549 4972 Calvisius:
2242 4916 2325 4972 lib
2350 4914 2440 4971 69.

470 5002 575 5073 qui
617 5004 789 5058 etiam
844 5001 1299 5061 observationem
1353 5006 1557 5062 Martis

471 5093 533 5149 in
587 5089 678 5156 24,
715 5092 1090 5149 Geminorum
1134 5094 1559 5150 consentienti-

470 5183 585 5240 bus
632 5182 747 5239 tab.
820 5181 1052 5239 Astron.
1114 5184 1211 5240 die
1270 5180 1361 5253 26,
1416 5183 1556 5254 Tybi

469 5270 638 5348 {Ptol.
687 5273 774 5330 lib
804 5287 861 5344 x,
912 5288 1019 5344 cap
1064 5270 1120 5347 7]
1179 5272 1235 5328 h.
1282 5286 1332 5329 a.
1387 5272 1559 5331 refert

465 5365 540 5421 ad
575 5360 644 5419 45
680 5361 1027 5420 Decembris.

242 5450 392 5511 4844
544 5455 666 5523 Imp
708 5454 1037 5511 Hadrianus
1087 5456 1142 5508 tr
1180 5466 1227 5522 'p
1260 5447 1328 5506 44
1370 5456 1427 5509 et
1472 5450 1560 5510 45.
1647 5452 1757 5512 883

2078 5471 2121 5510 ιι
2318 5446 2653 5521 Telesphori
2677 5440 2710 5499 4
2733 5448 2789 5499 et
2816 5443 2870 5502 5-
3426 5447 3521 5507 434

215 5542 312 5607 28,
353 5541 422 5598 48
652 5543 759 5598 Sex
811 5541 1085 5599 Octavius
1148 5544 1342 5598 Laenas
1405 5543 1559 5599 Pon—
1644 5541 1751 5600 884
2067 5557 2128 5599 ιιι
2313 5541 2636 5596 Adventum
2712 5534 2989 5591 Hadriani
3043 5534 3103 5590 in
3155 5534 3334 5610 Egy-

293 5634 346 5688 A
472 5632 615 5689 Coss
1256 5632 1476 5702 [tianus
2242 5635 2425 5701 ptum,
2481 5622 2902 5681 demersionem
2956 5624 3219 5695 Antinoi,
3275 5635 3332 5684 et

672 5726 746 5779 Μ’
772 5722 1063 5781 Antonius
1091 5722 1336 5782 Ruﬁnus
2243 5719 2640 5777 fundationem
2665 5713 2957 5772 Antinoia:
2985 5714 3150 5771 urbis
3170 5717 3241 5773 de
3264 5718 3331 5776 il-
