3960 6398
184 352 293 411 505
1172 355 1260 411 CH
1268 355 1495 414 RONOL
1563 356 1748 413 CONSl

2061 364 2194 421 IE5.
2246 366 2414 423 ROM.
2469 368 2613 428 ETC.
3518 375 3625 434 506

259 494 429 585 An'ni'
488 497 864 585 Imperatores,
900 496 1156 585 Consules
1190 500 1575 585 Romanorum,
1627 501 1797 585 ’,ρηρί
1880 481 1944 543 Α
2023 505 2200 585 “Ann:
2258 507 2687 585 Chritianorum,
2761 513 3075 570 Judmorum
3122 520 3173 570 et
3219 517 3340 585 ﬁni-
3412 515 3573 570 Anni

632 582 717 621 res
736 572 918 634 gestae.
947 572 998 621 et
1033 568 1374 623 documenta.
1627 570 1755 656 U.‘C
1806 648 1817 656 ⁸
2015 574 2224 648 Olymp.
2330 583 2583 656 {imorum
2634 566 2999 654 populorum,
3022 566 3324 656 Pontiﬁces,
3394 566 3539 641 ira;

181 638 441 727 etfgyiclz’.
1612 646 1750 727 ante
1768 648 1856 727 εξ..
2079 638 2101 646 ⁷
2163 638 2185 648 ’
2322 653 2508 723 Reges,
2551 638 2651 707 res‘
2681 638 2845 722 destas
2886 662 2937 710 et
2972 638 3324 713 ’ἀδέὰῆιὲὧᾶ
3373 638 3578 714 Christi

244 705 384 779 ®E
1553 718 1685 782 post
1707 714 1856 769 Palil

488 830 544 886 h.
571 846 628 888 a.
659 834 852 905 signat
880 835 1120 905 Luperco
1145 838 1195 890 et
1221 836 1426 892 Attico.

2316 814 2732 873 Deﬁcientibus
2772 817 3064 887 omnibus,
3117 820 3217 889 qui
3258 833 3327 875 ex

555 922 615 978 [η
640 902 829 978 λείως
855 902 1163 994 ado'pmur
1191 923 1262 979 ab
1298 924 1564 981 Hadrano
2244 902 2690 994 circumcisione
2756 912 2939 975 erant,
3004 907 3344 978 Hierosoly—

478 1010 726 1067 Mediob.
971 992 985 994 ⁷
1964 1008 1967 1011 ·
2245 1005 2468 1048 morum
2501 992 2725 1063 primus
2750 1007 2782 1049 e
2808 994 3082 1065 gentibus
3101 996 3335 1066 episco—

2244 1093 2353 1150 pus
2374 1079 2489 1136 fuit
2509 1082 2751 1138 Marens.
2777 1083 2963 1140 Euseb
2981 1083 3171 1141 Chron
3193 1089 3251 1140 et
3270 1082 3321 1152 4,

2285 1168 2414 1224 Hist
2438 1182 2487 1224 c.
2511 1167 2564 1239 6,
2596 1171 2881 1227 Petavius.

257 1242 403 1301 4849
473 1248 596 1315 Imp
650 1245 982 1302 Hadrianus
1042 1251 1116 1301 tr.
1175 1260 1229 1317 p.
1316 1243 1401 1313 49,
1448 1245 1538 1305 20.
1631 1247 1740 1305 888
2067 1272 2135 1311 ιιι
2310 1256 2784 1328 Telesphori9et
2811 1257 2893 1316 40.
3452 1261 3556 1320 436

249 1330 366 1402 5,4
589 1335 649 1389 L.
792 1334 1063 1403 Cejonius
1215 1333 1560 1392 Commodus
1628 1335 1737 1394 889
2081 1357 2137 1397 IV
2314 1346 2728 1404 Pharasmanes
2844 1349 3136 1408 Iberorum
3227 1367 3324 1409 rex
3422 1355 3545 1407 Biss

240 1421 291 1475 B
316 1422 368 1476 A
512 1458 650 1515 COSS
691 1421 872 1478 Verus
1215 1495 1227 1507 O
1277 1495 1288 1508 .
2242 1433 2456 1491 Alanos
2495 1441 2695 1491 contra
2737 1437 3023 1496 Romanos
3043 1440 3317 1498 concivit.

690 1494 796 1550 Sex
831 1492 1144 1552 Vetulenus
1167 1494 1363 1552 Cmca
1386 1498 1562 1553 Pom-
2240 1524 2342 1553 em.
2391 1537 2485 1553 ηη,
2526 1524 2756 1553 ωας..-
2805 1529 3073 1553 ..._=-..-.-
3112 1530 3292 1553 μμ.--

2239 1524 2345 1580 Sed
2390 1537 2490 1580 eos
2525 1524 2759 1582 Flavius
2792 1529 3076 1585 Arrianus
3111 1530 3338 1602 Cappa-

2244 1614 2427 1672 docia:
2481 1614 2782 1686 praefectus
2841 1619 3137 1688 repressit.
3181 1621 3338 1676 Tan-

2245 1704 2373 1760 dem
2425 1705 2657 1759 Romam
2711 1706 3021 1763 adveniens
3087 1707 3338 1766 Pharas-

2246 1807 2444 1849 manes
2481 1799 2689 1850 auctus
2738 1801 2826 1852 est
2873 1795 3116 1869 imperio
3148 1793 3337 1873 [Petav

2250 1894 2288 1938 x
2340 1884 2543 1939 Dione.

2320 1972 2611 2028 Calvisius
2681 1987 2749 2029 ex
2806 1974 3110 2031 Ptolemaeo
3163 1976 3338 2033 refert

2245 2061 2449 2118 observ
2479 2061 2535 2117 h.
2565 2075 2619 2117 a.
2651 2061 2723 2117 ab
2773 2076 2839 2120 eo
2886 2063 3148 2120 habitas:
3182 2066 3341 2122 Ecli-

2247 2164 2412 2222 pseos
2461 2151 2709 2208 Lunaris
2760 2166 2860 2224 xx,
2911 2153 3066 2211 Hadr
3113 2169 3250 2211 num
3279 2153 3335 2227 5,

2258 2235 2347 2295 49.
2380 2239 2681 2298 Pharmuti
2709 2256 2810 2297 seu
2855 2240 2890 2297 6
2910 2244 3125 2310 Martii,
3153 2243 3259 2301 hor
3278 2242 3331 2300 4.

2246 2346 2301 2401 p.
2348 2329 2473 2385 med
2528 2344 2636 2387 noc
2682 2331 3061 2389 Alexandriae.
3093 2334 3253 2407 Digit
3282 2333 3335 2404 6,
3392 2408 3395 2413 ι

2248 2420 2459 2476 Saturn
2489 2421 2550 2475 in
2579 2417 2664 2490 44,
2710 2421 2915 2492 Capric
2957 2423 3053 2480 die
3083 2421 3172 2494 24,
3207 2426 3330 2479 Me—

2251 2508 2393 2577 sori,
2427 2522 2526 2565 seu
2557 2506 2595 2564 8
2637 2509 2801 2566 Julii.
2829 2511 2986 2566 Jovis
3014 2511 3074 2566 in
3120 2510 3175 2581 8,
3227 2512 3331 2567 Pi-

2246 2598 2429 2654 scium
2487 2597 2587 2653 die
2635 2595 2725 2667 34,
2776 2599 2907 2671 Aug
2950 2596 3036 2669 42,
3087 2600 3326 2671 Paophi.

2247 2688 2485 2743 Veneris
2564 2688 2623 2743 in
2680 2686 2767 2743 49.
2814 2689 3056 2759 Aquarii
3094 2691 3191 2747 dis
3236 2688 3328 2763 25,

2254 2776 2528 2833 Decembr
2554 2790 2657 2833 seu
2715 2775 2770 2849 9,
2804 2777 3024 2835 Mecbir

646 1584 892 1654 peianus

468 1673 684 1729 Panvin
716 1674 846 1730 Fast
891 1678 947 1729 et
985 1687 1051 1730 ex
1099 1672 1376 1745 Grut-99,
1425 1673 1463 1732 5
1501 1682 1559 1732 et

541 1803 556 1831 ,
600 1776 727 1833 quae
780 1776 934 1819 nunc
1004 1763 1063 1818 in
1128 1764 1436 1835 Capitolio,
1502 1774 1558 1821 et
1872 1809 1927 1870 B

467 1848 595 1907 874.
621 1850 675 1907 5.

580 1870 675 1921 ’θ’

247 2898 399 2957 4850
553 2902 675 2971 Imp
730 2901 1058 2957 Hadrianus
1104 2906 1175 2957 tr.
1212 2917 1262 2972 p.
1296 2900 1367 2959 20
1391 2908 1448 2960 et
1470 2901 1561 2959 24.
1650 2902 1758 2960 889

2034 2898 2198 2957 0228
2240 2927 2246 2933 ~
2309 2900 2640 2972 Telesphori
2673 2898 2741 2957 40
2777 2908 2834 2958 et
2864 2899 2947 2958 44.
3434 2903 3536 2963 437

275 2987 395 3057 6,5
702 2991 757 3044 L.
814 2990 1003 3045 Elius
1028 2992 1211 3047 Verus
1252 2991 1441 3047 Ctesar
1496 3007 1557 3048 ιι.
1646 2992 1753 3050 890
2010 3004 2213 3046 αηηιιι
2324 2990 2393 3046 Hi
2417 2990 2687 3048 consules
2715 2992 3093 3065 assignantur
3114 2999 3344 3064 postre-

284 3076 336 3132 G
453 3078 593 3135 Coss
702 3079 762 3133 P.
789 3078 1001 3135 Caelius
1021 3078 1301 3136 Balbinus
1328 3080 1540 3137 Vibul-
1881 3134 1927 3156 η
2038 3085 2089 3135 et
2113 3097 2181 3136 ea:
2243 3081 2321 3137 ml
2368 3081 2717 3152 Telesphoro
2751 3082 2811 3138 in
2854 3082 3113 3156 cataIOgo
3163 3084 3339 3141 Libe-

638 3168 733 3225 lus
762 3169 901 3225 Pius
1879 3134 1929 3197 δ
2001 3170 2195 3224 diebus
2250 3170 2435 3240 riano,
2462 3171 2680 3242 quibus
2706 3184 2920 3229 annum
2954 3134 3344 3245 sigiiantibus,

525 3257 738 3314 Gruter
778 3256 870 3327 23,
913 3255 980 3313 42
1031 3264 1089 3314 et
1134 3255 1258 3330 445,
1307 3257 1395 3331 40,
1452 3261 1566 3317 Fa-
1989 3260 2210 3313 aestivus.
2244 3273 2578 3329 supremum
2610 3260 2704 3316 sui
2733 3260 3106 3331 pontiﬁcatus
3126 3262 3341 3319 Pascha

455 3346 624 3402 brett.
652 3348 902 3418 Inscript
929 3362 1036 3419 pag
1076 3346 1202 3418 543,
1245 3346 1449 3420 n.480,
1497 3363 1565 3406 ex
2007 3346 2181 3404 0229
2249 3349 2580 3406 celebravit.

454 3435 652 3509 ﬁglina
681 3450 833 3493 nunc
861 3438 920 3493 in
944 3441 1069 3493 Mus
1095 3438 1333 3494 Albano.
2118 3455 2137 3493 ι
2320 3440 2581 3512 Hyginus
2609 3439 2975 3496 ordinatione
3021 3440 3339 3513 episcopali

528 3526 776 3599 Phlegon
807 3527 1082 3583 Hadriani
1128 3526 1373 3583 libertus
1420 3542 1589 3598 opus
2251 3528 2575 3600 insignitur
2618 3527 2714 3583 die
2756 3529 3060 3586 Dominica
3111 3526 3184 3586 30
3233 3530 3341 3587 Se-

454 3630 625 3672 suum
653 3617 723 3672 de
746 3615 1188 3686 Olympiadibus
1228 3616 1298 3671 ad
1325 3616 1431 3673 hoc
1461 3631 1566 3672 us-
2252 3616 2551 3685 ptembris,
2588 3629 2657 3671 ex
2689 3630 2803 3687 qua
2827 3618 2897 3673 ad
2953 3619 3081 3686 ejus
3109 3623 3334 3689 marty—

455 3719 568 3777 que
604 3712 833 3776 tempus
864 3704 948 3759 lib
973 3718 1075 3759 vm
1104 3705 1558 3775 comprehendit.
2255 3704 2407 3759 rium
2443 3712 2823 3761 numerantur
2863 3706 3001 3761 anni
3032 3707 3342 3777 episcOpa-

454 3796 725 3854 petavius
751 3808 820 3850 εχ
844 3793 1039 3850 ευίαει,
2249 3798 2345 3849 tus
2415 3805 2493 3861 ιν,
2563 3806 2722 3849 mens
2783 3808 2869 3864 ιιι,
2914 3794 3042 3850 dies
3087 3808 3216 3865 vm,
3272 3810 3340 3852 ex

2250 3881 2503 3953 picturis
2529 3880 2584 3936 S.
2614 3881 2777 3938 Pauli
2812 3888 2868 3939 et
2891 3884 3194 3942 codicibus
3224 3886 3339 3957 ipsi

2248 3970 2608 4042 assignandi.
2642 3970 2785 4029 Vide
2826 3977 2992 4030 notas
3036 3990 3092 4046 p.
3129 3972 3252 4047 405,
3284 3982 3342 4034 et

2258 4061 2554 4133 Prolegom
2580 4059 2655 4116 fol
2681 4074 2767 4116 xc.

224 4187 367 4246 4854
524 4190 647 4260 Imp
671 4188 1002 4244 Hadrianus
1055 4191 1128 4244 tr.
1165 4194 1263 4258 pot
1308 4184 1399 4255 24,
1437 4201 1567 4244 mo—
1641 4184 1750 4245 890
2087 4204 2103 4246 ι
2322 4187 2707 4259 Telesphorus
2729 4189 3005 4259 martyrio
3027 4196 3342 4248 coronatur
3447 4189 3551 4249 438

236 4277 342 4349 7,6
432 4279 590 4335 ritur
626 4278 724 4334 die
776 4291 830 4333 vt
886 4278 1020 4334 Idus
1067 4277 1232 4333 Julii.
1286 4277 1556 4334 Succedit
1640 4275 1740 4333 894
2082 4296 2123 4339 ιι
2239 4276 2391 4336 die5
2420 4278 2679 4334 Januarii
2712 4291 2862 4334 anno
2892 4292 2973 4348 x1,
2997 4278 3089 4335 sui
3121 4280 3346 4349 pontiﬁ-

271 4370 321 4424 F
463 4380 779 4423 xnroumus
833 4380 959 4422 PIUS
1017 4365 1326 4437 adoptatus
1375 4381 1404 4419 v
1459 4366 1563 4423 Kal
1676 4392 1681 4393 ί
2248 4375 2413 4426 catus
2460 4368 2712 4425 nondum
2756 4366 3073 4438 completo;
3122 4366 3219 4423 sed
3269 4366 3341 4424 ab

459 4457 654 4513 Martii
691 4461 1035 4527 pmmortuo
1072 4457 1129 4511 L.
1160 4455 1309 4511 Elia
1349 4455 1568 4511 Caesare
1886 4510 1935 4529 ﬁ
2250 4459 2455 4517 ordine
2484 4457 2801 4529 episcOpali
2829 4462 3096 4529 suscepto
3137 4470 3248 4514 ann
3282 4471 3341 4514 χι

458 4510 742 4617 postridie
764 4510 888 4601 ﬁliai
915 4510 1176 4601 Januarii
1206 4544 1381 4615 hujus
1408 4510 1567 4601 anni.
1886 4510 1937 4572 D
2257 4562 2416 4605 mens
2439 4510 2804 4611 mfdiebrxx.

457 4637 595 4693 Vide
642 4634 989 4707 Mediobarb,
1046 4633 1125 4691 fol
1179 4632 1301 4706 489,
1350 4640 1408 4691 et
1450 4636 1572 4692 No—
2323 4637 2579 4710 Eligitur
2632 4652 2932 4694 successor
2979 4652 3220 4694 avemus
3245 4639 3346 4710 qui

458 4726 544 4782 ris
569 4725 641 4781 ab
663 4739 730 4782 eo
747 4726 911 4781 citat.
2249 4728 2445 4784 sedere
2471 4727 2648 4798 coepit
2696 4726 2794 4784 die
2843 4726 3147 4785 Dominica
3175 4724 3210 4783 6
3236 4728 3338 4783 Ja-

760 4815 1099 4872 Camerinus
1280 4885 1293 4888 Α
1384 4884 1409 4888 η
2252 4817 2467 4873 nuarii.
2497 4817 2639 4873 Vide
2661 4824 2825 4874 notas
2852 4829 2960 4888 pag
2978 4813 3072 4873 96.

460 4886 603 4944 C033
660 4888 951 4978 --οιὲξὲθν
1000 4887 1149 4944 GN“
1192 4884 1320 4959 256a
1379 4884 1416 4945 5
1456 4888 1570 4943 ἢν·
2329 4905 2638 4978 Catalogus
2698 4884 2909 4962 Felicis
2930 4884 3048 4971 Ἰν,
3121 4903 3342 4974 primos

730 4958 873 5015 bret.

456 5049 518 5105 In
576 5045 704 5118 508,
771 5063 906 5105 num
969 5046 1092 5117 432,
1142 5062 1213 5104 ex
1259 5048 1437 5104 veteri
1485 5047 1561 5103 ﬁ-

462 5139 644 5211 glina,
688 5153 815 5210 qua:
862 5139 1009 5195 etin
1058 5139 1268 5194 Musaeo
1293 5137 1427 5193 card
1466 5137 1568 5192 al-

461 5228 621 5284 bani.
651 5228 980 5284 Hadrianus
1022 5240 1078 5283 v1
1124 5228 1261 5282 Idus
1308 5226 1399 5282 Jul
1442 5241 1573 5283 mo-

456 5319 611 5373 ritur
678 5331 810 5374 cum
889 5318 1226 5387 imperasset
1291 5330 1404 5372 ann
1464 5330 1565 5380 xx,

457 5407 702 5463 mensib.
726 5420 806 5461 χι
844 5406 1209 5477 Spartianus.
1260 5406 1578 5476 Eutropius

458 5498 729 5553 mendose
777 5496 949 5553 habet
998 5508 1112 5551 ann
1190 5508 1289 5550 xxi
1341 5496 1573 5552 Nummi

474 5593 534 5643 et
568 5586 817 5655 inscript
837 5585 987 5641 nihil
1014 5585 1315 5654 attingunt
1338 5584 1409 5639 de
1432 5598 1584 5641 anno

463 5689 611 5732 χχιι.
637 5674 777 5731 Vide
795 5674 856 5730 C.
888 5674 1061 5732 Noris
1085 5676 1186 5745 Ep.
1219 5687 1359 5730 cons
1389 5688 1445 5745 p.
1474 5672 1565 5730 85.

2226 4994 2233 5001 '
2255 4994 2524 5051 consules
2542 4992 2748 5065 Hygini
2774 4992 3069 5063 pontificis
3083 4990 3344 5049 nominat

2254 5085 2522 5152 Magnum
2550 5090 2607 5138 et
2633 5081 3023 5148 Camerinum,
3053 5094 3167 5150 quo
3192 5093 3345 5137 anno

2260 5171 2509 5242 primum
2570 5168 2786 5225 Pascha
2857 5167 3170 5225 celebravit
3243 5171 3336 5226 sui

2260 5258 2648 5330 pontiﬁcatus.
2698 5258 2839 5314 Vide
2869 5257 3270 5329 Prolegomena
3295 5266 3353 5318 et

2252 5354 2415 5404 notas
2442 5348 2512 5403 ad
2540 5347 2781 5405 Felicem
2805 5346 2875 5402 IV
