3960 6392
353 351 458 416 507
1171 352 1266 408 AD
1292 350 1725 410 ANASTASIUM
1761 349 2282 410 PROLEGOMENA
2309 351 2482 409 EDIT.
2527 353 2941 410 ROM.-VATIC.

420 481 593 556 Anyti;
678 486 1058 554 Imperatores,
1083 483 1334 556 Consules
1361 485 1740 553 Romanorum,
1805 481 1968 556 Anni
2033 477 2094 540 A
2192 480 2348 556 Anni
2410 481 2865 552 Christianorum,
2945 485 3259 540 Iudaeorum
3310 491 3360 540 et
3387 489 3488 556 ﬁni
3548 488 3713 543 Anni

355 555 473 610 Per.
498 554 619 608 Jul.

427 887 574 947 4852
717 891 858 961 Imp.
880 889 1213 947 Antoninus
1236 890 1378 948 Pius
1399 890 1545 964 Aug.
1574 897 1648 948 tr.
1676 907 1735 964 p.
1821 889 1921 946 894

439 977 495 1050 8,
522 974 560 1034 7
671 975 694 1033 4
749 983 806 1034 et
846 975 901 1049 2,
933 990 1004 1032 ex
1039 977 1138 1033 die
1177 975 1270 1048 25,
1295 977 1459 1035 Febr.
1801 975 1914 1036 892

487 1068 534 1124 Β
678 1097 818 1156 Coss
859 1065 1332 1156 ῙωτΡέΗξἯῙΞΡΞ
1346 1067 1492 1156 Pius.
1513 1069 1640 1156 ἕψε
1665 1083 1724 1126 ¹¹²

859 1137 1192 1193 ...Bruttius
1217 1139 1492 1194 Praesens'
1521 1153 1582 1195 ιι.

714 1227 866 1297 Spon
909 1225 1128 1282 Miscell
1159 1239 1267 1298 pag
1302 1224 1430 1282 352.
1456 1229 1732 1286 Censorin

645 1316 716 1373 de
737 1317 834 1372 die
859 1317 966 1372 Nat
986 1329 1089 1386 cap
1109 1313 1200 1371 24.

715 1407 775 1460 In
799 1406 984 1462 locum
1017 1404 1297 1461 Antonini
1325 1405 1414 1462 Pii
1445 1405 1730 1462 abdican-

643 1494 720 1550 tis
745 1493 1021 1550 suffectus
1050 1493 1252 1550 consul
1273 1492 1338 1551 A.
1367 1495 1579 1550 Junius
1599 1496 1726 1550 Ru-

641 1583 792 1640 ﬁnus
829 1583 1055 1639 Fabrett
1077 1585 1240 1639 lncer
1271 1597 1378 1655 pag
1397 1579 1524 1639 726.

713 1671 1040 1742 Equinoct.
1067 1670 1323 1728 Autumn
1372 1685 1404 1727 a
1430 1671 1732 1728 Ptolemzeo

639 1760 1009 1816 observatum
1069 1773 1220 1816 anno
1258 1759 1553 1816 Nabonass
1595 1757 1724 1832 887,

644 1848 828 1920 Athyr
893 1846 949 1920 9,
995 1862 1097 1905 seu
1143 1849 1252 1920 Sep
1303 1845 1394 1916 26,
1449 1848 1503 1904 h.
1551 1845 1608 1919 7,
1662 1863 1714 1919 p.

638 1951 714 1995 ω.
744 1951 800 1994 ιι.
833 1941 938 1994 840.

425 2188 568 2248 4853
715 2193 855 2262 Imp.
882 2189 1214 2246 Antoninus
1239 2189 1379 2246 Pius
1415 2188 1542 2262 Aug
1571 2191 1642 2245 tr.
1679 2203 1737 2261 p.
1812 2185 1921 2244 892

459 2278 558 2350 9,8
638 2277 676 2336 2
694 2285 751 2336 et
767 2278 822 2337 3.
1821 2274 1930 2333 893

474 2371 582 2428 DC
679 2405 818 2462 Coss
855 2371 977 2462 ξιιμ
1003 2367 1734 2462 Δειιςδιιίιιέξέξίιίιξιλιι

857 2439 1172 2498 Μ.’ΛΕΙίιι8
1218 2439 1494 2495 Aurelius
1543 2439 1732 2495 Caesar

865 2526 986 2604 [qui
1026 2534 1083 2586 et
1125 2531 1306 2585 Verus
1339 2534 1480 2584 tunc
1501 2527 1743 2585 diceba-

869 2615 986 2693 tur]
1039 2617 1219 2674 Almel
1249 2618 1311 2672 in
1359 2617 1525 2672 Fasn.
1555 2615 1763 2685 Cuperi

867 2707 1030 2778 Epist
1075 2720 1132 2762 ιι.
1173 2719 1300 2772 νιιι,
1330 2705 1476 2760 male
1502 2703 1738 2760 exhibet

787 2819 793 2826 -
861 2809 1131 2853 numeros
1174 2793 1525 2852 Consulatus
1553 2795 1737 2848 into--

861 2885 989 2941 nini
1050 2885 1137 2940 Pii
1169 2897 1249 2938 vn
1298 2887 1358 2938 et
1383 2883 1455 2937 Μ.
1489 2882 1610 2938 Αιιι·
1670 2893 1730 2935 τι.

717 2975 933 3032 Panvin
975 2988 1043 3030 ex
1095 2973 1343 3042 inscript
1393 2985 1519 3042 quae
1551 2970 1611 3025 in
1637 2969 1734 3026 Pal

644 3064 993 3121 Farnesiano
1017 3062 1252 3130 visitur,
1284 3060 1382 3116 ubi
1408 3060 1738 3116 Antoninus

647 3153 870 3211 dicitur
897 3167 989 3208 TR.
1043 3163 1142 3206 POT
1191 3163 1275 3218 ιιι,
1308 3161 1406 3204 cos
1431 3161 1496 3203 ιιι
1527 3154 1584 3203 et
1607 3147 1730 3202 ibi-

647 3245 775 3300 dem
801 3242 862 3298 in
905 3241 1022 3297 alia
1052 3239 1320 3308 Inscript.
1357 3237 1553 3292 Graeca
1581 3235 1738 3294 edita

656 3345 756 3402 per
798 3333 1008 3387 Gruter
1033 3327 1157 3399 346,
1193 3325 1243 3383 4.
1271 3329 1409 3382 Item
1436 3325 1497 3382 in
1521 3326 1732 3382 Gruter
1797 3373 1804 3380 .

651 3418 774 3491 426,
805 3433 930 3492 quat
971 3423 1058 3475 est
1102 3415 1389 3488 Capitolio
1434 3433 1448 3470 :
1481 3417 1540 3470 et
1573 3431 1644 3476 ex
1667 3417 1748 3473 ii-

656 3511 817 3584 glina
858 3511 1055 3568 Musaei
1106 3510 1338 3568 Albani.

437 3617 584 3680 4854
658 3686 661 3694 ι
719 3619 861 3688 Imp.
915 3616 1242 3675 Antoninus
1270 3622 1418 3690 Aug.
1467 3616 1606 3675 Pius
1647 3620 1723 3674 tr.
1791 3614 1900 3676 893

441 3707 572 3781 40,9
655 3723 708 3780 p.
737 3705 791 3765 3.
815 3711 872 3764 et
891 3703 944 3762 4.
1795 3703 1904 3764 894

491 3802 535 3856 Β
671 3869 680 3870 ί
869 3798 943 3854 Μ.
994 3796 1304 3870 Peducaeus
1344 3796 1547 3870 Syloga
1593 3797 1732 3856 Pri-

653 3869 792 3927 Coss
937 3869 1136 3925 scinus

869 3940 980 3994 T...
1004 3941 1242 3997 Hcenius
1260 3941 1501 3998 Severus

731 4048 1016 4104 Gruterus
1064 4061 1132 4103 ex
1201 4047 1442 4119 antiqua
1497 4047 1746 4118 inscript

729 4226 1018 4284 Antonius
1043 4227 1181 4285 Pius
1205 4227 1300 4284 die
1340 4224 1426 4296 49,
1459 4225 1604 4281 Febr
1631 4223 1750 4280 trib

662 4322 791 4390 post
810 4315 863 4384 4,
887 4317 1136 4372 assumit
1161 4334 1174 4370 :
1194 4321 1252 4372 et
1275 4315 1445 4386 paulo
1465 4321 1592 4386 post
1611 4327 1758 4370 uxor

661 4407 788 4475 ejus
838 4405 1112 4460 Faustina
1143 4405 1410 4460 moritur.
1439 4403 1630 4459 Calvis
1670 4416 1742 4458 ex

667 4493 1028 4562 Capitolino:
1089 4494 1189 4562 qui
1222 4498 1410 4549 tamen
1434 4506 1586 4548 anno
1617 4493 1738 4563 imp

664 4581 836 4638 tertio
879 4581 1150 4636 amissam
1173 4582 1484 4636 Faustinan
1525 4579 1751 4636 scribit.

738 4670 1076 4728 Ptolemzeus
1131 4682 1282 4726 anno
1339 4666 1390 4724 4.
1451 4670 1753 4741 Antonini,

665 4762 960 4819 Nabonass
983 4758 1110 4829 888,
1140 4760 1237 4816 die
1271 4757 1353 4815 49.
1406 4760 1756 4818 Pbamenoth

665 4857 798 4910 ante
840 4851 984 4910 solis
1009 4856 1268 4907 exortum
1305 4850 1568 4906 observat
1604 4853 1758 4906 Mer-

666 4945 895 5001 curium
942 4943 1000 4996 in
1034 4955 1116 5012 gr.
1163 4939 1248 5010 43,
1282 4937 1371 5010 30,
1403 4940 1758 5012 Capricorni.

667 5034 956 5092 Calvisius
981 5033 1051 5089 ad
1077 5033 1230 5090 hunc
1246 5045 1458 5088 annum
1478 5031 1649 5088 refert
1665 5031 1759 5088 ob-

836 571 922 610 res
953 561 1132 626 gesta,
1165 559 1214 610 et
1235 555 1569 610 documenta.
1730 551 1735 553 ⁷
1804 551 1932 608 U.C.

357 629 406 680 et
432 625 590 692 (fg/cli.
1122 625 1126 626 “
1753 629 1878 678 ante
1893 627 1946 676 et

413 691 552 770 ®§
1695 700 1818 766 post
1842 693 2010 749 Pam.

2178 550 2386 624 Olymp.
2484 557 2738 628 timorum
2792 550 3142 626 populorum,
3184 550 3488 628 Pontiﬁces,
3569 563 3717 616 Erae

2476 627 2660 695 Reges,
2694 643 2777 681 res
2820 632 2982 694 gestae
3033 633 3083 682 et
3135 629 3473 685 documenta.
3522 631 3757 687 Christi.

2230 890 2270 932 ιι
2474 879 2682 950 Hygini
2717 877 2740 935 4
2773 884 2829 936 et
2855 878 2908 937 2.
3583 877 3691 936 439

2212 979 2276 1022 ιιι
2442 967 2560 1024 Sub
2591 968 2828 1026 initium
2877 968 3154 1026 Antonini
3230 969 3496 1026 Justinus

2363 1062 2624 1128 'martyr
2680 1059 2921 1128 primam
2978 1074 3079 1130 pro
3131 1058 3484 1115 Christianis

2406 1146 2727 1218 apologiam
2777 1148 2984 1219 edidit,
3021 1162 3148 1218 quae
3185 1147 3358 1220 vulgo
3396 1161 3494 1203 se-

2409 1235 2595 1290 cunda
2620 1237 2876 1306 ponitur.
2907 1238 3208 1292 Petavius:
3237 1237 3408 1306 cujus
3434 1242 3492 1294 et

2405 1323 2654 1381 Chronol
2692 1333 2749 1381 et
2775 1324 3166 1382 Animadvers.
3201 1325 3270 1380 ad
3304 1325 3490 1396 Epiph

2405 1419 2603 1470 contra
2657 1415 2836 1470 haeres
2882 1413 2968 1482 46,
3023 1429 3130 1487 pag
3175 1413 3266 1485 85,
3296 1416 3506 1471 viden-

2406 1502 2511 1558 das.
2545 1503 2759 1560 Ptolem
2791 1503 2874 1559 lib
2904 1503 2956 1561 9.
2995 1519 3100 1575 cap
3141 1503 3195 1572 9,
3231 1504 3506 1560 observa-

2408 1593 2495 1647 vit
2539 1592 2595 1647 h.
2627 1605 2680 1647 a.
2727 1593 3074 1650 Mercurium
3122 1593 3218 1648 die
3251 1589 3315 1648 47
3362 1593 3498 1649 Maii

2412 1681 2472 1737 in
2503 1698 2586 1755 gr.
2636 1679 2720 1750 47,
2749 1681 2838 1753 30,
2869 1683 3297 1751 Germinorum,
3329 1695 3497 1754 quem

2411 1785 2624 1828 annum
2654 1773 2803 1829 dicit
2847 1773 3163 1830 secundum
3193 1771 3494 1843 Antonini,

2407 1861 2602 1918 Nabon
2641 1859 2766 1932 886,
2799 1862 3010 1932 Epiphi
3058 1875 3218 1918 mens
3237 1863 3334 1917 die
3355 1859 3410 1930 2,
3445 1867 3502 1918 et

2409 1965 2466 2006 ιι.
2495 1951 2702 2008 diebus
2749 1959 2877 2022 post
2917 1952 3152 2007 Martem
3204 1951 3263 2006 in
3317 1949 3366 2021 4,
3409 1948 3498 2020 33,

2409 2041 2593 2114 Sagitt
2637 2046 2876 2098 consent
2925 2041 3018 2098 tab
3059 2041 3345 2098 Calvisius
3391 2044 3500 2096 etc.

2241 2181 2306 2224 ιιι
2477 2167 2685 2240 Hygini
2716 2165 2752 2224 2
2780 2173 2835 2225 et
2863 2165 2918 2224 3.
3581 2161 3686 2220 440

2257 2269 2314 2312 1v
2476 2257 2764 2313 Valentini
2815 2257 3218 2314 Haeresiarchze
3285 2256 3502 2312 adven-
3590 2255 3719 2309 Biss

2417 2351 2513 2403 tus
2558 2346 2791 2403 Romam
2828 2360 2977 2402 anno
3001 2344 3054 2415 3,
3100 2345 3378 2402 Antonini
3415 2345 3502 2400 Pii

2413 2436 2600 2492 Euseb
2686 2435 3124 2490 Observationes
3218 2434 3504 2490 Ptolemaei

2411 2537 2539 2578 cum
2567 2522 2682 2578 Tab
2723 2523 2930 2578 Astron
2979 2535 3011 2577 a
3051 2521 3300 2576 Calvisio
3342 2534 3508 2576 com—

2415 2619 2623 2682 parata:
2660 2617 2796 2667 sunt
2821 2611 2925 2667 hoc
2955 2623 3124 2680 anno,
3167 2609 3403 2666 Veneris
3443 2610 3505 2664 in

2417 2699 2503 2772 43,
2531 2699 2618 2771 45,
2672 2700 2890 2756 Arietis
2921 2696 2987 2754 48
3018 2699 3159 2754 Febr
3201 2704 3256 2754 et
3302 2697 3372 2754 3O
3400 2700 3509 2754 Ju—

2415 2791 2483 2847 lii
2541 2791 2601 2846 in
2642 2804 2727 2860 pr.
2785 2785 2872 2858 48,
2931 2786 3020 2857 30,
3089 2789 3495 2844 Geminorum:

2414 2880 2626 2952 Equin
2679 2890 2916 2934 vernum
2960 2874 3022 2931 24
3064 2877 3257 2932 Martii
3293 2878 3400 2932 hor
3453 2875 3504 2948 4,

2417 2983 2470 3040 p.
2503 2967 2682 3024 merid
2719 2963 2800 3040 [in
2829 2979 2942 3037 qua
2988 2979 3150 3022 error
3185 2961 3425 3040 aliquis]
3457 2971 3515 3022 et

2421 3059 2482 3115 in
2539 3057 2796 3114 solstitio
2836 3057 3034 3111 aestivo
3076 3053 3148 3110 25
3174 3055 3358 3125 Junii,
3407 3054 3507 3111 ubi

2417 3147 2634 3219 pariter
2699 3145 2967 3202 nonnihil
3023 3151 3277 3202 erratum
3346 3147 3512 3214 putat

2417 3235 2723 3293 Calvisius.

2155 3615 2370 3684 Olymp.
2480 3609 2689 3682 Hygini
2711 3606 2821 3666 3et
2849 3605 2904 3664 4.
3615 3604 3712 3663 444

2207 3700 2316 3760 229
2491 3699 2770 3758 Postremi
2801 3713 2950 3756 coss.
2999 3695 3372 3767 pontiﬁcatus
3393 3696 3516 3767 Hy—

2135 3810 2268 3851 ann.
2300 3806 2355 3848 IV
2381 3791 2505 3865 gini
2536 3805 2603 3848 ex
2652 3791 2880 3846 docum.
2929 3787 3125 3844 allatis
3174 3800 3301 3857 pag.
3383 3783 3506 3856 404,

2191 3889 2327 3938 etes:
2401 3879 2522 3949 405,
2559 3877 2661 3935 440
2707 3885 2763 3935 et
2807 3892 2986 3948 seqq.,
3043 3877 3104 3932 in
3157 3877 3313 3932 notis
3378 3889 3522 3946 quas

2195 3974 2386 4028 diebus
2424 3971 2587 4026 vide:
2637 3982 2767 4024 cum
2789 3967 3046 4038 Hyginus
3065 3979 3217 4022 anno
3256 3966 3515 4035 proximo

2198 4063 2397 4118 aestivis
2441 4061 2678 4115 ineunte
2726 4055 3002 4126 martyrio
3043 4055 3384 4111 afficiendus
3408 4053 3516 4109 sub

2179 4154 2390 4224 Olymp.
2423 4150 2518 4206 his
2564 4161 2709 4204 coss.
2743 4151 3090 4216 postremum
3127 4145 3340 4201 Pascha
3365 4143 3522 4200 cele-

2205 4241 2312 4300 230
2409 4236 2680 4295 braverit.
2734 4236 2972 4290 Lacuna:
3029 4233 3284 4305 Catalogi
3342 4233 3518 4289 Libe-

2288 4345 2306 4387 ι
2435 4328 2587 4385 riani
2615 4338 2906 4396 perperam
2944 4324 3223 4394 suppletae
3269 4323 3338 4380 ab
3374 4335 3524 4380 ama-

2433 4417 2754 4474 nuensibus
2799 4415 2878 4470 ita
2910 4414 3281 4470 restituendae
3309 4419 3372 4470 ut
3394 4425 3520 4482 pag.

2435 4507 2540 4566 442
2592 4510 2901 4564 Notarum:
2945 4503 3046 4560 ubi
3105 4509 3164 4560 et
3220 4503 3521 4560 consulum

2434 4597 2668 4657 nomina
2696 4597 2754 4653 in
2787 4593 3187 4666 Catalogorum
3215 4593 3442 4650 lacunis
3466 4591 3540 4648 ob

2437 4687 2778 4745 affinitatem
2813 4697 3013 4741 v0cum
3049 4689 3107 4740 et
3128 4683 3536 4756 cognominum

2436 4777 2676 4835 confusa
2717 4789 2786 4830 ex
2866 4773 3126 4844 lapidum
3172 4773 3538 4830 documentis

2449 4867 2859 4926 restituuntur.

2504 4956 2608 5012 Die
2651 4953 2877 5010 Paschae
2911 4951 2976 5009 40
3022 4952 3243 5023 Aprilis
3272 4953 3414 5010 Pius
3440 4965 3528 5008 or-

2430 5047 2670 5104 dinatur
2693 5043 2930 5100 futurus
2942 5043 3199 5099 vicarius
3212 5043 3442 5116 Hygini.
3461 5041 3525 5097 ν.

669 5126 1044 5182 servationem
1099 5127 1156 5178 et
1201 5122 1271 5179 ad
1321 5121 1473 5178 diem
1529 5119 1566 5178 2
1618 5121 1759 5178 Febr
2435 5139 2612 5192 Noras
2633 5129 2904 5206 pag.424.

671 5227 785 5286 quo
807 5227 998 5270 mense
1037 5218 1090 5268 tr
1120 5215 1218 5282 pot
1237 5208 1292 5282 4,
1319 5211 1490 5282 paulo
1511 5215 1638 5282 post
1665 5224 1768 5267 as-

666 5305 916 5374 sumpsit
968 5305 1316 5360 Antoninus.

463 5403 607 5463 4855
744 5410 864 5478 Imp
920 5409 1252 5466 Antoninus
1297 5410 1425 5482 Aug
1492 5410 1632 5466 Pius
1683 5411 1756 5464 tr.
1837 5405 1945 5463 894

2265 5405 2283 5446 ι
2507 5385 2716 5458 Hygini
2772 5381 2826 5440 4.
2857 5384 2945 5440 Pii
2991 5397 3150 5455 papie
3204 5383 3255 5440 4.
3632 5382 3741 5442 442

2511 5477 2771 5547 Hyginus
2862 5476 3203 5544 martyrium
3285 5473 3534 5543 complet

2441 5567 2594 5622 circa
2627 5565 2780 5620 diem
2826 5560 2864 5618 8
2888 5563 3187 5620 Januarii:
3220 5563 3536 5632 deponitur

2443 5655 2500 5710 in
2531 5658 2752 5710 cosmet.
2801 5652 3070 5708 Vaticano
3097 5651 3194 5707 die
3222 5665 3281 5707 ιιι
3309 5653 3534 5706 Janua-

459 5493 620 5565 44,40
674 5511 728 5566 p.
776 5495 828 5566 4,
878 5503 935 5554 et
979 5496 1034 5554 5.
1848 5494 1949 5552 895

2243 5493 2283 5535 ll

501 5583 552 5636 A
715 5619 848 5654 nn“
892 5588 952 5654 L,
981 5585 1233 5654 Cuspius
1285 5585 1550 5642 Ruﬁnus.

715 5619 852 5673 Coss
892 5619 952 5654 ³⁴τ
982 5619 1233 5667 υυδιΐηιδ
1288 5619 1550 5642 “"""“°'

893 5659 953 5727 L,
993 5657 1214 5710 Statius
1242 5657 1588 5724 Quadratus.
