3960 6410
279 350 392 410 509
1292 359 1633 418 CHRONOL.
1679 361 1962 421 CONSUL.
2013 366 2102 422 ET
2139 367 2299 426 CJES.
2345 371 2512 427 ROM.
2554 374 2700 428 ETC.
3606 384 3714 443 540

321 479 482 579 ξὶηηξ
518 483 936 579 ,Impcratores,
967 485 1229 579 Consules
1255 490 1640 579 Romanorum,
1713 491 1898 579 Aviani"
1968 489 2028 550 A
2091 494 2282 579 Λᾼηηί
2361 501 2826 579 Christz'anbrum,
2877 507 3195 579 Judzeorum
3239 513 3291 562 et
3335 511 3457 579 ﬁni—
3523 511 3679 566 Anni

288 550 415 653 Pfr.
440 552 550 653 Jul.
637 550 651 552 ί
744 572 829 611 res
871 550 1049 630 gestae,
1099 566 1149 615 et
1190 562 1533 617 documenta.
1623 550 1634 554 ’
2086 550 2298 640 Olymp.
2418 575 2670 653 timorum
2735 550 3438 653 populorum,_Pontiﬁ::es,
3508 587 3649 639 Αἰνῶ

295 623 528 768 ετῧὲ..
874 623 890 626 τ
1040 623 1049 630 ν
1686 639 1816 763 .71.;
1843 639 1918 760 cf?
2152 623 2257 640 σε
2423 623 2951 716 suggestis};
2975 623 3438 722 aestima?
3469 623 3689 712 crast.

1628 721 1726 768 190$
1817 722 1851 760 ιι
1878 723 1896 759 ι
1923 747 1938 762 ο

1628 721 1750 776 post
1773 721 1938 763 Pam.

635 895 850 952 Panvin
902 910 971 952 ex
1000 897 1250 969 Inscript
1283 903 1341 957 et
1374 901 1658 958 Gruterus

565 978 723 1053 4082,
763 983 848 1040 48.

629 1071 789 1143 Agon
805 1074 1173 1144 Capitolinus
1198 1091 1294 1148 xv,
1322 1077 1647 1136 celebratus

560 1159 668 1216 hoc
715 1174 887 1232 anno,
949 1164 1175 1221 labente
1233 1166 1513 1223 Antonini
1561 1168 1649 1224 Pii

554 1249 672 1304 trib
701 1255 798 1320 pot
827 1267 877 1321 v,
909 1259 973 1308 ut
1004 1254 1060 1309 in
1098 1255 1213 1326 lap.
1245 1257 1511 1312 Panvinii
1534 1256 1645 1314 ob-

562 1344 749 1394 servat
781 1341 1086 1411 Lydiatus:
1137 1345 1236 1414 qui
1276 1350 1460 1400 tamen
1498 1345 1642 1401 male

563 1426 792 1498 colligit
818 1442 1001 1486 annos
1054 1437 1274 1488 tantum
1311 1430 1377 1489 48
1409 1434 1640 1504 imperii

551 1517 779 1586 Trajani
803 1533 933 1574 cum
961 1521 1232 1585 dimidio,
1259 1527 1317 1578 et
1339 1536 1518 1579 unum
1543 1536 1644 1592 par

549 1605 863 1664 Consulum
890 1622 920 1664 e
954 1608 1123 1666 fastis
1153 1612 1306 1668 circa
1341 1613 1458 1668 haec
1490 1617 1642 1668 tem—

554 1709 689 1764 pora
751 1698 1140 1756 eximendum.
1191 1701 1482 1758 Calvisius
1536 1715 1638 1758 sa-

549 1798 710 1841 crum
767 1794 1051 1845 certamen
1105 1790 1329 1846 Iselast.
1384 1791 1641 1847 Puteolis

551 1874 889 1933 institutum
922 1877 978 1932 h.
1008 1891 1060 1933 a.
1088 1878 1263 1936 refert
1284 1893 1354 1937 ex
1387 1881 1636 1952 mscript

555 1971 894 2022 numerante
913 1966 1193 2024 Antonini
1221 1973 1295 2024 tr.
1329 1984 1384 2039 p.
1417 1967 1468 2024 4.

627 2074 748 2142 Imp
798 2072 1130 2131 Antoninus
1175 2075 1304 2148 Aug
1358 2077 1498 2133 Pius
1552 2083 1625 2134 tr.

306 2155 399 2227 42,
438 2155 498 2213 44
558 2174 610 2229 p.
645 2158 755 2216 5et
783 2161 835 2217 6.

382 2248 429 2303 G
870 2253 927 2308 C.
977 2253 1253 2312 Bellicius
1281 2257 1626 2314 Torquatus.

547 2320 734 2378 'Coss
877 2325 942 2380 Ti
986 2344 999 2380 :
1051 2327 1330 2384 Claudius
1400 2320 1629 2386 Atticus

923 2397 1192 2454 Herodes.

616 2481 830 2539 Panvin
867 2484 926 2539 in
976 2487 1107 2541 Fast
1153 2493 1210 2543 et
1237 2489 1470 2560 Gruter,
1507 2487 1628 2561 472,

552 2566 619 2624 40
641 2575 697 2625 et
722 2568 828 2627 346
861 2577 883 2627 4
911 2577 966 2628 et
987 2571 1093 2629 943
1129 2571 1152 2629 4
1181 2581 1236 2631 et
1261 2577 1627 2635 Montfaucon

545 2659 684 2714 Diar
709 2661 872 2716 Italic
898 2676 1006 2735 pag
1023 2661 1131 2718 389
1151 2672 1206 2720 et
1227 2663 1352 2737 390,
1379 2668 1626 2740 corrigit

542 2749 706 2804 Grut.
751 2750 938 2820 Ilujus
965 2753 1206 2810 Herodis
1243 2755 1422 2811 Attici
1471 2757 1628 2813 Con-

535 2837 754 2894 sularis
776 2841 1042 2897 meminit
1066 2841 1292 2900 Gellius
1317 2844 1403 2900 lib
1428 2842 1477 2916 4,
1501 2844 1622 2902 ο.2.

534 2927 919 3000 Capitolinus,
962 2935 1018 2987 et
1071 2931 1382 3004 inscriptio
1415 2935 1474 2990 in
1503 2937 1630 2992 Mus

543 3015 684 3073 Card
705 3016 938 3076 Albani.

302 3633 445 3695 4857

289 3725 378 3798 43,
404 3724 474 3783 42

327 3817 449 3872 FE

593 3639 716 3710 Imp
770 3638 1102 3784 A7ntonlnus
1151 3639 1280 3715 Aug
1333 3641 1476 3701 Plus
1532 3647 1606 3702 tr.

613 3726 666 3784 6.
701 3733 759 3784 et
834 3767 851 3784 .

528 3742 581 3799 p.
613 3726 666 3784 6.
701 3733 759 3785 et
786 3726 851 3786 7.

537 3855 560 3876 '
610 3853 748 3908 Coss
822 3819 866 3908 Ε
892 3816 1435 3908 ἑᾚίὲηιὲἓὲγὲἕιῖξ·

653 3867 748 3910 οδε
820 3867 861 3944 ἁ
891 3867 1436 3948 agragianas:

603 3979 818 4036 Gruter
850 3979 1072 4048 inscrip
1098 3977 1222 4049 304,
1259 3995 1388 4050 quae
1417 3995 1618 4040 emen-

527 4067 722 4124 datior
737 4069 885 4138 apud
907 4066 1274 4125 Montfaucon
1296 4070 1428 4126 diar
1454 4071 1616 4129 Italic

528 4171 586 4228 p.
607 4154 714 4213 389
751 4166 808 4213 et
835 4155 960 4213 390.
992 4158 1236 4229 corrigit
1267 4159 1432 4216 Grut.

597 4246 928 4303 Antoninus
987 4247 1141 4302 circa
1213 4247 1320 4306 hoc
1396 4255 1621 4321 tempus

525 4336 835 4392 Britannos
899 4350 998 4406 per
1049 4336 1295 4394 Lollium
1339 4339 1612 4398 Urbicum

531 4425 783 4497 legatum
807 4426 1009 4497 vincit,
1040 4432 1094 4482 et
1123 4441 1286 4483 muro
1315 4430 1612 4500 cespititio

524 4515 645 4571 alio
661 4515 936 4572 barbaros
965 4521 1141 4572 arcet.
1170 4516 1361 4574 Calvis
1395 4533 1464 4574 ex
1499 4519 1612 4576 Ca-

528 4605 800 4676 pitolino.

310 4745 458 4805 4858
607 4749 729 4818 Imp
785 4747 1114 4806 Antoninus
1161 4750 1287 4822 Aug
1326 4751 1463 4809 Pius
1514 4757 1593 4809 tr.

282 4835 371 4905 44,
405 4836 476 4894 43
530 4853 585 4908 p.
606 4833 642 4892 7
666 4843 723 4893 et
741 4837 794 4894 8.

352 4933 404 4984 ι)
803 4931 944 5012 tmp-

519 5037 542 5059 .
595 5036 736 5093 COSS
810 5001 1049 5084 Piustv.
1343 5073 1355 5086 ο
1577 5001 1597 5004 ⁷

811 5075 885 5128 Μ.
929 5071 1128 5129 Aelius
1157 5073 1434 5130 Aurelius
1477 5073 1605 5131 Cae-

879 5158 1063 5200 Sélr’li.

1049 4928 1376 4987 Antoninus
1479 4931 1607 5004 Aug

592 5233 834 5306 Figlinae
881 5247 976 5304 ap.
1032 5231 1260 5289 Fabrett
1324 5248 1432 5307 pag
1470 5233 1598 5306 543,

518 5322 769 5394 inscript
796 5337 851 5380 n.
896 5320 1019 5393 483,
1049 5335 1176 5394 qua:
1205 5326 1262 5378 et
1303 5323 1363 5380 in
1393 5327 1605 5386 Musaeo

479 5412 724 5470 Albano.

589 5502 992 5561 Liberalitates
1039 5517 1101 5560 ιιι
1128 5506 1184 5559 et
1211 5517 1286 5558 IV.
1318 5505 1597 5564 Antonini

489 5593 600 5663 Pii,
624 5598 683 5649 et
708 5594 1003 5664 Templum
1046 5595 1110 5650 D.
1137 5593 1384 5666 Augusti
1415 5598 1592 5654 resti-

495 5687 688 5738 tutum
714 5696 779 5738 ex
845 5685 1099 5741 nummis
1124 5684 1191 5740 ad
1229 5685 1286 5742 h.
1315 5700 1366 5742 a.
1400 5688 1602 5745 retulit

1715 2075 1824 2134 895

1723 2165 1832 2223 896

1699 3644 1808 3704 896

1708 3733 1816 3794 897

1705 4753 1812 4813 897

1700 4843 1809 4900 898

2156 2086 2198 2129 II

2142 2176 2206 2221 III

2131 3641 2195 3686 III

2109 3733 2198 3776 IIII

2043 4738 2242 4800 0.230

2096 4863 2182 4906 IIII

2077 4944 2126 4993 et
2147 4955 2214 4992 ca:

2037 5028 2230 5082 diebus

2041 5119 2243 5170 aestivis

2039 5189 2253 5257 Olymp.

2090 5272 2189 5331 234

2129 5378 2145 5420 I

2337 894 2413 949 rii
2436 895 2592 952 sedis
2610 911 2730 953 suae
2747 912 2898 956 anno
2915 914 3023 970 1m,
3043 902 3267 974 expleto
3289 919 3420 962 cum

2331 982 2590 1041 diebusv
2618 1005 2630 1041 :
2660 987 2756 1043 sed
2784 987 2855 1044 ab
2887 991 3255 1049 ordinatione
3281 996 3414 1065 epi-

2330 1074 2549 1143 sc0pali
2582 1083 2850 1148 suscepta
2881 1081 3052 1136 annis
3075 1095 3186 1149 nu,
3223 1096 3408 1140 mens.

2334 1175 2419 1230 III,
2448 1164 2602 1220 dieb.
2625 1179 2747 1237 vm,
2773 1173 2913 1238 quot
2933 1169 3021 1225 illi
3044 1185 3111 1227 ex
3128 1173 3286 1228 Catal
3327 1176 3418 1245 gis

2322 1257 2380 1308 et
2424 1253 2732 1312 Anastasio
2767 1258 3018 1315 tributos
3052 1261 3132 1317 ibi
3165 1265 3420 1320 ostendi-

2330 1355 2458 1397 mus
2490 1357 2617 1415 pag.
2655 1342 2780 1417 404,
2804 1352 2860 1402 et
2893 1345 2995 1406 442
3018 1357 3135 1406 not.

2393 1431 2494 1486 His
2519 1447 2671 1488 coss.
2722 1435 2963 1493 initium
3017 1439 3102 1494 Pii
3158 1441 3402 1499 relatum

2322 1520 2494 1574 etiam
2527 1522 2599 1576 ab
2647 1525 2897 1580 Eusebio
2921 1526 3188 1585 observat
3216 1531 3414 1588 Calvi—

2326 1611 2472 1666 sius.
2505 1613 2644 1668 Nam
2689 1629 2988 1672 successor
3043 1621 3250 1692 Hygini
3283 1622 3408 1678 ele—

2327 1704 2458 1755 ctus
2503 1700 2600 1757 die
2651 1704 2952 1762 Dominica
3005 1705 3040 1762 9
3081 1707 3303 1780 Aprilis
3351 1711 3409 1766 in

2329 1788 2482 1845 Petri
2529 1791 2800 1850 cathedra
2874 1795 3212 1855 collocatur.
3274 1799 3418 1856 Vide

2333 1887 2518 1935 notas.

2399 2077 2489 2132 Pii
2543 2074 2650 2135 4et
2677 2075 2733 2133 2.
3506 2083 3609 2142 443

2389 2167 2664 2236 Marcion,
2691 2169 2792 2240 qui
2815 2184 2966 2229 anno
2988 2172 3280 2244 superiori
3304 2187 3411 2231 va—

2321 2261 2486 2312 cante
2532 2258 2787 2315 Romana
2836 2262 2967 2318 sede
3027 2263 3261 2320 Romam
3318 2278 3409 2320 ve.

2328 2351 2509 2416 uerat,
2554 2349 2708 2404 circa
2757 2350 2875 2405 haec
2930 2356 3186 2423 tempora
3219 2355 3410 2411 haere-

2316 2448 2442 2490 seos
2474 2450 2594 2491 suae
2642 2438 2864 2494 semina
2909 2443 3150 2514 spargit,
3181 2457 3250 2498 ex
3281 2447 3410 2499 test.

2314 2525 2552 2580 Tertull.
2639 2533 2836 2584 contra
2915 2532 3198 2587 eumdem.
3268 2533 3410 2588 Vide

2316 2619 2481 2668 notas
2507 2615 2575 2670 ad
2622 2617 2783 2672 Pium
2829 2619 2870 2687 Ι,
2910 2621 3258 2689 praecinente
3283 2623 3400 2678 Va—

2317 2701 2538 2759 lentino
2610 2703 3013 2778 haeresiarcha,
3069 2711 3169 2781 qui
3231 2724 3325 2766 an.
3371 2709 3406 2767 3

2311 2791 2591 2849 Antonini
2630 2795 2714 2850 Pii
2761 2797 2828 2852 ad
2876 2797 3081 2854 Urbem
3145 2814 3406 2858 accesse—

2315 2887 2424 2936 rat.
2458 2882 2595 2938 Vide
2615 2898 2790 2953 supra
2812 2886 2881 2941 ad
2904 2900 3039 2942 ann.
3072 2885 3194 2945 440.
3223 2891 3400 2947 Anto-

2313 2969 2492 3025 ninus
2539 2972 2806 3040 prohibet
2859 2988 2929 3030 ne
2953 2976 3238 3047 Sibyllina
3267 2993 3402 3035 car-

2311 3059 2468 3114 mina
2508 3065 2609 3116 aut
2637 3061 2934 3120 Ciceronis
2979 3064 3118 3121 libri
3166 3067 3238 3123 de
3281 3074 3397 3125 nat.

2307 3147 2567 3220 deorum,
2601 3151 2671 3206 de
2698 3151 2944 3209 divinat.
2976 3161 3085 3210 etc.
3111 3155 3396 3229 legantur,

2307 3238 2458 3308 quod
2505 3240 2842 3297 viderentur
2889 3243 3125 3300 deorum
3162 3261 3398 3304 suorum

2304 3335 2620 3384 commenta
2688 3334 2956 3388 evertere.
3012 3335 3093 3391 Ex
3157 3336 3395 3409 Apolog.

2303 3415 2541 3490 Justini,
2601 3422 2658 3476 et
2730 3434 2800 3476 ex
2854 3421 3110 3480 Arnobio
3168 3424 3390 3483 observ.

2306 3504 2614 3565 Calvisius.

2305 3631 2394 3687 Pii
2425 3631 2462 3687 2
2490 3639 2545 3690 et
2569 3633 2624 3690 3.
3474 3642 3577 3702 444

2382 3721 2725 3780 Valentinus
2751 3726 3072 3799 Egyptius,
3103 3728 3304 3801 Cerdo,
3333 3735 3391 3786 et
3460 3734 3606 3792 Biss.

2306 3810 2562 3866 Marcion
2593 3811 2976 3884 blasphemiis
2993 3817 3119 3873 suis
3147 3820 3399 3877 occasio-

2305 3912 2433 3954 nem
2483 3899 2737 3969 praebent
2796 3903 2966 3973 paulo
3017 3911 3144 3975 post
3181 3907 3391 3965 subse—

2303 3989 2460 4044 cutis
2538 3991 2734 4050 Potiti.
2799 3994 3003 4066 Blasti,
3068 3997 3388 4072 Synerotis,

2305 4080 2602 4149 Preponis,
2649 4089 2706 4137 et
2739 4083 3031 4154 Pythonis.
3059 4087 3392 4145 Theodore-

2307 4174 2421 4237 tus,
2463 4184 2532 4226 ex
2582 4186 2696 4242 quo
2729 4174 2941 4245 Pagius
2985 4176 3054 4231 ad
3107 4189 3245 4233 ann.
3289 4177 3392 4236 443

2297 4259 2600 4329 videndus,
2633 4266 2691 4317 et
2711 4263 2781 4318 ad
2804 4260 2926 4318 444.

2364 4745 2452 4801 Pii
2485 4747 2520 4806 3
2543 4756 2600 4807 et
2625 4749 2676 4807 4.
3481 4751 3585 4812 445

2347 4849 2571 4903 Taurus
2656 4844 2920 4915 Berytius
2998 4842 3381 4914 philosophus

2300 4936 2634 4992 Platonicus
2697 4935 2898 4989 ﬂorere
2944 4933 3002 4987 h.
3056 4945 3108 4987 a.
3159 4931 3383 4989 dicitur

2296 5024 2446 5094 apud
2470 5021 2676 5079 Euseb.
2703 5023 2762 5077 in
2782 5022 2991 5078 Chron.
