3922 6424
319 391 438 456 545
1127 399 1220 456 ΑΙ)
1257 401 1688 460 ANASTASIUM
1727 401 2245 462 PROLEGOMENA
2286 406 2466 464 EDIT.
2509 410 2935 467 ROM.-VATIC.
3646 405 3742 465 546

431 517 618 602 Anr'u"
660 524 1050 602 Imperatores.
1088 523 1343 602 Consules
1368 529 1731 582 Romanorum
1781 525 1953 602 -ᾼηγέί
1993 531 2053 591 Α
2141 529 2297 602 Anni
2360 530 2815 601 Christianorum,
2874 533 3156 587 Judwrum
3224 536 3277 587 et
3333 534 3456 602 ﬁni-
3531 533 3686 588 Anni

351 590 475 674 Ρςν,
523 590 640 674 ζᾳι.
738 590 761 594 ⁷
830 611 918 652 res
937 600 1099 665 gesta
1126 600 1177 651 et
1200 596 1541 663 documenta,
1781 597 1846 674 Π.
1892 603 1900 645 ⁴

2136 600 2332 672 Dlymp.
2440 605 2692 657 timorum
2746 590 3092 674 populorum,
3145 590 3450 673 Pontifices,
3542 608 3685 661 Era

366 659 601 751 ett-33130“-
938 659 960 665 ⁷
1523 659 1534 663 ⁷
1724 672 1985 751 antejtm
2187 659 2211 670 ⁷
2270 659 2294 672 ⁷
2452 675 2638 748 Reges,
2684 659 2769 731 res
2807 659 2970 745 pesta:
3023 659 3450 731 et'documenta.’
3499 659 3718 732 Christi.

393 726 530 803 @9
1698 745 1822 809 post
1835 739 1985 795 Pam

398 1012 540 1071 4866
684 1017 808 1086 Imp
829 1015 1164 1074 Antoninus
1190 1015 1319 1090 Aug
1354 1019 1495 1076 Pius
1525 1024 1598 1077 tr.
1638 1036 1695 1092 p.
1790 1020 1898 1080 905

2211 1008 2278 1064 Ol
2455 1009 2680 1066 Aniceti
2703 1007 2739 1067 3
2761 1014 2819 1066 et
2845 1005 2897 1064 4.
3536 1011 3643 1071 453

400 1101 546 1173 22,2
619 1100 687 1161 45
713 1112 771 1161 et
797 1102 885 1161 46.
1789 1109 1897 1169 906
2178 1095 2287 1154 232
2452 1100 2590 1154 Pace
2644 1113 2741 1169 per
2791 1098 3166 1155 Antonimum
3207 1100 3454 1174 reddita,

455 1195 507 1250 A
618 1227 756 1286 coss
836 1194 894 1249 C.
924 1195 1189 1279 Bruttius
1217 1196 1494 1255 Praesens.

835 1266 1137 1322 A.Jumus
1166 1267 1412 1324 Ruﬁnus
1536 1270 1693 1327 Gru-

2200 1201 2254 1242 IV
2371 1187 2715 1244 Christianae
2747 1188 2953 1244 ﬂorent
2977 1188 3264 1245 Ecclesiae.
3299 1191 3455 1246 Ton-

2161 1281 2212 1331 et
2239 1292 2306 1330 ea:
2380 1290 2514 1332 sura
2540 1276 2692 1333 clero
2722 1277 3071 1336 praescripta.
3107 1278 3368 1334 Paschali
3388 1279 3459 1336 de

835 1292 901 1321 Α.
926 1292 1137 1322 δυιιιυδ
1166 1292 1412 1324 ιιιιυιιυδ
1536 1292 1693 1327 uru-
2161 1292 2212 1331 ει
2239 1292 2306 1330 ea:
2380 1292 2514 1332 sura
2540 1292 2692 1333 CleI‘O
2722 1292 3071 1348 praescripta.
3108 1292 3368 1334 rascnau
3388 1292 3459 1336 ue

612 1360 702 1409 ter
757 1352 835 1409 fol
864 1351 993 1424 305,
1045 1354 1145 1410 ubi
1195 1356 1542 1414 Consulatus
1588 1359 1697 1415 iste
2143 1363 2333 1417 diebus
2373 1363 2735 1421 observantia
2761 1366 3091 1437 quaesitum.
3123 1365 3266 1423 Vide
3296 1370 3459 1423 notas

610 1444 978 1513 componitur
1016 1457 1148 1499 cum
1195 1456 1347 1499 anno
1397 1446 1529 1501 Post
1571 1447 1694 1502 Ro—
2125 1454 2327 1506 aestivis
2368 1466 2495 1524 pag.
2532 1450 2654 1509 444.

615 1545 761 1587 mam
851 1532 1150 1588 Conditam
1236 1545 1470 1603 nccccvx,
1541 1535 1693 1604 Spon
2126 1538 2325 1597 Ol233

607 1620 825 1677 Miscell
858 1637 911 1692 p.
944 1619 1036 1691 52,
1068 1622 1126 1676 in
1148 1621 1379 1691 Append
1412 1622 1481 1676 ad
1514 1624 1691 1679 Marm
2220 1646 2239 1685 I

602 1709 762 1766 Oxon
813 1727 867 1782 p.
917 1710 1041 1778 305,
1087 1711 1301 1767 Reland
1342 1711 1475 1768 card
1516 1713 1688 1769 Noris

599 1799 764 1869 Epist
791 1814 930 1857 cons
960 1815 1017 1870 p.
1054 1799 1146 1855 93.

383 1884 528 1944 4867
673 1890 813 1959 Imp.
846 1888 1174 1946 Antoninus
1195 1889 1323 1961 Aug
1346 1890 1486 1947 Pius
1516 1894 1589 1947 tr.
1624 1906 1679 1961 p.
1784 1889 1890 1948 906
2009 1873 2061 1935 Β

377 1976 471 2047 23,
494 1975 530 2033 3
608 1975 675 2034 45
698 1985 753 2033 et
780 1974 863 2033 47.
1776 1978 1883 2037 907

2213 1980 2230 2021 ι
2423 1966 2648 2024 Aniceti
2699 1966 2732 2025 4
2760 1974 2817 2025 et
2844 1967 2897 2025 5.
3535 1968 3645 2027 454

444 2065 490 2121 G
778 2068 837 2122 L.
896 2066 1097 2123 Aelius
1164 2067 1440 2125 Aurelius
1515 2068 1688 2125 Com-
2191 2068 2233 2112 ιι
2413 2057 2617 2114 Hiatus
2640 2058 2900 2115 historiae
2921 2073 3169 2117 romanae
3199 2059 3310 2116 sub
3334 2058 3459 2116 An-

598 2155 738 2212 Coss
884 2156 1107 2213 modus.
2368 2147 2570 2203 tonino
2596 2148 2697 2205 Pio
2720 2162 2831 2205 non
2863 2147 3107 2205 obscure
3136 2149 3353 2220 arguit,
3385 2148 3457 2205 ab

811 2247 873 2300 T.
919 2245 1152 2302 Sextius
1200 2247 1537 2303 Lateranus.
2365 2234 2745 2293 Ethnicorum
2784 2237 2979 2293 studio
3043 2238 3115 2293 de
3160 2236 3454 2294 industria

593 2333 905 2404 Inscriptio
934 2336 1206 2401 Romana,
1250 2348 1421 2405 quam
1450 2349 1518 2390 ex
1556 2335 1685 2391 Gu-
2364 2320 2548 2380 fuisse
2597 2339 2925 2396 suppressa,
2982 2339 3053 2381 ne
3114 2339 3275 2395 aequa
3320 2339 3457 2397 erga

599 2422 700 2479 dio
728 2423 931 2478 recitat
958 2423 1198 2492 Reland,
1231 2423 1290 2478 in
1325 2422 1456 2478 fasti
1482 2422 1686 2480 confe—
2361 2410 2725 2469 Christianos
2774 2413 3029 2481 εἱυεάθηι
3068 2412 3318 2482 decreta.
3357 2420 3455 2468 αι-

598 2512 775 2567 renda
826 2526 957 2568 cum
1004 2512 1205 2583 Sponii
1237 2512 1456 2567 Miscell
1506 2527 1562 2582 p.
1587 2509 1679 2583 74,
2361 2512 2473 2570 que
2496 2500 2756 2572 exempla
2785 2504 3043 2571 paterent
3068 2500 3336 2569 posteris.

602 2606 659 2657 et
730 2600 978 2657 Fabretti
1042 2603 1203 2657 Inscr
1265 2616 1319 2672 p.
1348 2599 1529 2657 338st
1551 2598 1677 2672 540,

594 2690 807 2746 Gruter
884 2687 1041 2759 4024,
1098 2694 1275 2747 Marm
1337 2690 1498 2749 Oxon
1550 2688 1676 2761 282,

592 2779 762 2835 Noris
783 2780 947 2850 Epist
973 2793 1111 2836 cons
1142 2794 1195 2850 p.
1227 2776 1316 2835 94.

373 2868 520 2927 4868
665 2871 786 2940 Imp
829 2872 1160 2927 Antoninus
1184 2869 1312 2943 Aug
1341 2870 1479 2927 Pius
1507 2875 1579 2927 tr.
1613 2885 1669 2943 p.
1770 2867 1877 2927 907
2185 2869 2224 2911 li
2421 2853 2648 2910 Aniceti
2678 2851 2714 2910 5
2738 2858 2795 2910 et
2817 2850 2874 2943 6.
3050 2942 3054 2943 ν
3164 2941 3172 2943 _
3546 2853 3668 2915 455

369 2957 521 3029 24,4
597 2955 664 3014 47
688 2955 855 3017 etis,
1287 2941 1301 2943 ⁷
1615 2941 1631 2943 ⁷
1769 2957 1876 3017 903
2181 2959 2246 3000 ιιι
2424 2943 2735 3000 Cassianus
2798 2941 3213 3013 Hierosolymis
3255 2944 3446 2999 Marco

422 3050 471 3104 F
800 3048 861 3105 C.
890 3048 1084 3105 Julius
1113 3049 1375 3105 Severus,
2359 3032 2709 3089 successisse
2747 3031 2970 3086 dicitur
3019 3030 3125 3085 hoc
3180 3044 3332 3088 anno
3379 3030 3452 3088 ab

596 3083 736 3142 coss
802 3122 878 3177 Μ.
910 3120 1158 3177 Ruﬁnus
1196 3119 1568 3176 Sabinianus.
2353 3120 2602 3178 Eusebio
2627 3124 2863 3178 notante
2886 3118 3158 3177 Calvisio.

874 3208 1001 3266 δυσ
1025 3223 1093 3266 ex
1132 3209 1235 3266 Kal
1265 3208 1568 3265 Novembr.
1991 3199 2042 3265 C

1369 3208 1568 3265 vembr.
1991 3199 2042 3265 C
2913 3181 2918 3189 l

658 3298 872 3355 Antius
914 3297 1100 3354 Pollio
1143 3297 1509 3368 Opimianus.
1538 3296 1684 3354 Vide

588 3387 827 3445 Relandi
887 3389 1108 3444 Fastos.
1164 3392 1220 3444 et
1265 3387 1349 3443 ibi
1380 3388 1419 3443 l.
1455 3387 1576 3457 1,C.
1607 3386 1680 3443 de

586 3478 807 3534 edendo
853 3477 1056 3533 Sabino
1111 3491 1173 3548 ιι,
1206 3482 1259 3532 et
1303 3477 1496 3531 Severo
1541 3476 1668 3532 Coss

583 3568 731 3624 Grut
760 3562 885 3633 607,
947 3563 998 3637 4,
1049 3566 1364 3622 Bernardin
1418 3564 1580 3621 Rutil
1615 3565 1676 3621 in

583 3656 723 3713 vitis
775 3656 866 3712 JC.
903 3661 995 3714 vet
1048 3670 1103 3728 p.
1158 3652 1281 3727 459,
1310 3655 1483 3711 Noris
1512 3655 1679 3726 Epist

583 3776 720 3820 cons
748 3777 804 3834 p.
834 3760 921 3819 96.

367 3851 509 3910 4869
653 3825 776 3921 Imp
822 3851 1154 3908 Antoninus
1198 3850 1327 3922 Aug
1360 3849 1500 3906 Pius
1524 3852 1599 3906 tr.
1649 3862 1704 3920 p.
1782 3844 1889 3902 908

2180 3842 2242 3885 Ill
2424 3829 2651 3930 Aniceti
2681 3828 2717 3885 6
2752 3831 2809 3929 et
2835 3825 2929 3930 7'.“
3071 3916 3083 3929 .
3509 3826 3618 3886 456

364 3942 458 4010 25,
484 3940 521 3998 5
599 3936 686 4010 48,
712 3916 800 3994 49.
1295 3916 1322 3922 ⁷
1650 3916 1667 3920 ⁷
1778 3931 1887 3990 909
2176 3929 2231 3973 IV
2425 3917 2539 3975 Sud
2557 3916 2848 4018 Antonino
2869 3916 2971 3973 Pio
2984 3916 3195 4018 unicus
3213 3918 3436 4018 tantum

367 4033 417 4086 E
444 4003 492 4085 I)
604 4003 742 4125 00.88
818 4028 888 4083 Μ.
917 4028 1189 4112 Cejonius
1230 4027 1522 4111 Silvanus.

809 4100 867 4156 C.
899 4100 1133 4158 Sentius
1162 4100 1524 4171 Augurinus.

2348 4011 2578 4061 senator
2602 4006 2792 4060 Romae
2822 4006 3186 4075 proscriptus
3212 4009 3301 4061 est
3327 4003 3438 4060 At-

2350 4094 2520 4151 tilius
2562 4093 2848 4161 Titianus,
2884 4100 3086 4151 senatu
3137 4095 3430 4165 puniente,

651 4189 1061 4258 Vetusinscrip
1080 4189 1139 4244 in
1152 4187 1376 4243 aedibus
1396 4184 1588 4240 March
1607 4183 1681 4239 de
2350 4181 2501 4253 quod
2531 4194 2665 4237 reus
2695 4180 2970 4238 ati’ectataa
3000 4183 3327 4253 tyrannidis
3353 4195 3430 4238 es-

595 4276 865 4333 Maximis
910 4278 979 4332 ad
1051 4276 1284 4331 Circum
1332 4271 1665 4345 Agonalem,
2347 4276 2453 4326 set.
2508 4270 2798 4340 Capitolin
2847 4273 2999 4341 apud
3049 4272 3239 4328 Calvis
3288 4272 3346 4327 b.
3378 4285 3433 4327 a.

581 4364 721 4421 olim
750 4365 810 4419 in
840 4369 1030 4419 monte
1072 4362 1278 4428 Daelio,
1315 4374 1485 4431 quam
1515 4358 1672 4415 reci-
2344 4358 2532 4427 Quare
2554 4360 2738 4430 palam
2774 4361 2857 4432 ﬁt,
2889 4378 2995 4418 cur
3042 4362 3152 4419 sub
3180 4362 3436 4419 Antoni-

582 4459 669 4508 tat
709 4466 778 4507 ex
812 4452 1078 4507 Mauucio
1123 4451 1407 4505 Gruterus
1439 4446 1560 4516 428,
1612 4445 1667 4503 5.
2348 4462 2421 4506 no
2472 4449 2573 4506 Pio
2603 4451 2706 4508 diu
2747 4458 2874 4523 post
2911 4452 3155 4523 primam
3211 4451 3431 4522 Apolo—

579 4539 689 4596 Ubi
756 4539 973 4609 legitur
1045 4538 1285 4592 Sentius.
1345 4536 1474 4592 Alia
1522 4538 1671 4592 Grut
1974 4555 2030 4618 D
2346 4538 2497 4610 giam
2531 4549 2927 4613 praeservatus,
2963 4541 3100 4597 licet
3140 4546 3433 4597 crescente

582 4625 706 4698 426,
734 4639 862 4698 quae
882 4630 1067 4681 exstat
1108 4624 1167 4679 in
1200 4623 1511 4694 Capitolio.
1541 4623 1674 4679 Alia
2340 4629 2543 4699 cynico
2565 4630 2920 4702 indignante,
2941 4629 3424 4701 fueritJustinus,

578 4722 637 4775 et
668 4714 790 4789 428,
841 4712 897 4785 5,
929 4712 1289 4785 corrigenda.
1324 4712 1582 4783 Cuperus
1609 4714 1669 4768 in
2341 4723 2398 4774 et
2422 4719 2698 4776 Anicetus
2749 4719 3005 4790 pontifex
3033 4721 3328 4777 Antonino
3361 4720 3422 4775 in

566 4809 669 4879 Ep.
728 4804 960 4878 praefixa
1014 4803 1201 4860 Fastis
1251 4802 1665 4859 Alomeloveem
2340 4808 2458 4864 vita
2488 4810 2819 4879 superstite,
2852 4810 2937 4866 uti
2968 4815 3024 4865 et
3053 4809 3421 4881 Polycarpus,

563 4912 623 4954 n.
651 4911 755 4970 vn,
790 4895 997 4953 recitat
1021 4893 1250 4949 diversa
1271 4892 1506 4948 nomina
1531 4904 1659 4948 coss
2335 4902 2392 4953 et
2419 4898 2690 4968 Irenazus,
2721 4898 2941 4969 aliique
2970 4898 3151 4970 gestis
3179 4911 3245 4954 ac
3274 4897 3425 4954 scri-

575 4987 672 5044 sed
706 4986 896 5044 locum
946 4997 1061 5041 non
1094 4982 1315 5040 indicat
1341 4980 1441 5037 ubi
1472 4982 1662 5037 Romae
2341 4985 2460 5055 ptis
2488 4984 2746 5041 illustres
2777 4987 2890 5042 viri
2934 4986 3280 5043 Christiani.

364 5162 503 5222 4870
574 5083 1114 5236 θχῗιῗὲζηῑοηὶηυε
1155 5162 1285 5237 Aug
1310 5162 1450 5220 Pius
1483 5166 1556 5219 tr.
1592 5176 1646 5233 p.
1748 5155 1857 5216 909

2089 5156 2156 5214 Ol
2197 5152 2306 5212 233
2413 5155 2638 5212 Aniceti
2662 5152 2699 5212 7
2726 5162 2783 5213 et
2806 5155 2864 5213 8.
3518 5154 3627 5215 457

369 5252 459 5324 29,
489 5253 524 5310 6
596 5253 664 5312 49
696 5260 753 5312 et
779 5251 870 5311 20.
1744 5247 1851 5305 940

2157 5257 2214 5300 v1
2397 5247 2473 5300 De
2500 5247 2570 5299 iis
2606 5260 2723 5301 coss
2746 5247 2830 5300 vel
2882 5247 3019 5316 quid
3050 5261 3237 5301 eorum
3273 5260 3436 5324 anno.

414 5362 455 5416 ⁸
574 5399 714 5454 Cass
792 5361 1309 5488 ;;;’¹ἶιέἒεδιξ¹ιῖι¹ὲῗ’

2105 5338 2156 5389 et
2203 5349 2271 5388 ea:
2329 5337 2510 5387 actum
2552 5337 2627 5389 sit
2688 5335 2836 5389 nihil
2907 5340 3241 5405 compertum
3316 5339 3416 5390 est.

2087 5423 2277 5477 diebus
2316 5422 2590 5488 Lydiatus
2645 5423 2705 5478 in
2751 5424 2954 5480 Fastis.
2987 5425 3093 5481 Sed
3142 5425 3213 5480 de
3258 5436 3409 5480 con-

645 5437 714 5454 "’°
792 5471 808 5488 .
848 5470 863 5486 .
895 5471 909 5485 .
1011 5437 1287 5503 Regulus.
2087 5437 2277 5477 azeous
2316 5437 2590 5492 Lydiatus
2645 5437 2705 5478 in
2752 5437 2954 5480 rasus.
2987 5437 3093 5481 sed
3142 5437 3213 5480 de
3258 5437 3409 5480 con-

645 5519 897 5574 Fahretti
944 5521 1196 5589 Inscript
1247 5534 1299 5589 p.
1372 5516 1495 5589 439,
1549 5530 1651 5574 nu.
2083 5514 2283 5567 astivis
2320 5512 2551 5568 sulibus
2605 5518 2822 5569 certum
2852 5528 2921 5570 ex
2958 5513 3181 5586 ﬁglinis
3222 5519 3281 5569 et
3311 5515 3415 5569 in-

577 5604 682 5660 438
711 5606 772 5658 in
804 5605 989 5663 hortis
1010 5606 1380 5663 Justinianis.
1426 5605 1653 5675 Figlina
2082 5601 2148 5657 Ol
2186 5597 2295 5658 23L
2331 5601 2750 5670 scriptionibus
2834 5603 3036 5659 relatis
3084 5616 3117 5659 a
3146 5602 3414 5658 Fabretto

570 5689 727 5760 apud
774 5693 1031 5749 eumdem
1091 5706 1200 5763 pap
1254 5687 1380 5760 504,
1423 5704 1480 5746 n.
1527 5687 1651 5759 442,
2181 5703 2199 5745 ι
2330 5695 2389 5747 et
2414 5690 2627 5760 Sponio
2656 5691 2757 5747 ubi
2800 5698 2856 5748 et
2892 5693 3009 5763 jam
3042 5690 3269 5764 aliquid
3308 5704 3415 5748 eo-
