3922 6406
413 349 517 412 523

481 546 602 600 Per.
639 559 642 563 ‘

493 617 606 671 Jul.

428 693 478 744 et
497 689 652 759 qycli,

482 757 618 834 @9

468 1788 555 1859 43,
587 1787 624 1844 2

469 1881 584 1934 PE

480 4042 621 4103 4887

482 4131 618 4205 45,4

511 4223 549 4279 ο

483 4928 626 4988 4888

1182 351 1275 405 AD
1325 351 1757 407 ANASTASIUM
1803 349 2321 407 PROLEGOMENA
2372 353 2544 407 EDIT.
2591 351 3020 408 ROM.—VATIC.

473 477 628 528 Anni
706 477 1090 545 Imperatores.
1160 475 1434 540 Οοηδαίεε,
1507 478 1770 530 Ηοηῑίιηο·
1837 474 1994 546 Anni
2095 475 2152 532 Α
2237 476 2391 530 Anni
2459 477 2908 540 Christianorum,
2956 476 3268 531 Iudaeorum
3311 483 3360 532 et
3405 479 3546 546 ﬁni—
3611 477 3775 530 Anni

763 563 910 618 rum,
949 563 1035 600 res
1090 553 1250 615 gesta:
1291 554 1340 601 et
1374 549 1714 610 documenta,

696 847 752 911 6,
801 861 909 920 pag
955 847 1114 918 4045,
1151 849 1303 905 hunc
1352 848 1782 905 Herennianum

691 950 818 1007 esse
849 937 1039 1008 gentis
1069 938 1310 993 Alﬁdiae.

767 1026 911 1080 Vota
936 1025 1278 1081 Decennalia
1313 1026 1522 1096 soluta,
1569 1027 1784 1083 Vicen-

691 1115 849 1172 nalia
865 1121 1217 1184 nuncupata.
1234 1116 1460 1172 Mediob
1477 1131 1545 1172 ex
1559 1129 1779 1172 numm.

692 1203 835 1261 Vide
853 1206 1028 1261 etiam
1057 1204 1286 1261 Fabrett
1310 1219 1372 1274 p.
1400 1203 1526 1275 625,

763 1701 884 1770 Imp
901 1699 1038 1754 Cies.
1067 1700 1141 1753 Μ.
1170 1699 1306 1755 Aur.
1324 1697 1453 1753 Ant.
1487 1697 1632 1769 Aug,
1665 1706 1774 1754 etc.

689 1795 762 1846 tr.
793 1805 845 1859 p.
881 1787 951 1843 25
979 1795 1036 1843 et
1063 1786 1154 1855 29,
1183 1791 1301 1855 Imp
1331 1801 1408 1840 vn.

865 1907 1082 1917 ——-—
1109 1877 1325 1931 Orﬁtus

865 1977 1083 1988 —-——
1116 1949 1398 2002 Maximus
1495 1979 1499 1983 -

756 2039 966 2094 Gruter
993 2037 1244 2106 inscript
1286 2051 1340 2106 p.
1373 2033 1496 2101 426,
1531 2050 1657 2106 quae
1686 2036 1782 2091 vi—

689 2128 844 2183 situr
889 2127 948 2182 in
999 2125 1304 2194 Capitolio.
1349 2127 1415 2180 Et
1464 2140 1517 2194 p.
1573 2122 1696 2190 H9,
1747 2122 1784 2180 5

693 2222 750 2271 et
797 2212 954 2282 4044,
1008 2211 1030 2268 4
1085 2220 1142 2268 et
1187 2209 1344 2278 4072,
1377 2210 1429 2266 3.
1482 2214 1631 2282 Spon
1667 2213 1781 2267 Mi-

697 2303 836 2360 scell
871 2320 978 2374 pag
1023 2300 1145 2358 472.
1173 2302 1482 2358 Germania
1522 2303 1780 2358 subacta.

693 2393 1083 2447 Marcomanni
1119 2392 1176 2446 in
1212 2392 1469 2446 transitu
1528 2390 1781 2445 Danubii

697 2480 870 2535 deleti
901 2494 931 2534 a
954 2481 1024 2533 Μ.
1084 2479 1341 2534 Aurelio.

772 2570 872 2624 His
911 2583 1038 2624 coss
1071 2569 1415 2624 Commodus
1457 2566 1784 2636 appellatur

699 2659 1050 2714 Germanicus
1172 2657 1372 2712 Idibus
1491 2655 1778 2711 Octobris.

702 2747 968 2818 Lamprid
1023 2747 1082 2802 in
1113 2747 1240 2816 ejus
1269 2746 1420 2802 Vita.

688 1915 829 1969 Coss

766 2996 908 3066 Imp.
957 2995 1077 3050 Caes
1128 2994 1204 3049 Μ.
1250 2993 1388 3049 Aur.
1440 2991 1574 3047 Ant.
1630 2991 1774 3062 Aug.

692 3085 908 3152 Germ.,
938 3090 1072 3152 etc.,
1100 3088 1174 3138 tr.
1203 3098 1254 3152 p.
1285 3081 1356 3138 26
1384 3088 1438 3137 et
1460 3077 1530 3136 27
1564 3081 1683 3149 imp
1704 3078 1764 3134 6.

697 3209 839 3264 COSS
935 3173 1007 3227 Μ.
1039 3171 1312 3226 Aurelius
1337 3171 1575 3226 Severus
1607 3184 1669 3224 ιι.

933 3242 996 3264 πη
1064 3242 1340 3264 n‘l-.--l:--..
1399 3242 1659 3264 l\,,.......:n

933 3242 1022 3296 Ti.
1063 3242 1343 3297 Claudius
1398 3242 1780 3312 Pompeianus

771 3333 1001 3399 Gruter,
1056 3328 1212 3397 4025,
1283 3327 1334 3385 9.
1387 3330 1556 3386 Noris
1617 3329 1782 3398 Epist

709 3423 860 3478 Cons
892 3435 943 3492 p.
986 3417 1106 3475 409.

770 3512 1039 3568 Pertinax
1119 3512 1188 3564 M.
1274 3508 1491 3564 Aurelii
1549 3507 1769 3578 legatus

694 3601 934 3658 Rbetias
964 3606 1020 3655 et
1058 3599 1329 3654 Noricum
1361 3596 1431 3652 ab
1477 3599 1636 3652 hoste
1663 3597 1785 3650 vin-

695 3692 874 3748 dicat.
919 3687 1307 3744 Marcomanni
1340 3686 1398 3740 in
1421 3686 1778 3741 deditionem

693 3781 930 3850 recepti,
951 3785 1006 3834 et
1021 3777 1259 3848 plurimi
1282 3777 1337 3830 in
1353 3775 1576 3831 Italiam
1603 3780 1787 3828 trans-

689 3870 816 3926 lati.
889 3866 1220 3924 Mediobarb
1291 3879 1360 3920 ex
1442 3877 1637 3921 numm
1723 3866 1780 3916 et

696 3957 904 4114 miinp.
959 4059 1070 4100 caas
1122 4045 1194 4098 Μ.
1248 4041 1390 4097 Aur.
1451 4041 1580 4095 Ant.
1636 4037 1778 4107 Aug.

689 4135 903 4203 Germ.,
937 4140 1069 4196 etc.,
1099 4139 1172 4187 tr.
1202 4147 1256 4200 p.
1288 4126 1358 4184 27
1385 4133 1442 4184 et
1468 4125 1694 4194 28.1mp
1714 4123 1768 4179 6.

931 4251 1148 4264 ——-—
1169 4219 1373 4274 Gallus

695 4259 832 4316 COSS
928 4321 1148 4333 ——-
1169 4259 1405 4344 Flaccus

768 4383 916 4438 Grut
978 4380 1097 4436 408.
1178 4375 1231 4434 5.
1293 4391 1460 4446 quam
1533 4374 1781 4442 inscript

702 4469 873 4536 paulo
903 4469 1076 4524 aliter
1103 4479 1136 4520 a
1167 4465 1412 4520 Grutero
1448 4465 1682 4520 relatam
1717 4476 1783 4517 ac

699 4570 732 4612 a
757 4555 1084 4611 Castalione
1113 4555 1174 4607 in
1205 4561 1302 4608 not
1325 4555 1393 4608 ad
1428 4553 1638 4607 Rutilii
1669 4553 1780 4606 itin

699 4643 962 4701 observat
987 4641 1199 4698 Reland
1211 4655 1298 4695 us.

768 4733 1024 4788 Victoria
1079 4731 1328 4786 maxima
1369 4743 1439 4785 ex
1467 4730 1685 4800 Quadis
1713 4744 1782 4786 ex

699 4837 812 4896 qua
849 4824 923 4878 M.
951 4822 1092 4878 Aur.
1125 4822 1248 4890 Imp
1281 4833 1386 4874 v11.

771 4933 910 5000 Imp.
957 4930 1078 4986 Caes
1127 4929 1200 4984 M.
1248 4927 1386 4982 Aur.
1447 4926 1579 4980 Ant.
1635 4925 1779 4997 Aug.

928 4321 1148 4333 —

478 5017 566 5090 46,
595 5017 632 5074 5
693 5021 864 5076 Germ
907 5023 1012 5074 etc.
1051 5023 1124 5074 tr.
1169 5033 1222 5088 p.
1267 5014 1339 5071 28
1382 5021 1438 5072 et
1462 5013 1552 5078 29,
1595 5017 1714 5085 Imp
1742 5011 1777 5070 7

483 5109 528 5162 Β

701 5114 758 5164 et
796 5106 852 5162 8.

699 5232 857 5287 Coss.
915 5196 1531 5287 :EE‘.‘R‘1'1"EP§PJ§9

920 5268 990 5320 M.
1013 5268 1240 5323 Salvius
1263 5268 1532 5323 Julianus

770 5354 1027 5423 Anonym
1053 5355 1252 5423 Quarti
1277 5356 1491 5422 Seculi,
1529 5354 1778 5422 ldacius,

701 5443 965 5509 Prosper,
991 5442 1296 5498 Cassiodor
1331 5444 1388 5497 in
1424 5443 1555 5496 fast.

772 5529 1118 5584 Commodus
1202 5531 1262 5584 in
1334 5529 1700 5586 Germaniam
1747 5542 1782 5582 a

701 5613 776 5666 Μ.
790 5613 964 5668 Aurel
977 5619 1208 5668 vocatus
1228 5619 1414 5686 togam
1430 5615 1656 5670 virilem
1679 5613 1784 5670 ibi.

1854 545 1999 599 U.C

1811 621 1937 670 ante
1981 619 2031 669 et

1773 694 1898 758 post
1923 686 2069 741 Palit

1870 1695 1978 1753 924

1867 1785 1974 1842 925

1872 2986 1980 3044 925

1869 3075 1976 3133 926

1877 4034 1984 4091 926

1871 4921 1977 4980 927

1867 5011 1976 5070 928

2211 547 2423 617 Olymp.

2283 1697 2346 1738 ιιι

2092 1787 2142 1846 Β
2292 1785 2349 1827 1v

2211 2977 2415 3036 Ο.237

2091 3101 2142 3164 C

2283 3171 2337 3212 IV

2531 553 2781 600 timorum
2824 550 3170 616 populorum,
3229 552 3526 617 Pontiﬁces.

3727 344 3829 403 524

3619 551 3770 604 ﬂre

2531 620 2715 686 Reges,
2761 634 2845 672 res
2891 625 3054 687 gesta
3095 625 3146 674 et
3190 620 3530 674 documenta.
3563 620 3794 676 Christi.

2462 833 2616 886 mine
2659 831 2755 887 die
2796 832 3096 888 Dominica
3143 831 3234 897 22,
3274 833 3538 890 Januarii

2457 934 2606 976 anno
2661 921 2970 990 superiori.
3024 923 3184 978 Sedit
3270 937 3386 979 ann
3444 937 3535 993 xv,

2462 1023 2534 1064 m.
2566 1024 2643 1080 IV,
2681 1010 2734 1064 d.
2771 1026 2824 1065 v.

2530 1099 2588 1153 In
2638 1099 2870 1154 laciniis
2918 1099 3172 1171 Catalogi
3200 1100 3371 1156 Liber
3394 1099 3541 1155 male

2458 1189 2722 1244 consutis
2750 1204 2847 1258 per
2875 1189 3146 1246 librarios
3171 1191 3230 1245 bi
3256 1190 3394 1245 Coss
3422 1205 3542 1260 per-

2455 1278 2624 1332 tracti
2670 1278 2738 1333 ad
2792 1279 3065 1349 Soterem,
3132 1279 3420 1348 pertinent
3463 1279 3536 1334 ad

2453 1365 2849 1422 Eleutherium
2905 1367 2987 1422 ibi
3046 1368 3431 1436 deperditum,
3483 1373 3540 1422 et

2458 1454 2900 1527 restituendum,
2929 1456 3073 1513 utin
3107 1456 3260 1513 notis
3287 1457 3354 1512 ad
3377 1456 3539 1512 Eleu-

2452 1543 2704 1599 therium
2719 1584 2732 1597 .

2527 1684 2846 1740 Eleutherii
2877 1683 2900 1739 4
2938 1693 2993 1742 et
3017 1684 3070 1741 2.

2527 1774 2606 1828 De
2658 1776 3054 1842 persecutione
3109 1776 3379 1832 nonnihil
3438 1789 3534 1832 re—

2456 1862 2629 1916 missa
2675 1862 2780 1917 hoc
2818 1877 2967 1918 anno
3017 1873 3141 1934 post
3191 1866 3529 1936 martyrium

2456 1951 2691 2020 Soteris,
2727 1953 2855 2008 vide
2885 1960 3048 2009 notas
3072 1969 3180 2026 pag
3203 1953 3306 2010 432
3329 1961 3385 2009 et
3414 1952 3534 2010 I39.

2456 2040 2524 2094 Et
2548 2045 2860 2110 praesertim
2897 2043 2955 2097 in
2984 2044 3116 2098 Asia
3152 2044 3344 2098 minus
3367 2044 3541 2099 saevi—

2458 2133 2582 2184 tum
2615 2139 2740 2200 post
2759 2131 3069 2200 Epistolam
3091 2134 3165 2187 Μ.
3198 2133 3442 2196 Aurelii,
3467 2133 3536 2187 ad

2459 2220 2720 2275 eumdem
2752 2234 2966 2276 annum
2996 2221 3344 2276 referendam
3368 2221 3538 2276 exibi

2459 2307 2736 2376 probatis,
2786 2323 2915 2363 cum
2958 2311 3189 2365 dicatur
3232 2317 3301 2364 tr.
3339 2325 3392 2378 p.
3424 2323 3538 2364 xxv

2456 2401 2514 2449 et
2531 2396 2704 2450 titulo
2720 2396 3043 2451 Armeniaci
3067 2399 3365 2467 jungatur.
3399 2398 3541 2452 Vide

2461 2482 2543 2536 ibi
2568 2485 2856 2538 adnotata.

2525 2569 2984 2624 Christianorum
3000 2570 3248 2624 militum
3268 2570 3536 2638 precibus

2458 2657 2654 2728 pluvia
2705 2659 3024 2727 impetrata,
3083 2659 3184 2713 siti
3237 2658 3534 2714 laborante

2455 2749 2708 2803 exercitu
2741 2748 3015 2819 Romano,
3042 2754 3099 2802 et
3119 2749 3374 2804 hostium
3403 2761 3540 2802 cas-

2456 2841 2543 2892 tra
2574 2836 2822 2892 turbata.

2525 2981 2844 3036 Eleutherii
2869 2979 2905 3037 2
2934 2987 2991 3036 et
3017 2979 3070 3036 3.

2527 3070 2582 3125 S.
2615 3070 2886 3124 Felicitas
2911 3083 3039 3124 cum
3065 3065 3120 3123 7.
3161 3067 3328 3122 Filiis
3349 3067 3542 3124 Romae

2455 3171 2620 3228 passa
2655 3177 2666 3212 :
2729 3159 2849 3228 ipsa
2881 3158 3109 3228 quidem
3145 3153 3215 3210 24
3257 3157 3541 3212 Novembr

2244 3251 2382 3300 etem
2454 3256 2509 3302 et
2549 3247 2674 3315 ejus
2727 3246 2893 3308 liberi
2948 3261 2982 3300 χ
3034 3245 3198 3300 Julii.
3250 3245 3416 3301 Petav
3466 3245 3538 3300 ad

2221 3335 2410 3390 diebus
2463 3336 2615 3392 hunc
2640 3348 2873 3392 annum.

2210 3427 2411 3478 asticis

2213 3513 2275 3567 0.
2315 3510 2422 3569 238

2306 3620 2325 3657 Ῑ

2307 4046 2327 4084 Ῑ

2289 4136 2331 4174 ΙΙ

2291 4918 2333 4956 ll

2282 5006 2347 5044 III

2525 4031 2887 4088 Eleutheurii
2913 4030 2949 4087 3
2975 4036 3030 4087 et
3059 4029 3111 4086 4.

2524 4122 2789 4176 Petavius
2835 4122 2905 4176 ad
2963 4121 3020 4176 b.
3074 4135 3133 4176 a.
3197 4119 3370 4176 refert
3419 4120 3542 4191 plu-

2459 4210 2606 4264 viam
2639 4210 3101 4266 Christianorum
3135 4211 3386 4266 militum
3425 4224 3546 4279 pre-

2457 4299 2626 4355 cibus
2655 4314 2686 4354 a
2726 4301 2838 4355 Deo
2874 4301 3233 4370 impetratam
3265 4300 3542 4356 Romanis

2461 4390 2668 4456 Copiis,
2721 4397 2778 4443 et
2811 4390 3108 4444 victoriam
3158 4389 3292 4444 inde
3323 4399 3540 4458 partam

2454 4477 2526 4532 de
2555 4479 2776 4544 Quadis
2804 4492 2872 4534 ex
2903 4479 3170 4550 Eusebio,
3206 4478 3538 4549 Xiphilino,

2457 4579 2524 4620 ac
2552 4566 2752 4623 Dione.

2468 4891 2482 4904 “
2523 4901 2841 4959 Eleutherii
2881 4902 2914 4959 4
2938 4912 2994 4962 et
3021 4904 3081 4962 5.

2524 4990 2769 5048 Avidius
2804 4993 3038 5050 Cassius
3070 4995 3129 5049 in
3177 4993 3412 5050 Oriente
3442 5007 3546 5049 re—

2460 5079 2654 5150 bellat,
2701 5087 2760 5136 et
2805 5096 2994 5138 mense
3021 5083 3178 5139 Julio
3226 5083 3540 5139 occiditur.

2459 5169 2684 5225 Marcus
2712 5172 2833 5240 Imp
2865 5172 2924 5224 in
2953 5171 3231 5226 orientem
3268 5170 3546 5241 proﬁcis-

2460 5259 2632 5312 citur.
2668 5261 2869 5330 Lydiat
2897 5268 2954 5317 et
2983 5262 3248 5317 Petavius
3277 5261 3347 5316 ad
3378 5261 3434 5315 h.
3481 5273 3538 5315 a.

2460 5360 2528 5401 ex
2559 5347 2698 5405 hist.

3638 1683 3756 1742 472

3606 1777 3765 1832 Biss.

3641 2979 3758 3040 473

3638 4027 3746 4087 474

3645 4902 3752 4962 475
