3922 6404
105 326 235 386 549
1123 334 1464 393 CHRONOL.
1509 330 1654 389 CON:

2010 336 2135 392 ΗΕΒ.
2185 336 2336 394 ROM
2346 379 2359 392 .
2405 340 2550 393 ETC.
3453 341 3559 401 550

165 454 337 532 A_nni
418 455 799 524 Imperatores,
876 456 1152 532 Ponsules,
1215 461 1495 513 Romano—
1555 461 1711 532 Anni
1811 460 1870 519 A
1953 459 2129 532 ⁸Αηηὶ
2203 464 2658 530 Christianorum,
2699 464 3013 519 Iudaeorum
3064 471 3116 520 et
3157 468 3281 532 ﬁnis
3363 469 3520 522 Anni

195 524 325 607 ξεις.
476 542 602 580 rum
630 544 715 581 res
741 532 921 598 gestae,
952 533 1003 583 et
1057 530 1394 585 documenta.
1578 529 1734 607 Ηυξ
1937 528 2150 601 Otymp.
2265 535 2517 587 timorum
2556 524 2909 603 populorum,
2966 524 3267 607 Pontiﬁces,
3389 540 3534 592 Era:

195 596 370 680 Jul.“
911 596 917 598 ⁷
1538 606 1663 680 ante
1686 604 1763 680 et.-
2006 596 2017 598 ἡ
2088 596 2110 601 ”
2255 619 2427 671 reges,
2477 596 2575 659 res'
2615 596 2778 672 gesta
2810 612 2861 660 et
2898 596 3266 663 'docum'enta.
3330 609 3557 664 Christi.

148 664 388 810 εέἓιὲιί.
1479 676 1607 742 post
1621 670 1787 727 Pam.

413 851 468 923 2,
500 859 556 910 et
606 853 847 928 4082,9,
906 862 963 914 et
1009 856 1134 927 508,
1184 856 1236 929 4,
1291 858 1509 916 Reland
2192 849 2293 919 qui
2316 848 2389 905 ab
2417 864 2567 906 anno
2614 855 2957 921 praecedenti
3016 856 3275 912 vicarius

413 957 483 1000 ex
524 959 586 1016 ιι,
627 954 684 1002 ει
726 944 779 1017 3,
828 960 878 1003 c.
933 948 1005 1004 de
1056 949 1265 1021 pignor
1313 949 1505 1006 actio.
2176 935 2365 994 fuerat
2418 946 2474 994 et
2538 943 2844 1011 episcopus
2926 943 3256 1000 ordinatus.

421 1047 492 1089 ne
518 1041 647 1099 ,etc.
1917 1027 1922 1030 ’
2253 1026 2397 1082 Vide
2428 1035 2593 1084 notas
2625 1045 2678 1100 p.
2715 1027 2819 1086 478
2848 1036 2905 1088 et
2934 1032 3258 1104 Prolegom.

411 1126 576 1180 Anno
598 1126 777 1194 primo
802 1125 1006 1180 SEVERI
1032 1127 1358 1182 ALEXANDM
1407 1129 1508 1195 fa—
2187 1113 2284 1171 fOl-
2321 1128 2445 1171 XCV.

414 1220 502 1269 σία
527 1219 606 1268 est
633 1227 731 1268 XIV
767 1214 1060 1270 Paschalis
1088 1215 1291 1271 Idibus
1318 1215 1507 1285 April.
2254 1203 2369 1259 Hoc
2397 1218 2549 1261 anno
2567 1206 2787 1262 decima
2807 1213 3012 1278 quarta
3033 1209 3277 1265 Pascha-

414 1302 680 1360 Sabbato.
723 1305 970 1358 Marmor
1006 1304 1063 1358 S.
1123 1303 1415 1373 Hippolyti
1438 1317 1508 1359 ex
2188 1289 2263 1347 lis
2288 1292 2496 1348 incidit
2529 1295 2587 1350 in
2631 1296 2785 1351 diem
2828 1296 3035 1352 Iduum
3095 1297 3277 1369 Apri-

412 1398 633 1449 οωηιθι,
682 1392 736 1446 s.
795 1394 945 1447 Laur
996 1393 1055 1446 in
1106 1406 1245 1464 agro
1289 1395 1508 1449 Veram
2192 1378 2335 1435 lium
2387 1382 2653 1439 Sabbato.
2729 1386 2806 1439 Ex
2879 1400 3159 1442 marmore
3215 1387 3270 1442 S.

413 1480 754 1537 translatum
787 1481 847 1534 in
876 1480 1152 1536 Biblioth.
1187 1480 1351 1536 Vatic
1377 1482 1511 1537 edi—

2196 1468 2491 1541 Iiippolyti
2539 1479 2832 1529 asservato
2875 1475 2932 1529 in
2990 1474 3266 1531 biblioth.

414 1570 589 1625 iusin
611 1569 776 1624 Notis
808 1582 917 1641 pag
948 1566 1070 1624 460.
1132 1569 1340 1624 Eodem
1389 1584 1502 1625 an-
2188 1557 2496 1625 Vaticanae,
2567 1561 2773 1618 effosso
2820 1576 2887 1619 ex
2945 1567 3273 1619 cmmeterio

415 1672 487 1714 no
516 1658 967 1728 persecutionem
993 1665 1220 1715 movent
1247 1659 1304 1713 in
1325 1658 1503 1714 Chri-

2200 1647 2259 1703 in
2291 1663 2426 1719 agro
2454 1651 2672 1706 Verano
2705 1666 2814 1722 pag
2841 1650 2961 1717 460,
3019 1652 3120 1707 ubi
3177 1658 3262 1708 est

412 1749 634 1804 stianos
670 1747 1105 1814 Jurisconsulti,
1163 1748 1234 1803 de
1289 1748 1506 1818 quibus
1819 1808 1868 1818 _
2197 1740 2393 1811 cyclus
2420 1739 2714 1795 Paschalis
2749 1755 2846 1810 per
2869 1741 3279 1797 Heccaedecae-

416 1850 567 1892 anno
594 1836 881 1906 sequenti-
1097 1808 1105 1814 I
1307 1808 1324 1818 ⁸
1818 1808 1872 1869 Β
2196 1808 2411 1885 teridas
2433 1808 2753 1884 contextus.

190 1942 344 2001 4936
485 1946 605 2013 [np
645 1944 795 1998 Caess
845 1942 1021 1998 Aurel
1092 1943 1195 1999 Sev
1245 1943 1503 1999 Alexan-
1593 1939 1701 1999 975
2020 1950 2060 1992 ιι
2256 1936 2470 1991 Urbani
2512 1934 2689 1991 let2.
3354 1934 3462 1993 223

195 2034 236 2089 8
265 2048 308 2088 ιι
411 2034 514 2088 der
536 2047 592 2102 p.
622 2046 697 2086 in.
720 2038 794 2086 tr.
826 2028 849 2085 4
903 2029 958 2096 2,
1013 2046 1130 2086 cos.
1593 2028 1701 2086 976
2011 2039 2075 2080 ιιι
2261 2028 2317 2080 S.
2350 2024 2617 2080 Urbanus
2645 2027 2894 2095 primum
2923 2026 3137 2081 Pascha
3177 2039 3278 2081 ce—

243 2124 296 2176 F
466 2156 606 2211 COSS
643 2121 701 2175 C.
778 2120 1303 2207 MariusMaximus
1330 2133 1392 2174 ιι.

646 2191 702 2245 L.
775 2192 1020 2245 Roscius
1100 2190 1387 2246 Julianus.

2191 2113 2375 2169 lebrat
2405 2116 2497 2169 sui
2530 2121 2667 2184 pont
2720 2116 2858 2169 Rom
2906 2114 2998 2169 his
3058 2128 3154 2169 cos
3181 2115 3276 2170 die

2181 2202 2481 2258 Dominica
2513 2216 2615 2257 vut
2644 2203 2779 2258 Idus
2813 2202 3054 2271 Aprilis,
3094 2208 3158 2258 ut
3208 2204 3268 2257 in

495 2280 662 2378 cmi.
700 2276 852 2378 tuos
870 2277 915 2378 ξ.
1177 2368 1220 2378 _
1257 2367 1271 2378 _
2182 2249 2778 2362 E;¢i3‘§fin,;;,},i;ti'
2796 2249 3268 2362 spissis:

499 2367 669 2422 Noris
697 2368 1025 2436 EpiSlCOIlS
1080 2380 1150 2421 ex
1177 2367 1293 2422 Tab
1324 2380 1499 2423 aenea.
2184 2377 2446 2447 Quareet
2506 2380 2563 2433 hi
2619 2394 2768 2434 coss.
2832 2380 3006 2449 primi
3061 2380 3113 2434 ei
3171 2379 3276 2434 tri-

421 2456 573 2523 Spon
606 2452 731 2520 264,
787 2455 1028 2509 Fabrett
1068 2453 1201 2516 599,
1255 2456 1509 2511 Alexan-
2187 2466 2469 2522 buuntur.
2501 2466 2636 2520 Vide
2666 2475 2829 2522 notas
2876 2482 2983 2537 pag
3034 2463 3156 2521 478.
3312 2511 3317 2514 .

421 2545 523 2599 der
543 2543 946 2613 Papinianum,
968 2544 1229 2613 Paulum,
1252 2545 1502 2613 Pompo-

2253 2554 2468 2609 Judaeis
2521 2554 2593 2609 ab
2646 2555 2971 2610 Alexandro
3029 2567 3272 2612 conces—

417 2632 601 2694 nium,
628 2631 877 2696 Celsum,
911 2631 1315 2702 Modestinum,
1375 2632 1490 2688 Ve—
1764 2698 1767 2699 ν
2181 2656 2330 2711 sum,
2382 2648 2446 2697 ut
2496 2641 2823 2711 praefectum
2873 2657 3039 2697 suum
3099 2641 3280 2696 habe-

419 2720 677 2789 nulejum
708 2719 869 2774 JCtos
902 2720 1289 2788 peritissimos
1327 2720 1496 2775 adhi-

2180 2737 2327 2797 rent,
2370 2736 2426 2787 et
2479 2732 2538 2786 in
2600 2731 2902 2787 Palaestina
2949 2731 3275 2787 habitarent

416 2808 510 2863 bet
530 2808 921 2863 cnnsdiarios.
956 2808 1061 2863 Sed
1094 2808 1152 2863 hi
1198 2809 1493 2865 Cbristia-
2175 2819 2465 2876 Calvisius
2486 2834 2555 2876 ex
2604 2819 2872 2876 Eusebio.

420 2909 493 2953 no
522 2897 741 2953 nomini
776 2895 989 2952 infensi
1047 2898 1501 2966 persecutionem

419 2993 618 3042 contra
642 2986 1007 3041 Christianos
1034 2992 1282 3042 movent.
1311 2988 1495 3043 Petav.

412 3074 482 3129 ad
513 3088 647 3129 ann.
685 3076 922 3144 praaced.
951 3088 1019 3130 ex
1064 3076 1352 3145 Lamprid.

183 3159 338 3220 4937
483 3164 623 3232 Imp.
650 3130 767 3218 Caes
798 3166 868 3218 Μ.
901 3165 1022 3220 Aur
1064 3163 1166 3219 Sev
1202 3130 1355 3220 .Alex
1399 3169 1507 3220 etc.
1584 3161 1691 3221 976

1994 3174 2057 3215 ιιι
2248 3158 2463 3215 Urbani
2491 3155 2529 3213 2
2557 3163 2614 3214 et
2635 3157 2690 3215 3.
3353 3156 3460 3217 224

182 3251 237 3323 9,
272 3250 352 3308 46
418 3261 492 3306 tr.
515 3267 568 3322 p.
598 3250 670 3308 23
697 3254 823 3307 Cos.
1595 3250 1702 3310 977
1990 3259 2048 3302 tv
2247 3247 2569 3302 Alexander
2602 3249 2659 3303 in
2687 3263 2793 3306 suo
2842 3249 3056 3305 larario
3112 3249 3267 3303 inter
3361 3248 3485 3303 Biss

201 3345 251 3397 D
282 3346 327 3395 ι)
450 3377 588 3432 COSS
632 3382 644 3394 .
678 3381 690 3394 .
724 3383 736 3396 .
767 3342 1039 3423 Julianus
1064 3356 1123 3395 ιι.
2181 3334 2505 3391 illustrium
2569 3337 2825 3393 virorum
2903 3345 2961 3393 et
3019 3339 3257 3393 deorum

633 3453 645 3466 .
677 3453 689 3466 .
719 3454 732 3466 .
768 3413 1097 3482 Crispinus.
1670 3427 1679 3431 '
2181 3437 2417 3479 suorum
2452 3424 2618 3495 signa
2649 3427 2893 3481 collocat
2922 3427 3093 3480 etiam
3148 3426 3264 3480 ima

419 3501 646 3557 Fabrett
718 3502 967 3572 inscript
1038 3518 1093 3571 p.
1178 3500 1285 3558 695
1356 3516 1496 3560 num
2178 3512 2367 3581 ginem
2443 3513 2646 3566 Christi
2715 3515 2935 3569 Domini
2998 3511 3266 3583 Lamprid

412 3589 608 3647 260ex
640 3606 753 3662 quo
804 3591 947 3645 Card
999 3592 1169 3645 Noris
1218 3592 1278 3645 in
1336 3592 1500 3661 Epist
2186 3598 2245 3653 in
2267 3600 2395 3668 ejus
2424 3600 2584 3655 Vita.

412 3682 717 3737 Consulari
752 3696 804 3749 p.
840 3677 961 3735 437.
990 3680 1205 3735 Reland
1228 3693 1298 3735 et
1342 3680 1381 3735 l.
1438 3694 1497 3736 ιι
2412 3710 2419 3717 -

411 3771 452 3827 C
475 3771 546 3826 de
578 3767 771 3823 inoﬁic
799 3773 1001 3823 testam
1029 3774 1138 3831 etc,

486 3859 771 3928 Ulpianus
789 3858 957 3913 JCtus
976 3857 1246 3928 insignis,
1276 3863 1332 3912 et
1362 3856 1505 3927 praef

417 3951 688 4019 praetorio
743 3960 775 4001 a
825 3944 1118 4000 militibus
1200 3946 1503 4014 praztt-ria-

414 4038 509 4092 nis
542 4035 912 4090 interﬁcitur.

190 4125 339 4184 4938
485 4127 606 4194 Imp
661 4124 781 4180 Caes
834 4124 905 4178 Μ.
954 4123 1075 4178 Aur
1121 4123 1287 4179 Sever
1356 4123 1496 4179 Ale—
1592 4121 1698 4181 977
1986 4112 2078 4168 Ol.
2250 4108 2460 4165 Urbani
2493 4106 2606 4164 3et
2632 4105 2685 4163 4.
3351 4108 3460 4165 225

178 4213 351 4288 40,47
411 4215 629 4270 xander
658 4222 745 4269 etc
777 4219 847 4269 tr.
886 4230 940 4284 p.
968 4211 1004 4269 3
1058 4211 1110 4283 4,
1159 4228 1275 4269 cos.
1586 4210 1693 4270 978
1976 4196 2085 4254 250
2240 4198 2533 4288 Olympias
2562 4209 2680 4288 cctt
2701 4201 2848 4288 acta.
2882 4199 3116 4288 Estanr.
3172 4218 3198 4256 ις

450 4340 590 4396 coss
630 4345 643 4358 .
682 4344 697 4358 .
726 4347 737 4357 .
768 4308 788 4326 '
811 4304 1029 4360 Fuscus
1058 4316 1116 4373 ιι,
2002 4300 2057 4343 Iv
2162 4287 2599 4358 ’olympiadicus
2626 4283 2781 4341 4004.
2806 4286 3019 4343 Calvis.

633 4417 646 4430 .
680 4417 693 4429 .
759 4379 778 4398 "
803 4376 1026 4429 Dexter.
2014 4381 2065 4432 et

486 4417 697 4557 Gruter
736 4463 771 4519 9
803 4417 1075 4557 2v-e‘tw:2.4_,
1109 4479 1248 4557 qua:
1287 4464 1497 4557 inscri-
1812 4495 1865 4557 D
1934 4417 2124 4522 0.

416 4555 537 4625 ptio
571 4568 725 4609 nunc
748 4559 835 4609 est
867 4554 926 4608 in
966 4553 1184 4608 Palatio
1208 4554 1499 4608 Farnesia-
1812 4553 1853 4557 —
2031 4571 2049 4611 1

411 4657 507 4700 no.
540 4644 730 4699 Roma:
760 4642 918 4697 alius
950 4641 1097 4711 lapis
1126 4641 1362 4698 Gruteri
1395 4639 1500 4697 493

420 4731 1452 4789 asservabaturinaedibusCaesarinis
1468 4746 1502 4787 a

419 4836 510 4879 me
535 4827 847 4893 spectatus,
874 4822 931 4877 in
958 4834 1072 4893 quo
1105 4822 1214 4894 legi
1255 4822 1500 4877 Dedica—

409 4914 490 4967 vit
514 4914 563 4967 Κ
582 4912 856 4965 Decembr.
881 4912 951 4965 L.
986 4912 1235 4981 Turpilio
1277 4914 1354 4965 De
1384 4951 1397 4964 .
1431 4950 1446 4964 .
1477 4950 1491 4964 .

419 5015 483 5055 ro
506 5001 581 5054 M.
607 5002 776 5055 Mecio
800 5002 942 5068 Rufo
964 5015 1070 5054 cos.
1098 5000 1203 5055 Sed
1249 4998 1506 5054 credun-

418 5095 515 5145 tur
549 5090 606 5143 hi
634 5104 763 5145 coss
812 5089 1059 5145 sutfecti.
1117 5088 1259 5143 Vide
1308 5087 1506 5142 Relan—

418 5179 557 5234 dum
580 5184 636 5234 et
664 5180 722 5234 in
755 5193 819 5235 eo
852 5179 868 5233 I
898 5176 1007 5233 2C.
1040 5178 1110 5233 de
1159 5182 1363 5232 testam
1411 5181 1501 5231 etc

412 5268 735 5325 Alexander
780 5269 930 5323 Ther
956 5282 1057 5321 uas
1106 5268 1293 5321 Romae
1364 5279 1510 5320 con-

408 5358 606 5425 struit,
639 5358 790 5428 leges
815 5356 1034 5425 condit,
1058 5364 1114 5410 et
1143 5354 1505 5410 Mathemati-

413 5460 513 5502 cos
532 5446 737 5503 docere
765 5445 1030 5501 instituit
1053 5458 1120 5500 ex
1154 5441 1504 5512 Lampridio.

201 5531 338 5592 4939
482 5538 604 5606 Imp
639 5537 759 5592 Caes
815 5537 887 5591 Μ.
938 5534 1059 5591 Aur
1109 5532 1211 5589 Sev
1252 5531 1508 5588 Alexan—
1577 5527 1686 5586 978
1804 5530 1809 5537 ’
2028 5541 2044 5583 ι
2250 5517 2694 5579 Urbani4et5.
3348 5516 3456 5577 226

197 5620 255 5679 44
293 5621 361 5681 48
409 5626 513 5683 der
535 5630 645 5681 etc.
680 5630 753 5680 tr.
786 5640 841 5695 p.
874 5621 909 5680 4
933 5629 990 5680 et
1014 5621 1068 5693 5,
1103 5636 1204 5680 cos
1233 5635 1294 5691 ιι,
1408 5674 1411 5677 .
1578 5616 1686 5675 979
2008 5630 2047 5670 ιι
2255 5613 2589 5668 Artaxerces
2635 5610 2805 5666 Persa
2831 5606 3029 5666 deﬁcit
3063 5620 3097 5665 a
3126 5608 3260 5664 Par-
