3922 6438
133 387 241 445 553
1131 396 1471 453 CHRONOL.
1521 396 1803 454 CONSUL.
1854 399 1942 455 ET
1980 401 2137 458 CIES.
2184 404 2354 460 ROM.
2401 405 2544 459 ETC.
3442 409 3552 468 554

203 515 351 606 Anni
421 519 1466 606 Imperatores,Consules,Ro!nanorum
1557 525 1712 606 inn}
1801 525 1863 586 A
1942 530 2120 606 Anni
2189 533 2649 600 Christianorum,
2681 536 2996 591 Iudaeorum
3030 543 3079 590 et
3124 539 3265 606 ﬁni—
3326 537 3486 595 Anni

178 586 360 677 ﬂevit);
502 586 518 588 7
629 608 714 647 res
788 600 970 661 gestae,
1031 586 1085 650 et
1150 597 1489 652 documenta.
1576 596 1714 677 U.
1930 600 2141 672 Olymp.
2198 586 2213 589 θ
2255 586 2513 659 ﬁnierunt
2542 586 2884 675 ‘pepeieililei
2908 586 3264 677 “Pontiﬁces,
3326 586 3484 664 TE};

166 657 225 710 ἀί
266 657 377 742 Jul;
790 657 809 661 ⁷
1568 671 1697 721 ante
1995 657 2020 670 υ
2079 657 2102 672 ⁵
2132 657 2135 658 ν
2176 657 2348 747 reges,
2389 657 2505 732 res
2533 657 3264 745 ﬁestaéuetwdocnrnentnf’
3297 657 3524 735 Cit—risk.

156 733 208 781 et
223 729 387 797 egoh.
1536 742 1589 793 et
1626 740 1751 797 post
3400 784 3407 791 -

374 768 387 782 ‘
1536 753 1589 793 ετ
1626 753 1751 793 υοετ

3400 784 3406 791 η

199 752 387 872 es“
3400 784 3481 838 ε

205 901 341 960 4944
489 909 609 978 Imp
633 908 753 965 Caes
772 912 845 965 M.
887 910 1008 967 Aur
1035 912 1139 969 Sev
1185 913 1509 971 Alexander
1595 912 1705 971 983

2011 904 2054 943 ιι
2182 889 2450 949 Pontiani
2486 889 2510 946 4
2541 896 2601 949 et
2626 889 2683 948 2.
3348 888 3449 949 234

206 990 287 1058 46,
308 990 343 1049 4
419 999 508 1051 etc
542 1001 611 1051 tr.
645 1012 700 1067 p.
729 996 784 1064 9,
816 997 903 1070 10,
930 1000 1038 1057 Cos
1066 999 1121 1057 3.
1591 1000 1700 1061 984

1851 1023 1861 1035 .
1904 1033 1908 1036 ,
2003 992 2068 1033 III
2247 978 2527 1053 Origenes
2546 994 2759 1038 annox
2804 981 3121 1039 Alexandri
3140 981 3268 1038 Cas-

246 1081 290 1136 B
415 1119 555 1177 COSS
596 1125 611 1140 ,
645 1058 675 1139 ’,
721 1058 1002 1144 ,έάίρίοδ
1096 1091 1497 1162 pompeium.
1600 1058 1613 1061 ⁷
1645 1058 1693 1060 Ἢ
2182 1082 2404 1126 saream
2451 1069 2737 1143 confugit,
2806 1070 3013 1128 relicta
3066 1070 3265 1127 schola

595 1197 609 1210 .
655 1198 668 1211 .
714 1199 727 1213 .
808 1163 827 1181 "
859 1160 1228 1231 Pelignanus.
2176 1158 2588 1231 Alexandrina,
2608 1161 3085 1231 cuipraaeratJbi
3104 1174 3269 1218 mor-

595 1197 609 1210 ο
655 1198 668 1211 ο
714 1199 727 1213 ι
859 1197 880 1213 ι
899 1197 1228 1231 υιιῦιιυιιιιιο.
2176 1197 2456 1217 ιιιυδιαιιυι
2472 1197 2588 1231 sua,
2608 1197 2706 1217 ναι
2726 1197 2781 1231 γι
2795 1197 2895 1217 ωυι
2907 1197 2987 1219 «ιι.

485 1246 797 1317 Inscriptio
837 1248 1015 1305 Gudii
1078 1251 1229 1322 apud
1284 1252 1501 1310 Reland
2181 1252 2283 1303 tuo
2322 1248 2613 1305 Demetrio
2658 1248 2933 1320 episcopo
2992 1249 3263 1307 Heraclas

411 1333 472 1389 in
498 1335 687 1392 Fastis
714 1342 773 1393 et
803 1337 840 1393 i.
869 1337 905 1394 3
932 1337 994 1394 C.
1023 1340 1095 1396 de
1127 1340 1501 1411 probationi-
2180 1337 2462 1393 succedit.
2496 1338 2600 1393 Per
2638 1338 2697 1393 id
2728 1343 2955 1408 tempus
2979 1339 3262 1411 Origenes

413 1423 522 1481 bus
546 1429 656 1481 etc.
2180 1425 2443 1482 creditur
2466 1426 2740 1498 Hexapla,
2776 1440 2997 1483 necnon
3024 1427 3265 1499 Octapla

484 1515 624 1571 Vota
674 1516 1018 1575 Decennalia
1045 1519 1257 1591 soluta,
1292 1525 1350 1577 et
1395 1521 1505 1578 Vi-
2183 1515 2601 1586 composuisse,
2623 1527 2756 1570 cum
2781 1516 2877 1572 sui
2904 1516 3265 1574 studiosissi-

407 1604 678 1660 cennalia
703 1613 1052 1678 nuncupata.
1084 1609 1343 1665 Victoria
1375 1612 1502 1667 Per-
2183 1616 2306 1660 mos
2334 1605 2637 1675 episcopos
2683 1610 2887 1663 nactus
2933 1613 3083 1663 esset
3131 1607 3268 1664 Fir-

408 1694 550 1750 sica.
572 1695 893 1767 Mediobex
926 1710 1064 1754 num
1090 1703 1147 1755 et
1174 1698 1313 1754 hist.
2182 1693 2491 1751 milianum
2538 1695 2807 1753 Caesareae
2864 1698 2924 1753 in
2956 1695 3261 1768 Cappado-

2180 1784 2294 1855 cia,
2316 1783 2704 1841 Alexandrum
2735 1786 3262 1858 Hierosolymorum

1813 1846 1870 1910 Β
2178 1876 2237 1928 et
2253 1846 2648 1931 Theoctistum
2692 1874 2963 1931 Caesarem
2990 1846 3048 1931 in
3075 1874 3263 1931 Palat—

2178 1961 2357 2018 stina.
2386 1962 2554 2018 Petav
2575 1976 2639 2018 ex
2688 1963 2954 2035 Epipban
2996 1964 3070 2020 de
3113 1962 3264 2033 pond

2181 2055 2238 2105 et
2286 2063 2448 2105 mens
2478 2056 2536 2107 et
2582 2064 2653 2107 ex
2700 2050 2891 2108 Euseb
2935 2050 3057 2107 hist
3098 2050 3160 2107 C.
3205 2048 3261 2120 6,

2180 2152 2287 2209 cap
2306 2136 2399 2195 20.

196 2253 343 2314 4945
488 2261 612 2329 Imp
664 2260 785 2318 Caes
850 2263 954 2319 Sev
1025 2263 1348 2321 Alexander
1393 2269 1500 2321 etc.
1576 2262 1683 2321 984

2003 2259 2069 2299 1n
2249 2246 2520 2305 Pontiani
2558 2245 2596 2303 2
2624 2252 2680 2305 et
2711 2246 2767 2305 3.
3374 2243 3484 2304 232

188 2339 277 2408 47,
315 2343 354 2402 5
420 2350 494 2402 ιιι,
521 2362 576 2418 p,
611 2345 698 2419 to,
734 2346 823 2420 Μ,
853 2351 961 2407 Cos
986 2349 1040 2422 3,
1596 2351 1705 2410 935
2016 2348 2070 2390 1v
2249 2337 2441 2393 Floret
2458 2338 2795 2396 Theodorus
2820 2337 2919 2410 qui
2950 2342 3008 2394 et
3048 2338 3264 2410 Grego-
3336 2337 3481 2393 Bias.

195 2436 250 2490 Α
303 2433 352 2489 θ
423 2469 566 2527 Cass
645 2477 664 2561 :
717 2478 735 2562 :
790 2478 808 2561 :
856 2441 1165 2567 initiis“.

2185 2425 2313 2481 rius
2338 2431 2717 2499 cognomento
2768 2427 3271 2498 Thaumarturgus

2182 2514 2514 2585 discipulus
2571 2514 2842 2587 Origenis
2894 2529 3025 2572 cum
3091 2513 3271 2572 fratre

489 2594 741 2652 Fabretti
772 2597 932 2654 inscr
965 2614 1020 2670 p.
1065 2596 1192 2667 676,
1211 2604 1269 2656 et
1291 2600 1503 2670 Cuperi
2184 2602 2575 2660 Athenodoro.
2631 2602 2820 2660 Euseb
2868 2603 2952 2659 ibi
3016 2616 3123 2674 cap
3174 2601 3270 2675 23,

413 2695 666 2740 mouum.
716 2685 896 2757 Antiq
945 2702 1000 2757 p.
1056 2685 1187 2757 230,
1243 2694 1300 2745 et
1348 2689 1504 2761 leges
2185 2704 2404 2749 necnon
2450 2691 2781 2749 Africanus.
2833 2692 3005 2748 Petav
3035 2705 3105 2749 ex
3145 2690 3276 2748 Eu-

415 2773 566 2841 apud
600 2773 815 2831 Reland
871 2784 1239 2849 enumerata,
1289 2782 1357 2834 ut
1386 2778 1426 2834 l.
1469 2775 1506 2834 3
2183 2779 2300 2837 seb.

417 2859 475 2915 C.
507 2861 578 2917 de
598 2863 820 2919 Testam
843 2870 952 2921 etc.
1688 2916 1693 2921 .
2253 2868 2598 2926 Ammonius
2639 2869 3014 2927 Christianus
3068 2868 3272 2941 philo-

493 2951 850 3023 Triumphus
877 2955 1144 3012 Persicus
1188 2955 1501 3013 Alexandri
2189 2958 2452 3028 saphiam
2503 2958 2856 3016 Platonicam
2906 2958 3275 3016 Alexandriae

420 3038 654 3095 Romam
683 3044 918 3112 reversi,
951 3043 1048 3100 ubi
1073 3043 1233 3100 Felix
1255 3044 1498 3101 dicitur.
2182 3048 2506 3118 proﬁtetur,
2558 3048 2730 3117 cujus
2772 3047 3114 3118 discipulus
3159 3045 3276 3105 fuit

418 3126 791 3199 Congiarium
832 3133 893 3188 ν.
941 3132 1170 3189 Mediob
1206 3147 1276 3189 ex
1327 3147 1508 3189 num—
1816 3174 1866 3209 ρ
2182 3135 2542 3209 Porphyrius
2589 3136 2907 3209 Lycopolit.
2988 3138 3159 3194 Petav
3206 3149 3277 3193 ex

848 3174 893 3188 ν·
1206 3174 1276 3189 νί·
1816 3174 1867 3238 ο
2180 3174 2460 3283 arm"

544 3256 557 3270 .
2296 3226 2460 3298 phyr.

488 3305 597 3362 Res
618 3304 869 3364 feliciter
894 3315 1134 3379 peracta;
1183 3312 1245 3367 in
1275 3312 1504 3368 Mauri—

418 3394 576 3450 tania
604 3396 912 3468 Tingitana
958 3413 1058 3468 per
1080 3400 1320 3456 Furium
1368 3400 1504 3455 Cel—

422 3495 573 3551 sum,
607 3484 665 3538 in
718 3485 952 3556 lllyrico
984 3501 1083 3557 per
1112 3489 1348 3545 Varium
1376 3491 1507 3545 Ma—

416 3571 668 3642 crinum,
704 3574 766 3628 in
792 3575 1066 3632 Armenia
1117 3588 1217 3645 per
1268 3577 1506 3633 Iunium

419 3659 764 3716 Palmatum.
794 3662 999 3732 Lydiat
1029 3675 1100 3718 ex
1127 3663 1269 3719 hist.

199 3745 349 3806 4946
496 3750 618 3819 Imp
682 3750 803 3805 Caes
845 3731 970 3804 Sex
1045 3749 1368 3807 Alexander
1405 3756 1514 3808 etc.
1602 3750 1712 3810 985
1965 3733 2123 3803 Olym
2260 3731 2746 3792 Pontiani3eti-
2924 3746 2943 3757 ··
3131 3770 3135 3777 ι
3364 3734 3475 3795 233

189 3836 280 3909 i8,
323 3835 362 3895 6
422 3842 494 3893 tr.
535 3852 590 3907 p.
638 3834 699 3892 Η
730 3835 816 3909 42,
848 3837 958 3893 Cos
982 3836 1034 3893 3.
1601 3840 1710 3899 986

1993 3819 2103 3879 252
2259 3822 2424 3879 Circa
2452 3822 2509 3878 id
2541 3829 2768 3893 tempus
2796 3823 3065 3881 nuntiata
3119 3823 3286 3881 irru-

248 3927 299 3983 Β
422 3960 565 4017 COSS
646 3926 1037 3982 Maximus

746 3998 1029 4053 Paternus

2029 3923 2087 3967 ιν
2200 3911 2398 3981 ptione
2431 3911 2851 3968 Germanorum
2879 3920 3282 3987 transgresso-

1975 3999 2133 4069 Olym
2198 4013 2325 4057 rum
2352 3999 2612 4056 Rhenum
2633 4006 2691 4056 et
2710 4001 3061 4072 Danubium,
3084 4004 3287 4061 Roma-
3362 4038 3364 4041 -

487 4085 705 4142 Reland
766 4098 842 4141 ex
910 4086 1162 4156 inscript
1220 4087 1511 4145 Gudianis
1996 4085 2105 4147 253
2194 4102 2299 4145 nos
2368 4088 2531 4159 tines,
2581 4095 2883 4146 revocatus
2928 4103 2999 4146 ex
3045 4089 3284 4148 Oriente

416 4180 474 4230 et
500 4187 568 4230 ex
613 4174 653 4229 l.
701 4172 755 4243 4,
811 4178 870 4231 et
908 4188 977 4230 ex
1030 4176 1085 4231 S.
1168 4176 1230 4232 C.
1285 4177 1356 4233 de
1402 4192 1513 4234 su-
2039 4194 2060 4234 ι
2184 4179 2428 4235 Severus
2544 4176 2869 4234 Alexander
2974 4178 3291 4247 imperator

423 4268 582 4333 spect
604 4263 924 4332 tutoribus,
959 4265 1235 4337 aliisque,
1260 4280 1509 4338 quarum
2192 4266 2579 4337 triumphavit
2662 4266 2733 4323 de
2803 4264 3111 4321 Artaxerce
3169 4279 3299 4337 rege

417 4352 713 4408 nonnulla:
737 4352 885 4409 nvel
925 4353 1508 4426 maiﬁguntConsuli
2191 4356 2535 4413 Parthorum
2592 4369 2783 4413 mense
2842 4354 3132 4411 Octobris.
3164 4356 3294 4411 Nu-

417 4442 668 4499 Maximo
699 4448 900 4499 contra
936 4441 1104 4500 ﬁdem
1159 4444 1509 4517 inscriptio—
1820 4510 1867 4517 _
2193 4446 2334 4502 meri
2381 4446 2644 4517 corrupti
2687 4445 2838 4516 apud
2902 4444 3293 4501 Herodianum

421 4542 577 4587 num.
1347 4510 1365 4517 ’
1820 4510 1876 4573 Ῑ)
2189 4536 2461 4593 videntur
2504 4510 2809 4607 impulisse
2862 4535 3165 4607 plerosque
3230 4535 3292 4592 in

2190 4640 2440 4683 errorem
2510 4626 2581 4682 de
2646 4633 2902 4698 tempore
2996 4633 3290 4698 gestorum

2186 4714 2501 4773 Alexandri
2537 4715 2907 4787 imperatoris
2937 4714 3179 4771 Romani
3222 4714 3284 4769 in

2187 4801 2444 4874 Oriente,
2465 4803 2734 4876 alioquin
2766 4804 3030 4873 incertis,
3083 4808 3142 4858 et
3185 4802 3286 4857 in-

2190 4899 2500 4950 certorum.
2534 4894 2756 4965 Lydiat.

195 4989 352 5081 4947
510 4997 632 5067 Imp
679 4998 799 5055 Caes
847 5000 951 5056 Sev
1001 4998 1350 5074 Alexander,
1402 5004 1511 5058 etc.
1605 4997 1714 5057 986
2260 4979 2607 5081 Pontianis,
2636 4979 2812 5081 (ξι-35.Δ
3203 5067 3245 5081 η
3369 4975 3479 5037 234

180 5082 277 5149 19,
321 5080 362 5142 7
426 5090 501 5143 tr.
527 5101 583 5158 p.
607 5084 695 5159 is,
727 5085 812 5158 43,
846 5101 965 5144 cos.
987 5085 1040 5144 3.
1338 5067 1347 5074 ’
1618 5084 1726 5145 987
2021 5086 2063 5125 ιι
2164 5158 2167 5159 ί
2259 5067 3282 5159 ’ΗγιιροιγιυεΡρνιιιθηείεφαιιειίξι

242 5174 297 5229 Ε
424 5209 567 5267 Coss
640 5217 681 5267 ῖς
693 5218 704 5230 ·
716 5177 1067 5267 ’..¥':‘.¥.‘P‘.9§.
1077 5192 1139 5267 ‘i‘

638 5248 698 5304 C.
724 5248 937 5303 Caelius
958 5247 1225 5305 Urbanus

496 5334 729 5392 Fabrett
759 5352 867 5409 pag
889 5335 1017 5407 565,
1064 5343 1121 5392 et
1153 5335 1378 5407 Aringh
1429 5335 1513 5391 lib

426 5420 484 5493 3,
530 5426 722 5482 Romae
776 5426 923 5484 Subt
968 5439 1074 5497 cap
1098 5421 1189 5497 37,
1234 5440 1343 5496 pag
1384 5423 1511 5496 327,

431 5513 646 5572 habent
713 5517 1027 5574 Maximum
1074 5520 1131 5573 et
1195 5515 1512 5587 Urbanum,

432 5609 501 5659 ut
552 5604 766 5662 Reinos
811 5621 865 5678 p.
909 5604 1035 5676 658,
1094 5604 1189 5661 sed
1236 5618 1344 5676 pag
1389 5601 1513 5673 407,

428 5691 701 5750 observat
763 5695 823 5751 C.
910 5695 1149 5752 Caelium
1221 5693 1515 5752 Urbanum

393 5799 632 5857 PATROL.
688 5799 957 5857 CXXVIl.

2158 5158 2363 5215 horum
2389 5163 2708 5228 temporum
2736 5157 2796 5214 in
2818 5155 3107 5226 excerptis
3126 5157 3277 5227 apud

2191 5247 2490 5302 Canisium
2542 5247 2716 5303 Tomo
2789 5258 2853 5315 ιι,
2907 5258 2941 5300 a
3004 5244 3279 5302 Passione

2193 5335 2411 5392 Christi
2439 5348 2621 5406 usque
2649 5335 2719 5392 ad
2754 5334 2909 5391 hunc
2933 5346 3149 5391 annum
3184 5331 3271 5391 43.

2193 5424 2503 5481 Alexandri
2533 5428 2829 5495 computat
2900 5436 3082 5480 annos
3146 5420 3275 5495 206,

2197 5521 2338 5586 quot
2398 5514 2571 5570 etiam
2652 5513 2997 5585 respondent
3071 5521 3281 5571 nostra:

2193 5603 2593 5676 ChronOIOgim
2621 5603 2899 5660 statuenti
2951 5604 3280 5661 Passionem

2193 5692 2426 5750 Domini
2451 5692 2712 5767 vulgaris
2733 5692 2879 5750 Era
2902 5705 3053 5750 anno
3083 5691 3174 5751 28.

3074 5797 3142 5858 48
