3922 6408
378 347 484 408 555
1177 349 1270 404 AD
1308 347 1740 404 ANASTASIUM
1779 343 2292 402 PROLEGOMENA
2330 348 2504 404 EDIT.
2548 348 2974 406 ROM.-VATIC.
3681 344 3777 404 556

440 467 598 522 Anni
659 471 1036 540 Imperatores,
1131 470 1385 525 Consules
1485 474 1758 526 Romano—
1816 465 1983 540 431m;
2049 465 2122 536 ⁸Α
2215 471 2368 528 Anni
2431 471 2880 533 Christianorum,
2930 471 3243 524 Judaeorum
3289 474 3337 524 et
3381 471 3518 539 ﬁni—
3584 471 3733 524 Anni

463 541 586 616 fef-
733 533 879 616 rum,
926 533 1024 599 res
1047 549 1227 614 gestae,
1289 548 1339 597 et
1409 543 1745 597 documenta.

2191 545 2397 616 Olymp.
2513 549 2764 598 timorum
2814 543 3164 611 populorum,
3204 533 3518 616 Pontiﬁces,
3577 544 3729 616 ﬁre:

445 610 615 693 Jul."
866 610 876 616 ⁷
1055 610 1060 611 ί
1216 610 1223 614 ⁷
1784 611 1910 693 ανξίξ
1933 610 2012 693 ξς,
2257 610 2274 614 ⁷
2339 610 2360 616 ’
2508 618 2692 683 Reges,
2736 610 2828 669 res
2860 619 3022 681 gestae
3090 619 3140 668 et
3181 613 3521 667 documenta.
3563 612 3760 668 Christi

402 685 454 736 et
475 681 634 749 cycli.
1726 684 1853 749 post
1867 675 2032 732 Palil.

437 803 514 881 ῥῷ
543 807 596 876 Β
672 805 1058 874 consularem,
1109 819 1142 859 a
1172 804 1345 876 Pagio
1397 805 1587 873 putari
1621 818 1767 859 con-

666 895 850 950 sulem
917 894 1092 963 hujus
1133 894 1297 950 anni.
1355 894 1567 949 Reland
1601 893 1767 949 addit

665 985 818 1056 leges
873 983 972 1040 ubi
1015 983 1300 1039 Maximus
1349 997 1386 1038 ιι
1416 989 1471 1038 et
1500 983 1764 1038 Urbanus

661 1088 788 1130 coss
847 1074 904 1128 h.
973 1087 1023 1128 e.
1077 1073 1118 1128 I.
1195 1071 1280 1143 44,
1337 1073 1397 1128 C.
1459 1073 1530 1128 de
1591 1075 1762 1142 negot

665 1168 833 1235 gest.,
866 1167 975 1218 etc.

451 1250 593 1308 4948
735 1254 858 1322 Imp
917 1250 1186 1306 CaasSev
1242 1248 1586 1317 Alexander,
1631 1251 1762 1317 etc.,

450 1341 544 1414 20,
564 1340 601 1397 8
666 1346 739 1397 tr.
766 1355 820 1411 p.
847 1337 933 1411 43,
965 1337 1051 1409 44,
1087 1353 1184 1395 cos
1209 1335 1262 1394 3.

497 1435 545 1487 Β
669 1466 808 1523 Coss
886 1472 972 1523 ;”⁶
1007 1431 1377 1523 δΞνῩῘΡΞε.--
1460 1497 1682 1523 n-:....o:

884 1505 944 1558 L.
1047 1500 1380 1572 Rangonius
1460 1500 1762 1554 Urinatius

889 1593 1118 1648 Lartius
1138 1589 1553 1661 Quinctianus.

735 1683 948 1738 Gruter
988 1678 1075 1749 45,
1121 1678 1157 1734 9
1185 1686 1240 1734 et
1286 1675 1408 1746 463,
1449 1675 1469 1731 4
1509 1684 1565 1731 et
1598 1673 1759 1739 4029,

671 1767 724 1838 4,
757 1769 980 1825 Boldett
1012 1785 1065 1840 p.
1104 1766 1197 1839 79,
1249 1767 1462 1823 Reland
1508 1765 1673 1821 addit
1721 1763 1760 1818 I.

667 1856 724 1930 2,
751 1859 811 1914 C.
853 1859 922 1914 de
967 1857 1092 1914 oﬁic
1138 1856 1281 1927 praet”
1308 1860 1452 1926 priet
1484 1855 1675 1910 orient
1695 1851 1766 1906 de

671 1960 784 2018 qua
804 1948 1088 2004 videndus
1109 1953 1164 2003 et
1186 1946 1395 2017 Pagius
1416 1945 1474 2000 in
1491 1945 1615 1999 Crit
1640 1943 1766 1996 Bar.

745 2036 848 2091 His
933 2051 1062 2093 coss
1115 2037 1234 2105 imp
1296 2038 1399 2090 Sev
1450 2030 1771 2088 Alexander

673 2139 804 2181 cum
873 2131 1054 2181 matre
1106 2127 1338 2180 Mamaea
1386 2124 1445 2178 in
1506 2119 1770 2177 tumultu

675 2214 920 2270 militari
955 2214 1246 2270 occiditur
1289 2209 1642 2282 Moguntiaci
1673 2208 1771 2263 die

681 2299 750 2356 48
800 2302 1018 2371 Martii,
1066 2316 1196 2358 cum
1278 2300 1620 2369 imperasset
1659 2309 1771 2352 an—

683 2389 779 2446 nis
809 2404 936 2458 xm,
970 2391 1178 2446 diebus
1209 2403 1288 2458 lx,
1317 2402 1386 2444 ex
1414 2385 1768 2457 Lampridio,

680 2484 811 2548 post
832 2484 1068 2534 mortem
1100 2476 1391 2548 Elagabali
1423 2477 1521 2532 die
1541 2489 1592 2529 v1
1617 2474 1775 2527 Mar-

681 2565 774 2619 tii.
798 2566 1105 2622 Successor
1134 2564 1376 2635 eligitur
1422 2566 1769 2618 MAXIMINUS.

468 2651 611 2711 4949
754 2654 896 2722 Imp.
973 2655 1094 2710 Caes
1147 2653 1208 2708 C.
1281 2651 1374 2707 Jul
1427 2647 1779 2706 Maximinus

463 2739 616 2813 21,9
679 2740 807 2812 Aug
835 2746 876 2796 t.
912 2756 966 2812 p.
1002 2739 1024 2796 4
1069 2747 1125 2797 et
1167 2739 1220 2796 2.

473 2835 513 2890 θ
573 2832 618 2886 Β
691 2851 830 2922 (Ξοέὲ
907 2827 1578 2922 ¹¹¹¹¹Ξηῖξξὶίὲίίῐ¹ἓέῑ¹ἒὲθί¹ἒε⁶

999 2899 1191 2958 Julius
1220 2899 1529 2956 Africanus

759 2991 973 3048 Reland
1011 3006 1080 3049 ex
1111 2993 1149 3048 l.
1200 2990 1288 3048 43.
1316 2991 1374 3045 C.
1406 2991 1477 3047 de
1509 2987 1692 3060 pactis
1722 2992 1778 3042 et

687 3081 730 3137 l.
760 3080 814 3137 6.
843 3081 904 3138 C.
935 3083 1005 3138 de
1029 3083 1161 3152 jure
1213 3082 1312 3138 dot
1371 3079 1685 3136 Maximum
1716 3089 1772 3131 v1

689 3183 788 3228 cos
821 3183 889 3226 ex
918 3170 1116 3227 charta
1143 3170 1456 3226 Ravennati
1483 3166 1777 3222 Christia-

690 3275 777 3317 nae
803 3259 1030 3316 feminae
1054 3262 1123 3317 ad
1159 3261 1312 3316 hunc
1332 3272 1546 3316 annum
1571 3254 1772 3312 referri

690 3355 856 3422 putat
887 3351 1138 3421 Sponius
1169 3350 1344 3420 Antiq
1391 3364 1444 3419 p.
1489 3345 1616 3414 283,
1677 3342 1774 3398 sed

687 3438 930 3496 fortasse
971 3440 1217 3510 pertinet
1269 3438 1337 3493 ad
1390 3451 1439 3492 v1
1500 3433 1780 3492 consula-

689 3533 814 3586 tum
845 3528 1208 3585 Maximiani.

758 3617 1112 3674 Maximinus
1136 3616 1501 3674 Germaniam
1534 3627 1633 3682 per
1676 3607 1782 3665 400

686 3707 967 3763 milliaria
1011 3712 1217 3774 vastat,
1295 3711 1351 3761 et
1431 3702 1786 3759 Germanicus

688 3797 930 3853 dicitur.
965 3796 1189 3853 Mediob
1219 3808 1289 3851 ex
1318 3807 1456 3851 num
1485 3797 1542 3847 et
1570 3791 1706 3845 hist.

478 3883 619 3943 4950
765 3886 884 3954 Imp
911 3885 1031 3940 Caes
1079 3884 1432 3940 Maximinus
1459 3881 1587 3951 Aug
1614 3879 1783 3934 Germ

439 3972 532 4046 22,
589 3971 656 4029 40
694 3977 768 4028 tr.
798 3987 853 4040 p.
883 3970 995 4026 2et
1021 3972 1076 4041 3,
1109 3986 1205 4027 cos
1247 3973 1404 4041 impp
1451 3970 1602 4026 Caass
1632 3980 1775 4022 coa—

516 4066 569 4121 A
701 4074 854 4116 num
879 4059 998 4115 duo
1030 4067 1190 4130 pater
1209 4067 1265 4116 et
1288 4060 1467 4116 ﬁlius.

1033 4151 1350 4217 Perpetuus

1037 4221 1423 4276 Cornelianus

704 4186 844 4242 Coss

773 4310 928 4365 Fasti
976 4319 1212 4378 veteres,
1288 4305 1597 4363 Cassiodor
1672 4303 1794 4358 Idat

705 4400 886 4467 Prosp
932 4403 988 4452 et
1017 4397 1237 4452 Bucher
1263 4396 1416 4452 unde
1462 4393 1798 4450 emendatur

709 4487 995 4542 Gruterus
1078 4482 1169 4553 23,
1255 4481 1341 4552 40,
1455 4483 1799 4540 Corolianum

711 4585 1007 4644 perperam
1034 4572 1246 4644 legens.

780 4661 994 4718 Mensis
1033 4661 1255 4731 Aprilis
1301 4660 1399 4716 die
1452 4660 1572 4715 circ
1603 4657 1690 4726 42,
1740 4658 1800 4713 in

710 4750 907 4810 Africa
927 4749 1205 4807 Gordiani
1232 4749 1349 4806 duo
1377 4753 1536 4820 pater
1563 4753 1619 4804 et
1644 4747 1802 4803 ﬁlius

723 4841 1034 4912 imperium
1071 4844 1379 4896 assumunt
1405 4853 1439 4895 a
1467 4840 1677 4895 Senatu
1700 4851 1804 4894 ac—

718 4931 951 4991 clamati
979 4931 1035 4986 d.
1071 4944 1122 4985 v1
1154 4929 1258 4985 Kal
1303 4930 1412 4985 Jun
1461 4927 1697 4984 Valsech
1735 4926 1805 4982 de

719 5022 816 5077 Tr.
863 5021 924 5075 P.
963 5035 1014 5075 v.
1049 5019 1262 5092 Elagab
1294 5033 1403 5090 pag
1424 5014 1516 5074 34.
1565 5018 1806 5073 Senatus

725 5110 795 5166 ad
845 5109 1115 5166 tuendam
1161 5123 1318 5178 remp
1351 5121 1427 5162 xx
1459 5108 1615 5163 viros
1667 5104 1807 5176 legit

729 5193 918 5270 [Petav
961 5212 1028 5253 ex
1053 5197 1318 5267 Lamprid
1378 5202 1434 5252 et
1462 5190 1804 5266 Herodiano]

727 5284 930 5340 audita
980 5283 1404 5342 Gordianorum
1433 5290 1632 5352 morte,
1675 5296 1804 5338 mox

729 5387 1008 5429 PUPIENUM
1037 5379 1094 5428 et
1124 5375 1409 5428 BALBINUM
1436 5387 1592 5428 nuce.

519 5454 654 5519 4954
805 5466 926 5534 Imp
952 5465 1072 5519 Caes
1127 5463 1476 5519 Maximinus
1505 5463 1648 5533 Aug,
1681 5466 1810 5529 etc.,

483 5545 578 5618 23,
633 5547 692 5603 ll
737 5547 1006 5620 4.p.3et
1036 5548 1088 5605 4.

566 5637 612 5691 G
803 5638 1104 5695 Occibitur
1187 5639 1513 5708 Aquileiam
1601 5637 1816 5694 frustra

1868 2641 1976 2698 988

1865 2729 1972 2788 989

1881 3870 1987 3928 989

1881 3958 1991 4025 990

1903 5456 2010 5513 990

1909 5544 2007 5600 994

2284 1250 2326 1292 ιι

2264 1339 2326 1380 III

2277 2657 2336 2700 III

2287 2745 2339 2787 ιν

2235 3621 2401 3681 0253

2297 3727 2350 3768 IV

2243 3806 2294 3856 et
2335 3819 2402 3857 ea:

2506 1235 2771 1290 Pontiani
2813 1232 2868 1297 5,
2914 1238 2969 1290 et
2996 1231 3049 1289 6.
3235 1232 3448 1287 Aurem
3477 1246 3514 1286 ι.

2507 1324 2823 1380 Pontianus
2853 1324 2969 1378 vita
3001 1321 3236 1378 functus
3268 1323 3327 1376 in
3359 1321 3524 1376 exsi—

2442 1413 2520 1470 lio
2548 1428 2632 1468 ιιι.
2664 1414 2765 1469 Kal
2799 1412 3132 1469 Novembris
3165 1426 3293 1468 cum
3324 1411 3519 1467 sedis-

2439 1508 2525 1558 set
2563 1515 2744 1558 annos
2767 1515 2824 1565 ν,
2862 1516 3020 1558 mens
3053 1515 3115 1562 ιι,
3146 1508 3202 1557 et
3231 1501 3357 1556 dies
3379 1500 3524 1555 toti—

2443 1593 2590 1649 dem.
2645 1593 2816 1662 paulo
2875 1597 3000 1660 post
3062 1591 3394 1660 deponitur,
3448 1595 3521 1654 et,

2440 1695 2552 1737 non
2581 1682 2758 1736 multo
2781 1682 2970 1736 serius
2991 1681 3116 1749 ejus
3134 1678 3398 1748 reliquiae
3423 1679 3526 1732 Ro-

2445 1784 2590 1825 mam
2656 1770 3078 1825 convehuntur.
3132 1769 3268 1837 Ejus
3318 1765 3526 1821 festum

2445 1858 2658 1914 colitur
2677 1856 2761 1926 49,
2785 1857 3083 1913 Novembr.
3111 1858 3414 1912 Successor
3432 1855 3530 1909 eli-

2445 1949 2602 2019 gitur
2653 1950 2912 2004 ANTERUS
2965 1954 3020 2003 et
3085 1948 3389 2003 ordinatur
3432 1945 3528 1999 die

2445 2039 2649 2094 Domin
2684 2036 2755 2093 22
2785 2037 3117 2094 Novembris
3142 2051 3208 2092 ex
3243 2049 3354 2106 qua
3381 2033 3532 2089 sedit

2448 2142 2638 2183 mense
2668 2141 2704 2199 ι,
2737 2127 2944 2184 diebus
2972 2141 3034 2194 ιι,
3060 2140 3243 2196 usque
3273 2125 3341 2179 ad
3373 2123 3408 2180 3
3431 2125 3533 2178 Ja-

2449 2218 2642 2274 nuarii
2675 2219 2812 2273 anni
2866 2215 3138 2286 proximi.
3196 2213 3337 2270 Vide
3371 2218 3535 2268 notas

2448 2308 2517 2364 ad
2545 2307 2908 2362 Pontianum.

2518 2643 2717 2700 Anteri
2751 2657 2788 2699 ι.
2969 2642 3196 2699 FABIANI
3226 2659 3244 2697 ι

2517 2734 2766 2789 Anterus
2786 2736 2998 2803 martyr
3018 2732 3250 2788 eﬂ'ectus
3273 2731 3367 2788 vix
3386 2731 3536 2786 inito

2453 2821 2633 2877 altero
2688 2835 2879 2878 mense
2908 2821 3285 2877 Pontiﬁcatus
3333 2832 3542 2875 recon—

2455 2910 2617 2966 ditur
2641 2908 2977 2980 3Januarii,
3007 2910 3113 2965 diu
3143 2914 3380 2964 vacante
3415 2913 3544 2977 post

2455 2999 2580 3068 ejus
2622 2997 2845 3054 obitum
2879 2999 3010 3054 sede
3059 2996 3211 3070 [cum
3245 2997 3304 3050 in
3359 2997 3542 3052 cleri-

2455 3100 2552 3143 cos
2591 3086 2836 3143 maxime
2881 3084 3108 3142 saviret
3139 3080 3538 3155 Maximinus]

2456 3175 2676 3232 indicio
2703 3174 3124 3245 supervolantis
3149 3170 3426 3228 columbae
3443 3169 3546 3225 eli-

2455 3267 2615 3338 gitur
2662 3268 2956 3335 FABIANUS,
3006 3270 3062 3320 et
3091 3263 3398 3320 ordinatur
3447 3259 3547 3314 die

2450 3356 2654 3412 Domin
2688 3370 2768 3424 x1,
2801 3354 3128 3411 Decembris
3161 3372 3172 3408 :
3207 3366 3274 3407 ex
3293 3364 3406 3421 qua
3445 3362 3546 3404 se-

2455 3445 2545 3502 dit
2565 3459 2890 3512 annosxm,
2925 3457 3143 3512 mensx,
3176 3441 3302 3496 dies
3325 3437 3548 3495 x.Vide

2460 3541 2624 3592 notas
2652 3535 2720 3591 ad
2753 3535 3026 3590 Anterum

2527 3625 2762 3680 Fabiani
2795 3623 2842 3694 4,
2873 3629 2927 3678 et
2954 3621 3010 3678 2.

2531 3715 2698 3770 Sexta
2724 3724 3052 3768 pensscuno
3089 3709 3197 3768 sub
3231 3707 3547 3764 Maximino

2459 3809 2663 3872 cmpta,
2720 3817 2846 3873 quae
2899 3808 3084 3856 tamen
3119 3797 3320 3855 localis
3358 3795 3555 3865 potius

2231 3891 2419 3947 diebus
2473 3891 2605 3962 fuit,
2634 3899 2690 3948 et
2719 3893 2779 3947 in
2816 3889 3175 3961 Cappadocia
3230 3883 3549 3956 praesertim

2281 3987 2379 4035 est

2463 3981 2871 4037 exercebatur:
2923 3979 3186 4048 mitigata
3235 3981 3340 4044 est,
3389 3984 3556 4028 com—

2236 4067 2411 4125 0254
2469 4083 2662 4140 pressa
2737 4068 3036 4130 Maximini
3117 4069 3391 4136 potestate
3457 4075 3556 4131 per

2317 4175 2336 4212 Ι

2337 5473 2358 5511 Ι

2327 5560 2368 5600 II

2471 4159 2806 4214 electionem
2855 4157 3299 4223 Gordianorum,
3348 4152 3557 4220 hisque

2469 4248 2681 4303 occisis
2715 4262 2812 4316 per
2831 4246 3004 4302 aliam
3027 4246 3188 4301 elect.
3225 4241 3464 4312 Pupieni
3499 4243 3557 4294 et

2473 4336 2720 4392 Balbini.
2755 4337 2896 4392 Vide
2926 4337 3037 4407 Pag
3057 4335 3122 4390 ad
3159 4347 3270 4389 ann
3291 4329 3398 4388 235

2547 4426 2796 4495 Eclipsis
2819 4425 2963 4480 solis
2983 4423 3181 4479 totalis
3204 4423 3257 4477 h.
3283 4435 3334 4476 a.
3369 4420 3560 4474 Roma:

2476 4520 2750 4584 spectata,
2820 4516 2901 4568 ita
2951 4517 3012 4567 ut
3088 4528 3197 4566 nox
3251 4509 3563 4564 crederetur

2478 4600 2936 4676 [Capitolinus]
2983 4600 3286 4672 respondet
3339 4597 3398 4652 in
3445 4593 3562 4648 Tab

2476 4694 2780 4750 Astronom
2822 4691 2941 4748 diei
2984 4688 3069 4762 42,
3127 4687 3348 4760 Aprilis
3400 4683 3564 4740 boris

2480 4783 2759 4852 pomerid.

2557 5455 2793 5512 Fabiani
2818 5452 2874 5523 2,
2900 5455 2957 5509 et
2981 5451 3033 5509 3.

2564 5546 2695 5601 Alia
2736 5543 2984 5613 Eclipsis
3041 5539 3184 5596 solis
3213 5541 3401 5594 Romae
3453 5545 3577 5603 spe-

2490 5638 2642 5690 ctata
2676 5633 2772 5690 die
2795 5630 2832 5689 2
2853 5631 3094 5703 Aprilis,
3129 5641 3299 5700 quam
3345 5622 3576 5681 Tabulae

3628 1228 3732 1288 235

3627 2729 3750 2783 Biss

3679 5437 3776 5497 238
