3922 6458
396 368 503 428 559
1201 384 1296 440 AD
1331 387 1764 446 ANASTASIUM
1801 391 2316 458 PROLEGOMENA
2352 403 2528 460 EDIT.
2570 407 3004 469 ROM.-VATIC.
3718 423 3810 482 560

441 493 600 620 $233.
683 499 1086 620 Impxlztgrg;
1107 503 1364 620 Consules
1409 517 1771 620 Romanorum
1824 520 1995 620 ⁷ιξνιηιξ,
2077 537 2138 597 Α
2199 523 2375 620 (Anni
2438 527 2889 598 Christianorum,
2917 537 3232 592 Iudaeorum
3289 545 3340 596 et
3383 543 3527 610 Ῑὶηἰ-
3596 543 3762 600 Anni

573 607 588 620 ι
858 613 882 620 ..
962 596 999 620 l’.
1034 618 1037 620 .
1077 618 1099 620 ,ν
1197 617 1203 620 .
1284 599 1506 620 Animo”
1535 603 1566 620 η
2267 613 2366 620 ,μμ
2491 603 2610 620 4),”,
2964 609 2976 620 Ι
3243 613 3272 620 _.
3358 615 3424 620 .-Α
3639 615 3687 620 _

811 587 897 628 res
924 583 1106 647 gesta,
1154 585 1205 634 et
1251 584 1593 640 documenta.
1779 589 1907 690 RE;
1938 591 2014 690 aq.
2077 581 2138 597 ’⁵
2198 594 2388 668 Oymp.
2781 581 3539 690 t'pggu'ﬁc'gs,

462 665 578 690 σαι.
1777 665 1907 714 ante
1935 668 1978 716 et

429 709 488 799 et
503 709 664 799 cycli.
1721 735 1852 799 post
1881 731 1978 788 Pal

2324 665 2347 668 ’
2515 673 2700 740 Reges,
2753 665 2840 731 res
2874 665 3050 745 'gestz
3082 665 3507 738 ρι’άοῖιωιιὲῆεᾶξ
3524 665 3764 741 bisti—sti

427 792 568 871 (DE

744 955 884 1042 Jano
915 985 1154 1044 Gemino
1183 998 1402 1063 aperto,
1435 995 1504 1049 ad
1537 995 1754 1052 Bellum
2443 961 2929 1066 f‘j'i‘fifengném
2959 965 3242 1036 compum
3278 967 3372 1026 ³111
3399 970 3516 1026 0³-

675 1073 968 1131 Persicum
1003 1047 1760 1146 proficiscitur"Gordia—Iius
2443 1047 2674 1117 pimlin'
2707 1051 2812 1108 Ηίθ
2843 1053 2962 1124 imp
2983 1067 3048 1110 "-

679 1177 777 1232 per
859 1165 1136 1238 Moesiam,
1211 1168 1410 1240 ibique
1466 1173 1754 1244 quidquid

675 1249 930 1308 hostium
981 1251 1094 1310 fuit
1139 1255 1199 1312 in
1242 1257 1506 1315 Thraciis
1553 1261 1756 1318 vincit.

673 1337 982 1408 Capitolin.

459 1459 601 1520 4956
750 1467 889 1538 Imp.
919 1469 1037 1522 Caes
1063 1469 1388 1528 Gordisnus
1415 1479 1524 1530 etc.
1582 1479 1652 1532 tr.
1689 1492 1743 1547 p.
1838 1473 1947 1533 995

2281 1470 2322 1513 ιι
2521 1459 2756 1518 Fabiani
2781 1459 2818 1518 7
2843 1467 2898 1519 et
2919 1461 2975 1518 8.
3606 1465 3731 1527 243

418 1552 594 1626 28,46
653 1555 708 1627 5,
740 1564 796 1614 et
820 1557 872 1614 6.
905 1573 1019 1615 cos.
1050 1574 1111 1630 ιι,
1139 1563 1256 1632 Imp
1288 1576 1346 1616 ιι.
1838 1563 1947 1622 996

2258 1559 2322 1602 ιιι
2501 1549 2666 1606 Circa
2723 1550 2840 1608 haec
2933 1559 3186 1624 tempora
3253 1556 3515 1628 Beryllus

443 1647 499 1702 Α
529 1717 534 1722 _
667 1683 805 1740 COSS
843 1650 1147 1707 Arrianus.
2431 1635 2657 1739 Arabia:
2676 1641 2984 1712 episcopus
3011 1643 3082 1698 de
3104 1643 3319 1700 Christi
3347 1645 3513 1746 divi—

847 1721 1051 1788 Papus-
2432 1733 2610 1783 nitate
2641 1729 2790 1784 haud
2825 1735 2972 1784 recte
3001 1731 3255 1786 sentiens
3283 1731 3354 1786 ab
3375 1746 3513 1788 em-

967 1739 1051 1779 llS.
2432 1739 2516 1782 mt

2432 1739 2610 1783 ιιιῑειιθ
2641 1739 2790 1783 haud
2825 1739 2972 1783 recte
3001 1739 3255 1783 sentiens
3283 1739 3354 1783 ab
3375 1739 3516 1783 eni—

737 1738 1099 1920 Grt't‘tigli')
1149 1809 1206 1920 7,
1237 1812 1487 1920 Fabretti
1515 1811 1640 1884 699,
1686 1828 1740 1871 ιι.
2059 1853 2110 1920 Β

2432 1738 2610 1783 nitate
2641 1738 2790 1784 haud
2825 1738 2972 1784 recte
3001 1738 3255 1786 sentiens
3283 1738 3354 1808 ab
3375 1738 3509 1801 epi—

2059 1853 2110 1920 B
2428 1816 2617 1884 scopis
2666 1817 3085 1920 damnOatusest
3156 1831 3330 1920 quem
3360 1817 3509 1920 O_ri-

665 1897 790 1956 240.
827 1901 1037 1957 Beland
1071 1915 1139 1958 ex
1169 1903 1209 1958 Ι.
1243 1901 1330 1974 45,
1362 1905 1419 1959 C.
1453 1905 1524 1960 de
1571 1919 1746 1961 excus
2059 1897 2110 1920 ⁵³
2425 1914 2593 1972 genes
2623 1903 2691 1958 ad
2720 1903 3007 1960 saniorem
3051 1913 3288 1962 mentem
3320 1906 3508 1962 redu-

663 1990 841 2045 Tutor
868 1995 973 2046 etc.
989 1991 1274 2062 Capitolin
1305 1993 1363 2047 in
1391 1994 1520 2049 Vita
1543 1993 1740 2050 Gordi.
2422 1990 2530 2046 xit.
2559 1991 2826 2048 Petavius
2873 2005 2942 2048 ex
2972 1994 3219 2052 Eusebio
3265 2007 3324 2050 v1
3377 1995 3506 2052 hist

660 2077 970 2134 Misitheus
1011 2080 1182 2136 Socer
1217 2081 1497 2137 Gordiani
1542 2081 1745 2138 fraude
2423 2092 2473 2134 c.
2503 2075 2595 2138 25.

663 2165 918 2237 Philippi
944 2167 1152 2225 Arabis
1188 2169 1350 2226 obit:
1379 2170 1483 2241 qui
1529 2171 1590 2226 in
1616 2170 1742 2239 ejus

659 2255 847 2312 locum
874 2257 1150 2315 suffectus
1175 2259 1427 2316 invisum
1452 2259 1743 2316 militibus

661 2345 1225 2404 reddltGordianum
1255 2347 1484 2406 defectu
1509 2361 1740 2405 annon-

659 2447 747 2490 nae
773 2433 876 2490 ibi.

431 2553 575 2614 L957
719 2561 840 2626 Imp
874 2559 990 2615 Caes
1019 2560 1350 2617 Gordianus
1377 2566 1485 2617 etc.
1538 2565 1610 2618 tr.
1669 2574 1722 2630 p.
1822 2555 1930 2614 996
2241 2550 2306 2594 ¹¹¹
2424 2627 2453 2630 _
2486 2537 2956 2630 Fabianiseig'
3030 2628 3044 2630 4
3590 2543 3714 2605 θη

437 2644 492 2736 4,
514 2642 583 2703 47
639 2645 693 2717 6,
723 2652 779 2703 et
803 2643 858 2714 7,
887 2663 984 2704 cos
1013 2663 1050 2704 ιι
1078 2651 1220 2719 Imp.
1257 2663 1295 2704 ιι
1670 2627 1686 2630 _
1829 2641 1936 2702 997

2239 2637 2298 2681 tv
2424 2627 2740 2698 PHILIPPUS,
2791 2643 2861 2686 ex
2896 2628 3047 2686 Praf
3096 2631 3244 2688 Praat
3269 2631 3500 2706 Collega

725 2899 953 2955 Fabi-ett
1001 2896 1108 2955 279
1154 2913 1210 2955 η.
1261 2895 1380 2968 474,
1431 2903 1486 2955 et
1532 2898 1650 2955 alia
1682 2899 1742 2955 in
2232 2893 2238 2904 ‘
2412 2893 2579 2950 cione
2613 2895 2937 2966 Principem
2967 2910 3001 2953 a
3029 2897 3365 2954 subornatis
3396 2898 3493 2954 mi-

650 2988 778 3042 Mus
801 2987 954 3043 Ciam
965 2989 1122 3058 piuo,
1162 2987 1334 3044 hodie
1356 2988 1564 3062 inMus
1587 2987 1730 3043 Card
2413 2981 2623 3040 litibus
2639 2983 2826 3040 occidi
2849 2990 3036 3041 curat.
3062 2987 3304 3042 Senatus
3333 2987 3502 3042 indi—

647 3075 932 3133 Albaniet
959 3080 1016 3132 in
1051 3077 1238 3134 hortis
1266 3076 1594 3132 Barberinis
1617 3075 1734 3132 alia
2414 3085 2524 3143 gne
2561 3073 2616 3129 id
2659 3072 2848 3130 ferens
2877 3076 3129 3130 Marcum
3170 3075 3490 3146 imperato—

650 3179 778 3235 quae
827 3166 884 3221 in
931 3163 1060 3221 279.
1127 3167 1272 3220 Fabr
1334 3165 1741 3236 corrigendum
2047 3172 2098 3236 α
2412 3175 2551 3230 rem,
2604 3162 2812 3218 deinde
2866 3163 3255 3221 Hostilianum
3311 3172 3488 3222 creat.

643 3252 1021 3309 Aurelianum
1076 3255 1136 3308 in
1187 3255 1556 3311 Emilianum
1591 3267 1731 3324 pro-
2411 3248 2665 3320 Utroque
2692 3249 2964 3308 defuncto
3009 3252 3218 3324 recipit
3263 3253 3499 3324 Philip-

643 3339 802 3394 bant.
839 3341 1054 3396 Reland
1086 3342 1250 3398 addit
1279 3342 1296 3398 ι
1327 3343 1380 3411 6,
1419 3344 1480 3399 c.
1509 3344 1580 3400 de
1608 3341 1731 3398 Col-
2414 3350 2566 3406 ριιω-
2626 3337 2820 3395 Calvio
2869 3353 2938 3394 ex
2986 3339 3105 3398 hist
3181 3341 3492 3412 Philippus

642 3425 962 3485 lationibus
1013 3435 1102 3485 etc
1143 3430 1473 3488 Gordianus
1524 3430 1726 3486 fraude
2413 3425 2724 3496 ignobilem
2759 3441 2953 3498 pacem
2980 3444 3110 3486 cum
3135 3431 3326 3487 Persis
3343 3429 3499 3488 faci-

642 3515 898 3586 Philippi
941 3519 1230 3575 occiditur
1291 3521 1445 3577 circa
1511 3519 1726 3575 Maium
2407 3515 2508 3574 cit.
2537 3514 2753 3586 quibus
2779 3517 3062 3589 relinquit
3093 3518 3388 3590 Assyriam
3437 3527 3498 3578 et

645 3617 894 3661 mensem
921 3612 1023 3660 aut
1049 3607 1306 3679 Junium,
1340 3622 1471 3664 cum
1500 3609 1553 3664 ei
1601 3607 1731 3663 col—
2407 3601 2898 3675 Mesopotamiam.
2926 3607 3176 3665 Mediob.

636 3691 762 3764 lega
790 3694 1034 3764 imperio
1058 3696 1250 3765 datus,
1297 3703 1353 3752 et
1397 3698 1564 3768 quasi
1616 3701 1720 3752 tu-

638 3784 730 3835 tor
757 3780 828 3835 ab
864 3783 1121 3840 exercitu
1152 3783 1380 3854 fuisset,
1428 3785 1570 3842 Vide
1612 3786 1728 3840 Pa-

641 3883 823 3940 gtum.

415 3989 562 4048 L958
691 3994 814 4062 Imp
851 3993 972 4048 Caes
1033 3995 1124 4050 Jul
1151 3995 1456 4065 Philippus
1483 3998 1611 4069 Aug
1635 4002 1706 4052 tr.
1811 3991 1919 4052 997
2181 3988 2224 4045 Ο
2251 3987 2358 4050 255
2465 3993 2701 4050 Fabiani
2733 3992 2768 4050 9
2793 3998 2849 4050 et
2875 3987 2961 4047 4ο.
3581 3999 3696 4061 245

416 4077 474 4150 2,
499 4077 570 4136 48
635 4095 689 4152 p.
723 4078 746 4134 4
782 4087 838 4136 et
862 4079 899 4137 2
922 4096 1038 4139 cos.
1807 4081 1916 4139 998
2225 4093 2282 4135 tv
2462 4083 2764 4152 Philippus
2797 4081 2856 4136 in
2899 4077 3111 4136 Arabia
3138 4078 3368 4140 Bosram
3401 4099 3488 4142 re-

420 4170 471 4223 E
637 4205 776 4262 COSS
815 4172 936 4241 Imp
973 4173 1046 4227 M.
1092 4171 1184 4228 Jul
1227 4171 1536 4256 Philippus
1574 4172 1702 4244 Aug

949 4245 1160 4300 Junius
1183 4245 1473 4299 Titianus.

2221 4174 2274 4224 et
2397 4168 2613 4239 stituit,
2672 4172 2729 4224 et
2795 4167 3060 4225 deductis
3122 4181 3190 4226 eo
3261 4170 3490 4230 colonis

2161 4255 2206 4311 Ο
2229 4253 2337 4314 256
2391 4257 2840 4328 Philippopolim
2868 4258 3147 4316 nominat.
3197 4259 3389 4317 Calvis
3411 4275 3485 4319 ex

708 4331 938 4387 Fabrett
981 4333 1217 4389 Iunium
1287 4346 1417 4390 coss
1493 4333 1725 4389 exhibet
2187 4358 2206 4400 ι
2399 4348 2631 4415 Zonara,
2701 4345 2918 4420 sum-ag
3001 4349 3276 4406 nummis.
3346 4351 3485 4406 Pri-

643 4417 747 4474 449
792 4435 959 4490 quem
1016 4422 1172 4478 inscr
1228 4423 1416 4492 appell
1466 4424 1526 4478 C.
1585 4426 1724 4479 Mz-
2399 4449 2558 4492 scum
2584 4434 2818 4492 fratrem
2849 4417 3101 4508 Siriacis
3125 4438 3494 4496 exercitibus,

637 4509 780 4562 sium
830 4511 1120 4577 Aquilium
1143 4512 1375 4566 Fabium
1442 4515 1722 4568 Titianum
2034 4513 2090 4576 D
2402 4524 2659 4596 pmﬂcit.
2747 4525 3116 4584 Severianum
3206 4543 3480 4602 generum

641 4595 708 4650 V.
741 4595 796 4650 C.
854 4595 970 4652 Cos.
1025 4599 1142 4655 alia
1198 4600 1427 4657 Fabrett
1475 4617 1528 4670 p.
1575 4598 1703 4656 640.
2399 4595 2592 4685 Hysia
2642 4619 2700 4671 et
2759 4616 3123 4676 Macedonia,
3186 4595 3355 4675 λίθων
3410 4631 3482 4674 ex

640 4685 790 4754 Spon
821 4686 1041 4742 Miscell
1075 4687 1246 4758 p.98.
1267 4689 1538 4760 Philippo
1585 4689 1715 4760 Aug

1092 4703 1126 4743 ι.
1151 4687 1246 4746 98.
1267 4689 1538 4760 Philippo
1585 4689 1715 4760 Aug
2399 4702 2641 4760 Zosimo.

643 4779 701 4828 et
755 4774 988 4832 Titiano
1045 4790 1144 4834 cos
1219 4777 1310 4849 leg
1363 4791 1454 4847 ap.
1509 4777 1721 4832 Reland

644 4868 710 4920 ut
735 4861 790 4919 7.
821 4864 880 4920 C.
934 4865 1008 4922 de
1054 4867 1138 4923 rei
1185 4866 1431 4922 vindic..
1483 4872 1616 4929 etc.,
1669 4872 1726 4922 et

643 4953 930 5024 Gudiana,
978 4972 1015 5026 q
1058 4969 1106 5011 ae
1159 4961 1217 5012 et
1267 4957 1476 5012 Reines
1535 4953 1640 5012 425
1693 4952 1718 5010 4

643 5043 870 5098 Iunium
896 5045 1202 5099 Didiamtm
1237 5045 1382 5100 male
1410 5043 1572 5101 effert
1596 5044 1721 5100 loco

640 5131 798 5185 Junii
853 5135 1078 5188 Titiam'.
1137 5135 1446 5206 Philippus
1487 5136 1722 5190 Romam

638 5219 805 5290 redit,
838 5228 896 5276 et
963 5224 1255 5281 Plotinum
1310 5224 1725 5297 Philosophum

649 5306 764 5363 huc
781 5310 1040 5367 adducit.
1071 5312 1278 5369 Calvis.

442 5423 586 5483 4959
723 5435 844 5503 Imp
866 5436 985 5492 Caes
1009 5437 1082 5490 M.
1113 5437 1206 5492 Jul
1244 5437 1552 5508 Philippus
1591 5437 1721 5506 Aug
1814 5431 1922 5490 998
2249 5433 2268 5476 ι
2475 5423 2712 5484 Fabiani
2747 5424 2815 5485 40
2849 5431 2906 5484 et
2939 5424 3026 5483 44.
3556 5426 3669 5492 246

438 5509 496 5581 3,
522 5509 590 5568 49
659 5523 729 5572 tr.
757 5536 812 5590 p.
836 5529 894 5578 et
920 5522 956 5580 3
977 5537 1096 5580 cos.
1812 5519 1920 5578 999

1891 5519 1920 5577 9
2242 5521 2286 5566 ιι
2483 5513 2807 5587 Philippus,
2831 5530 2967 5588 pace
2995 5515 3286 5590 abrogata,
3309 5516 3440 5574 bel-

429 5601 481 5654 D
647 5635 785 5697 coss
829 5648 842 5661 ,
865 5649 878 5662 ,
899 5648 915 5664 ,
945 5612 1222 5697 agiagi;
2399 5599 2519 5697 lum
2534 5602 2735 5697 Persis
2761 5606 2972 5664 indicit
2998 5607 3186 5679 :quod
3219 5607 3477 5697 promis-

958 5679 1228 5736 Albinus.
2396 5689 2560 5747 sione
2601 5694 2992 5754 restitutionis
3043 5694 3473 5768 provinciarum
