3922 6404
138 417 259 477 565

243 615 371 688 Per.
539 633 683 682 rum,
720 635 806 673 res
847 626 1029 688 gestae,
1063 627 1113 676 et
1132 615 1475 679 documenta.
1583 626 1646 679 U.
1729 625 1785 682 Ο.

244 687 364 748 Jul,
856 687 863 688 ⁷
1528 701 1654 750 ante
1713 700 1766 750 et

219 758 456 901 ἓέσέοιί.
1492 771 1620 836 post
1645 767 1813 822 Palil.

513 953 717 1011 Gallus
772 956 1007 1014 Romam
1067 972 1354 1031 reversus,
1403 967 1533 1031 post

443 1043 796 1115 redemptam
828 1060 862 1102 a
887 1047 1156 1103 Barbaris
1188 1062 1384 1106 annuo
1414 1051 1532 1106 sti-

439 1132 652 1204 pendio
703 1149 919 1205 pacem,
971 1138 1208 1208 adoptat
1261 1139 1532 1196 Hostilia-

442 1235 603 1294 num,
666 1237 796 1280 mox
864 1232 1048 1282 necat.
1116 1227 1382 1284 Zozimus
1445 1228 1530 1286 lib

441 1325 480 1382 ι,
537 1325 586 1366 c.
636 1310 725 1369 25.
791 1311 912 1371 Alii
964 1320 1123 1387 peste
1171 1322 1528 1389 peremptum

443 1404 669 1471 putant.

218 1504 367 1565 4966
512 1510 632 1580 Imp
662 1510 780 1566 Caes
811 1526 862 1567 c.
913 1512 1120 1570 Vibius
1149 1513 1371 1571 Trebon
1401 1515 1529 1571 Gal-
1605 1513 1745 1573 4005

219 1593 361 1663 40,7
437 1596 530 1653 lus
559 1598 704 1671 Aug.
758 1604 831 1656 tr'.
876 1617 931 1671 p.
980 1601 1208 1673 2et3;
1263 1617 1360 1659 cos
1408 1603 1529 1661 2et
1603 1603 1743 1662 4006

270 1684 320 1738 Β
439 1687 557 1758 imp
601 1689 718 1745 C335
755 1704 786 1746 c
847 1690 956 1746 Vib
1013 1693 1364 1748 Volusianus
1401 1694 1530 1767 Aug

439 1783 513 1832 tr.
542 1793 595 1848 p.
634 1777 656 1834 4
693 1787 749 1835 et
776 1779 812 1836 2
836 1794 965 1837 coss
989 1779 1044 1838 2.

639 1871 783 1940 Imp.
857 1885 904 1926 c.
985 1872 1094 1927 Vib
1172 1871 1526 1930 Volusianus

467 1940 626 1996 Coss.
680 1943 807 2013 Aug
851 1957 913 1996 ιι.

638 2015 710 2068 Μ.
743 2013 1008 2069 Valerius
1037 2015 1342 2071 Maximus.

513 2083 670 2138 Fasti
700 2083 866 2140 Anon
900 2098 954 2139 ιν
976 2085 1197 2154 seaculi,
1226 2092 1335 2141 etc.

509 2171 848 2228 EMILIANUS
925 2174 1256 2231 consularis
1328 2182 1529 2234 contra

436 2261 670 2316 Gallum
722 2268 779 2318 et
816 2262 1198 2320 Volusianum
1252 2264 1324 2321 ab
1372 2281 1528 2323 exer-

430 2351 556 2406 citu
585 2352 855 2409 Mmsiaco
879 2353 1010 2426 Aug
1038 2355 1261 2411 dicitur
1289 2355 1362 2412 ob
1394 2364 1531 2413 stre-

433 2453 548 2496 nue
619 2448 880 2497 navatam
945 2457 1172 2512 operam
1250 2446 1527 2503 adversus

423 2529 690 2600 Scythas.
721 2531 926 2587 Gallus
965 2534 1330 2590 VALERIANO]!
1376 2536 1526 2592 able-

431 2624 527 2689 gat
551 2618 619 2672 ad
650 2619 907 2676 Gallicas
933 2621 1188 2694 legiones
1218 2631 1273 2679 et
1294 2625 1524 2680 Germa-

433 2708 592 2763 nicas
622 2707 1011 2766 adducendas.
1045 2715 1106 2767 In
1138 2713 1338 2781 praelio
1365 2716 1521 2771 circa

429 2800 814 2856 Interamnam
848 2801 1053 2858 Gallus
1082 2807 1139 2856 et
1164 2802 1521 2862 Volusianus

433 2889 802 2945 occumbunt.
862 2890 1214 2946 Emilianus
1271 2892 1518 2963 imperat

435 2990 503 3032 ex
529 2978 704 3034 Junio
732 2978 801 3034 ad
830 2978 1237 3050 Septembrem,
1285 2983 1516 3052 quando

423 3065 636 3135 Spoleti
694 3081 727 3123 a
781 3068 908 3124 suis
965 3069 1367 3141 obtruncatur,
1442 3073 1512 3128 ad

425 3152 797 3212 Valerianum
844 3157 1276 3214 deﬁcientibus.
1309 3158 1430 3215 hist
1459 3170 1516 3217 et

429 3245 674 3299 nummi.
705 3245 846 3301 Vide
873 3256 1054 3303 notas.

203 3345 352 3405 4967
501 3352 619 3420 Imp
647 3351 846 3408 CaasP.
880 3353 1145 3410 Licinius
1175 3354 1516 3414 Valerianus
1591 3356 1730 3416 4006

205 3434 349 3507 44,8
422 3437 550 3510 Aug
580 3446 649 3496 tr.
690 3441 843 3512 pot4
894 3450 949 3499 et
986 3442 1066 3514 2;
1097 3459 1195 3502 cos
1231 3444 1268 3500 2
1308 3451 1364 3502 et
1395 3447 1515 3518 imp
1590 3444 1727 3505 4007

237 3527 292 3581 A
423 3527 542 3584 Caes
589 3531 648 3584 P.
698 3531 862 3586 Licin
893 3533 1195 3590 Gallienus
1221 3535 1511 3593 Valeriani

426 3614 467 3670 ι’.
494 3617 621 3690 Aug
653 3624 727 3675 tr.
757 3635 808 3690 p.
845 3634 943 3675 cos
987 3619 1010 3674 4
1039 3628 1094 3676 et
1121 3620 1182 3678 2.

641 3709 763 3778 Imp
795 3709 852 3762 P.
885 3709 1150 3765 Licinius
1176 3710 1513 3770 Valerianus

419 3794 582 3850 Coss.
713 3796 860 3868 Aug.

609 3886 734 3956 Imp
770 3887 826 3940 P.
857 3885 1018 3942 Licin
1036 3886 1340 3944 Gallienus
1363 3891 1509 3963 Aug.

493 3973 706 4031 Reland
735 3988 804 4031 ex
823 3978 989 4048 antiq
1023 3976 1515 4047 inscriptGudia—

424 4063 518 4119 nis
543 4069 600 4119 et
628 4065 776 4121 Grut
802 4062 930 4135 275,
961 4063 1017 4120 4.

495 4154 780 4210 Puram
807 4169 970 4211 URBIS
989 4159 1292 4215 annuatim
1315 4173 1512 4219 nume-

428 4251 635 4299 rantur
689 4258 758 4300 ex
816 4244 910 4302 his
963 4261 1092 4304 coss
1147 4249 1219 4305 ad
1278 4257 1509 4308 centum

423 4345 607 4389 annos
671 4335 933 4402 proxime
983 4345 1398 4410 consequentes
1448 4342 1508 4398 in

423 4422 775 4479 membranis
791 4425 984 4494 quarti
1009 4428 1206 4484 satculi
1227 4443 1359 4486 cum
1377 4446 1508 4489 coss

421 4510 598 4567 editis
640 4524 673 4566 a
710 4512 994 4571 Bucherio
1032 4516 1285 4590 aliisque
1323 4535 1508 4593 usque

422 4599 492 4655 ad
535 4613 649 4654 ann
691 4599 814 4657 352.
863 4603 978 4659 Hoc
1021 4618 1170 4662 anno
1217 4609 1505 4666 Lollianus

425 4686 572 4758 praef
594 4687 752 4745 Urbi.

199 4858 350 4916 £968
497 4869 618 4938 Imp
646 4869 768 4924 Caes
797 4869 855 4922 P.
888 4867 983 4923 Lic
1018 4867 1359 4926 Valerianus
1382 4870 1511 4944 Aug
1586 4869 1727 4929 4007

202 4949 346 5024 42,9
424 4959 496 5011 tr.
526 4971 581 5026 p.
627 4955 663 5012 2
705 4964 762 5013 et
789 4955 842 5013 3.
887 4970 1033 5013 coss.
1066 4955 1118 5027 3,
1151 4961 1270 5028 Imp
1310 4958 1426 5026 Caes
1447 4961 1507 5016 P.
1586 4957 1726 5017 4008

261 5041 312 5096 G
422 5044 522 5099 Lic
549 5045 866 5189 2Gallienus
914 5047 1042 5118 Aug
1091 5053 1162 5103 tr.
1197 5063 1253 5118 p.
1297 5046 1335 5104 2
1381 5053 1442 5104 et
1481 5048 1517 5105 3

422 5145 522 5188 cos
590 5175 604 5188 .

422 5145 522 5188 COS
549 5145 604 5188 2.

432 5310 568 5367 Coss
643 5278 766 5367 IE‘P
795 5277 1237 5367 329333998”

640 5350 763 5419 Imp
793 5349 1188 5406 Gallienus.n.

498 5472 734 5530 Reland.
757 5489 826 5530 ex
851 5475 888 5530 l.
911 5473 966 5543 3,
991 5474 1388 5544 C.deTestib.,
1404 5481 1512 5533 etc.

425 5559 778 5619 Aurelianus
793 5563 1012 5620 Gothos
1035 5563 1094 5618 in
1128 5563 1358 5634 Illyrico
1377 5565 1514 5621 vin-

425 5649 523 5705 cit.
568 5651 903 5707 Mediobarb
941 5666 1010 5708 ex
1051 5665 1246 5708 numm
1286 5658 1344 5708 et
1393 5654 1513 5712 bist

431 5739 688 5795 Valerius
746 5742 1045 5813 Maximus,
1097 5743 1259 5801 Praef.
1317 5744 1453 5800 Urb.

1191 423 1486 484 CRONOL.
1528 427 1814 488 CONSUL.
1855 430 1943 488 ΕΓ
1981 433 2144 490 (ΖΕΒ.
2186 433 2352 491 ROM.
2396 435 2542 492 ETC.

218 544 382 598 Anni
453 545 842 614 Imperatores,
909 548 1189 618 Consules,
1243 553 1520 607 Romano-
1595 553 1752 608 Anni

243 615 371 669 Per.
539 633 683 679 rum,
720 635 806 673 res
847 626 1029 679 gestae.
1063 627 1113 676 et
1132 622 1475 679 documenta.
1583 626 1646 679 U.
1729 625 1752 679 ί

2010 1505 2118 1565 257

2014 1611 2070 1653 ιν

1993 1691 2044 1741 et
2069 1686 2134 1741 Ol

1827 3255 1878 3317 C

2017 4960 2082 4999 III

3475 442 3584 504 566

1841 554 1902 615 Α
1982 575 2146 653 ³4ῃηὶ
2209 578 2668 648 Christianorum,
2718 582 3038 638 Judzorum
3077 588 3126 639 et
3169 587 3298 653 ﬁni~
3337 585 3513 640 'Anni

1965 646 2178 719 OyImp.

2282 653 2537 727 timorum
2582 655 2938 722 populorum,
2990 658 3296 727 Pontiﬁces,
3374 658 3514 712 Era

2281 724 2467 790 Reges,
2515 739 2601 778 res
2639 729 2802 792 gesta:
2855 731 2906 780 et
2959 724 3298 782 documenta.
3342 727 3548 785 Christi

2283 956 2469 1012 Pestis
2518 956 2578 1012 in
2626 955 2921 1027 Ethiopia
2959 962 3158 1014 exorta
3203 964 3300 1017 to-

2213 1047 2335 1100 tum
2381 1044 2556 1102 ferme
2595 1046 2790 1102 orbem
2830 1048 3148 1104 Romanum
3198 1048 3299 1106 in—

2210 1134 2386 1190 vadit.
2416 1135 2613 1193 Victor
2635 1136 2705 1192 de
2732 1136 3075 1194 Caesaribus.

2281 1509 2445 1566 Lucii
2475 1507 2498 1565 4
2526 1513 2584 1566 et
2606 1507 2660 1565 2.
3387 1513 3497 1574 253

2289 1598 2565 1654 Saeviente
2593 1599 2782 1657 adhuc
2809 1602 3208 1671 persecutione
3236 1605 3297 1662 in

2206 1686 2432 1742 Clerum
2470 1688 2778 1759 praecipue,
2813 1690 3026 1747 Lucius
3066 1693 3300 1749 ordinat

2205 1777 2538 1847 episcopum
2583 1778 2934 1849 Stephanum
2981 1793 3050 1836 ex
3096 1783 3301 1838 archi-

2203 1867 2451 1922 diacono
2467 1873 2721 1923 creatum
2745 1869 3028 1926 vicarium
3054 1871 3148 1927 his
3167 1886 3296 1929 coss

2207 1957 2304 2013 die
2331 1958 2689 2014 Pentecostes
2711 1955 2785 2015 23
2811 1961 2972 2032 Maii,
3004 1975 3122 2031 quo
3141 1968 3296 2018 tem-

2209 2060 2345 2116 pore
2394 2046 2612 2102 Lucius
2668 2047 2934 2104 exsulare
2985 2049 3298 2122 cogebatur

2208 2134 2366 2190 brevi
2418 2136 2716 2193 rediturus
2766 2136 2826 2192 in
2871 2136 3098 2194 Urbem.
3160 2139 3300 2196 Vide

2208 2231 2374 2283 notas
2404 2227 2472 2282 ad
2506 2228 2772 2283 Lucium.

2278 2315 2450 2384 Egaai
2482 2316 2541 2371 in
2564 2315 2772 2372 Cilicia
2793 2317 3030 2389 signant
3060 2317 3115 2373 h.
3144 2331 3195 2374 a.
3235 2318 3296 2376 in

2208 2407 2464 2462 nummis
2505 2406 2816 2463 Emiliano
2863 2409 3156 2477 percussis
3194 2423 3298 2465 ae—

2207 2508 2327 2550 ram
2367 2491 2475 2549 299
2521 2495 2752 2551 ductam
2796 2494 2868 2550 ab
2926 2509 3031 2552 v.c.
3071 2490 3179 2552 706
3225 2511 3294 2554 ex

2204 2584 2517 2638 Autumno.
2577 2583 2913 2639 Anazarbus
2985 2584 3288 2642 Valeriano

2205 2685 2469 2728 nummos
2493 2673 2658 2728 cudit
2688 2673 2744 2728 h.
2768 2687 2821 2728 a.
2852 2674 3112 2746 signatos
3133 2676 3291 2745 Epo-

2201 2760 2309 2816 cha
2349 2758 2458 2816 272
2499 2762 2746 2818 deducta
2797 2776 2868 2818 ex
2914 2775 3023 2816 v.c.
3072 2760 3180 2820 733
3218 2779 3288 2821 ex

2199 2849 2474 2906 Autumn.
2509 2851 2651 2908 Vide
2681 2858 2848 2909 notas
2877 2853 2947 2909 ad
2980 2854 3246 2911 Lucium.

2264 3353 2431 3411 Lucii
2459 3351 2511 3409 2.
2696 3355 2973 3428 Stephani
3005 3354 3056 3413 4.
3368 3357 3477 3418 254

2260 3443 2425 3498 Lucii
2465 3444 2806 3514 martyrium
2835 3444 2892 3498 h.
2927 3458 2979 3499 a.
3011 3450 3281 3504 statuen-

2195 3529 2330 3584 dum
2363 3529 2460 3584 die
2496 3527 2531 3584 3
2558 3531 3043 3600 Martii,.exactis
3069 3533 3142 3589 ab
3176 3549 3282 3592 or-

2191 3617 2492 3672 dinatione
2522 3620 2835 3689 episcopali
2861 3623 3033 3677 annis
3047 3620 3100 3677 3.
3120 3637 3192 3677 m.
3217 3623 3271 3679 3.

2193 3705 2252 3760 d.
2278 3702 2330 3759 3.
2361 3705 2474 3773 ipsi
2514 3707 2817 3764 attributis
2850 3709 2909 3765 in
2936 3710 3190 3766 Picturis
3221 3712 3276 3766 S.

2193 3794 2358 3851 Pauli
2387 3801 2445 3850 et
2475 3795 2534 3850 in
2567 3795 2876 3868 Catalogis.

2258 3883 2580 3939 Srermmus
2612 3899 2912 3944 successor
2953 3887 3197 3961 eligitur
3242 3904 3277 3948 a

2190 3973 2356 4030 Clero
2384 3975 2480 4030 die
2499 3972 2535 4030 9
2553 3975 2777 4046 Aprilis
2805 3977 3105 4036 Dominica
3131 3980 3277 4038 Pas-

2195 4064 2398 4121 sionis.
2452 4065 2597 4122 Vide
2660 4071 2826 4125 notas
2889 4067 2959 4125 ad
3027 4067 3277 4140 Stepha-

2192 4166 2351 4210 num.

2262 4856 2535 4926 Stephani
2575 4851 2599 4910 4
2635 4859 2692 4910 et
2717 4853 2772 4910 2.
3369 4852 3479 4912 255

2262 4945 2586 5014 Stephanus
2652 4943 2707 4998 h.
2783 4957 2817 4999 a
2885 4941 3134 5012 primum
3183 4944 3278 4999 sui

2197 5033 2573 5088 Pontiﬁcatus
2593 5031 2808 5087 Pascha
2824 5030 3103 5086 celebrat:
3127 5044 3284 5101 quae

2196 5136 2258 5177 re
2287 5120 2463 5189 hujus
2483 5119 2621 5174 anni
2653 5119 2789 5186 Coss
2813 5118 2986 5189 primi
3017 5118 3280 5176 scribun-

2194 5215 2293 5267 tur
2322 5210 2381 5264 in
2409 5209 2536 5278 ejus
2567 5207 2812 5278 Epocha.

2266 5301 2458 5356 Simius
2492 5297 2800 5354 ordinatur
2826 5297 3150 5369 EpiscOpus
3172 5313 3279 5357 co-

2192 5392 2426 5461 adjutor
2468 5387 2743 5459 Stephani
2787 5389 2848 5444 in
2880 5391 3280 5459 persecutione

2190 5481 2288 5537 die
2332 5477 2368 5536 2
2419 5476 2716 5549 Septembr
2759 5477 3082 5534 Dominica.
3132 5480 3280 5536 Hinc

2189 5570 2258 5624 ad
2313 5567 2651 5637 martyrium
2700 5566 2839 5622 anni
2895 5580 2960 5637 II,
2999 5580 3157 5622 mens
3194 5582 3277 5640 χι,

2189 5655 2316 5710 dies
2335 5669 2392 5724 v,
2422 5668 2622 5724 nempe
2650 5655 2719 5710 ad
2751 5657 2878 5726 Aug
2901 5654 2954 5726 6,
2983 5658 3120 5712 anni
3145 5654 3274 5712 238.

2189 5742 2331 5799 Vide
2358 5749 2456 5799 not
2487 5757 2594 5814 pag
2615 5740 2741 5798 225.
