3922 6408
157 409 271 478 569
1219 406 1512 464 CRONOL.
1554 407 1842 466 CONSUL.
1883 409 1970 467 ET
2005 409 2168 467 cars.
2211 410 2379 467 non.
2421 411 2565 466 ETC.
3500 409 3612 470 570

229 531 421 605 Anni,
451 533 835 602 Imperatores,
879 534 1135 589 Consules
1167 535 1550 597 Romanorum,
1617 533 1776 589 Anni
1857 537 1919 598 A
2003 535 2162 590 Anni
2226 535 2682 596 Christianorum,
2732 535 3050 589 Iudaeorum
3096 540 3147 590 et
3191 537 3328 605 ﬁni-—
3393 535 3551 591 Anni

200 603 424 676 l’eriodi
641 620 726 658 res
751 612 915 672 gestae
946 611 996 660 et
1027 606 1364 660 documenta.
1612 606 1678 660 U.
1707 605 1762 660 Ο.
1981 605 2172 676 Olymp
2291 609 2546 660 timorum
2607 607 2956 675 populo-rum,
3020 603 3324 676 Pontiﬁces,
3398 607 3544 661 Era

197 673 316 727 Jul.
365 678 417 727 et
1616 680 1744 729 ante
2051 673 2063 676 ⁷
2130 673 2153 676 “
2300 679 2488 745 Reges,
2529 673 2807 744 res—gesta
2832 682 2881 731 et
2916 673 3264 733 documenta.
3357 676 3580 734 Christi.

308 745 380 798 cli
1574 751 1626 800 et
1655 750 1783 815 post

338 817 390 884 5)
1602 817 1767 872 Palil.

452 956 606 1026 apud
672 969 819 1026 quos
887 955 1210 1012 miserabili
1275 958 1551 1014 servitute
1926 1015 1929 1017 _
2298 959 2474 1030 Capto
2501 958 2801 1014 Valeriano
2827 970 2859 1012 a
2886 959 3097 1029 Persis,
3131 959 3326 1029 plures

451 1043 828 1101 consenescit.
2232 1048 2293 1102 in
2339 1047 2590 1102 diversis
2643 1045 2962 1115 provinciis
3015 1047 3324 1117 imperium

522 1134 845 1200 Regilz‘anus
915 1134 974 1188 in
1039 1133 1228 1190 locum
1308 1136 1546 1207 ingenui
2230 1139 2534 1204 usurpant,
2569 1147 2816 1204 quorum
2847 1134 3112 1190 meminit
3138 1134 3320 1191 Pollio

451 1222 581 1294 Aug
601 1221 845 1291 dicitur,
865 1221 1170 1278 Gallienus
1193 1225 1424 1280 Romam
1453 1239 1551 1280 re—
2234 1224 2294 1279 in
2325 1237 2466 1292 xxx,
2497 1223 2800 1292 Tyrannis.
2832 1224 3020 1278 Petav.

453 1311 562 1366 dit.
609 1312 896 1365 Postumus
937 1311 996 1366 in
1037 1310 1248 1368 Galliis
1285 1312 1542 1369 rebellat.

453 1398 665 1454 Meliob
695 1413 762 1454 ex
795 1413 992 1456 numm
1024 1407 1081 1456 et
1114 1399 1253 1456 hist.

239 1483 384 1542 4973
528 1488 648 1557 Imp
676 1486 795 1543 Caes
821 1487 1100 1544 Galienus
1137 1492 1264 1561 Aug
1301 1485 1549 1562 [captivo
1628 1487 1768 1546 4042
2059 1503 2122 1545 III
2233 1489 2500 1560 Dionysii
2535 1487 2557 1542 4
2595 1496 2650 1543 et
2672 1487 2727 1543 2.
3410 1488 3518 1547 260

234 1571 400 1646 47,44
462 1581 621 1645 patre
653 1577 804 1645 apud
853 1579 1050 1633 Persas
1088 1575 1340 1652 detento]
1372 1583 1442 1633 tr.
1493 1594 1546 1648 p.
1628 1575 1767 1635 4043
2071 1591 2128 1633 iv
2303 1575 2964 1634 PersecutioaGallieno
2988 1579 3183 1634 desiit.
3206 1580 3330 1635 Eu—
3409 1581 3532 1635 Biss

250 1665 302 1719 A
329 1663 374 1719 G
453 1660 489 1719 7
513 1668 568 1719 et
596 1663 651 1718 8.
677 1667 784 1721 Cos
812 1663 864 1721 3.
2236 1665 2334 1721 seb
2365 1665 2464 1719 lib.
2502 1678 2602 1734 v11,
2637 1680 2683 1720 c.
2722 1663 2788 1720 44
2817 1673 2874 1721 et
2904 1663 2991 1720 47.

457 1788 595 1844 COSS
645 1794 658 1808 .
706 1794 720 1808 .
757 1755 1062 1838 Cornelius
1114 1756 1426 1812 Saecularis
1483 1769 1547 1811 Ii.
2306 1752 3028 1824 Scythisirrumpentibus,
3052 1755 3328 1825 templum

644 1865 658 1880 .
702 1864 720 1880 .
759 1827 968 1882 Junius
1010 1829 1265 1883 Donatus
1867 1863 1921 1901 ρ
2235 1842 2431 1897 Dianae
2479 1842 2780 1901 Ephesinaa
2829 1845 3223 1901 succenditur.
3275 1850 3333 1901 et

644 1865 658 1880 ο
702 1864 720 1880 ο
759 1855 968 1882 οιιιιιιυδ
1010 1855 1265 1883 υυιηιιιιδ
1867 1863 1921 1901 n
2235 1855 2431 1897 mante
2479 1855 2780 1901 Ephesmaa
2829 1855 3223 1901 succenditur.
3275 1859 3306 1901 θ

526 1917 586 1971 L.
614 1913 669 1970 2.
707 1915 766 1970 C.
795 1857 1300 1981 deligceiidrttac.
1335 1917 1549 1971 Reland
1867 1863 1922 1924 B

1867 1863 1922 1924 Β
2235 1857 2431 1897 mante
2479 1857 2780 1911 npnesms:
2829 1857 3223 1913 succenditur,
3275 1857 3331 1901 et

2238 1932 2450 2001 Nicaea,
2485 1931 2715 2000 capitur
2738 1931 3080 1998 Chalcedon,
3115 1933 3331 2003 Trape-

453 2003 728 2059 Saaculari
747 2017 787 2058 II
801 2011 856 2058 et
868 2005 1088 2058 Donato
1101 2017 1246 2058 coss.
1271 2004 1554 2057 Cornelius

2237 2019 2424 2075 zuntii
2472 2020 2862 2089 diripiuntur,
2908 2027 3019 2076 etc.
3070 2023 3236 2076 Petav
3280 2027 3336 2077 et

419 2091 713 2146 Saecularis
755 2092 815 2144 P.
862 2091 928 2145 U.
977 2089 1254 2160 Opuscul.
1307 2091 1549 2146 Bucher.
2238 2108 2425 2165 Euseb
2450 2110 2672 2164 Zosimo
2698 2114 2755 2165 et
2778 2109 3079 2165 Trebellio,

534 2181 649 2235 Hos
705 2185 762 2234 et
823 2179 1206 2250 praecedentes
1274 2193 1423 2235 coss.
1483 2179 1555 2234 ab

2316 2197 2534 2252 Paulus
2562 2198 2968 2254 Samosatenus
2999 2197 3062 2253 iit
3103 2198 3335 2268 episco—

464 2266 792 2322 Annalibus
820 2272 1140 2336 expunctos
1170 2267 1558 2323 restituendos

2243 2300 2351 2355 pus
2374 2285 2789 2342 Antiochenus.
2824 2286 2938 2359 Pag
2966 2286 3033 2341 ad
3061 2266 3176 2343 ann
3205 2284 3329 2358 264,

465 2355 712 2424 probant
751 2355 1111 2426 chronologi.
1142 2355 1282 2410 Vide
1320 2355 1557 2425 Pagium
2241 2388 2297 2429 η,
2332 2389 2388 2428 ν,

465 2457 580 2500 ann
634 2442 760 2499 280.
813 2444 1109 2499 Macrinus
1162 2445 1291 2515 Aug
1336 2444 1563 2500 dicitur

473 2546 605 2588 cum
636 2531 776 2586 ﬁliis
800 2531 873 2586 ab
898 2531 1254 2586 exercitibus
1278 2531 1557 2602 Orientis,

468 2626 526 2677 et
547 2621 618 2676 ab
655 2621 906 2676 Aureolo
935 2621 1211 2689 vincitur,
1253 2625 1308 2676 et
1333 2621 1562 2676 occidi—

466 2714 565 2766 tur
590 2722 719 2765 cum
753 2708 960 2764 liberis
987 2714 1046 2764 et
1075 2707 1302 2777 Quieto.
1335 2708 1562 2765 Mediob

466 2812 535 2854 ex
557 2811 695 2854 num
722 2802 779 2852 et
809 2797 949 2852 hist.

249 2919 398 2979 4974
540 2923 662 2992 Imp
691 2920 810 2976 Caes
847 2919 1150 2976 Gallienus
1184 2920 1313 2991 Aug
1357 2926 1446 2976 etc
1485 2925 1558 2976 tr.
1639 2918 1778 2978 4043

1995 2902 2056 2959 Ο.
2089 2900 2196 2959 259
2303 2904 2568 2974 Dionysii
2599 2902 2635 2960 2
2663 2909 2718 2959 et
2747 2903 2800 2960 3.
3429 2905 3526 2964 264

237 3007 408 3082 48,45
467 3025 523 3081 p.
555 3008 591 3064 8
618 3015 673 3065 et
700 3007 753 3063 9.
787 3022 902 3065 cos.
935 3005 989 3062 4.
1639 3005 1777 3066 4044

2081 3005 2136 3047 iv
2319 2993 2668 3049 Emilianus
2700 2994 2854 3064 praef.
2891 2995 3114 3066 Egypti
3150 2996 3210 3051 in
3244 3010 3340 3052 se—

300 3080 351 3154 F
470 3133 608 3189 COSS
647 3099 769 3166 Imp
815 3096 933 3151 Caas
971 3095 1279 3179 Gallienus
1316 3096 1446 3168 Aug
1480 3110 1557 3152 IV.

650 3170 708 3223 L.
761 3169 1063 3223 Petronius
1108 3169 1334 3224 Taurus
1377 3167 1563 3224 Volu-

2078 3085 2128 3135 et
2248 3080 2474 3137 ditione
2507 3081 2947 3151 quamsfortiter
2977 3098 3339 3154 compresse-

1877 3181 1928 3243 ο
2046 3165 2154 3226 260
2246 3177 2335 3225 rat
2363 3175 2660 3239 occupatis
2692 3171 2916 3226 horreis
2942 3173 3190 3228 assumit
3223 3173 3340 3228 im-

683 3257 902 3312 sianus.
2095 3270 2112 3310 I
2247 3258 2527 3327 perium;
2580 3259 2674 3313 sed
2732 3271 2765 3313 a
2821 3261 3118 3316 Theodoro
3185 3261 3342 3317 Duce

545 3343 757 3400 Gruter
797 3340 958 3414 4028,
989 3341 1025 3399 2
1054 3343 1286 3400 Fabrett
1313 3345 1557 3414 Inscrip.
2242 3345 2493 3401 Gallieni
2527 3347 2693 3401 vivus
2722 3348 2971 3417 capitur,
3004 3353 3061 3402 et
3090 3349 3160 3403 ad
3192 3348 3342 3404 Gal-

475 3430 600 3488 356.
2247 3433 2466 3490 lienum
2510 3434 2786 3489 mittitur.
2829 3435 3016 3490 Calvis
3045 3449 3115 3490 ex
3150 3435 3340 3493 Aure-

541 3520 803 3576 Gallieno
836 3533 890 3574 IV
927 3527 984 3576 et
1025 3520 1340 3577 Volusiano
1384 3522 1568 3576 Num-
2248 3520 2346 3576 lio.

470 3613 614 3665 mius
671 3609 916 3664 Albinus
976 3611 1036 3663 P.
1090 3609 1157 3663 U.
1213 3610 1275 3664 C.
1331 3609 1568 3665 Cassius
2317 3610 2450 3664 Post
2504 3611 2782 3666 Macriani
2856 3616 3091 3666 mortem
3153 3607 3345 3683 [cujus

472 3699 785 3754 Postumus
865 3708 934 3750 ex
1005 3693 1269 3764 praefecto
1358 3694 1568 3752 limitis
2251 3694 2491 3750 rebellio
2532 3697 2590 3750 in
2621 3697 2859 3768 Egypto
2904 3697 2964 3752 in
2997 3712 3171 3754 causa
3202 3696 3336 3768 fuit,

473 3783 684 3852 Rheni,
739 3782 932 3837 occiso
1005 3781 1328 3848 Valeriano,
1395 3783 1568 3840 tertio
2254 3796 2324 3838 ne
2368 3782 2706 3839 beneﬁcium
2762 3785 3015 3840 remissae
3072 3799 3347 3856 persecu-

473 3873 600 3929 iilio
633 3869 909 3936 Gallieni,
957 3869 1129 3937 cujus
1165 3875 1398 3925 curator
1427 3876 1567 3939 erat,
2252 3873 2435 3930 tionis
2491 3873 2635 3929 alibi
2694 3886 3028 3928 concessum
3091 3873 3342 3944 Egyptii

475 3975 608 4018 cum
643 3959 767 4015 tilio
809 3971 916 4013 suo
947 3959 1218 4013 Postumo
1263 3958 1324 4012 in
1361 3957 1574 4014 Galliis
2251 3962 2570 4018 Christiani
2620 3960 2996 4038 perciperent]
3047 3962 3104 4017 h.
3145 3976 3199 4018 a.
3247 3975 3347 4019 re—

474 4049 726 4105 assumit
756 4046 1090 4116 imperium,
1122 4050 1178 4100 et
1200 4041 1236 4100 7
1265 4045 1437 4101 annis
1463 4045 1574 4100 ob-
2256 4051 2464 4108 scribit
2493 4051 2812 4108 Gallienus.

478 4139 642 4194 tinet.
675 4135 867 4192 Calvis
892 4149 962 4191 ex
991 4136 1112 4190 Aur
1147 4135 1270 4190 Vict
1293 4135 1570 4205 Pollione,

477 4233 586 4284 etc.

253 4352 405 4413 4975
551 4355 669 4422 Imp
711 4351 831 4408 Caes
868 4351 1170 4408 Gallienus
1205 4351 1334 4423 Aug
1365 4355 1455 4407 etc
1495 4356 1567 4406 tr.
1647 4347 1788 4407 4044

2090 4369 2108 4411 ι
2328 4357 2595 4428 Dionysii
2625 4353 2660 4412 3
2689 4359 2745 4412 et
2775 4353 2827 4410 l.
3437 4349 3547 4410 262

243 4441 418 4517 49,46
480 4459 537 4515 p.
565 4441 602 4498 9
629 4449 689 4500 et
719 4440 786 4500 40
817 4455 910 4499 cos
945 4456 998 4496 v.
1647 4436 1789 4497 4045
2093 4458 2131 4501 n
2329 4447 2644 4516 Dionysius
2671 4444 3094 4501 Alexandrinus
3118 4445 3350 4516 episco—

308 4535 362 4589 E
662 4534 782 4601 Imp
832 4533 952 4587 Caes
1016 4533 1076 4587 P.
1128 4532 1292 4588 Licin
1346 4531 1572 4588 Gallie—
1887 4523 1945 4584 D
2257 4550 2366 4606 pus
2409 4535 2636 4590 delatus
2666 4535 2735 4590 ad
2772 4535 3114 4605 Dionysium
3149 4547 3348 4606 papam

732 4636 843 4678 nus
871 4622 1000 4694 Aug
1029 4634 1084 4676 v.
2254 4639 2429 4694 super
2493 4624 2737 4680 obscure
2807 4623 3067 4695 scriptis,
3134 4624 3353 4694 quibus

480 4711 619 4768 Coss
719 4753 733 4766 .
847 4751 862 4766 .
939 4751 952 4764 .
1044 4751 1059 4765 .
1154 4751 1170 4767 .
1240 4712 1568 4767 Faustinus.
2254 4713 2456 4769 Ariani
2501 4717 2695 4782 postea
2733 4712 2824 4767 usi
2852 4717 3010 4781 sunt,
3051 4713 3353 4782 suspicio-

669 4805 726 4858 L.
759 4801 814 4873 2,
847 4816 898 4858 c.
943 4802 1013 4858 de
1042 4800 1275 4857 ordinat
1311 4801 1576 4870 judicio—
2259 4816 2387 4859 nem
2432 4807 2640 4871 purgat
2668 4799 2822 4854 datis
2861 4800 2930 4853 ad
2963 4812 3094 4853 eum
3135 4800 3352 4856 litteris

735 4905 886 4949 rum.
918 4891 1152 4947 Reland.
2259 4892 2443 4947 Petav.

554 4982 817 5039 Gallieno
839 4997 869 5036 v
890 4986 946 5037 et
965 4980 1240 5038 Faustino
1261 4992 1390 5035 coss
1409 4981 1574 5036 Num~
2329 4981 2504 5037 Gothi
2541 4978 2838 5048 occupatis
2865 4976 3132 5032 Thraciis
3160 4978 3352 5032 Macen

480 5073 624 5127 mius
656 5073 893 5128 Albinus
923 5072 980 5126 P.
1015 5070 1078 5124 U.
2256 5068 2492 5124 doniam
2545 5073 2793 5136 vastant,
2840 5080 2969 5122 mox
3009 5065 3148 5120 victi
3189 5077 3353 5120 rece-

553 5163 934 5218 Terraemotus
988 5161 1192 5231 ingens
1243 5160 1453 5224 Romaa,
1512 5158 1572 5214 in
2255 5157 2422 5212 dunt.
2455 5157 2674 5226 Scythae
2702 5157 2894 5212 Asiam
2926 5160 3169 5223 vastant,
3204 5162 3355 5210 tem-

488 5253 659 5324 Libya
699 5258 757 5308 et
787 5251 946 5306 Asia.
987 5250 1170 5304 Pestis
1201 5249 1390 5302 Roma
1428 5253 1484 5302 et
1514 5247 1572 5303 in
2262 5244 2420 5315 plum
2464 5245 2658 5300 Diana:
2704 5245 2975 5314 spoliant.
3027 5245 3238 5316 Pagius
3278 5243 3349 5299 ad

485 5342 717 5398 Achaia.
767 5343 848 5396 Ex
895 5340 1067 5396 libris
1113 5336 1420 5408 Sybillinis
1468 5350 1576 5406 pax
2262 5335 2318 5389 h.
2351 5347 2403 5389 a.
2439 5347 2508 5388 ex
2540 5332 2798 5388 Pollione

487 5431 663 5487 Deum
716 5431 959 5502 quaesita
1008 5433 1116 5484 etc.
1171 5425 1464 5481 Mediobar
1511 5439 1579 5480 ex
2335 5422 2689 5492 Porphyrius
2724 5421 3053 5477 Platonicus
3077 5421 3356 5477 Christia-

489 5533 622 5574 num
656 5524 712 5574 et
743 5519 878 5574 hist.
2269 5512 2362 5568 nis
2396 5510 2660 5567 infensus
2700 5510 2952 5578 scriptor
2979 5523 3010 5564 e
3041 5511 3188 5579 Tyro
3231 5510 3354 5565 Ro-

559 5608 902 5664 Decennalia
945 5620 978 5662 a
1023 5603 1288 5662 Gallieno
1336 5601 1618 5658 celebrata
2271 5613 2416 5654 mam
2452 5600 2506 5654 h.
2538 5612 2592 5653 a.
2626 5597 2784 5653 venit
2816 5597 2918 5652 ibi.

491 5696 719 5752 Nummi
751 5701 986 5752 veteres.
