3922 6406
339 434 437 493 574
1129 432 1222 487 AD
1267 430 1702 488 ANASTASIUM
1752 430 2270 489 PROLEGOMENA
2318 432 2490 491 EDIT.
2539 431 2971 489 ROM.-VATIC.
3665 428 3783 488 572

400 559 562 613 Anni
624 561 1006 625 Imperatores,
1090 557 1366 617 Consules,
1448 558 1723 610 Romano—
1790 556 1946 609 Anni
2041 558 2093 617 A
2203 559 2355 613 Anni
2413 560 2859 625 Christianorum,
2910 556 3226 610 Iudaeorum
3265 559 3314 608 et
3342 555 3482 623 fini—
3556 555 3724 608 Anni

428 632 533 684 Per
698 645 844 693 rum,
896 645 981 683 res
1037 634 1218 697 gestae,
1269 633 1319 680 et
1366 628 1702 681 documenta.
1778 628 1841 681 U.
1875 628 1931 682 C.
2152 629 2359 701 Olymp.
2482 634 2730 684 timorum
2768 629 3128 701 papulorum,_
3168 629 3472 696 Pontiﬁces,
3530 629 3725 701 “Eme

421 701 538 754 Jul.
1766 704 1894 772 ante
1929 702 1990 772 et
2221 697 2234 700 ⁷
2301 697 2321 701 “
2474 705 2660 772 Reges,
2687 697 2956 769 res’gestae
2993 704 3043 753 et
3092 699 3431 752 documenta.
3514 697 3753 752 Christi.

371 775 421 825 et
441 772 602 837 cycli.
1696 773 1824 838 post
1842 769 2009 824 Palil.

398 855 553 930 €533

417 1012 561 1070 4976
705 1017 825 1084 Imp
865 1014 984 1068 Caes
1027 1013 1328 1070 Gallienus
1375 1013 1502 1086 Aug
1548 1019 1621 1070 tr.
1665 1030 1720 1085 p.
1801 1015 1942 1072 1015

2241 1017 2278 1057 ιι
2473 997 2736 1070 Dionysii
2768 995 2801 1051 4
2824 1001 2879 1052 et
2906 995 2962 1052 5.
3587 997 3705 1055 263

403 1100 570 1173 20,17
633 1101 700 1158 10
728 1111 786 1159 et
815 1099 902 1172 11,
936 1100 1146 1190 coss
1801 1102 1941 1160 1016
2408 1179 2441 1190 Α
2470 1089 2787 1190 Ilegilianus
2819 1087 3232 1190 inhPannonia,
3257 1089 3315 1142 et
3337 1175 3350 1187 .

468 1196 513 1247 D
631 1226 770 1282 COSS
839 1231 855 1246 .
911 1230 928 1246 .
980 1229 995 1244 .
1030 1189 1280 1272 Albinus
1312 1204 1372 1244 ιι.

861 1301 875 1314 .
922 1299 936 1313 .
987 1301 999 1314 .
1039 1262 1324 1315 Maxumus
1356 1263 1566 1320 Dexter

2229 1194 2293 1236 ιιι
2406 1179 2740 1235 Saturninus
2772 1176 2830 1230 in
2860 1175 3098 1246 Egypto
3124 1174 3490 1246 tyrannidem

2405 1271 2748 1337 usurpantes
2787 1265 3107 1320 caeduntur.
3137 1265 3219 1319 Ex
3251 1263 3494 1320 Trebel—

706 1353 864 1404 Inscr
891 1350 951 1403 in
980 1348 1167 1402 hortis
1206 1349 1537 1406 Barberinis
1571 1353 1726 1407 edita
2406 1357 2486 1412 lio
2525 1357 2692 1412 Petav
2729 1360 2785 1410 et
2813 1353 3000 1408 Calvis
3041 1353 3137 1408 hic
3170 1353 3239 1408 ad
3276 1366 3494 1410 annum

636 1453 669 1494 a
699 1438 924 1493 Valesio
961 1439 1017 1491 in
1060 1443 1158 1492 not
1187 1437 1254 1491 ad
1289 1439 1493 1506 Euseb,
1540 1440 1624 1494 lib
1669 1455 1722 1494 ιν
2409 1447 2834 1516 praecedentem,
2887 1442 2989 1498 ille
3029 1443 3099 1498 ad
3145 1455 3244 1513 seq
3294 1441 3492 1498 refert.

635 1527 706 1582 de
759 1527 886 1581 Vita
923 1526 1097 1580 Const
1145 1539 1252 1596 pag
1296 1522 1404 1581 240
1453 1533 1510 1580 et
1550 1541 1582 1582 a
1631 1529 1730 1582 Re-

636 1614 830 1683 lando,
879 1614 980 1682 qui
1031 1613 1292 1668 observat
1335 1626 1402 1667 ex
1445 1615 1579 1669 card
1625 1617 1732 1671 No-

637 1704 784 1758 risio
848 1703 1096 1771 lapidem
1155 1709 1410 1771 spectare
1475 1705 1544 1758 ad
1601 1718 1730 1759 coss

638 1791 778 1847 anni
832 1788 958 1845 227.
1024 1790 1233 1858 Pagius
1284 1791 1544 1847 eumdem
1603 1806 1730 1848 coss

638 1888 888 1950 utroque
919 1893 1068 1934 anno
1099 1880 1464 1935 ordinarium
1510 1888 1720 1936 censet.
2044 1883 2099 1944 B

634 1970 926 2025 Nummius
955 1969 1192 2022 Albinus
1225 1970 1283 2021 P.
1318 1968 1382 2022 U.

712 2058 1088 2110 Trebellianus
1124 2057 1183 2112 in
1213 2059 1432 2112 Isaurla
1465 2063 1519 2113 et
1542 2058 1728 2113 Celsus

635 2147 698 2201 in
736 2144 929 2201 Africa
967 2146 1275 2218 imperium
1315 2146 1430 2200 sibi
1468 2152 1725 2216 sumunt,

635 2235 734 2288 sed
769 2234 940 2303 paulo
973 2239 1098 2303 post
1131 2233 1582 2290 interﬁciuntur.
1611 2234 1731 2300 Cal-

637 2323 726 2378 vis
757 2336 825 2376 ex
856 2322 1134 2378 Pollione.

419 2425 561 2484 4977
709 2433 830 2500 Imp
871 2431 989 2485 Cms
1038 2428 1337 2485 Gallienus
1379 2429 1506 2501 Aug
1550 2435 1623 2486 tr.
1668 2445 1721 2500 p.
1802 2427 1944 2487 1016
2231 2449 2295 2491 ιιι
2476 2433 2740 2502 Dionysii
2771 2431 2806 2488 5
2835 2437 2892 2486 et
2921 2430 2972 2487 6.
3593 2429 3720 2488 264

403 2515 575 2584 24,48
638 2514 700 2572 44
734 2523 790 2572 et
823 2516 910 2587 12,
941 2533 1068 2574 coss
1097 2519 1150 2574 6.
1803 2515 1941 2574 1017

2229 2537 2284 2578 ιν
2473 2521 2763 2576 Odenalus
2844 2532 2941 2574 rex
3025 2517 3495 2587 Palmyrenorum
3583 2523 3725 2577 Biss

441 2606 549 2670 CB
643 2642 780 2697 COSS
825 2609 940 2677 Imp
970 2608 1271 2663 Gallienus
1301 2607 1426 2678 Aug
1456 2621 1535 2662 γι.
2403 2612 2668 2679 Saporem
2716 2610 3013 2662 Persarum
3056 2619 3242 2676 regem
3286 2607 3503 2662 Roma-

836 2719 848 2732 .
897 2719 909 2731 .
960 2719 973 2732 .
1010 2681 1335 2734 Saturnius.
2404 2699 2494 2734 “ac
2528 2696 2740 2734 ﬁnihnc
2771 2696 2929 2734 ηιίριι
2988 2695 3218 2734 Nicihin
3253 2700 3306 2734 οι
3348 2696 3495 2734 Παπι-

836 2719 848 2732 .
897 2719 909 2731 ο
960 2719 973 2732 .
1010 2695 1335 2734 baturnlus.
2404 2699 2495 2736 ni:
2528 2696 2741 2736 ﬁnihnc
2771 2696 2929 2736 niinit
2988 2695 3218 2736 Nigihin
3253 2700 3309 2736 at
3348 2696 3495 2736 Car.

725 2694 776 2697 “
836 2719 848 2732 .
897 2719 909 2731 .
960 2719 973 2732 .
1010 2694 1335 2734 aaturnlus.

712 2766 895 2822 Pollio
931 2766 988 2821 in
1020 2767 1145 2822 Gall
1177 2782 1229 2822 c.
1264 2765 1351 2822 10.
1385 2766 1638 2822 Vaillant
1672 2767 1732 2822 in

2404 2699 2496 2754 nis
2528 2696 2742 2752 ﬁnibus
2771 2696 2953 2766 ejicit,
2988 2695 3221 2751 Nisibin
3253 2700 3309 2750 et
3348 2696 3490 2751 Car—

2404 2787 2536 2842 rhas
2583 2792 2844 2854 occupat,
2883 2786 3140 2856 captivos
3184 2786 3385 2840 Persas
3421 2785 3490 2842 ad

641 2869 836 2912 numm
908 2870 1010 2928 arg
1058 2855 1286 2912 Gallien
1345 2862 1417 2912 tr.
1485 2871 1540 2927 p.
1592 2869 1697 2924 xu,

2400 2827 2936 2930 Gallienumrmi‘ttit
2956 2827 3027 2929 fa
3056 2887 3168 2943 quo
3196 2873 3497 2944 Augustus

638 2957 767 3000 coss
793 2958 870 3034 γι.
2402 2963 2724 3034 appellatus
2756 2963 2939 3018 totius
2979 2962 3238 3016 Orientis
3269 2962 3493 3018 obtinet

746 3033 996 3089 Gallieni
1047 3034 1380 3104 triumphus
1441 3035 1725 3090 Persicus-
2408 3033 2737 3122 imperium.
2777 3051 2960 3107 Pollio
2993 3051 3051 3106 in
3081 3049 3236 3105 duob
3265 3050 3494 3107 Gallie-

638 3122 862 3178 Mediob
894 3137 963 3178 ex
994 3136 1130 3178 num
1161 3128 1218 3177 et
1249 3123 1386 3178 hist.
2408 3143 2502 3198 nis
2531 3154 2636 3210 cap
2667 3138 2751 3196 40.

419 3229 565 3288 4978
711 3232 832 3300 Imp
868 3230 986 3286 Caes
1025 3229 1326 3286 Gallienus
1364 3231 1489 3301 Aug
1525 3235 1614 3285 etc
1653 3235 1726 3285 tr.
1805 3224 1942 3284 1017

2209 3229 2317 3288 260
2481 3230 2743 3300 Dionysii
2774 3228 2808 3285 6
2837 3235 2893 3284 et
2917 3225 2974 3283 7.
3589 3229 3719 3289 265

406 3319 576 3392 22,49
641 3335 696 3390 p.
732 3317 818 3389 12,
855 3317 940 3388 13,
973 3333 1100 3374 coss
1134 3332 1190 3373 γι
1806 3314 1946 3373 4048

1944 3349 1946 3360 ι
2243 3334 2297 3376 ιν
2486 3319 2750 3391 Synodus
2778 3318 3096 3373 Antiochiae
3125 3321 3325 3372 contra
3353 3316 3493 3371 Pau-

465 3416 517 3470 Α
649 3446 786 3501 COSS
827 3405 1692 3501 PhiciniuanEIAei-ianusnii,M
2240 3415 2290 3463 et
2410 3409 2528 3465 lum
2569 3409 2995 3501 Samosatenu_m
3037 3405 3294 3501 cogitur;
3329 3405 3496 3460 Petav

825 3481 867 3534 L
894 3480 1189 3534 Caesonius
1220 3479 1404 3533 Macer
1436 3477 1695 3533 Lucillus
2213 3497 2310 3555 264

2213 3497 2310 3555 261
2409 3505 2465 3555 et
2497 3511 2603 3569 pag
2629 3511 2698 3553 ex
2725 3497 2912 3553 Euseb
2933 3493 2988 3566 7,
3020 3496 3140 3552 bist
3168 3510 3199 3551 c
3226 3491 3313 3551 22.

927 3567 1216 3623 Ruﬁnian.
2261 3601 2279 3643 ι

714 3661 816 3714 His
847 3674 961 3712 coss
997 3658 1264 3712 dedicatio
1302 3674 1587 3714 murorum
1623 3659 1736 3711 Ve—

638 3752 955 3806 ronensium
997 3748 1210 3819 legitur
1249 3749 1307 3804 in
1356 3757 1516 3820 porta
1567 3759 1736 3816 quam

642 3842 972 3895 Bursaream
1021 3844 1241 3893 vocant.
1284 3838 1494 3894 Gruter
1541 3833 1662 3904 166,
1703 3831 1740 3888 2

644 3933 703 3984 et
745 3927 960 3982 Panvin
1000 3927 1258 3996 antiquit
1296 3928 1478 3983 Veron
1520 3921 1734 3980 Reland

645 4029 716 4071 ex
745 4014 784 4068 l.
809 4011 867 4084 7,
891 4027 941 4068 c.
974 4013 1045 4068 de
1073 4027 1247 4069 excus
1280 4020 1438 4071 tutor
1465 4015 1736 4068 Paternus

647 4100 796 4174 praef
821 4101 972 4158 urbi.

720 4191 1023 4248 Gallienus
1040 4190 1255 4246 bellum
1272 4190 1544 4245 Postumo
1563 4184 1739 4241 infert

650 4284 714 4338 in
733 4282 944 4337 Galliis
966 4285 1024 4335 et
1047 4279 1230 4334 vincit
1257 4277 1494 4347 pluries.
1521 4272 1744 4344 Scythae

650 4370 968 4425 vincuntur
997 4372 1056 4421 et
1082 4367 1152 4420 ad
1187 4379 1294 4421 sua
1325 4367 1586 4422 redeunt.
1617 4362 1741 4417 Me-

649 4456 812 4513 diob.

439 4579 581 4638 1979
726 4580 849 4646 Imp
895 4576 1198 4633 Gallienus
1249 4576 1375 4649 Aug
1419 4582 1494 4631 tr.
1542 4590 1597 4646 p.
1648 4571 1735 4645 13,
1814 4571 1954 4631 4047

2264 4589 2282 4631 ι
2486 4574 2752 4644 Dionysii
2781 4569 2818 4628 7
2845 4579 2902 4630 et
2931 4572 2987 4630 8.
3600 4572 3711 4630 266

437 4667 562 4738 23,4
646 4663 732 4737 44,
765 4678 892 4720 coss
922 4678 1026 4718 vn.
1815 4661 1953 4720 1018

2248 4675 2290 4718 ιι
2485 4661 2776 4716 Odenatus
2812 4661 3277 4732 Palmyrenorum
3306 4676 3400 4718 rex
3433 4661 3506 4718 ob

489 4757 536 4813 G
657 4791 796 4847 COSS
841 4753 959 4824 imp
1008 4751 1308 4834 Gallienus
1356 4752 1482 4824 Aug
1529 4764 1632 4806 vu.
2418 4759 2651 4805 strenue
2709 4755 2968 4805 navatam
3024 4766 3251 4821 operam
3305 4758 3508 4808 contra

846 4867 861 4880 -
909 4867 922 4880 -
971 4867 984 4880 -
1021 4823 1364 4878 Sablmllus-
2418 4840 2618 4894 Persas
2655 4851 2687 4892 a
2729 4838 2993 4895 Gallieno
3037 4841 3322 4896 Augustus
3364 4840 3508 4895 dici-

724 4867 936 4972 Gruter
1443 4925 1511 4967 ex
1539 4911 1577 4966 l.
1605 4907 1660 4980 7,
1689 4926 1741 4967 c.

2421 4858 2618 4894 rersas
2655 4858 2687 4892 ει
2729 4858 2993 4895 uameno
3037 4858 3322 4909 Augustus
3364 4858 3508 4895 (1101-

2419 4935 2533 4994 tur,
2557 4932 2624 4981 et
2657 4927 2824 4996 paulo
2847 4935 2973 4998 post
2996 4930 3236 4985 insidiis
3265 4930 3508 4985 structis

655 5008 725 5062 de
754 5001 1211 5075 probationibus.
1248 5003 1518 5057 Putemus
1547 5003 1634 5056 Pr.
1677 5001 1741 5055 U.
2423 5018 2730 5074 occiditur.
2788 5019 3013 5075 Medio},
3070 5033 3140 5075 ex
3197 5033 3392 5076 numm
3449 5025 3509 5075 ει

723 5095 827 5148 His
863 5107 991 5148 coss
1028 5090 1310 5147 Servilius
1349 5091 1643 5146 Lollianus
1685 5088 1744 5144 in
2425 5107 2564 5163 hist,

657 5183 847 5239 Gallia
876 5187 1075 5237 contra
1105 5182 1404 5237 Postumos
1436 5181 1746 5250 imperator

659 5271 980 5340 appellatus
1045 5276 1150 5324 est.
1213 5270 1496 5325 Maeonius
1556 5275 1746 5324 autem

661 5365 942 5428 tyrannus
971 5357 1198 5411 occisus
1229 5363 1333 5411 est.
1368 5356 1642 5426 Lydiatus
1670 5355 1740 5410 ad

453 5525 595 5583 4980
662 5445 860 5602 hia:in
902 5533 1023 5588 Czes
1061 5531 1362 5587 Gallienus
1399 5532 1524 5601 Aug
1570 5536 1642 5585 tr.
1691 5546 1744 5600 p.
1825 5529 1964 5586 1018
2263 5543 2302 5584 ιι
2495 5530 2758 5600 Dionysii
2786 5529 2823 5585 8
2849 5535 2903 5586 et
2931 5528 2987 5586 9.
3564 5529 3680 5589 267

458 5612 595 5682 24,2
677 5613 768 5686 43,
796 5615 886 5687 44,
916 5632 1063 5673 coss.
1089 5617 1145 5672 7.
1822 5617 1963 5674 4049

2253 5630 2316 5673 ιιι
2495 5617 2750 5675 Odenato
2778 5620 3241 5690 Palmyrenorum
3275 5634 3402 5692 rege
3428 5621 3514 5675 in-

487 5703 537 5759 F
2427 5707 2682 5778 terfecto,
2710 5710 2940 5762 Zenobia
2968 5710 3094 5778 ejus
3123 5725 3270 5768 uxor
3298 5710 3516 5780 princi-
