3922 6420
141 429 272 490 573
1209 443 1505 503 CRONOL.
1545 446 1831 507 CONSUL.
1871 450 1962 508 ET
1994 450 2159 510 CES.
2199 451 2369 510 ROM.
2410 453 2557 510 ETC.
3493 467 3601 528 574

220 559 388 661 ἑξ.ιὶ
453 562 831 661 Impiatores,
875 648 895 661 Δ
925 570 1180 661 Con‘sujles
1226 575 1505 661 Romano-
1613 573 1770 661 anni
1854 576 1912 637 Α
1988 579 2167 661 Anni
2236 578 2691 661 Christianorum,
2732 585 3048 661 Iudaeorum
3093 594 3143 644 et
3168 592 3308 661 ﬁni—
3382 593 3539 649 Anni

517 649 642 689 rum
665 653 751 693 res
780 630 961 710 gestae,
993 647 1044 698 et
1071 642 1410 700 documenta.

231 839 375 916 ΦΒ

458 988 596 1046 Coss

523 1113 759 1169 Reland.
808 1129 877 1170 ex
929 1115 968 1170 l.
1017 1115 1072 1188 5,
1139 1118 1200 1174 C.
1250 1119 1418 1176 dein
1465 1120 1538 1178 lit

451 1203 622 1258 dand.
655 1208 814 1262 tutor
843 1220 876 1261 v
899 1212 1084 1263 curat.

519 1294 807 1348 Petronius
843 1296 1178 1353 Volusianus
1227 1299 1289 1353 P.
1321 1299 1388 1354 U.

520 1381 809 1439 Postumis
881 1387 1143 1456 tyrannis
1190 1388 1403 1444 occisis
1455 1387 1532 1444 Μ.

443 1469 566 1526 Aur
618 1472 930 1529 Victorinus
971 1476 1284 1547 imperator
1310 1478 1534 1534 dicitur

444 1562 502 1614 et
548 1559 605 1614 in
637 1560 944 1621 Germania
985 1566 1313 1637 Pomponius
1342 1567 1527 1624 .IElia-

674 993 689 1008 .
724 992 739 1007 .
776 993 790 1008 .
820 954 1117 1014 Paternus.

675 1064 690 1078 .
719 1068 734 1082 .
779 1065 793 1080 .
821 1025 1175 1085 Arcesilaus.

1628 641 1757 698 U.C.

1568 719 1696 767 ante
1739 717 1790 767 et

190 773 420 854 etfgygli
1522 790 1650 854 post
1663 784 1824 839 Palil.

1980 648 2189 721 Olymp.

2343 654 2598 732 timorum
2626 657 2979 732 papillarum.
3000 654 3310 732 Pontiﬁces,
3384 669 3527 720 Era

2331 725 2519 792 Reges,
2575 741 2661 780 res
2687 732 2851 794 gesta
2874 735 2926 785 et
2947 725 3299 788 documenta.
3343 735 3567 793 Christi.

2217 978 2413 1044 patum
2470 975 2749 1032 obtinuit.
2780 978 3082 1036 Gallienus
3127 983 3312 1040 Hera-

2215 1062 2436 1119 clinum
2461 1065 2672 1121 Ducem
2712 1073 2913 1124 contra
2964 1070 3160 1126 Persas
3201 1072 3311 1128 de-

2214 1153 2430 1208 stinat:
2467 1155 2568 1225 qui
2627 1168 2661 1211 a
2709 1155 3066 1228 Palmyrenis
3113 1161 3306 1218 victus

2214 1245 2319 1296 est.
2355 1242 2524 1297 Petav
2551 1256 2620 1297 ex
2648 1243 2869 1301 Trebell
2899 1246 3146 1304 Zenobia
3177 1249 3307 1306 bel-

2213 1327 2566 1387 licosissima
2587 1331 2799 1388 mulier
2825 1347 2939 1390 non
2961 1335 3149 1393 solum
3181 1340 3307 1396 Per-

2211 1430 2306 1472 sas
2327 1418 2575 1489 repellit,
2596 1421 2692 1475 sed
2725 1423 2898 1478 etiam
2923 1423 2983 1479 in
3001 1425 3305 1498 Egyptum

2211 1507 2524 1575 potentiam
2580 1509 2858 1566 extendit.
2903 1512 3192 1571 Calvisius
3235 1530 3305 1574 ex

2212 1595 2315 1650 eod
2385 1595 2692 1654 Trebellio.

441 1662 568 1703 nus.
598 1650 818 1720 Lydiat.

465 1757 635 1847 __Imp
675 1759 794 1847 Caes
840 1759 1140 1818 Gallienus
1190 1763 1320 1836 Aug
1349 1769 1424 1820 tr.
1471 1777 1526 1834 p.
1608 1760 1748 1820 4049

2035 1789 2099 1831 ιιι
2279 1777 2542 1847 Dionysii
2569 1776 2606 1834 9
2635 1784 2691 1836 et
2741 1778 2826 1838 40.
3385 1787 3493 1847 268

213 1840 380 1944 2b,}
453 1841 540 1916 44,
573 1860 701 1904 coss
728 1846 782 1904 7.
1438 1925 1445 1930 Α
1606 1850 1746 1910 4020

2043 1877 2100 1921 ιν
2283 1840 2526 1922 Zenobia
2547 1867 2842 1927 Orientale
2862 1871 3171 1944 imperium
3198 1889 3296 1932 no-

252 1934 370 1987 ,ΕΒ
439 1971 581 2029 COSS
664 1977 679 1993 .
714 1979 730 1995 .
773 1940 1175 2034 {ater-{iusin
1842 1918 1896 1980 Β
2213 1957 2368 2012 mine
2396 1957 2767 2029 Herenniani,
2807 1918 3074 2034 Timolai,
3099 1969 3155 2021 et
3185 1967 3301 2021 Va-

663 2048 678 2065 .
711 2048 725 2062 .
759 2049 776 2063 .
805 2011 1186 2067 Marinianus.

509 2096 709 2152 Boldet
735 2111 802 2153 ex
825 2097 918 2169 lap
946 2106 1046 2154 ant
1075 2113 1146 2155 ne
1172 2113 1300 2155 sacr
1328 2106 1532 2156 cmmet

439 2199 493 2256 p.
522 2182 614 2240 80.
662 2187 861 2242 Petron
914 2189 1249 2243 Volusianus
1293 2189 1384 2244 Pr.
1432 2188 1530 2244 Ur.

509 2274 812 2331 Gallienus
839 2277 1046 2334 Gothis
1077 2279 1137 2334 in
1166 2278 1398 2350 Illyrico
1417 2291 1536 2333 caa-

438 2365 545 2433 sis,
577 2363 910 2438 fugatisque
946 2368 1176 2439 Scythis
1203 2382 1376 2438 prope
1406 2369 1531 2424 Me-

435 2443 736 2511 diolanum
772 2457 1064 2513 occiditur
1109 2458 1348 2514 insidiis
1373 2459 1532 2513 Mar-

441 2541 588 2596 tiani
641 2549 700 2598 et
756 2543 1018 2614 Cecropii
1071 2545 1306 2602 ducum.
1361 2547 1527 2602 Petav

435 2635 493 2686 et
520 2631 746 2688 Mediob
780 2647 847 2688 ex
874 2633 996 2689 bist
1024 2640 1080 2690 et
1109 2649 1327 2691 numm.

501 2720 792 2777 Successit
815 2723 868 2778 ei
896 2723 1177 2780 CLAUDIUS
1198 2725 1436 2780 circiter
1465 2739 1524 2781 lx

2213 2046 2414 2104 ballati
2457 2048 2712 2106 ﬁliorum
2749 2049 3143 2113 administrat.
3175 2055 3300 2113 Me—

2213 2136 2350 2193 diob
2379 2151 2448 2194 ex
2479 2141 2734 2198 nummis
2758 2147 2815 2198 et
2846 2142 2985 2200 hist.

432 2807 648 2865 Kalend
670 2810 893 2880 Aprilis
916 2811 1104 2885 [Petav
1133 2827 1201 2868 ex
1217 2811 1525 2887 Trebellio]

430 2897 530 2969 qui
558 2899 740 2955 vincit
760 2905 817 2955 et
846 2901 1062 2956 occidit
1079 2902 1384 2957 Aureolum
1411 2903 1523 2959 Z0-

428 2987 635 3043 simus.
695 2991 939 3044 Tetricus
970 2995 1129 3061 pater
1155 2995 1214 3046 et
1249 2990 1309 3046 ﬁl
1334 2991 1525 3062 impe-

430 3076 583 3132 rium
616 3084 916 3149 usurpant.

503 3185 623 3253 Imp
639 3183 779 3280 ρξε’..
809 3187 863 3241 M
887 3185 1008 3280 Aur
1022 3186 1200 3245 Claud
1219 3187 1368 3246 Gotb
1390 3187 1518 3261 Aug

1999 3199 2099 3258 264
2267 3203 2441 3260 FEle
2473 3207 2603 3274 post
2621 3203 2845 3264 obitum
2866 3207 3133 3280 Dionysii
3164 3208 3298 3266 die-
3386 3207 3494 3266 269

188 3269 297 3364 261
327 3267 364 3327 4
438 3276 510 3328 tr.
537 3287 592 3344 p.
630 3271 680 3364 4,
703 3270 758 3344 2,
790 3288 918 3332 coss
953 3273 1006 3330 2.
1593 3276 1724 3335 4024

1828 3271 1878 3335 Ο
2027 3303 2083 3345 1v
2195 3291 2304 3348 bus
2333 3308 2386 3364 v,
2420 3267 2638 3350 electus
2666 3301 2722 3351 et
2767 3267 3074 3354 ordinatus
3104 3299 3295 3355 Ponti-

248 3360 298 3416 (ἶ
428 3395 566 3453 coss
639 3363 762 3434 Ιωι)
790 3367 845 3420 Μ
900 3367 1022 3421 At"
1049 3366 1229 3449 (Ξιᾶυά
1279 3367 1410 3438 Αιιὲ
1443 3381 1502 3423 Ιιο
1967 3377 2158 3449 Olymp
2197 3379 2287 3437 fex
2319 3360 2594 3439 romanus
2636 3385 2733 3440 die
2763 3383 2798 3440 3
2839 3387 3104 3444 Januarii
3151 3389 3291 3444 Dom

650 3474 663 3488 .
713 3477 726 3490 .
800 3477 815 3490 .
872 3437 893 3459 ¹
941 3438 1162 3493 Nonius
1213 3439 1510 3495 Paternus.
2006 3465 2114 3495 occ)
2203 3483 2264 3495 η..
2315 3485 2436 3495 η--
2472 3471 2709 3495 mh-..“
2767 3474 2996 3495 η-.----
3180 3475 3243 3495 ι-

2006 3465 2114 3524 262
2200 3483 2268 3527 ex
2311 3485 2440 3527 coss
2471 3471 2714 3528 Claudio
2767 3474 3007 3531 Paterno
3059 3477 3148 3546 [ut
3180 3475 3290 3533 ha-

2047 3573 2064 3615 l
2203 3559 2298 3614 bet
2341 3563 2488 3617 catal
2517 3560 2665 3617 liber
2693 3566 2749 3617 et
2777 3562 2926 3618 liber
2973 3565 3118 3618 Pont
3137 3564 3291 3621 sedit

2200 3662 2384 3704 annos
2406 3663 2464 3718 v,
2492 3663 2654 3705 mens
2671 3664 2754 3716 χι,
2773 3652 2900 3706 dies
2928 3665 3069 3714 xxv,
3097 3667 3285 3722 usque

2200 3737 2268 3792 ad
2313 3735 2350 3792 3
2398 3736 2502 3792 Kal
2554 3737 2789 3811 Januar]
2833 3741 2970 3795 anni
3019 3735 3146 3809 274,
3206 3739 3294 3810 (ut

2201 3827 2263 3882 in
2280 3825 2471 3896 Opusc
2484 3826 2710 3895 deposit
2725 3827 2920 3901 episc).
2951 3828 3095 3886 Vide
3122 3833 3286 3885 notas

2201 3916 2271 3972 ad
2309 3914 2575 3972 Felicem.

498 3521 673 3580 Vetus
700 3524 792 3594 lap
816 3525 876 3580 in
920 3527 1047 3582 Mus
1083 3527 1266 3583 Alban
1297 3527 1513 3584 Reland

420 3627 490 3670 ex
511 3614 549 3670 l.
573 3613 627 3683 6,
670 3628 720 3668 c.
743 3614 814 3670 de
839 3615 1148 3670 servitutib
1173 3620 1230 3671 et
1275 3629 1444 3687 aqua.

493 3702 738 3758 Claudio
767 3702 894 3773 Aug
939 3715 978 3756 ιι
1029 3707 1086 3758 et
1122 3704 1365 3759 Paterno
1395 3717 1523 3760 coss

421 3791 652 3846 Flauius
683 3790 1085 3844 Antiochianus
1113 3791 1173 3845 P.
1201 3791 1266 3846 U.

496 3879 619 3948 Imp
637 3877 755 3932 Caes
771 3877 833 3932 Fl
849 3876 1092 3934 Claudio
1106 3879 1208 3934 Pio
1228 3878 1403 3935 Felici
1421 3880 1521 3937 in-

420 3968 578 4023 victo
618 3966 745 4036 Aug
783 3967 927 4022 Pont
975 3960 1102 4022 Max
1147 3967 1265 4023 trib
1314 3974 1414 4039 pot
1445 3983 1509 4026 ιι.

422 4071 553 4114 coss
596 4071 660 4122 ιι,
719 4056 928 4114 Procos
973 4063 1081 4114 etc.
1129 4057 1347 4129 Rupert
1399 4058 1522 4116 bist

419 4146 562 4203 univ
588 4159 660 4202 ex
713 4145 954 4202 Salmas.
1008 4145 1289 4203 Claudius
1339 4148 1521 4204 variis

425 4233 649 4306 praeliis
693 4232 912 4291 Gothos
958 4233 1173 4306 fundit,
1207 4235 1520 4308 pluresque

420 4323 493 4379 de
533 4324 610 4380 iis
636 4323 915 4380 victorias
967 4329 1238 4396 reportat.
1288 4325 1412 4382 Med
1447 4339 1520 4383 ex

424 4425 563 4470 num
594 4417 651 4469 et
677 4412 815 4470 hist.

197 4517 348 4577 4983
493 4522 614 4593 Imp
638 4522 762 4578 Caes
784 4521 1065 4579 Claudius
1083 4523 1365 4582 Gothicus
1382 4524 1512 4598 Aug
1585 4521 1718 4582 4024

2035 4553 2052 4596 ι
2246 4541 2459 4598 Felicis
2477 4539 2533 4599 2.
3396 4536 3504 4597 270

194 4606 292 4679 27,
324 4608 364 4666 5
434 4613 510 4666 tr.
534 4626 590 4682 p,
620 4608 676 4682 2,
712 4609 766 4680 3,
795 4609 1029 4714 008802..
1060 4701 1072 4714 .
1582 4613 1726 4672 4022

1819 4631 1876 4695 D
2038 4642 2078 4687 ll
2262 4631 2476 4688 Paulus
2505 4631 2912 4689 Samosatenus
2957 4632 3286 4689 damnatam

264 4699 314 4754 B
422 4733 561 4792 Cass
647 4740 662 4756 .
699 4740 716 4754 .
750 4739 764 4754 .
802 4699 1246 4784 Antiochianus.

649 4812 664 4826 .
701 4811 714 4826 .
751 4812 766 4826 .
813 4772 1027 4829 Furius
1053 4773 1292 4830 Orﬁtus.

2189 4719 2382 4791 priore
2428 4719 2789 4777 Antiocheno
2817 4721 3068 4778 concilio
3100 4722 3287 4777 haere-

2191 4809 2303 4865 sim
2357 4817 2617 4881 repetens
2666 4811 2728 4865 in
2778 4811 3030 4866 secunda
3058 4809 3285 4879 Synodo

495 4860 702 4916 Reiues
729 4875 782 4930 p.
811 4857 917 4916 443
1031 4949 1071 4966 Λ

2191 4857 2303 4865 --_
2359 4857 2416 4866 --
2462 4857 2616 4866 ---π
2778 4857 3030 4866 ---ππ
3058 4857 3281 4879 _,---_-

2191 4857 2550 4956 Antiocli’ena
2600 4899 2810 4954 iterum
2858 4899 3185 4966 damnatur,
3229 4902 3287 4953 et

491 4949 877 5006 Antiochiano
925 4954 984 5006 et
1027 4949 1207 5008 Orﬁto
1253 4965 1384 5008 coss
1419 4952 1514 5008 An

423 5039 732 5094 tiochianus
763 5039 819 5094 P.
874 5039 942 5094 U.

492 5127 706 5183 Reland
734 5141 802 5186 ex
833 5128 872 5184 l.
905 5126 960 5199 2,
1010 5144 1059 5186 c.
1093 5131 1166 5187 de
1191 5130 1388 5186 divers
1418 5143 1516 5187 re-

420 5216 604 5286 script
642 5222 808 5273 antea
845 5219 1122 5288 producta
1166 5232 1200 5274 a
1227 5219 1361 5274 card
1391 5220 1515 5275 No—

422 5305 508 5359 ris
547 5305 618 5361 de
659 5310 756 5362 vot
814 5307 1030 5362 decenn
1096 5306 1195 5378 qui
1251 5306 1515 5365 observat

422 5391 556 5448 inde
583 5393 784 5466 colligi
810 5395 1118 5452 Claudium
1141 5395 1358 5452 vixisse
1386 5397 1513 5454 sal-

418 5486 531 5537 tem
571 5497 758 5555 usque
787 5485 856 5540 ad
897 5482 969 5541 25
992 5485 1264 5542 Octobris
1295 5485 1350 5541 b.
1384 5500 1438 5542 a.

488 5569 725 5628 Octobri
776 5579 1020 5630 exeunte
1049 5573 1330 5630 Claudius
1359 5581 1514 5645 peste

421 5660 690 5716 moritur.
752 5660 1095 5730 Qumnuus
1154 5665 1281 5733 ejus
1337 5661 1514 5720 frater

421 5754 588 5804 antea
613 5763 843 5820 quoque
860 5765 966 5806 auc
1013 5753 1308 5822 succedit;
1333 5758 1390 5808 et
1417 5753 1513 5809 die

2195 4988 2329 5044 sede
2383 4989 2638 5059 ejicitur.
2671 4987 2778 5044 Sed
2828 5001 2958 5042 cum
3006 4986 3286 5043 Ecclesiis

2195 5077 2394 5133 cedere
2439 5077 2636 5142 nollet,
2683 5075 3049 5145 interpellato
3090 5075 3282 5132 Aure-

2193 5163 2352 5220 liano
2376 5166 2431 5220 vi
2454 5165 2726 5220 detrusus
2746 5168 2852 5218 est.
2885 5163 3072 5218 Euseb
3112 5163 3196 5218 lib
3221 5160 3278 5235 7,

2195 5253 2316 5310 hist
2357 5267 2405 5310 c.
2461 5250 2534 5308 23
2561 5259 2616 5308 et
2643 5249 2734 5308 24.
2766 5251 3023 5308 Albanas
3059 5253 3130 5308 de
3167 5254 3280 5326 Syn

2193 5341 2378 5413 quiet
2431 5341 2651 5398 indicat
2696 5341 2886 5397 Romae
2935 5342 3278 5399 celebratam

2193 5445 2368 5501 super
2408 5444 2473 5487 ea
2500 5443 2560 5485 re
2597 5429 2888 5501 Synodum
2918 5444 2952 5488 a
2997 5431 3276 5503 Dionysio

2195 5519 2364 5589 Papa.
2405 5519 2672 5575 Petavius
