3922 6414
350 439 456 499 575

431 641 552 694 Per.

431 711 539 766 Jul.

362 786 412 838 et
442 781 599 848 cycli.

424 849 586 925 @9

432 1111 576 1169 4984

428 1199 570 1270 28,6

478 1291 531 1343 A

439 2741 586 2802 4985

468 2829 562 2904 4,7

457 2923 570 2980 GF

477 4069 577 4141 2,8
669 4062 864 4120 thicus
921 4059 1081 4114 Sarm
1133 4062 1202 4111 tr.
1263 4069 1316 4124 p.
1367 4051 1420 4121 3,
1472 4048 1524 4119 4,
1557 4063 1656 4104 cos
1701 4045 1755 4103 2.
1837 4042 1976 4100 4026

507 4160 557 4214 E

470 4661 610 4723 4987

523 4850 573 4904 D

1141 430 1235 484 AD
1271 427 1705 482 ANASTASIUM
1754 425 2270 484 PROLEGOMENA
2322 424 2496 480 EDlT.
2550 418 2981 478 ROM.-VATIC.

377 569 536 625 Anni
605 566 992 634 Imperatores,
1029 561 1286 616 Consules
1331 562 1608 614 Romano-

651 670 799 717 rum,
832 669 918 708 res
946 656 1108 720 gestae
1137 656 1187 704 et
1207 650 1544 703 documenta.

645 951 723 994 xx
773 931 1039 988 moritur.
1071 927 1318 997 Imperat
1362 939 1727 984 AURELIANUS.

646 1020 874 1082 Mediob
912 1024 1021 1074 etc.

719 1112 841 1178 Imp
868 1107 988 1162 Czes
1017 1105 1080 1158 D.
1130 1103 1426 1159 Domitius
1463 1102 1736 1160 Aurelia—

644 1214 756 1256 nus
780 1197 907 1267 Aug
933 1200 1006 1250 tr.
1037 1208 1087 1262 p.
1122 1190 1172 1260 4,
1201 1189 1254 1244 2.
1286 1193 1412 1247 Cos.

860 1286 982 1352 Imp
1023 1282 1144 1336 Caes
1175 1279 1341 1334 Valer
1385 1279 1739 1338 Aurelianus

922 1369 1051 1439 Aug
1104 1380 1165 1421 ιι,

828 1461 887 1514 L.
917 1456 1188 1525 Cejonius
1207 1453 1406 1509 Virius
1432 1455 1642 1510 Bassus
1674 1467 1733 1509 II.

719 1549 1029 1603 Postumius
1075 1546 1256 1599 Varus
1283 1542 1337 1596 P.
1378 1542 1441 1596 U.

685 1639 891 1692 Reines
938 1647 1047 1704 pag
1085 1630 1210 1696 384,
1262 1631 1639 1700 corrigendus
1669 1643 1738 1684 ex

643 1723 1094 1792 Gudianisapud
1113 1721 1344 1775 Reland.
1361 1720 1664 1774 Alamanni
1687 1725 1742 1774 et

647 1811 1036 1872 Marcomanni
1071 1812 1208 1864 Rom
1245 1809 1548 1877 imperium
1585 1805 1740 1860 infe-

650 1910 825 1962 stant.
862 1901 1063 1957 Clades
1093 1899 1265 1954 etiam
1298 1897 1368 1952 ab
1427 1897 1504 1952 iis
1537 1897 1739 1966 ingens

646 1995 720 2050 ad
755 1990 1100 2046 Placentiam
1132 1991 1380 2055 accepta.
1414 1984 1496 2038 0b
1537 1985 1590 2038 id
1615 1991 1740 2037 tre-

658 2083 916 2153 pidatum
951 2080 1158 2144 Romae,
1187 2081 1244 2130 et
1290 2073 1564 2144 Sibyllini
1598 2072 1738 2126 libri

649 2169 964 2227 Aureliano
991 2165 1230 2235 jubente
1261 2161 1538 2217 consulti.
1572 2161 1738 2215 Petav

652 2273 724 2315 ex
781 2256 1042 2326 Vopisco,
1093 2267 1162 2308 ex
1192 2265 1306 2322 quo
1351 2251 1515 2306 addit
1555 2249 1738 2303 victos

654 2354 848 2420 postea
877 2343 1113 2414 Gothos,
1157 2353 1441 2396 reversum
1503 2338 1561 2392 in
1597 2337 1742 2391 Urbe

653 2435 1052 2502 Aurelianum,
1123 2431 1225 2500 qui
1279 2434 1335 2483 et
1399 2426 1744 2482 Pomerium

655 2538 744 2580 am
756 2521 1046 2594 pliﬂcavit.

644 1374 785 1431 Coss

735 2741 854 2806 Imp
881 2736 998 2791 Caes
1027 2731 1199 2790 Aurel
1230 2730 1354 2801 Aug
1382 2734 1453 2784 tr.
1494 2743 1546 2798 p.
1578 2725 1634 2796 2,
1684 2724 1737 2796 3,
1817 2722 1956 2781 4024

667 2842 765 2884 cos
792 2825 846 2882 2.

662 2954 802 3008 Coss
888 2954 901 2966 °
941 2952 954 2966 °
995 2953 1009 2966 '
1043 2909 1310 3008 ῼΒιῖῗξιῖξξ

885 3022 900 3036 .
940 3024 953 3037 .
993 3023 1006 3036 .
1043 2978 1480 3036 Voldumianus.

736 3073 944 3131 Metius
993 3067 1319 3135 Falconius,
1379 3069 1436 3120 et
1473 3063 1746 3118 Nicoma—

666 3165 814 3222 chus
870 3159 984 3216 suff
1032 3171 1160 3213 coss
1212 3168 1280 3209 ex
1345 3153 1587 3222 Vopisco
1631 3152 1748 3206 Be-

664 3252 821 3310 land.

735 3339 959 3394 Flavius
997 3332 1390 3391 Antiochianus
1412 3329 1472 3382 P.
1502 3328 1566 3382 U.

735 3431 945 3485 Contra
970 3421 1273 3479 Zenobiam
1301 3425 1356 3472 et
1392 3415 1756 3483 Palmyrenos

669 3529 902 3576 movens
937 3511 1306 3576 Aurelianus,
1355 3505 1413 3559 in
1467 3501 1751 3570 Thraciis,

672 3610 733 3664 in
793 3601 1046 3674 Illyrico,
1098 3603 1153 3653 et
1214 3601 1375 3650 trans
1425 3589 1754 3646 Danubium

667 3693 948 3752 Barbaros
972 3687 1172 3743 vincit.

742 3783 887 3838 Hinc
967 3776 1244 3834 Gothicus,
1306 3776 1364 3826 et
1419 3767 1760 3823 Sarmaticus

665 3870 910 3928 dicitur.

742 3976 863 4042 Imp
915 3970 1035 4025 Caes
1086 3962 1436 4024 Aureli7nus
1460 3963 1588 4032 Aug
1615 3961 1764 4016 Got-

683 4188 824 4245 COSS
900 4142 1550 4245 M.Cla)ilidi.u.snTacitus.

903 4261 915 4275 .
959 4259 972 4272 .
1015 4215 1451 4273 .Placidianus.

748 4313 828 4368 Ex
854 4314 946 4365 vet
973 4305 1194 4373 inscrip
1244 4302 1398 4355 Firm
1425 4311 1518 4367 ap.
1546 4293 1766 4362 Rupert

719 4401 779 4455 in
813 4398 934 4452 hist
960 4395 1203 4450 Univers
1232 4387 1467 4444 Reland.

749 4486 946 4539 Tacito
967 4487 1024 4538 et
1053 4477 1388 4534 Placidiano
1416 4487 1546 4529 coss
1571 4471 1760 4526 Virius

684 4575 886 4640 Orﬁtus
921 4571 978 4622 P.
1013 4567 1079 4622 U.

758 4661 878 4727 Imp
901 4657 1021 4712 Caes
1064 4650 1413 4708 Aurelianus
1442 4647 1566 4718 Aug
1595 4645 1769 4701 Gotth
1845 4642 1984 4700 4026

492 4752 606 4825 3,9
676 4751 838 4808 Sarm
893 4743 1171 4815 Carpicus
1243 4737 1546 4793 Armeniae
1601 4735 1772 4790 Parth
1847 4730 1986 4791 4027

678 4838 936 4898 Adiaben
967 4841 1024 4892 et
1049 4849 1099 4889 c.
1129 4838 1200 4887 tr.
1227 4845 1280 4901 p.
1307 4825 1358 4899 4,
1387 4826 1440 4883 5.
1467 4826 1574 4881 Cos
1601 4839 1663 4880 ιι.

684 4967 824 5023 COSS
898 4928 1021 4995 Imp
1043 4920 1394 4978 Aurelianus
1438 4916 1564 4987 Aug
1595 4927 1678 4968 ιιι.

898 4998 936 5023 n
1002 4995 1180 5023 ιηιςηο
1207 4989 1573 5023 ρηηςιηιίηηε

898 4998 958 5053 C.
988 4989 1184 5052 Julius
1207 4989 1591 5061 Capitolinus.

756 5092 968 5146 Gruter
998 5082 1154 5152 4082,
1191 5079 1276 5151 42,
1328 5079 1426 5136 ubi
1457 5076 1655 5149 legend
1689 5089 1772 5145 Ill,

689 5185 851 5238 notat
866 5177 1102 5233 Reland.
1135 5174 1287 5229 Idem
1321 5173 1533 5228 Gruter
1561 5163 1687 5236 276,
1719 5164 1774 5236 5,

691 5267 924 5326 exhibet
947 5272 1021 5321 tr.
1041 5280 1096 5334 p.
1125 5265 1192 5331 V,
1216 5258 1514 5317 Aureliani
1540 5269 1667 5312 cum
1685 5268 1783 5310 cos

693 5370 780 5411 III.
829 5361 884 5409 et
909 5355 1161 5409 eamdem
1194 5364 1324 5406 cum
1370 5362 1468 5402 cos
1494 5345 1695 5414 design
1727 5340 1782 5396 3.

767 5444 955 5498 Virius
981 5445 1181 5510 Orﬁtus
1219 5441 1278 5491 P.
1329 5438 1394 5491 U.

771 5531 1013 5583 Tetricus
1059 5529 1358 5595 Tyrannus
1398 5522 1602 5578 Galliae
1661 5521 1790 5576 Au—

702 5615 923 5668 reliano
949 5629 1009 5668 se
1037 5613 1234 5668 dedit:
1286 5613 1385 5680 qui
1417 5609 1786 5678 magnificum

705 5699 1064 5767 triumphum
1086 5698 1249 5752 ducit
1272 5711 1339 5752 ex
1359 5697 1594 5751 Oriente
1616 5701 1673 5748 et
1697 5692 1802 5746 Oc-

1761 702 1889 750 ante
1923 702 1972 751 et

1699 774 1826 839 post
1844 769 2003 824 Palil.

1810 1100 1950 1159 4023

1811 1189 1834 1245 4
1845 1188 1950 1246 024

1817 2811 1956 2869 4025

2077 4535 2132 4597 D

2186 645 2339 712 Olym

2241 1189 2304 1231 IlI

2244 2704 2306 2747 Ill

2254 2791 2310 2832 ιν

3675 408 3774 469 576

1792 556 1948 609 Anni
2029 557 2089 615 A
2185 556 2341 610 Anni
2405 555 2861 611 Christianorum,
2925 548 3238 601 Iudaeorum
3287 552 3327 599 ei

1778 628 1840 681 U.
1899 626 1957 680 Ο.
2186 645 2336 681 nium
2511 643 2762 681 H-mnrmn
2799 638 3144 681 uernularum-
3188 635 3327 681 Puni:

2185 556 2341 610 Anni
2405 555 2861 611 Christianorum,
2925 548 3238 601 Iudaeorum
3287 550 3335 599 et
3370 545 3496 612 ﬁni—
3555 541 3717 597 Anni

2186 645 2336 681 nium
2511 643 2762 681 H-mnrmn
2799 638 3144 681 uernularum-
3188 635 3490 681 Pontifices.
3571 632 3717 681 Era

2510 643 2762 694 timorum
2794 635 3490 707 populorumLPontiﬁces,
3535 632 3720 707 Δειξὲξπ

2507 714 2692 781 Reges,
2728 701 2813 762 res
2852 701 3014 776 gesta
3042 712 3091 760 et
3139 706 3480 760 documenta.
3521 701 3750 760 Christi.

2484 1081 2692 1137 Felicis
2712 1076 2763 1133 3.

2477 1169 2841 1238 Rescriptum
2870 1163 3171 1221 Aureliani
3218 1162 3287 1218 ad
3314 1162 3499 1217 Sena—

2414 1265 2534 1315 tum
2588 1259 2677 1327 (ex
2708 1254 2970 1324 Vopisco)
3001 1254 3072 1308 de
3112 1251 3281 1306 libris
3305 1249 3504 1319 Sibyl-

2416 1347 2558 1402 linis
2609 1343 2982 1400 consulendis
3011 1341 3248 1396 atfertur
3267 1353 3300 1394 a
3331 1341 3503 1394 Peta-

2417 1436 2512 1490 vio
2577 1434 2646 1488 ad
2706 1433 2844 1486 h.a.
2897 1433 3070 1484 Miror
3124 1445 3234 1498 vos,
3313 1429 3504 1480 Patres

2417 1524 2616 1583 sancti,
2647 1521 2858 1574 tamdiu
2886 1520 2951 1572 de
2977 1517 3289 1587 aper-tendis
3310 1514 3507 1581 Sibyl—

2422 1614 2550 1665 linis
2576 1611 2854 1663 dubitasse
2879 1609 3056 1668 libris,
3082 1605 3317 1675 perinde
3343 1603 3512 1672 quasi

2423 1703 2478 1753 in
2509 1700 2941 1752 Christianorum
2986 1695 3248 1760 Ecclesia,
3297 1707 3406 1744 non
3433 1693 3498 1743 in

2421 1788 2610 1857 templo
2666 1786 2894 1837 deorum
2945 1784 3182 1834 omnium
3225 1784 3509 1833 tractare-

2420 1879 2486 1931 tis
2521 1876 2727 1942 Nempe
2768 1871 2869 1942 [ait
2915 1867 3100 1944 Petav]
3145 1867 3295 1939 quod
3323 1866 3506 1919 Chri—

2419 1964 2592 2022 stiani
2645 1963 2716 2017 ab
2763 1960 3096 2016 istiusmodi
3132 1955 3502 2029 profanorum

2417 2053 2698 2109 librorum
2719 2052 2963 2107 lectione
2996 2049 3198 2118 utique
3239 2047 3297 2100 in
3324 2043 3500 2100 eccle-

2419 2143 2530 2198 siis
2571 2141 2966 2197 abhorrerent.
3010 2137 3185 2193 Addit
3227 2149 3295 2190 ex
3327 2131 3510 2201 Vopi-

2419 2232 2528 2300 sio,
2582 2231 2887 2300 plerosque
2941 2227 3161 2284 nobiles
3214 2228 3340 2294 post
3394 2221 3506 2276 ad—

2420 2328 2649 2375 ventum
2680 2317 2978 2374 Aureliani
3015 2317 3072 2370 in
3099 2314 3238 2371 urbe
3266 2311 3535 2368 occisos.-

2421 2409 2718 2462 liaesitatio
2739 2407 2839 2461 illa
2864 2406 3083 2459 indicat
3103 2403 3328 2471 c0piam
3346 2398 3505 2453 Chri-

2421 2497 2745 2550 stianorum
2777 2495 2925 2548 inter
2947 2491 3169 2546 nobiles
3200 2490 3505 2543 Romanos.

2419 2583 2562 2637 Hinc
2587 2594 2736 2636 nona
2759 2583 3040 2648 persecut.

2488 2687 2698 2742 Felicis
2779 2683 2832 2739 4.
2923 2686 3077 2738 NONA
3146 2692 3497 2736 PERSECUTIO.

3596 1067 3706 1127 274

2490 2775 2840 2831 Aurelianus
2921 2770 3375 2842 persecutionem
3441 2768 3501 2822 in
3576 2767 3740 2821 Biss.

2423 2953 2528 3008 hoc
2559 2957 2785 3019 tempus
2815 2947 3182 3002 instauravit.
3217 2946 3404 3000 Petav.
3438 2957 3508 2998 ex

2419 3044 2476 3098 s.
2507 3043 2686 3095 Leone
2717 3041 2789 3092 M.
2817 3037 2970 3090 Serm
2994 3033 3030 3088 2
3050 3036 3120 3089 de
3153 3036 3308 3086 Pent.

2492 3127 2793 3197 Expeditio
2813 3134 3011 3178 contra
3042 3119 3342 3175 Zenobiam
3373 3117 3514 3172 Pal-

2429 3227 2786 3286 myrenorum
2816 3211 3087 3280 reginam.

2227 3937 2270 3992 Ο
2287 3933 2395 3993 262
2502 3933 2710 3990 Felicis
2729 3931 2784 3987 5.

2271 4039 2327 4081 ιν

2508 4021 2856 4077 Aurelianus
2881 4032 3011 4074 cum
3038 4016 3281 4072 Zenobia
3311 4013 3528 4070 conﬂi-

2278 4120 2329 4168 et
2437 4113 2544 4184 git,
2573 4123 2696 4165 eam
2746 4107 2930 4162 vincit
2973 4113 3028 4161 et
3071 4106 3246 4175 capit.
3289 4104 3522 4159 Oriente

2291 4305 2309 4347 Ι

2298 4757 2340 4798 Π

2227 4200 2392 4260 0263
2430 4200 2721 4265 restituto,
2759 4197 2820 4251 iu
2841 4197 3126 4264 Europam
3159 4192 3390 4260 transit,
3418 4189 3519 4245 ubi

2441 4290 2753 4358 Carporum
2803 4285 2998 4353 copias
3021 4282 3246 4354 aiﬂigit,
3277 4287 3333 4336 et
3375 4293 3406 4334 a
3429 4279 3525 4333 Se-

2441 4386 2579 4433 natu
2609 4375 2904 4446 Carpicus,
2948 4373 3343 4440 Armeniacus,
3381 4371 3524 4424 Par—-

2443 4469 2638 4524 thicus
2675 4465 3068 4521 Adiabenicus
3117 4461 3357 4518 dicitur.
3403 4460 3530 4514 Me—

2441 4557 2581 4612 diob
2609 4570 2676 4611 ex
2705 4567 2841 4608 num
2869 4561 2924 4608 et
2951 4553 3087 4608 bist.

2510 4646 2718 4700 Felicis
2747 4644 2800 4700 6.

2518 4742 2573 4796 S.
2620 4741 2778 4795 Felix
2832 4755 2962 4796 cum
3017 4739 3263 4794 sedisset
3313 4747 3426 4790 ann
3468 4744 3525 4802 v,

2449 4843 2627 4886 mens.
2668 4842 2746 4890 xi,
2779 4829 2906 4883 dies
2932 4842 3066 4896 xxv,
3097 4827 3220 4882 obit
3269 4825 3360 4880 his
3400 4834 3530 4878 coss

2450 4917 2485 4974 3
2505 4917 2606 4973 Kal
2627 4918 2838 4972 Januar
2853 4930 2922 4972 ex
2949 4916 3183 4986 Catalog
3206 4913 3304 4984 qui
3339 4910 3532 4966 sedem

2452 5021 2679 5064 vacasse
2733 5005 2990 5061 referunt
3036 5005 3243 5061 diebus
3290 5015 3344 5055 v.
3398 4998 3538 5054 Vide

2459 5105 2622 5153 notas
2677 5111 2782 5168 pag
2809 5094 2934 5151 238.

2530 5188 2786 5242 Firmius
2810 5186 2867 5240 in
2894 5185 3131 5254 Egypto
3163 5180 3422 5247 rebellat,
3447 5176 3544 5232 sed

2459 5277 2720 5331 vincitur
2740 5275 2809 5330 ab
2838 5274 3172 5336 Aureliano,
3226 5267 3452 5326 Mediob
3481 5279 3553 5321 ex

2465 5365 2601 5419 hist.

2415 2864 2780 2920 Christianos
2834 2867 3106 2916 tentatam
3159 2865 3344 2925 antea,
3394 2855 3503 2911 sub
3599 2851 3725 2912 272

3629 3920 3748 3979 273

3597 4013 3730 4067 Biss

3620 4628 3736 4688 27L
