3922 6422
404 359 504 418 594

444 564 564 617 Per.

460 634 572 689 Jul.

406 709 457 760 et
486 706 640 776 cycli.

478 775 616 852 @E

687 884 818 959 Aug
855 890 927 944 tr.
976 901 1029 957 p.
1078 883 1163 959 45,
1208 884 1294 945 46.
1338 888 1448 946 Cos
1487 886 1541 945 6.
1584 891 1704 959 Imp
1745 901 1783 943 ι

691 1012 830 1069 Cass
942 976 1157 1069 ἰζ-ξι.-
1178 977 1555 1037 Posthumius
1590 978 1783 1035 Titia-

978 1061 1089 1105 nus
1116 1062 1179 1104 II.

917 1176 932 1192 .
977 1177 992 1192 .
1041 1177 1055 1192 .
1104 1178 1119 1193 .
1167 1178 1181 1193 .
1218 1138 1577 1210 Nepotianus

763 1226 976 1282 Panviu
1002 1240 1072 1283 ex
1096 1232 1188 1284 vet
1217 1227 1311 1299 lap
1336 1236 1391 1285 et
1409 1228 1556 1286 Grut
1575 1226 1700 1301 342,
1726 1226 1781 1284 9.

693 1315 920 1371 Fabrett
948 1317 1197 1387 Inscript
1230 1332 1282 1388 p.
1314 1315 1439 1375 208.

765 1406 868 1461 His
904 1404 1043 1461 Coss
1070 1408 1246 1461 ditius
1289 1408 1581 1477 Dionysius
1609 1408 1669 1462 P.
1719 1408 1781 1462 U.

480 1510 623 1571 5045
802 1515 922 1583 Imp
946 1513 1343 1570 Diocletianus
1366 1514 1495 1585 Aug
1516 1520 1587 1570 tr.
1614 1529 1667 1584 ι).
1695 1511 1781 1585 48,

481 1602 536 1675 3,
563 1601 631 1659 48
706 1599 793 1658 49.
841 1603 949 1658 Cos
988 1599 1044 1657 7.
1100 1605 1220 1674 Imp
1270 1600 1356 1659 40.
1416 1605 1533 1674 Imp
1590 1603 1783 1659 Maxi-

531 1698 581 1751 D
704 1694 935 1837 mian‘us
963 1694 1089 1765 Aug
1120 1699 1191 1749 tr.
1245 1710 1295 1765 p.
1336 1693 1422 1767 46,
1459 1692 1545 1749 47.
1578 1694 1687 1751 Cos
1729 1693 1783 1751 6.

700 1787 821 1855 Imp
887 1781 940 1839 0.

916 1873 997 1928 Fl.
1044 1874 1143 1931 Val
1187 1875 1562 1933 Constantius
1603 1875 1793 1932 Casar

696 1983 834 2039 C033
891 1960 1317 2146 ἐζεὲιιννίιι
1401 2019 1791 2076 Maximianus

1108 2106 1135 2146 r
1223 2132 1236 2146 .

1108 2106 1135 2146 Γ
1160 2106 1236 2146 IV.

772 2181 831 2236 L.
861 2178 898 2235 8
916 2180 975 2234 C.
1002 2181 1073 2235 de
1096 2180 1196 2250 jur
1215 2186 1271 2237 et
1292 2179 1405 2237 fast
1437 2180 1605 2253 ignor
1635 2180 1787 2236 Fasti

696 2271 956 2343 Anonym
1012 2284 1087 2325 tv.
1145 2284 1239 2327 sec
1284 2277 1340 2328 et
1382 2271 1545 2342 ejusd
1600 2271 1789 2328 atatis

698 2361 770 2418 de
798 2363 855 2417 P.
886 2361 953 2416 U.

769 2452 1037 2509 Nummus
1072 2453 1277 2507 Tuscus
1302 2454 1363 2508 P.
1399 2453 1462 2507 U.

768 2541 1093 2598 Constantii
1114 2546 1170 2596 et
1192 2541 1296 2598 Gal
1318 2540 1656 2597 Maximiani
1678 2540 1792 2597 Ca-

701 2644 893 2689 sarum
944 2630 1289 2687 Decennalia
1336 2630 1527 2686 celebr
1572 2628 1791 2686 Diocle-

700 2722 897 2778 tianus
968 2727 1026 2777 et
1099 2720 1490 2777 Maximianus
1554 2720 1789 2775 Romam

700 2811 911 2869 reversi
962 2810 1390 2881 triumphantes
1440 2808 1789 2881 ingrediun-

695 2906 813 2959 tur.
881 2899 1107 2957 Mediob
1161 2913 1231 2956 ex
1285 2912 1423 2956 num
1490 2897 1785 2970 Lydiatus,

700 2991 961 3062 aliique:
1000 3003 1132 3046 mox
1173 2990 1324 3047 redit
1368 2988 1680 3045 hiematum
1726 2987 1785 3043 in

694 3081 1024 3152 Bithyniam
1058 3078 1237 3136 Diocl.

477 3191 621 3253 5046
768 3192 887 3261 Imp
912 3188 1311 3246 Diocletianus
1338 3188 1465 3259 Aug
1496 3192 1569 3243 tr.
1604 3200 1659 3257 p.
1694 3182 1782 3257 49,

480 3283 533 3358 4,
560 3282 629 3341 49
703 3279 795 3353 20,
835 3294 929 3336 cos
954 3280 1011 3352 8,
1047 3280 1165 3350 imp
1197 3276 1285 3347 40,
1318 3278 1439 3348 imp
1471 3276 1786 3333 Maximia-

534 3375 574 3433 ϐ
706 3386 817 3429 nus
865 3371 993 3443 Aug
1044 3376 1115 3426 tr.
1179 3384 1233 3440 p.
1292 3364 1379 3440 47,
1436 3365 1523 3438 48,
1578 3381 1675 3424 cos
1726 3362 1781 3437 7,

696 3463 818 3532 imp
849 3458 936 3517 40.

693 3589 835 3647 Coss
872 3554 994 3647 ΞἮὲ
1034 3549 1434 3647 ρξῗὲἒὲἷὲἓῖἒὲ
1479 3548 1620 3647 Ἠ.
1654 3560 1778 3647 “355'

768 3622 835 3646 '°°
875 3627 996 3695 Imp
1050 3623 1437 3680 Maximianus
1493 3622 1620 3693 Aug
1677 3632 1779 3691 v11,

768 3699 826 3754 L.
856 3695 945 3755 28.
978 3696 1039 3751 C.
1067 3696 1138 3753 de
1168 3703 1313 3767 pact.

770 3788 1096 3845 Tiberianus
1124 3787 1186 3842 P.
1226 3787 1290 3842 U.

763 3877 1098 3936 Vicennalia
1121 3876 1451 3950 principum
1472 3875 1663 3930 Roma
1682 3885 1785 3930 ce.

696 3968 915 4026 Iebrata
961 3966 1290 4025 Mediobarb
1338 3980 1408 4024 ex
1452 3967 1688 4022 Lactant
1730 3965 1789 4017 et

696 4057 973 4117 nummis.

484 4486 626 4547 5047

773 580 917 630 rum,
946 581 1032 621 res
1065 565 1261 637 gesta,
1308 570 1358 622 et
1396 567 1738 621 documenta.
1832 565 1984 691 ιλιι).
2014 641 2035 692 t

1829 652 2010 692 anee

1829 652 1956 691 ante
1984 653 2010 692 ϐ

1872 714 1998 779 post

1865 781 2029 835 Palil.

1861 1510 1999 1571 4054

1861 1602 1885 1660 4
1895 1602 2001 1661 055

1861 3151 2149 3240 4055c

1861 3272 2001 3332 4056

770 4477 891 4557 Itﬁp
920 4485 1314 4542 Diocletianus
1343 4484 1469 4555 Aug
1496 4487 1568 4538 tr.
1603 4493 1656 4549 p.
1687 4475 1778 4548 20,
1858 4473 1997 4533 4056

502 4576 602 4650 5,4
701 4588 800 4632 cos
848 4577 903 4645 9,
963 4574 1082 4643 imp
1141 4570 1228 4641 40,
1298 4573 1418 4640 imp
1476 4567 1789 4625 Maximia-
1861 4563 1998 4623 4057

503 4669 544 4723 Β
572 4666 625 4722 Α
710 4678 821 4721 nus
861 4662 989 4734 Aug
1015 4666 1084 4717 tr.
1122 4676 1178 4731 p.
1217 4657 1303 4726 48,
1332 4672 1427 4714 cos
1451 4656 1506 4730 8,
1552 4656 1671 4727 imp
1702 4652 1787 4712 40.

706 4788 846 4847 Coss
902 4753 1024 4847 EE?
1069 4748 1481 4847 2395333938

902 4819 1021 4894 Imp
1068 4821 1456 4878 Maximianus
1497 4819 1622 4890 Aug
1668 4830 1790 4874 vm.

778 4917 836 4970 L.
863 4911 954 4985 24,
982 4913 1041 4967 C.
1075 4912 1147 4969 de
1172 4909 1515 4969 donationib
1544 4916 1652 4965 etc.
1681 4907 1796 4962 Re-

710 5005 869 5062 land.

780 5094 1031 5149 Aradius
1064 5097 1292 5165 Ruﬁnus
1319 5093 1375 5147 P.
1418 5091 1480 5145 U.

782 5184 1059 5240 Ravenna
1100 5181 1302 5240 consul
1353 5180 1625 5251 procedit
1656 5178 1802 5234 Dio—

717 5272 1021 5329 cletianus.
1068 5272 1292 5329 Mediol)
1338 5285 1408 5326 ex
1453 5273 1605 5327 Lact.
1662 5268 1804 5325 Vide

720 5363 890 5417 etiam
918 5362 1155 5432 Pagium
1182 5362 1239 5416 h.
1266 5375 1320 5417 a.
1350 5374 1485 5415 num
1515 5358 1571 5416 2.

792 5451 895 5505 His
912 5463 1041 5505 coss
1065 5449 1459 5505 Diocletianus
1486 5460 1799 5518 purpuram

721 5537 1086 5609 Nicomedia,
1141 5538 1527 5594 Maximianus
1580 5537 1806 5593 Medio—

728 5621 846 5681 lani
887 5625 1187 5694 deponunt
1230 5624 1495 5683 abdicato
1537 5625 1803 5695 imperio,

733 5716 798 5768 ut
834 5713 894 5769 in
933 5712 1090 5769 notis
1127 5722 1233 5780 pag
1258 5710 1383 5783 258,
1420 5714 1588 5782 juxta
1619 5715 1809 5769 Euse-

2113 4518 2168 4581 D

2216 567 2426 641 Olymp.

2285 3177 2352 3222 ιιι

2297 4471 2361 4514 ιιι

2308 4562 2363 4606 ιν

1184 364 1278 420 AD
1327 362 1760 421 ANASTASIUM
1820 363 2334 424 PROLEGOMENA
2386 369 2561 425 EDIT.
2613 368 3043 427 ROM.-VATIC.

430 490 589 573 Anni
692 492 1075 566 Imperatores,
1160 494 1435 573 Consules,
1507 497 1786 573 Romano—
1832 492 2001 573 _An1u
2091 495 2152 556 A
2230 498 2406 573 Αᾼηηί
2469 497 2919 565 Christianorum,
2966 501 3277 559 Judaorum
3325 508 3377 559 ct
3426 504 3575 573 ﬁni—
3636 507 3776 563 Anni

2530 574 2781 627 timorum
2835 576 3181 642 populorum,
3237 577 3549 645 Pontiﬁces,
3633 579 3766 632 Era

2535 644 2716 710 Reges,
2756 659 2842 700 res
2887 652 3049 713 gesta
3086 651 3137 702 et
3174 644 3517 704 documenta.
3594 648 3784 705 Christi

2462 878 2601 935 huic
2628 891 2779 936 anno
2803 877 3152 953 alligandam
3188 880 3417 953 colligit
3439 883 3561 939 Pa-

2462 969 2595 1039 gius
2614 982 2684 1024 ex
2707 970 2966 1039 Epistola
2992 971 3292 1043 Encyclica
3311 972 3369 1028 S.
3394 975 3559 1029 Ana-

2462 1059 2629 1114 stasii
2660 1064 2858 1116 contra
2889 1060 3173 1118 Arianos:
3213 1074 3384 1134 quem
3426 1062 3560 1120 vide

2462 1149 2532 1205 ad
2559 1162 2693 1206 ann.
2723 1147 2850 1223 306,
2886 1164 2941 1206 n.
2972 1148 3064 1207 24.

2535 1508 2855 1564 Marcellini
2881 1506 2917 1565 7
2945 1514 3001 1565 et
3023 1506 3079 1565 8.

2542 1597 2937 1654 Diocletianus
2962 1612 3032 1654 ex
3073 1597 3371 1669 triumpho
3415 1600 3562 1656 Per-

2469 1685 2591 1741 sico
2648 1685 2838 1741 Roma
2890 1693 3016 1742 acta
3075 1687 3387 1747 hiematum
3456 1701 3555 1744 re-

2465 1774 2633 1831 diens
2690 1775 2747 1831 in
2801 1775 3130 1848 Bithyniam
3192 1778 3471 1834 incitatus
3523 1792 3556 1834 a

2468 1864 2837 1933 Maximiano,
2900 1881 3066 1935 quem
3128 1874 3307 1923 mater
3360 1874 3558 1923 contra

2465 1954 2827 2009 Christianos
2856 1955 3320 2024 inﬂammaverat,
3342 1962 3399 2013 et
3421 1970 3562 2012 sen-

2468 2044 2670 2099 tentiis
2689 2044 2975 2115 judicum,
3010 2050 3066 2101 et
3092 2059 3366 2116 responso
3391 2045 3561 2116 Apol-

2469 2132 2611 2189 linis
2659 2134 2894 2203 Milesii,
2950 2136 3403 2205 persecutione.n
3448 2136 3560 2192 ad-

2469 2236 2667 2279 versus
2689 2223 3052 2280 Christianos
3076 2225 3335 2281 decernit
3356 2225 3415 2280 in
3442 2238 3560 2281 an-

2466 2324 2606 2368 num
2668 2313 3015 2383 proximum.
3065 2315 3146 2370 Ex
3201 2316 3438 2371 Lactant
3484 2315 3559 2371 de

2471 2407 2618 2458 mort
2651 2410 2999 2470 persecutor.
3044 2403 3188 2461 Vide
3217 2405 3458 2477 Pagium
3486 2404 3558 2461 ad

2469 2503 2583 2547 ann
2613 2488 2738 2564 302,
2774 2506 2832 2548 n.
2863 2490 2915 2550 3.

2535 3071 2856 3131 Marcellini
2884 3070 2921 3128 8
2949 3077 3006 3129 et
3032 3071 3087 3130 9.

2529 3174 2858 3219 PERSECUTIO
2906 3175 3106 3219 DECIMA
3161 3175 3452 3220 ECCLESIE.

2537 3252 2621 3310 Ab
2664 3252 2945 3325 Augustis
2986 3251 3233 3309 Senibus
3282 3254 3566 3314 Nicome-

2460 3349 2571 3406 dia
2614 3343 2973 3418 propositum
3003 3342 3256 3399 edictum
3286 3343 3384 3399 die
3412 3345 3566 3402 Ter-

2462 3436 2793 3505 minalium,
2838 3434 2893 3489 h.
2946 3447 2996 3490 e.
3046 3446 3129 3488 vn
3172 3433 3277 3488 Kal
3323 3434 3567 3493 Martias

2462 3525 2821 3583 Diocletiano
2852 3524 3053 3593 octies,
3086 3523 3444 3580 Maximiano
3480 3537 3564 3580 se-

2466 3616 2616 3687 pties
2639 3628 2768 3671 coss
2801 3608 3081 3687 [Lactant]
3110 3616 3165 3667 et
3192 3625 3384 3668 mense
3414 3615 3562 3668 Mar-

2479 3706 2563 3763 tio
2622 3706 2681 3761 in
2736 3702 2947 3758 diebus
3005 3701 3235 3757 Pascha
3294 3701 3565 3758 Ecclesia

2466 3794 2751 3851 subversa
2806 3798 2945 3848 sunt
2997 3791 3313 3847 secundum
3365 3790 3565 3847 Antio-

2467 3885 2680 3941 chenos
2716 3897 2866 3939 anno
2895 3878 3015 3938 354.
3056 3876 3311 3954 [Euseb]
3350 3879 3566 3952 quibus

2464 3973 2819 4044 astipulatur
2876 3970 3097 4027 Idatius
3148 3969 3243 4025 his
3300 3982 3446 4026 coss.
3500 3971 3563 4025 In

2462 4065 2651 4122 edicto
2680 4061 2974 4133 legebatur
3000 4079 3013 4116 :
3050 4062 3119 4116 Ut
3143 4075 3323 4115 omnes
3353 4061 3558 4130 ubique

2462 4152 2831 4208 Ecclesiarum
2907 4152 3182 4205 antistites
3263 4150 3434 4204 vincti
3497 4149 3562 4203 in

2469 4253 2737 4295 carcerem
2784 4240 3155 4295 truderentur.
3206 4237 3393 4296 Euseb
3445 4236 3567 4294 hist

2471 4329 2555 4386 lib
2580 4341 2706 4399 vm,
2736 4343 2786 4385 c.
2814 4327 2869 4385 6.

2542 4455 2865 4512 Marcellini
2902 4454 2957 4527 9,
2991 4454 3248 4512 Marcelli
3281 4452 3331 4511 4.
3370 4455 3558 4511 Perse-

2469 4546 2727 4603 cutionis
2754 4543 2807 4600 2.

2542 4634 2914 4692 Marcellinus
2951 4649 3081 4691 cum
3112 4634 3358 4692 sedisset
3388 4632 3565 4689 annis

2468 4722 2526 4795 8,
2574 4737 2733 4782 mens
2780 4723 2837 4796 2,
2886 4724 3019 4781 dieb
3068 4722 3160 4797 25,
3219 4722 3563 4795 martyrium

2472 4815 2719 4886 complet
2742 4815 2837 4871 die
2869 4811 2954 4871 46.
2988 4814 3183 4870 Martii
3212 4814 3267 4868 h.
3296 4826 3349 4868 a.
3384 4825 3500 4883 quo
3531 4824 3567 4868 a

2476 4906 2745 4962 Passione
2793 4904 3094 4960 Dominica
3143 4906 3293 4959 recte
3334 4914 3569 4972 compu-

2475 5001 2675 5053 tantur
2718 4994 2858 5051 anni
2905 4991 3030 5065 276,
3085 4994 3279 5049 minus
3327 4991 3463 5048 dieb
3506 4989 3562 5049 9.

2477 5086 2618 5144 Vide
2650 5091 2815 5140 notas
2840 5097 2949 5154 pag
2976 5080 3082 5139 257
3113 5089 3171 5139 et
3192 5080 3321 5139 258.

2550 5177 2881 5231 MARCELLUS
2915 5172 3160 5245 eligitur
3194 5185 3496 5229 successor
3513 5175 3570 5227 et

2477 5265 2782 5321 ordinatur
2800 5262 3109 5333 episcOpus
3127 5262 3225 5318 die
3245 5262 3451 5318 Domin
3473 5257 3564 5315 24.

2479 5353 2638 5425 Maii,
2667 5366 2736 5410 ex
2766 5365 2879 5423 qua
2908 5352 3058 5408 sedit
3101 5364 3286 5423 usque
3313 5350 3383 5406 ad
3415 5349 3570 5406 diem

2483 5440 2569 5499 46.
2618 5442 2877 5500 Januarii
2924 5442 3063 5498 anni
3106 5439 3233 5513 240,
3278 5454 3461 5496 annos
3510 5452 3568 5510 v,

2481 5547 2640 5590 mens
2677 5547 2778 5603 vn,
2810 5533 2936 5591 dies
2962 5545 3097 5589 xxv.
3127 5531 3271 5590 Vide
3295 5536 3460 5588 notas
3497 5528 3569 5586 ad

2481 5623 2830 5682 Marcellum.

3727 374 3889 432 592‘

3652 4449 3765 4510 304

3657 4545 3781 4599 Biss
