3922 6402
393 351 498 411 599

476 577 599 630 Per.

494 648 586 701 Jul
918 648 926 653 ’
1084 648 1102 652 ⁷
1248 648 1254 650 ⁷
1808 670 1937 720 ante
1975 670 2024 719 et

423 721 651 865 cl
1764 742 1893 805 post
1934 738 2057 792 Pal.

685 899 811 955 Kal.
881 903 1217 962 Novembris
1271 907 1570 968 'Maxentio
1625 911 1769 985 Aug.

686 990 756 1045 ad
790 990 1025 1048 Pontem
1059 994 1344 1068 Milvium,
1391 1002 1777 1057 Constantinus

688 1081 1191 1153 mxmusdicitur,
1215 1095 1271 1142 et
1299 1087 1571 1159 Africam,
1599 1092 1774 1148 misso

686 1169 872 1238 capite
883 1171 1178 1243 Maxentii,
1197 1185 1513 1247 recuperat.
1527 1181 1771 1237 Mediob.

689 1271 757 1314 ex
790 1273 945 1316 num.
974 1267 1031 1317 et
1061 1262 1199 1319 hist.

481 1361 624 1421 5026
767 1370 907 1439 Imp.
943 1370 1518 1448 ConstantinusAug.
1542 1383 1612 1433 tr.
1650 1393 1703 1448 p.
1738 1375 1776 1434 7

441 1447 528 1522 44,
565 1451 632 1510 40
687 1461 744 1512 et
770 1455 806 1512 8
830 1471 898 1513 ex
929 1459 1024 1515 die
1053 1458 1124 1517 25
1161 1461 1304 1519 Julii
1335 1447 1596 1535 Cosam,
1627 1447 1768 1539 Imp.

505 1545 573 1596 Ι).
685 1559 722 1601 Χ
751 1552 805 1602 et
834 1561 914 1604 XI.

761 1639 901 1707 Imp.
937 1639 1198 1698 Licinius
1236 1641 1383 1715 Aug.
1436 1646 1507 1700 tr.
1552 1659 1606 1716 p.
1643 1642 1679 1701 2
1719 1651 1775 1704 et

686 1724 742 1797 3,
769 1727 925 1784 Coss.
962 1743 1047 1784 ιιι.

942 1839 1081 1910 Imp.
1125 1840 1541 1900 Constantinus
1580 1845 1732 1902 Maxi
1751 1873 1776 1887 -

1033 1925 1160 1986 mus
1187 1913 1331 1986 Aug.
1363 1931 1448 1969 ιιι.

937 1984 1072 2053 Imp.
1104 1984 1367 2042 Licinius
1396 1987 1538 2058 Aug.
1575 2002 1660 2044 ιιι.

683 1907 840 1964 Coss.

754 2088 991 2147 Reland.
1023 2105 1090 2148 ex
1125 2093 1162 2148 Ι.
1195 2092 1249 2150 3.
1281 2093 1341 2148 C.
1375 2094 1424 2149 si
1447 2101 1645 2152 contra
1671 2097 1770 2166 jus

680 2190 716 2230 v
747 2178 928 2234 utilit.
967 2180 1183 2249 public.
1216 2186 1271 2238 et
1296 2197 1366 2238 ex
1399 2183 1625 2256 legibus
1648 2185 1772 2257 plu-

651 2304 654 2307 -
682 2267 850 2325 ribus
878 2269 1108 2326 Codicis
1137 2271 1414 2330 Theodos.

753 2360 853 2414 His
904 2361 1062 2417 Coss.
1135 2376 1192 2419 v1
1255 2364 1338 2418 Id.
1400 2364 1770 2436 Septembris.

680 2451 861 2518 Rufus
900 2453 1232 2508 Volusianus
1261 2455 1323 2508 P.
1352 2455 1414 2510 U.

1848 1843 1988 1904 4065
2086 1846 2138 1908 Β

1850 1916 1988 1976 4066

750 2539 1164 2598 Constantinus
1203 2557 1272 2600 ex
1301 2543 1468 2600 Italia
1508 2557 1769 2602 reversus
1883 2528 1890 2534 ’

678 2629 928 2685 Francos
955 2629 1167 2696 fundit,
1190 2639 1247 2689 et
1267 2635 1630 2691 Germaniam
1663 2647 1770 2690 va-

682 2723 820 2774 stat.
847 2721 1092 2777 Mediob.
1126 2735 1194 2777 ex
1222 2735 1377 2778 nnm.
1409 2728 1464 2778 et
1493 2723 1630 2779 hist.

647 2858 656 2864 .
754 2809 1108 2865 Maximinus
1131 2810 1560 2869 aConstantino
1588 2818 1643 2869 et
1669 2812 1771 2868 Li-

679 2897 841 2954 cinio
872 2899 1063 2956 victus
1089 2913 1304 2956 veneno
1335 2907 1586 2972 sumpto,
1635 2907 1770 2958 tru—

680 2985 987 3058 cidataque
1022 2993 1395 3059 tyrannorum
1423 2991 1605 3062 stirpe
1634 3004 1770 3048 suas

654 3083 872 3146 .partes
921 3083 1137 3148 secuta,
1189 3085 1465 3136 nocentem
1511 3083 1770 3150 spiritum

677 3166 992 3221 detestabili
1013 3183 1208 3236 genere
1234 3171 1426 3224 mortis
1453 3170 1676 3237 efﬂavit.

681 3313 684 3316 ί
750 3255 1020 3313 Caecilius
1057 3257 1128 3313 de
1161 3266 1328 3315 mort.
1377 3271 1588 3328 persec.
1624 3259 1765 3315 Vide

676 3347 915 3417 Pagium
936 3347 1006 3403 ad
1021 3360 1236 3403 annum
1262 3345 1388 3419 344,
1415 3361 1471 3404 ιι.
1505 3362 1558 3405 γι
1584 3355 1640 3404 et
1661 3363 1765 3404 xu.

459 3452 607 3513 5027
759 3455 894 3525 Imp.
935 3456 1351 3514 Constantinus
1391 3458 1533 3530 Aug.
1581 3464 1652 3514 tr.
1708 3473 1766 3530 p.

425 3545 517 3618 45,
565 3542 626 3602 44
671 3541 710 3600 8
738 3551 795 3600 et
824 3542 859 3599 9
881 3558 948 3602 ex
974 3546 1069 3602 die
1097 3543 1169 3603 25
1189 3546 1333 3604 Julii
1358 3548 1482 3605 Cos.
1515 3561 1602 3617 Ill,
1625 3550 1766 3621 Imp.

497 3637 552 3694 Ο.
672 3647 736 3690 x1
767 3640 823 3691 et
841 3648 943 3690 xu.

753 3744 894 3814 Imp.
926 3743 1191 3802 Licinius
1230 3745 1378 3819 Aug.
1422 3751 1498 3804 tr.
1552 3762 1604 3818 p.
1640 3745 1675 3803 3
1715 3751 1772 3803 et

684 3828 719 3888 4
744 3843 811 3886 ex
836 3832 930 3889 die
958 3830 1020 3888 24
1049 3833 1272 3903 Aprilis
1296 3837 1421 3892 Cos.
1447 3849 1535 3892 ιιι.

899 3939 959 3993 C.
981 3939 1251 4008 Cejonius
1281 3941 1467 3999 Rufus
1497 3942 1772 4000 Volusia-

992 4040 1103 4083 nus
1135 4041 1197 4084 ιι.

1045 4136 1316 4194 Arianus.

753 4225 984 4282 Gruter.
1025 4223 1115 4297 28,
1147 4224 1183 4282 5
1211 4233 1266 4283 et
1309 4223 1434 4297 387,
1475 4222 1548 4294 5;
1597 4225 1768 4297 Spon.

573 4315 586 4319 ”
687 4314 928 4370 Miscell.
970 4330 1023 4385 p.
1061 4313 1150 4385 90,
1183 4321 1314 4386 etc.,
1351 4323 1407 4373 et
1435 4316 1587 4386 leges
1619 4316 1769 4386 apud

687 4403 925 4458 Beland.
961 4409 1026 4459 ut
1057 4403 1092 4458 l.
1123 4402 1160 4458 8
1188 4403 1245 4458 C.
1277 4404 1634 4476 dejudiciis,
1663 4410 1770 4460 etc.

662 4579 670 4584 _
762 4510 952 4577 Ruﬁus
1000 4509 1332 4565 Volusianus
1377 4513 1440 4565 P.
1487 4513 1543 4569 C.
1589 4524 1659 4566 ex
1707 4509 1774 4568 43

665 4595 1013 4670 _Kal._Sept.

667 4762 672 4764 _
762 4702 940 4760 Felici
976 4704 1080 4760 hac
1119 4703 1334 4775 epocha
1363 4717 1494 4760 ΡΑειι
1522 4719 1774 4765 unum”:

663 4808 1041 4855 .CHBISTIANIS
1070 4809 1171 4868 per
1194 4793 1398 4852 iterata
1417 4796 1602 4854 edicta
1621 4799 1778 4856 Con-

691 4887 936 4942 stantini
969 4887 1205 4944 Maximi
1229 4893 1284 4943 et
1313 4887 1547 4958 Licinii,
1578 4903 1776 4959 perse-

665 4976 997 5034 cutoribus
1023 4977 1290 5034 Ecclesiae
1317 4979 1476 5049 justo
1502 4980 1599 5039 Dei
1622 4980 1772 5051 judi-

693 5067 784 5122 cio
845 5067 1157 5138 subversis,
1229 5082 1543 5142 eorumque
1595 5070 1776 5141 stirpe

693 5155 878 5212 fauste
893 5157 1324 5232 chronologiam
1342 5161 1583 5231 hujusce
1593 5161 1734 5217 tomi
1756 5180 1768 5215 :

690 5245 761 5301 de
793 5259 907 5316 qua
936 5250 1149 5318 epocha
1182 5251 1261 5306 ita
1302 5251 1514 5308 scribit
1564 5253 1774 5323 Pagius

691 5335 760 5390 ad
795 5335 949 5390 hunc
969 5351 1182 5394 annum
1209 5337 1315 5395 344
1347 5355 1401 5396 ιι.
1428 5355 1570 5397 xm:
1611 5361 1636 5392 α
1668 5343 1772 5396 Vi—

669 5429 785 5481 -cto
815 5437 965 5479 anno
995 5424 1102 5484 343
1129 5427 1462 5486 Maximino.
1502 5430 1775 5487 instituta

698 5512 1066 5575 celeberrima
1096 5519 1310 5585 epocba
1339 5532 1371 5575 a
1403 5531 1533 5574 race
1575 5533 1777 5578 ECCLE-

698 5609 797 5656 sui
846 5614 1080 5657 nanum
1105 5604 1366 5661 deﬁnita.
1395 5608 1536 5676 Ejus
1567 5609 1775 5665 memi-

700 5697 830 5741 nere
860 5690 1144 5748 Eusebius
1175 5691 1232 5744 in
1265 5695 1569 5763 Chronico,
1604 5702 1658 5750 et
1687 5711 1786 5752 au-

680 4026 843 4082 Coss.

1847 3743 1870 3802 4
1881 3745 1985 3803 066

1847 3831 1982 3891 4067

1187 361 1282 419 ΑΙ)
1328 363 1761 425 ANASTASIUM
1807 371 2324 435 PROLEGOMENA
2368 381 2542 437 EDIT.
2592 382 3006 443 ROM.-VATIC.

456 502 614 558 Anni
676 507 1056 577 Imperatores,
1144 513 1436 570 Consules.
1491 520 1765 574 Romano—
1842 521 1999 576 Anni

784 595 929 653 rum,
980 599 1065 638 res
1081 591 1264 652 gestae,
1316 593 1364 642 et
1419 589 1764 646 documenta.
1842 594 1904 647 U.
1941 593 1998 648 C.

3699 397 3781 456 600

2089 508 2146 567 Α
2228 509 2382 564 Anni
2448 513 2900 578 Christianorum,
2951 516 3271 573 Iudaeorum
3321 524 3373 575 et
3411 524 3552 591 ﬁni—
3612 525 3750 580 Anni

2200 583 2412 637 011mm.
2529 587 2784 637 timorum
2837 589 3181 637 Dormio-rum-
3241 592 3518 637 Pnntiﬁnpg
3636 598 3747 637 Rm

2266 599 2412 652 limp-

2529 587 2784 663 tjmorum
2831 589 3182 658 populorum,
3222 587 3539 663 Pontiﬁces,
3625 598 3762 652 Ern.

2524 659 2711 727 Reges,
2756 674 2843 713 res
2882 665 3044 728 gestae
3089 666 3140 715 et
3197 659 3540 722 documenta.
3585 669 3762 725 Christi

2451 886 2646 943 obitus
2670 889 2924 958 ejusdem
2955 887 3018 947 34
3042 893 3372 952 Decembris
3392 899 3531 954 anni

2451 974 2558 1032 355
2584 978 2773 1034 ﬂuunt
2795 981 2926 1034 anni
2958 995 3102 1037 XXIII
3133 998 3311 1040 mens.
3345 1001 3382 1041 x
3409 987 3535 1043 dies

2453 1079 2525 1120 xx
2579 1068 2963 1138 episcopatus,
3018 1072 3129 1141 ipsi
3163 1074 3433 1134 attributi
3478 1077 3536 1131 in

2456 1154 2665 1210 Pic‘t.S.
2688 1157 2868 1213 Pauli.
2889 1160 3206 1218 Videnotas
3224 1162 3531 1236 ubisupra.

2193 1366 2276 1422 Ol.
2317 1365 2424 1424 272
2522 1370 2917 1429 Melchiadis3
2945 1379 3001 1430 et
3025 1371 3078 1430 4.

2288 1473 2341 1513 ιν

2520 1460 2781 1532 Synodus
2832 1464 3082 1522 Romana
3140 1467 3419 1524 celebrata
3473 1468 3534 1524 in

2203 1551 2255 1602 et
2305 1544 2410 1604 273
2448 1549 2617 1606 domo
2649 1553 2868 1608 Faustae
2901 1554 2957 1609 in
2994 1557 3290 1612 Lateranis
3334 1564 3536 1614 contra

2448 1638 2800 1709 Donatistas,
2836 1642 3176 1710 praesidente
3222 1645 3542 1702 Melchiade

2450 1727 2546 1782 die
2569 1726 2602 1782 2
2621 1727 2850 1784 Octobr.
2879 1732 3020 1787 Vide
3046 1738 3210 1789 notas
3233 1733 3332 1789 ubi
3361 1748 3541 1806 supra

2451 1829 2519 1871 ex
2547 1817 2790 1885 epistola
2819 1817 2875 1872 S.
2906 1819 3244 1891 Augustini.

2521 1907 2872 1963 Maximinus
2926 1915 3125 1966 contra
3156 1910 3446 1967 Licinium
3480 1915 3541 1968 et

2446 1995 2888 2053 Constantinum
2954 2013 2985 2054 e
3037 2000 3200 2071 Syria
3255 2014 3486 2057 movens
3519 2043 3534 2072 ,

2450 2090 2614 2155 pacta
2635 2086 2756 2142 Jovi
2789 2087 3107 2145 Christiani
3137 2091 3391 2147 nominis
3425 2104 3534 2148 ex—

2449 2175 2764 2232 stinctione
2802 2177 2852 2232 si
2887 2177 3071 2235 victor
3105 2181 3396 2252 evasisset,
3429 2195 3536 2238 oc-

2449 2277 2626 2322 cursu
2656 2265 2894 2338 Licinii,
2913 2269 2982 2324 ad
3005 2283 3197 2339 preces
3227 2272 3339 2326 Deo
3369 2285 3537 2327 sum-

2449 2365 2540 2410 mo
2572 2353 2896 2414 fundendas
2925 2359 3308 2433 perAngelum
3323 2361 3534 2431 edocti,

2449 2439 2688 2513 fugatur
2711 2451 2873 2500 extra
2903 2447 3190 2518 Europam
3223 2448 3323 2504 Kal
3354 2448 3526 2504 Maii:

2427 2527 2516 2585 'Et
2561 2531 2767 2588 iterato
2798 2534 3000 2603 praelio
3031 2537 3294 2595 vincitur
3318 2539 3388 2594 ad
3417 2538 3533 2608 Cy-

2447 2617 2626 2674 balim
2701 2635 2827 2676 vin.
2881 2623 2940 2678 Id
2994 2624 3226 2682 Octobr.
3284 2628 3541 2684 Victores

2445 2708 2863 2767 Constantinus
2900 2717 2957 2768 et
2987 2714 3253 2772 Licinius
3282 2717 3534 2773 edictum

2447 2797 2762 2854 secundum
2797 2812 2951 2857 PACIS
2978 2815 3248 2859 accusas
3273 2805 3535 2876 promul-

2445 2891 2580 2958 gant
2624 2887 2953 2945 Mediolani.
3001 2892 3142 2947 Vide
3173 2893 3377 2948 Baron.
3409 2895 3536 2949 Me-

2446 2975 2605 3044 diob,
2656 2981 2712 3031 et
2754 2990 2868 3047 pra
2908 2979 3132 3034 caeteris
3187 2981 3424 3052 Pagium
3468 2995 3540 3038 ex

2446 3065 2744 3121 Lactantio
2761 3067 2830 3122 de
2857 3073 3004 3122 mort
3025 3069 3538 3138 persecutsingula

2449 3167 2553 3210 suo
2603 3154 2807 3210 ordine
2840 3161 3224 3212 recensentem
3264 3156 3334 3213 ad
3376 3157 3535 3213 hunc

2447 3257 2662 3300 annum
2695 3257 2833 3300 num
2864 3241 2897 3301 4
2926 3250 2982 3301 et
3011 3259 3128 3317 seq.

2517 3441 2860 3499 Melchiadis
2882 3440 2933 3499 4.
2962 3443 3252 3500 SILVESTRI
3282 3457 3320 3498 I.

2516 3531 3000 3590 Melchiadesobit
3015 3535 3316 3604 depositus
3336 3534 3433 3592 die
3455 3548 3526 3590 IV.

2445 3621 2581 3677 Idus
2622 3623 2886 3679 Januarii
2945 3624 3003 3680 in
3051 3623 3300 3696 Callisti,
3361 3630 3424 3680 ut
3471 3625 3531 3680 in

2447 3724 2626 3781 cpusc
2640 3714 2833 3784 quarti
2853 3714 3049 3770 saeculi
3091 3715 3147 3769 in
3175 3714 3539 3785 prolegomen

2448 3808 2503 3856 et
2536 3801 2595 3857 in
2627 3808 2853 3859 vetusto
2881 3803 3091 3873 lapide.
3116 3803 3296 3858 Tituli
3328 3804 3383 3858 S.
3413 3803 3541 3858 Sil-

2427 3890 2626 3966 ‘vestri
2665 3891 2723 3946 in
2759 3893 2948 3962 capite
2977 3893 3378 3962 consignatur,
3412 3907 3545 3948 cum

2453 3964 2782 4036 sedissetab
2802 3980 3170 4037 ordinatione
3194 3981 3538 4053 episcopali,

2451 4083 2565 4140 qua
2586 4069 2859 4138 vicarius,
2881 4082 2992 4138 qua
3017 4069 3274 4139 pontifex
3295 4083 3408 4126 ann
3442 4085 3535 4143 ιιι,

2450 4171 2608 4214 mens
2665 4171 2742 4212 vu
2813 4157 2940 4213 dies
2993 4172 3091 4214 vn.
3170 4160 3312 4216 Vide
3375 4167 3543 4219 notas

2449 4245 2548 4304 ubi
2586 4260 2779 4316 supra.

2519 4356 2839 4412 Svausu-zn
2862 4357 2982 4427 jam
3034 4359 3339 4417 ordinatus
3403 4359 3536 4429 epi-

2451 4459 2659 4515 scopus
2693 4446 2760 4504 in
2791 4446 2903 4502 ﬁne
2936 4451 3357 4517 persecutionis
3381 4462 3534 4504 anno

2450 4533 2663 4592 212die
2679 4537 2944 4592 Dominic
2966 4536 3050 4593 40.
3071 4539 3401 4596 Febr..cum
3429 4539 3536 4596 hoc

2449 4637 2599 4679 anno
2649 4627 2812 4682 sedes
2847 4635 3099 4684 vacasset
3125 4629 3252 4685 dies
3289 4643 3385 4685 xvn
3421 4625 3536 4702 [ut

2454 4715 2513 4769 in
2546 4715 2771 4788 catalog
2809 4721 2865 4772 et
2907 4717 3182 4790 biblioth]
3217 4731 3415 4788 nempe
3461 4719 3534 4774 ad

2450 4804 2603 4860 diem
2648 4803 2737 4862 25.
2788 4808 3002 4864 Januar
3043 4809 3140 4864 die
3177 4807 3247 4864 26
3293 4808 3537 4879 eligitur

2429 4909 2770 4966 _successor,
2826 4894 2882 4954 et
2931 4899 3230 4955 Dominica
3277 4899 3538 4968 proxime

2454 4992 2761 5042 consecuta
2790 4984 2878 5042 34.
2910 4988 3171 5044 Januarii
3213 4988 3539 5046 collocatur

2457 5077 2517 5132 in
2550 5077 2757 5136 throno
2787 5078 2944 5133 sedis
2974 5077 3326 5148 apostolicae.
3361 5093 3535 5150 quam

2453 5171 2606 5222 tenet
2620 5168 2791 5222 annis
2814 5180 2906 5222 xxi
2928 5181 3086 5223 mens
3111 5182 3169 5223 xi
3196 5169 3254 5224 in
3277 5168 3537 5239 catalogo

2451 5256 2753 5313 Liberiano
2782 5258 3071 5327 expressis
3114 5272 3300 5330 usque
3344 5259 3413 5315 ad
3463 5258 3525 5316 3|

2453 5346 2724 5402 Decembr
2755 5351 3068 5406 Constantio
3098 5355 3149 5404 et
3178 5351 3379 5407 Albino
3403 5363 3536 5406 coss

2457 5430 2678 5507 [nempe
2715 5436 2783 5492 ad
2829 5437 2980 5492 diem
3024 5452 3348 5509 supremam
3393 5439 3534 5495 anni

2432 5522 2576 5585 .335.
2621 5525 2765 5582 Era:
2805 5524 3023 5588 Christi
3064 5529 3325 5584 omnium
3369 5527 3535 5584 chro-

2458 5615 2791 5688 nologorum
2834 5630 3120 5676 consensu
3161 5618 3230 5685 ad
3269 5618 3534 5675 eumdem

2456 5716 2668 5764 annum
2701 5705 3144 5783 pertinentibus]
3175 5715 3235 5764 et
3262 5708 3333 5764 ab
3363 5709 3536 5764 ordi-

3630 1376 3730 1434 343

3636 3442 3740 3503 344
