3922 6412
203 399 323 459 605
1219 412 1557 471 CHRONOL.
1611 414 1897 475 CONSUL.
1941 418 2030 475 ΕΤ
2071 418 2235 478 (ἊΕΞ.
2284 421 2451 480 ROM.
2503 427 2644 483 ETC.
3545 441 3653 501 606

280 525 443 632 ,ἒηηὶ
503 529 884 601 Imperatores,
959 537 1267 632 Consultem;
1332 542 1608 632 Romauo-
1639 538 1829 632 "Angli
1906 542 1966 599 A
2031 540 2206 632 [λέηηὶ
2260 545 2715 632 Christianorum,
2774 554 3089 632 Iudaeorum
3116 566 3167 616 et
3218 564 3356 632 ﬁni—
3421 563 3580 620 Anm‘

1216 597 1230 602 ι
1908 597 1965 599 __
2167 597 2173 598 γ
2267 597 2345 602 νη-
2372 597 2583 605 -ν-νη--ν-
2606 597 2694 609 υνυ-
2775 597 2979 613 -υηυιυυι
3000 597 3089 615 uno
3116 597 3163 616 ι-ιι
3259 597 3356 618 nv—
3421 597 3579 620 [ιιιηι

279 597 409 704 Prerl.
558 597 685 659 r'um
733 620 818 660 res
871 614 1053 676 gestae,
1122 617 1173 667 et
1229 612 1569 668 documenta.
1639 612 1718 704 ΠΖ
1755 610 1829 704 C.‘
2029 612 2241 687 Olymp.
2343 623 2599 704 timorum
2646 597 2996 696 populorum,
3055 597 3360 704 Pontiﬁces,
3436 641 3579 693 Em

363 685 376 704 Ι
1626 698 1689 704 --Α
1729 698 1746 704 Α
1785 699 1802 704 Α

2093 670 2117 683 ν
2180 670 2200 687 ι
2231 670 2237 672 .
2347 670 2487 675 --η---
2510 670 2597 679 π..-
2690 670 2715 680 ν
2761 670 2866 682 ww-
2888 670 2975 685 --ησ
3055 670 3080 686 ι
3101 670 3214 689 un"
3237 670 3337 690 tuo.)
3436 670 3517 693 ω’
3534 670 3577 691 ω

302 670 435 769 ,τμιᾷ
872 670 893 676 ⁷
1035 670 1046 673 ⁷
1582 767 1593 769 _
1619 686 1749 769 ante
1777 686 1856 769 et”
2357 694 2543 768 Reges,
2582 670 2683 753 re;
2695 670 2859 769 grestaz
2903 708 2955 757 et
2981 670 3360 762 ,documelnta.’
3387 707 3610 764 Christi.

242 743 297 793 et
324 741 452 795 Ind.
1556 758 1684 823 post
1706 754 1873 809 Palil.

569 886 626 941 L.
676 882 729 941 9.
776 885 836 941 C.
893 886 962 941 de
1011 885 1276 960 judiciis,
1350 892 1409 946 et
1448 891 1588 950 aliis
2102 953 2116 963 ,
2272 901 2379 957 pus
2405 904 2535 948 cum
2567 894 2815 952 sedisset
2842 910 3026 956 annos
3046 905 3184 972 tres,
3216 902 3365 959 sub-

502 975 773 1046 pluribus
816 976 967 1045 apud
992 977 1225 1034 Reland.
1870 1030 1874 1034 .
2271 977 2630 1040 stituendum
2674 986 2787 1041 sibi
2838 990 3065 1046 curavit
3103 989 3358 1049 Alexan-

568 1063 730 1121 Praaf.
785 1066 923 1122 Urbi
960 1069 1138 1122 Julius
1189 1068 1408 1126 Cassius
1454 1072 1590 1129 Vice
2135 1147 2139 1150 ν
2272 1073 2463 1130 drum.
2518 1074 2621 1130 Hic
2651 1076 2805 1132 enim
2846 1077 2998 1134 sedit
3027 1091 3142 1134 ann
3172 1078 3243 1136 23
3296 1087 3361 1139 ut

496 1168 609 1210 sac.
689 1156 962 1225 judicans
1030 1156 1325 1227 Septimius
1382 1162 1587 1218 Bassus
2265 1168 2470 1218 auctor
2516 1169 2604 1221 est
2633 1165 2893 1222 Socrates
2938 1167 3022 1223 lib
3053 1182 3116 1241 Il,
3161 1183 3265 1242 cap
3303 1169 3356 1242 4,

504 1241 667 1298 Prmf.
714 1243 853 1300 Urbi
902 1258 1200 1317 repressus
1249 1254 1336 1306 est
1374 1251 1591 1307 Latere.
2266 1250 2486 1323 Sozom,
2524 1268 2611 1323 ιιι,
2641 1269 2692 1311 c.
2724 1254 2778 1312 3.
2809 1258 3096 1314 Petavius.

493 1333 732 1390 Bucher.
2336 1342 2617 1414 Eclipsim
2644 1345 2789 1401 solis
2815 1353 2888 1402 tr.
2931 1360 2982 1402 a.
3018 1348 3193 1406 refert
3216 1351 3352 1407 Ida-

2265 1429 2404 1487 tius.
2463 1433 2604 1488 Vide
2647 1435 2940 1492 Valesium
2993 1438 3051 1493 in
3099 1441 3257 1495 notis
3285 1441 3355 1498 ad

2259 1518 2447 1575 Euseb
2495 1522 2566 1577 de
2609 1523 2726 1577 vita
2773 1524 2949 1579 Const
2982 1525 3064 1581 lib
3110 1539 3172 1596 ll,
3217 1543 3266 1583 c.
3299 1528 3351 1585 6.

2260 1607 2502 1678 Crispus
2519 1623 2550 1665 a
2569 1610 2866 1668 Lactantio
2898 1613 2958 1669 in
2985 1615 3223 1673 Divinis
3245 1617 3354 1673 lit-

2261 1698 2405 1753 teris
2444 1698 2715 1756 eruditur
2739 1702 2949 1759 Euseb.

271 1793 417 1852 5032
560 1800 700 1870 Imp.
753 1799 1168 1858 Constantinus
1215 1802 1360 1874 Aug.
1397 1806 1471 1859 tr.
1521 1818 1574 1874 p.
1653 1801 1785 1862 4074
1894 1872 1930 1874 _
2101 1817 2141 1859 ιι
2324 1806 2587 1866 Silvestri
2624 1810 2873 1870 ann5et
2901 1812 2955 1870 6.
3425 1814 3532 1874 349

250 1887 323 1959 ζῇ
377 1889 448 1948 ao
490 1887 557 1945 43
581 1897 637 1946 et
676 1886 768 1977 44,
809 1903 924 1947 cos.
962 1904 1038 1961 IV,
1073 1891 1213 1962 imp.
1248 1872 1571 1964 43,44,135.
1652 1890 1792 1952 4072

1889 1872 1979 1957 Β,
2081 1905 2148 1950 ιιι
2332 1896 2678 1971 Philogonio
2701 1902 3062 1961 Antiocheno
3082 1905 3352 1977 episcopo
3393 1936 3410 1949 κ

249 1979 325 2053 θ
379 1978 448 2037 46
489 1978 575 2052 46,
615 1976 700 2035 l7.

2263 1992 2492 2044 mortuo
2545 1992 2806 2048 succedit
2854 1993 3136 2052 Paulinus
3185 1976 3351 2053 Petav

330 2072 378 2124 D
566 2069 705 2139 lmp.
741 2068 1006 2125 Licinius
1039 2069 1185 2142 Aug.
1225 2074 1297 2126 tr.
1345 2083 1397 2141 p.
1432 2067 1499 2127 42
1522 2076 1578 2128 et
2208 2136 2213 2137 ί
2263 2088 2333 2131 ex
2359 2077 2578 2148 Niceph
2605 2080 2808 2137 chron.

253 2158 441 2214 Ind-iet
484 2154 571 2228 43,
606 2173 724 2231 cos,
757 2174 809 2215 v.
2330 2164 2599 2224 Licinius
2655 2172 3111 2239 persecutionem
3143 2173 3351 2232 adver-

299 2263 385 2304 vn
709 2251 849 2319 Imp.
881 2249 1298 2308 Constantinus
1343 2250 1487 2325 Aug.
1518 2264 1572 2306 v.
2259 2266 2362 2309 sus
2410 2254 2778 2317 Christianos
2810 2263 3097 2334 instituit,
3151 2266 3209 2320 in
3242 2279 3357 2336 qua

289 2334 400 2375 VIII
490 2284 630 2341 COSS
709 2321 973 2378 LiCiniUS
1001 2323 1206 2378 Cifsar-
1396 2396 1404 2404 ,
2257 2342 2594 2405 Theodorus
2650 2350 2769 2407 dux
2825 2352 3080 2410 insignis
3130 2362 3352 2410 martv—

1396 2396 1404 2404 .
2257 2358 2594 2405 'meoaorus
2650 2358 2769 2407 dux
2825 2358 3080 2425 insignis
3130 2362 3352 2426 marty-

557 2411 616 2465 L.
650 2408 703 2479 2,
743 2425 793 2466 c.
838 2411 1050 2468 Theod.
1101 2413 1172 2468 de
1224 2412 1437 2468 divers.
1477 2425 1578 2469 re—

2257 2433 2410 2488 rium
2453 2435 2630 2492 subit.
2664 2441 2744 2494 Ex
2773 2442 2901 2511 ejus
2923 2408 3072 2499 actis
3097 2458 3187 2515 ap.
3214 2408 3342 2500 sur.

485 2500 689 2569 script.
720 2506 777 2556 et
805 2500 937 2556 alia:
966 2503 1116 2570 apud
1150 2501 1388 2557 Reland.

2256 2523 2429 2578 Noris
2450 2525 2520 2580 de
2545 2524 2581 2581 2
2612 2542 2749 2585 num
2777 2500 3008 2602 Licinii,
3038 2500 3151 2589 etc:
3179 2532 3345 2604 p.90.

557 2587 720 2645 Praaf.
804 2590 974 2692 Urbi“
1013 2591 1137 2692 Kal.
1216 2591 1369 2692 Sept“.
1446 2592 1580 2692 γαί·
2249 2611 2616 2671 Christianos
2655 2617 2726 2673 de
2759 2587 3345 2692 palatio'suopellit,

477 2681 753 2736 Maximus
797 2681 1041 2735 Basilius
1084 2682 1282 2738 Latere
1325 2684 1565 2740 Bucher.
2254 2704 2310 2755 et
2378 2704 2631 2761 concilia
2701 2681 2989 2766 celebrare
3050 2681 3337 2781 prohibet.

551 2770 792 2841 Crispus
832 2774 1018 2827 Caesar
1053 2779 1252 2828 contra
1291 2772 1568 2831 Aleman—
2253 2789 2520 2849 Petavius
2594 2808 2662 2850 ex
2743 2798 2991 2856 Eusebio
3050 2770 3137 2857 .de
3222 2796 3341 2858 vita

478 2873 584 2917 nos
605 2859 1081 2918 feliciterbellum
1104 2863 1273 2935 gerit.
1305 2864 1570 2921 Petavius
2249 2876 2424 2935 Const
2450 2881 2534 2938 lib
2570 2897 2606 2954 ι,
2640 2899 2692 2940 c.
2724 2882 2814 2957 44,
2845 2886 2932 2946 45.

482 2964 549 3007 ex
581 2952 856 3024 Panegyr.
888 2953 1088 3008 Nazar.
1142 2954 1211 3010 ad
1234 2967 1370 3010 ann.
1404 2968 1563 3027 seqq.
2322 2952 2742 3031 Constantinus
2780 2952 3069 3036 Sarmatas
3121 2981 3350 3039 Maeoti-

485 3042 527 3096 E
573 3047 773 3098 contra
814 3042 1224 3101 Mediobardus
1252 3045 1322 3101 ad
1352 3059 1565 3102 annum
2249 3055 2345 3113 dis
2394 3062 2621 3117 accolas
2680 3066 2889 3123 Istrum
2956 3075 3346 3142 transgressos

485 3132 892 3204 praecedentem
980 3134 1151 3191 habet
1232 3153 1245 3191 :
1328 3136 1569 3207 Crispus
1880 3204 1930 3231 n
2250 3149 2441 3220 caedit,
2473 3165 2605 3208 mox
2637 3155 2863 3212 eosdem
2899 3158 2957 3214 in
2989 3132 3346 3231 regionesua

478 3222 663 3278 Caesar
693 3222 1034 3281 rebellantes
1061 3224 1312 3283 Fraucos
1338 3226 1556 3299 insigni
1840 3253 1845 3258 -
1878 3204 1930 3269 Ο
2252 3234 2523 3295 funditus
2553 3242 2739 3299 vincit
2758 3247 2950 3303 occiso
2982 3204 3182 3306 eozum
3215 3264 3344 3323 rege

484 3311 725 3369 victoria
747 3314 945 3371 domat
2251 3324 2624 3387 Rausimodo.
2660 3333 2745 3388 Ibi
2777 3348 2843 3391 ex
2872 3338 3109 3409 Zozimi,
3155 3339 3239 3394 lib
3273 3311 3333 3395 ἦ.

2322 3417 2476 3473 Idem
2499 3426 2699 3477 contra
2729 3427 3026 3496 aruspices
3045 3427 3338 3499 rescribit,

2248 3501 2288 3557 l.
2320 3502 2343 3559 4
2376 3511 2433 3561 et
2455 3506 2511 3576 2,
2529 3508 2669 3566 Cod.
2691 3510 2763 3566 de
2789 3513 2966 3569 malet”
2973 3521 3031 3571 et
3053 3517 3126 3573 de
3148 3517 3337 3574 Cleric

2252 3590 2545 3665 immunit,
2573 3596 2615 3651 ι.
2648 3596 2703 3670 2,
2743 3598 2876 3657 Cod.
2907 3603 2978 3660 de
3005 3604 3199 3675 Episc.

251 3684 398 3744 5033
548 3688 691 3758 Imp.
737 3685 1154 3743 Constantinus
1201 3687 1347 3760 Aug.
1386 3693 1458 3745 tr.
1505 3706 1557 3763 p.
1640 3688 1781 3749 4072
2071 3708 2134 3753 ιιι
2317 3699 2782 3762 Silvestriann6
2811 3712 2870 3763 et
2894 3705 2950 3764 7.
3435 3713 3544 3776 320

213 3779 290 3852 ζῇ
338 3775 402 3833 24
481 3774 552 3834 44
578 3774 748 3839 θῑ45,
772 3788 890 3832 cos.
924 3788 1000 3876 vi,
1032 3776 1171 3877 imp.
1200 3790 1344 3834 xvn.
1481 3866 1537 3877 Μ
1638 3778 1762 3839 407ἒ

2080 3817 2136 3858 1v
2319 3805 2509 3865 Chron
2564 3811 2837 3870 Paschale
2870 3816 2964 3873 his
2986 3832 3116 3876 coss
3160 3818 3338 3877 factas

243 3867 318 3941 θ
349 3863 418 3922 47
476 3867 707 4010 MLImp.
750 3865 1016 3922 Licinius
1042 3863 1189 3937 Aug.
1214 3870 1289 3922 tr.
1344 3882 1421 3939 p,.
1471 3866 1558 3942 43,
2244 3863 3340 3967 ραεεὶιηἡἀεάῖέείῆᾇῆᾇξνέιῖἷῖείὶέιιινξί

551 3996 563 4010 .
599 3968 715 4010 cos.
746 3967 803 4008 v.
2244 4000 2368 4010 -..υ
2402 3988 2707 4010 ---.-_.-___
2738 4009 2761 4010 η
2808 3994 2855 4010 ..
2890 3996 2928 4010 ..
3010 4006 3020 4010 _

551 3996 563 4023 ,
599 3968 715 4010 cos.
746 3967 803 4008 v.

2244 4000 2371 4042 rum
2398 3988 2773 4050 ecclesiarum
2807 3994 3047 4055 indicat.

2312 4077 2729 4139 Constantinus
2775 4099 2968 4154 poenas
2992 4095 3194 4149 contra
3237 4106 3342 4149 or-

2243 4164 2345 4222 bos
2393 4174 2450 4223 et
2478 4169 2709 4227 calihes
2750 4173 2898 4230 latas
2944 4179 3190 4235 sustulit
3240 4181 3332 4238 ι..4

2238 4256 2298 4313 C.
2319 4256 2389 4314 de
2410 4258 2624 4315 infirm.
2652 4276 2799 4334 paen.
2827 4264 3013 4322 calib.
3048 4268 3333 4326 Petavius.

268 4045 417 4137 €13.
469 4080 609 4137 Coss
685 4042 1455 4137 EBAQQRﬁNiTEiAug
1478 4059 1556 4101 Ἦ·

228 4117 417 4171 Indict
470 4117 609 4137 W”
683 4117 1101 4174 Constantinus
1129 4117 1333 4172 Caesar.

266 4220 373 4262 vm
544 4208 599 4263 L.
637 4204 692 4280 2,
722 4207 782 4263 C.
816 4208 887 4264 de
917 4208 1332 4280 assvssoribus,
1372 4207 1563 4281 ebdo—

289 4310 353 4352 ix
465 4304 610 4354 mest
638 4304 696 4354 et
724 4296 855 4354 alite
876 4298 1029 4369 apud
1053 4299 1268 4356 Reland

543 4386 692 4445 Praef
754 4388 895 4445 Urbi
949 4390 1208 4447 Valerius
1277 4392 1558 4447 Maximus

468 4479 665 4535 Latere
690 4479 913 4537 Bucher

247 4580 395 4641 5034
537 4586 662 4657 Imp
707 4586 1124 4645 Constantinus
1153 4588 1281 4662 Aug
1310 4592 1365 4647 tr
1408 4605 1443 4661 p
1490 4585 1557 4646 45
1633 4585 1771 4645 4073
1873 4561 1929 4626 D
2005 4580 2161 4653 Olym
2306 4586 2573 4646 Silvestri
2604 4603 2717 4648 ann
2747 4587 2804 4665 7,
2825 4572 2878 4648 8.
3425 4594 3525 4653 324

215 4680 287 4749 ξε)
337 4673 413 4731 22
464 4681 521 4733 et
551 4673 636 4746 46,
666 4690 765 4734 cos
788 4691 845 4733 v1
874 4678 993 4750 imp
1020 4692 1138 4737 xvu
1356 4730 1357 4733 η
1632 4675 1764 4737 4074

2040 4669 2150 4730 274
2310 4677 2476 4735 Circa
2508 4680 2614 4737 hoc
2653 4687 2880 4755 tempus
2911 4684 3143 4744 videtur
3182 4685 3338 4745 refe-

220 4763 296 4837 ο
349 4764 419 4822 48
545 4768 668 4839 Imp
739 4768 1006 4827 Licinius
1054 4772 1184 4844 Aug
1255 4774 1309 4829 tr
1374 4786 1410 4843 p
1463 4766 1551 4842 44,
2060 4776 2117 4818 IV
2243 4769 2456 4826 rendus
2494 4769 2822 4842 baptismus
2854 4789 2967 4832 una
2995 4790 3127 4832 cum
3157 4784 3336 4832 matre

466 4853 535 4914 45
563 4869 663 4915 cos
691 4871 727 4912 ν
2076 4856 2129 4907 et
2236 4858 2290 4911 S.
2325 4858 2534 4916 Helena
2563 4866 2620 4916 et
2648 4860 2851 4918 liberis
2899 4877 2966 4920 ac
2995 4864 3334 4922 domesticis

306 4946 410 5026 4“
471 4981 614 5026 an“
687 4948 1224 5026 ριιίεριιεᾳωεεςη,
2041 4935 2150 4997 275
2237 4942 2508 5015 pluribus
2555 4961 2587 5005 a
2637 4949 3017 5010 Constantino
3070 4952 3332 5026 Augusto

994 4981 997 4982 ν
1122 4981 1129 4983 ~
2042 4981 2148 4997 μιν
2275 4981 2508 5004 ιιιιιυιιιδ
2555 4981 2587 5005 α
2637 4981 3017 5010 υυυοιαιιιιιιυ
3070 4981 3157 5009 nu
3205 4981 3332 5010 υδιυ

224 4981 412 5073 [nitet
471 4981 614 5040 coss
684 4981 1361 5094 coiil'ﬁﬁﬁﬁgﬁaééim,
2087 5041 2104 5082 ι
2231 4981 2420 5087 Koma:
2444 5040 2767 5106 perceptus,
2796 5037 2941 5107 ipsis
2961 4981 3332 5097 adminisstra-

212 5121 270 5165 ix
301 5114 422 5166 etx
459 5110 504 5167 L
547 5106 604 5183 3,
652 5111 765 5170 Cod
806 5112 879 5170 de
928 5114 1036 5171 Fer
1077 5117 1136 5170 et
1192 5111 1324 5170 alite
1394 5111 1545 5184 apud
2232 5123 2328 5177 tus
2345 5134 2444 5190 per
2473 5123 2532 5177 Β.
2556 5106 2900 5181 Silvestrum
2924 5140 3124 5198 papam
3147 5142 3217 5185 ex
3237 5130 3331 5187 his

2232 5223 2359 5279 qua:
2390 5211 2742 5280 protulimus
2768 5214 2828 5269 in
2862 5218 3017 5273 notis
3039 5219 3109 5275 ad
3143 5220 3328 5290 Sylve—

2231 5303 2435 5354 strum.
2460 5312 2528 5355 ex
2546 5300 2629 5356 Jo.
2654 5302 2885 5374 Malala,
2913 5312 2971 5362 et
2998 5320 3065 5363 ex
3088 5309 3327 5366 chrono-

2230 5388 2450 5461 grapho
2481 5391 2783 5449 vetustiori
2812 5396 2961 5465 apud
3003 5401 3285 5457 eumdem.

2300 5478 2403 5535 llis
2443 5493 2572 5537 coss
2608 5482 3023 5544 Constantinus
3075 5488 3206 5562 Aug
3251 5491 3323 5548 de

2230 5566 2447 5625 observ.
2486 5570 2603 5627 diei
2650 5572 2967 5637 Dominica:
3015 5576 3158 5652 edit,
3194 5580 3231 5638 l.
3267 5579 3322 5654 3,

2227 5658 2340 5715 Cod
2367 5657 2438 5715 de
2466 5660 2670 5720 Feriis.

2298 5748 2562 5823 Synodus
2599 5766 2643 5811 ιι
2692 5753 3082 5820 Alexandrina
3115 5770 3317 5824 contra
