3922 6452
350 385 459 444 607
1157 385 1252 440 AD
1291 383 1722 441 ANASTASIUM
1765 385 2280 448 PROLEGOMENA
2326 394 2501 451 EDIT.
2541 396 2951 458 ROM-VATIC.
3688 407 3788 470 δας

403 517 562 606 limi
645 513 1020 606 Imperatores,
1078 599 1096 606 Δ
1129 513 1390 606 Consales
1477 515 1754 606 Romano-
1802 516 1957 606 Anni
2048 515 2108 575 A
2178 520 2358 606 “Anni
2467 522 2919 606 Christianorum,
2943 533 3261 588 Iudaeorum
3281 539 3332 590 et
3353 538 3474 606 ﬁni-
3544 539 3700 593 Anni

753 598 896 653 ruma
920 600 1004 639 7‘93
1033 590 1214 652 983m:
1247 591 1297 639 εί
1321 586 1659 642 ἀοσωηεηίαο
1806 593 1869 677 U:
1899 589 1970 677 (ἦ
2172 591 2381 667 Olymp.
2520 602 2785 677 _timo-rum
2797 586 3145 673 populorum,

417 663 534 743 ._Iu_l.
559 733 574 743 _
1771 670 1898 743 ante
1921 665 1997 743 ei,
2243 663 2253 664 ί
2320 663 2342 667 “
2513 673 2703 740 Reges,
2732 663 2818 729 res
2837 663 3001 743 gestae
3026 684 3077 732 ct
3102 663 3432 734 documenta
3448 663 3464 671 ’
3510 663 3718 738 0}?me

389 737 444 788 et
467 733 591 790 Ind.
1699 741 1826 804 post
1849 728 1997 795 Palil

637 819 850 876 Reland
901 821 1052 876 mde
1090 821 1307 893 quibus
1335 821 1466 878 vide
1490 822 1727 894 Pagium
2415 826 2616 882 Arium
2744 827 3028 885 celebrata
3133 846 3202 887 ex
3308 833 3502 892 allatis

635 911 706 967 ad
743 911 896 966 hunc
927 923 1161 967 annum.
2419 929 2516 986 per
2569 917 2804 990 Pagium
2866 919 2936 975 ad
2985 933 3098 976 ann
3161 920 3286 994 345,
3345 938 3403 979 n.
3467 939 3502 978 v

707 1002 1124 1057 Constantinus
1167 1002 1729 1073 quindecennalibus
2415 1010 2471 1061 et
2502 1020 2662 1078 seqq.

639 1091 868 1160 imperii
917 1091 1069 1146 votis
1113 1091 1220 1146 hoc
1265 1106 1416 1148 anno
1446 1093 1733 1152 absolutis

633 1179 958 1236 vicennalia
984 1182 1340 1251 nuncupavit
1360 1181 1542 1239 die25
1565 1185 1728 1240 Julii.

638 1269 810 1324 Noris
862 1283 931 1325 cx
984 1270 1227 1325 Nazario
1303 1276 1360 1327 et
1432 1272 1616 1328 Idalio
1678 1279 1734 1328 et

639 1359 892 1414 nummis
950 1360 1008 1414 in
1040 1360 1316 1415 dissertat
1363 1361 1432 1416 de
1483 1360 1519 1416 2
1569 1376 1726 1418 num.

637 1449 874 1512 Licinii,
901 1453 1008 1503 etc.
1039 1463 1090 1518 p.
1138 1446 1228 1504 73.

713 1537 942 1593 Tabella
996 1552 1149 1594 aenea
1207 1553 1297 1610 ap.
1351 1540 1578 1597 Fabrett
1634 1543 1733 1598 in-

639 1627 823 1696 script
882 1642 936 1696 p.
977 1625 1102 1696 364,
1151 1642 1208 1684 ιι.
1245 1642 1385 1698 xvxx,
1446 1635 1502 1685 et
1529 1630 1643 1687 alia
1669 1631 1728 1686 in

635 1718 848 1772 Musaeo
893 1718 1146 1774 Strozzio
1193 1723 1249 1774 et
1331 1718 1525 1789 plures
1573 1721 1725 1792 apud

639 1804 960 1908 Grut'862.‘
1049 1895 1087 1908 ﬂ
1269 1897 1282 1908 ⁸
1443 1901 1453 1908 Δ
1668 1898 1725 1908 η
1811 1899 1932 1908 um
2045 1845 2098 1908 B

414 1894 576 1988 5035-
637 1895 1207 1988 Imp_(1onstantinus
1252 1897 1380 1971 Aug
1439 1901 1508 1954 tr.
1556 1915 1608 1970 p.
1659 1898 1726 1957 46
1802 1899 1941 1959 4074
2045 1894 2098 1908 ”
2254 1919 2272 1972 ι
2486 1915 2756 1988 Sylvestri
2789 1916 2957 1974 ann8
2986 1922 3043 1976 et
3079 1917 3133 1976 9.
3563 1922 3683 1984 322

398 1985 474 2058 θ
509 1983 582 2041 23
629 1991 684 2041 et
717 1981 804 2055 47,
835 1999 932 2041 cos
963 1999 1040 2055 vx,
1077 1987 1196 2058 imp
1227 2001 1364 2043 xvxx.

374 2078 452 2152 ξιξ)
511 2072 578 2130 49
722 2077 842 2146 Imp
892 2076 1161 2133 Licinius
1200 2077 1326 2150 Aug
1351 2083 1424 2134 tr.
1461 2093 1513 2150 p.
1563 2075 1630 2136 45
1665 2084 1720 2137 et

465 2163 511 2219 G
633 2161 717 2235 46,
747 2178 844 2221 cos
868 2179 923 2225 v.
950 2167 1067 2238 imp
1096 2181 1181 2222 xxx.

385 2255 573 2348 ιηεέίσί
628 2292 765 2348 Coss
843 2257 1520 2348 isztsriusﬁtsbisnus-

475 2341 511 2382 x
629 2328 765 2348 “"°"
838 2328 1393 2387 AniciusJulianus.

415 2422 468 2473 et
496 2431 553 2474 xx
701 2420 913 2476 Gruter
970 2434 1020 2488 p.
1079 2415 1206 2488 464,
1255 2417 1304 2491 4,
1364 2425 1420 2476 et
1471 2420 1510 2476 l.
1560 2419 1610 2491 4,
1655 2422 1716 2478 C.

628 2508 818 2564 Theod
851 2508 922 2563 de
959 2508 1175 2565 constit
1218 2510 1449 2582 princip
1475 2510 1719 2582 aliaeque

631 2598 784 2668 apud
820 2596 1054 2652 Reland.

702 2684 850 2742 Praaf
898 2686 1036 2741 Urbi
1106 2687 1360 2745 Valerius
1418 2691 1714 2763 Maximus,

630 2777 830 2832 Latere
870 2777 1110 2834 Bucher.

413 2861 560 2920 5036
705 2868 826 2936 Imp
849 2867 1264 2924 Constantinus
1287 2868 1415 2941 Aug
1438 2874 1511 2925 tr.
1548 2885 1600 2940 ι).
1631 2866 1717 2942 47,
1795 2869 1932 2929 4075

735 2880 826 2936 mp
849 2867 1264 2924 Constantinus
1287 2868 1415 2941 Aug
1438 2874 1511 2925 tr.
1548 2885 1600 2940 ι).
1631 2866 1717 2942 47,
1795 2869 1932 2929 4075
2246 2869 2284 2911 ¹¹

385 2951 460 3025 θ
506 2951 578 3008 24
634 2959 691 3010 et
737 2952 821 3026 48,
874 2970 970 3012 cos
1018 2971 1094 3027 vx,
1149 2958 1266 3030 imp
1300 2973 1418 3016 xvxx
1469 2967 1524 3016 et
1553 2974 1718 3034 xvxxx,
1797 2961 1935 3021 4076
2225 2959 2287 3001 ιη

385 3039 519 3117 ῷ4
624 3058 726 3100 xxx

457 3139 503 3192 F
731 3137 850 3206 Imp
882 3136 1147 3193 Licinius
1185 3138 1310 3211 Aug
1345 3145 1417 3196 tr.
1455 3155 1507 3211 p.
1560 3138 1625 3197 46
1667 3147 1722 3197 et

406 3227 592 3284 Indict
633 3220 718 3295 47,
744 3237 846 3280 cos
880 3239 936 3295 v,
969 3226 1106 3296 imp.
1135 3243 1216 3281 xxx.

848 3361 861 3375 .
902 3361 915 3374 .
955 3322 1214 3377 Severus.

846 3433 859 3447 .
899 3425 913 3446 .
952 3393 1216 3450 Ruﬁnus.

697 3485 910 3540 Gruter
971 3499 1024 3553 p.
1056 3481 1182 3552 209,
1214 3481 1267 3554 2,
1310 3489 1367 3540 et
1418 3483 1534 3554 1.9,
1561 3484 1622 3540 C.
1653 3484 1723 3540 de

639 3587 699 3630 re
732 3573 886 3628 milit
923 3573 1168 3644 aliasque
1197 3575 1348 3644 apud
1381 3574 1615 3630 Reland.

697 3662 859 3720 Praef.
888 3663 1025 3720 Urbi
1055 3664 1229 3720 Lucer
1286 3666 1556 3721 Verianus
1594 3663 1720 3721 Idib

626 3753 776 3824 Sept.

1803 1988 1942 2050 4075
2248 2017 2287 2060 ιι

705 4057 824 4125 Imp
853 4055 1270 4114 Constantinus
1300 4056 1426 4128 Aug
1451 4059 1524 4112 tr.
1555 4071 1608 4126 p.
1649 4053 1718 4110 48
1793 4051 1931 4112 4076
2225 4037 2286 4080 ¹¹¹

719 4141 804 4200 49.
830 4157 926 4200 cos
978 4158 1035 4198 vx
1069 4145 1187 4200 imb
1217 4159 1339 4200 xxx.
1363 4159 1462 4200 xx.
1486 4157 1604 4198 xxx.
1792 4140 1929 4200 4077
2225 4128 2280 4171 ιν

413 4053 555 4114 5037
705 4057 824 4125 Imp
853 4055 1270 4114 Constantinus
1300 4056 1426 4128 Aug
1451 4059 1524 4112 tr.
1555 4071 1604 4126 p.

391 4145 466 4218 θ
500 4143 572 4202 25
635 4150 692 4202 et
719 4141 804 4213 49,
830 4157 926 4200 cos
978 4158 1035 4198 vx
1069 4145 1187 4215 imp
1217 4159 1339 4214 xxx,
1363 4159 1462 4213 xx,
1486 4157 1604 4198 xxx.

379 4239 452 4310 (ᾗ
518 4232 554 4289 2
697 4235 818 4303 Imp
867 4234 1130 4289 Licinius
1173 4235 1300 4305 Aug
1353 4239 1426 4288 tr.
1471 4247 1523 4303 p.
1564 4227 1631 4287 47
1659 4235 1716 4286 et

433 4325 478 4379 E
506 4327 548 4378 ι)
642 4321 724 4392 18,
757 4337 854 4379 cos
896 4335 948 4392 ιν,
977 4325 1095 4392 imp
1126 4335 1212 4378 xxx.

374 4412 561 4502 Ῑηέῖοί
619 4447 758 4502 Coss
831 4411 1422 4502 Εἷῖδξῖῗῗξῖἒδῗηῖέξξ

434 4496 516 4536 xxx
620 4481 758 4502 W”
831 4481 1416 4536 ConstantiusCaasar
1441 4494 1526 4535 xxx.

486 4574 536 4624 et
706 4571 918 4624 Gruter
946 4565 1070 4639 362,
1100 4582 1157 4622 n.
1215 4565 1265 4637 4,
1319 4574 1375 4623 et
1418 4570 1716 4626 Tomassin
2031 4553 2084 4615 D

453 4673 558 4714 xxxx
632 4660 702 4716 de
728 4664 842 4714 tess
867 4657 1010 4726 hos’p
1035 4670 1139 4727 cap
1162 4654 1214 4712 3.

665 4752 727 4806 L.
791 4745 874 4816 46,
923 4747 983 4802 C.
1033 4748 1104 4804 de
1158 4745 1444 4803 Decurion
1489 4751 1547 4804 et
1591 4747 1720 4804 aliae

629 4839 780 4912 apud
809 4837 1048 4895 Reland.

699 4930 848 4986 Praef
911 4928 1050 4985 Urbi
1093 4929 1357 4985 Lacerius
1451 4930 1702 4986 Verinus.

699 5022 897 5078 Latere
939 5020 1175 5076 Bucher.

697 5111 888 5167 Calvis
935 5124 1002 5167 ex
1031 5111 1227 5168 Sozom
1259 5109 1524 5182 eclipsim
1574 5111 1717 5170 solis

627 5200 819 5258 refert.

416 5286 558 5345 5038

404 5377 477 5448 θ
499 5375 570 5431 26
715 5381 831 5451 Imp
847 5382 1264 5440 Constantinus
1303 5384 1430 5455 Aug
1458 5387 1531 5438 tr.
1562 5398 1615 5453 p.
1650 5381 1716 5439 49
1791 5379 1930 5438 4077

398 5468 469 5540 (ᾖ
561 5460 595 5516 3
631 5469 685 5518 et
711 5464 799 5532 20,
832 5482 961 5525 coss
999 5483 1078 5538 vx,
1105 5471 1223 5542 imp
1265 5486 1389 5528 xxx.
1791 5468 1930 5526 4078

756 5467 799 5532 0,
832 5482 961 5525 coss
999 5483 1078 5538 vx,
1105 5471 1223 5542 imp
1265 5486 1389 5528 xxx.
1791 5468 1930 5526 4078
2199 5457 2305 5517 275

846 5598 858 5611 .
905 5599 918 5611 .
952 5558 1246 5616 Paulinus.
2219 5564 2274 5605 ῐν

851 5667 865 5681 .
907 5668 919 5681 .
957 5629 1246 5686 Julianus.
1369 5665 1372 5668 ι
2235 5641 2286 5692 et

331 5704 708 5768 xxxxetxva.
761 5709 808 5766 4.
857 5727 907 5768 c.
958 5715 1148 5770 Theod
1218 5717 1290 5771 de
1370 5717 1590 5786 usuris,
1662 5721 1718 5773 et
2191 5721 2300 5782 276

2148 5373 2356 5442 Olymp.

2482 2005 2700 2062 Bellum
2747 2007 2972 2064 Licinio
3027 2024 3061 2066 a
3109 2013 3486 2071 Constantino

2405 2096 2476 2150 Μ.
2497 2097 2800 2154 indictum.
2816 2098 3139 2169 Apparatus
3151 2100 3343 2158 bellici
3361 2103 3496 2160 hinc

2407 2185 2560 2241 inde.
2609 2186 2873 2245 Licinius
2912 2190 3320 2262 Hadrianopoli
3351 2193 3499 2250 sub-

2402 2275 2584 2332 sistit.
2615 2277 2856 2350 Crispus
2906 2293 2937 2335 a
2972 2286 3132 2351 patre
3159 2281 3497 2340 Constanti—

2404 2379 2476 2423 no
2517 2368 2716 2425 socius
2745 2369 3059 2428 adhibetur
3083 2374 3492 2444 expeditionis.

2468 2457 2802 2514 Hormisdas
2867 2472 2897 2514 e
2957 2463 3112 2532 regio
3196 2463 3497 2521 Persarum

2395 2547 2678 2619 sanguine
2705 2547 2775 2602 ad
2805 2546 3248 2606 Constantinum
3279 2553 3495 2609 confu—

2395 2636 2530 2708 gite
2559 2649 2783 2693 carcere
2805 2636 3083 2695 liberatus
3109 2641 3256 2697 miro
3288 2644 3495 2700 uxoris

2399 2725 2647 2782 invento.
2697 2727 2963 2798 Zonaras,
3021 2728 3104 2784 lib
3158 2744 3221 2802 xx,
3253 2745 3357 2803 cap
3395 2729 3489 2790 27.

2465 2855 2737 2926 Sylvestri
2766 2869 2878 2912 ann
2907 2854 2941 2911 9
2967 2862 3023 2913 et
3056 2855 3138 2913 40.

2469 2945 2706 3002 Licinus
2737 2960 2866 3002 cum
2916 2948 3297 3005 Constantino
3345 2965 3473 3006 con-

2399 3035 2569 3109 ﬂigit,
2619 3042 2676 3091 et
2727 3037 2919 3094 victus
2973 3044 3147 3108 terra,
3223 3041 3484 3111 marique

2395 3127 2632 3198 fugatur
2689 3128 2875 3196 primo
2939 3128 3296 3200 Byzantium,
3353 3145 3484 3186 mox

2397 3217 2808 3272 Cbalcedonem
2839 3217 2958 3287 (ubi
2994 3220 3339 3277 Martianum
3365 3223 3493 3277 Ca:—

2401 3319 2584 3362 sarem
2631 3308 2804 3376 creat)
2835 3309 3060 3364 tandem
3095 3310 3484 3367 Nicomediam

2403 3409 2463 3451 se
2495 3398 2728 3466 recepit.
2764 3398 3023 3454 Zosimus
3056 3398 3137 3454 lib
3163 3413 3222 3469 xx,
3257 3415 3361 3471 cap
3390 3399 3481 3457 26.

2471 3486 2889 3544 Constantinus
2959 3492 3314 3545 sanctionem
3367 3489 3488 3545 edit

2399 3581 2598 3631 contra
2622 3577 2981 3634 diversarum
3010 3578 3356 3649 religionum
3381 3579 3492 3635 ho-

2401 3665 2604 3736 mines,
2650 3667 2750 3737 qui
2802 3668 3044 3724 clericos
3072 3668 3141 3723 ad
3177 3668 3491 3725 lustrorum

2400 3758 2688 3814 sacriﬁcia
2786 3758 3121 3815 celebranda
3179 3759 3488 3829 compelle-

2400 3853 2544 3903 rent.
2594 3848 2631 3902 l.
2681 3862 2731 3903 v.
2792 3848 2905 3904 Cod
2955 3849 3026 3904 de
3084 3847 3212 3903 Eccl
3271 3853 3329 3903 et
3386 3847 3488 3904 ler.

2403 3937 2690 3994 Petavius.

2472 4025 2742 4097 Sylvestri
2767 4036 2879 4078 ann
2912 4017 2980 4074 40
3008 4024 3064 4074 et
3097 4017 3178 4074 44.

2464 4113 2726 4170 Licinius
2746 4125 2777 4165 a
2803 4109 3180 4166 Constantino
3210 4110 3475 4168 Nicome-

2392 4206 2502 4263 diae
2543 4202 2813 4257 obsessus
2843 4212 2902 4254 se
2932 4204 3248 4272 urbemque
3278 4201 3488 4261 victori

2391 4295 2570 4363 dedit,
2591 4300 2648 4349 et
2674 4305 2987 4363 purpuram
3008 4293 3170 4348 exuit
3194 4306 3345 4349 anno
3373 4294 3495 4350 im-

2394 4385 2540 4458 perii
2607 4381 2723 4438 sibi
2777 4395 2809 4437 a
2874 4381 3106 4438 Galerio
3157 4383 3335 4438 delati
3393 4383 3481 4440 48.

2399 4473 2641 4532 Asiatici
2669 4486 2800 4528 vero
2830 4485 2915 4527 xx.
2947 4471 3120 4526 Noris
3168 4473 3294 4528 diss
3331 4474 3402 4529 de
3424 4472 3478 4544 2,

2400 4576 2596 4621 numm
2625 4562 2766 4632 Lic.,
2817 4575 2923 4633 pag
2963 4559 3086 4619 404.
3145 4563 3319 4619 Paulo
3361 4568 3490 4634 post

2398 4652 2688 4710 occiditur
2738 4651 3021 4722 Licinius,
3080 4657 3136 4707 et
3173 4656 3305 4708 ante
3332 4651 3486 4709 hunc

2397 4742 2799 4800 Martinianus.
2828 4742 3089 4798 Zosimus
3111 4741 3195 4798 lib
3221 4757 3284 4813 xx,
3318 4757 3367 4798 c.
3391 4740 3482 4798 28.

2469 4831 2714 4887 Paulino
2783 4832 3142 4888 Antiocheno
3215 4833 3485 4902 episcopo

2397 4926 2622 4979 mortuo
2651 4920 2848 4992 agitur
2873 4921 2945 4976 de
2973 4921 3338 4992 subrogando
3363 4921 3487 4976 Eu-

2405 5012 2564 5070 sebio
2611 5011 2974 5067 Caesariensi.
3006 5011 3110 5066 Sed
3142 5010 3486 5068 Eustathius

2397 5103 2738 5170 catholicus,
2793 5107 2850 5156 et
2920 5099 3191 5156 laudatus
3244 5102 3487 5156 antistes

2399 5192 2659 5264 eligitur.
2692 5193 2858 5246 Petav
2887 5204 2958 5246 ex
2991 5189 3174 5246 Euseb
3205 5195 3262 5247 et
3294 5190 3486 5247 Theo—

2395 5281 2594 5338 doreto
2630 5281 2668 5336 l.
2697 5295 2737 5337 x.
2759 5295 2863 5350 cap
2891 5275 2948 5335 7.

2470 5369 2742 5439 Sylvestri
2765 5382 2876 5425 ann
2911 5366 2971 5424 44
3007 5373 3063 5425 et
3095 5365 3182 5423 42.

2461 5459 2721 5530 Synodus
2776 5461 3004 5514 Nicazna
3035 5473 3068 5515 a
3115 5456 3242 5514 348.
3289 5459 3486 5516 Patri-

2387 5549 2496 5606 bus
2517 5547 2802 5605 celebrata
2839 5549 3001 5605 Fidei
3035 5549 3353 5621 symbolum
3381 5563 3484 5606 as-

2394 5637 2555 5700 serit,
2605 5635 2675 5692 de
2699 5637 2995 5694 Pascbatis
3029 5637 3171 5694 festo
3199 5637 3478 5708 decernit,

2389 5730 2445 5782 et
2468 5729 2665 5782 contra
2688 5726 2888 5784 Arium
2915 5727 3188 5797 judicans
3218 5728 3342 5798 ejus
3374 5726 3483 5783 ha:-

3605 2862 3715 2921 323

3560 4025 3670 4087 324

3559 5369 3668 5430 325
