3922 6402
345 333 445 396 644
1129 351 1224 408 ΑΙ)
1261 351 1696 412 ANASTASIUM
1747 355 2264 414 PROLEGOMENA
2307 357 2484 416 EDIT.
2537 357 2971 416 κοῖαι-ητις.
3677 356 3772 415 642

385 469 532 544 Anni
597 472 974 540 Imperatores.
1057 475 1329 544 Consules,

424 543 534 620 Per.
609 559 754 614 rum,
825 559 911 599 res
960 553 1142 620 gestae,
1202 555 1252 606 et
1327 550 1668 608 documenta.
1727 555 1796 610 U.
1848 553 1904 609 Ο.

417 613 529 667 Jul.

381 687 434 737 et
461 685 581 740 Ind.

698 865 811 924 Hoc
861 865 980 924 fere
1040 873 1294 942 tempore
1375 875 1432 930 S.
1481 873 1713 948 Helena,

631 961 811 1012 mater
868 957 1230 1018 Constantini
1301 966 1710 1036 octuagenaria

631 1044 781 1100 inter
803 1045 911 1101 tilii
958 1061 1024 1104 ac
1055 1059 1326 1122 nepotum
1375 1055 1712 1125 complexus

625 1133 720 1204 pie
745 1133 893 1192 obiit
930 1133 997 1192 48
1023 1136 1154 1212 Aug
1195 1142 1421 1212 sepulta
1462 1145 1553 1200 via
1601 1146 1716 1202 La—

625 1222 822 1280 vicana
849 1212 913 1280 in
989 1233 1193 1285 cmmet
1255 1231 1347 1287 SS.
1422 1233 1574 1288 Petri
1660 1237 1716 1290 et

637 1312 978 1369 Marcellini.
1003 1317 1144 1372 Vide
1171 1319 1356 1375 Euseb
1390 1319 1474 1377 lib
1503 1335 1564 1377 III
1604 1322 1712 1378 Vi-

631 1405 700 1456 tae
728 1403 900 1458 Const
928 1417 1032 1474 cap
1056 1401 1124 1460 46
1149 1412 1205 1462 et
1235 1404 1321 1462 47.

692 1492 813 1561 Imp
833 1495 1250 1550 Constantinus
1281 1499 1408 1567 Aug
1431 1503 1501 1554 tr.
1566 1515 1620 1565 p.
1643 1498 1716 1556 22

423 1582 495 1653 (ᾖ
531 1577 554 1634 4
621 1587 675 1637 et
703 1579 791 1646 23,
818 1582 924 1636 Cos
956 1596 1056 1653 vn,
1084 1584 1201 1654 imp
1233 1600 1332 1642 xxx
1355 1592 1411 1642 et
1459 1602 1603 1645 χχιι.

409 1667 483 1739 θ
517 1667 551 1724 6
693 1671 870 1727 Vetus
912 1672 1223 1742 inscriptio
1272 1677 1482 1733 Parma:
1511 1679 1703 1736 etalia

427 1755 536 1812 GP
618 1760 837 1816 Patavii
871 1761 1062 1818 relata:
1087 1777 1119 1819 a
1145 1765 1418 1822 Panvinio
1470 1769 1527 1823 in
1572 1771 1703 1825 Fast

384 1848 565 1903 Indict
620 1849 890 1922 Grutero,
942 1866 1050 1921 pag
1097 1852 1242 1924 459,
1304 1857 1492 1914 Noris.
1561 1859 1632 1916 de
1678 1857 1716 1916 2

396 1943 554 1994 tetu
613 1953 830 1996 numm.
870 1955 992 2012 pag.
1017 1939 1107 1998 72.

731 2031 792 2084 D.
825 2031 890 2082 N.
927 2033 1066 2085 IMP.
1093 2032 1282 2089 CAES.

667 2119 1165 2178 CONSTANTINO.
1201 2124 1256 2177 P.
1292 2124 1350 2180 F.

660 2209 953 2264 VICTORI.
983 2210 1145 2266 AVG.
1170 2212 1350 2268 PONT
1363 2253 1376 2269 .

763 2297 1048 2355 MAXIMO
1072 2301 1348 2356 TRIBVN.

667 2387 1032 2444 POTESTAT.
1062 2391 1269 2447 XXIII.
1299 2394 1442 2449 IMP.

740 2479 916 2534 XXII.
951 2478 1093 2534 COS.
1119 2481 1234 2536 VII.
1268 2482 1308 2536 P
1335 2483 1392 2538 P.

883 2567 1018 2624 PRO
1045 2570 1214 2641 COS.,
1249 2576 1360 2628 etc.

422 1487 554 1546 5044

853 2701 868 2715 .
889 2701 902 2715 .
925 2700 938 2714 .
959 2700 972 2714 .
1008 2660 1339 2718 Ianuarius.

851 2772 867 2788 .
888 2771 902 2787 .
923 2773 938 2788 .
959 2772 974 2788 .
1018 2733 1236 2790 Justus.

696 2820 902 2878 Reines
923 2821 1074 2880 class
1096 2837 1194 2892 xx,
1245 2836 1398 2880 cccvr
1454 2829 1511 2882 et

614 2911 658 2968 l.
693 2911 801 2967 ide
821 2912 1036 2984 agricol
1060 2919 1116 2969 et
1165 2915 1348 2970 censit
1397 2916 1550 2987 apud
1601 2917 1720 2974 Re-

633 2999 768 3057 land
795 3015 925 3058 cum
968 3001 1108 3059 aliis
1141 3002 1244 3060 ibi.

661 2695 801 2752 Coss

406 3233 550 3294 5042
699 3234 817 3304 Imp
844 3234 1258 3299 Constantinus
1279 3235 1401 3309 Aug
1423 3243 1495 3296 tr.
1533 3254 1589 3310 p.
1630 3237 1703 3296 23

417 3325 554 3400 ᾢ2
628 3329 686 3383 et
717 3321 807 3393 24,
862 3321 968 3380 Cos
1013 3337 1134 3392 vm,
1184 3325 1302 3396 imp
1357 3340 1503 3384 xm.

408 3421 484 3494 θ
507 3418 543 3477 ⁷
663 3453 803 3510 Coss
842 3414 1265 3510 ΞΨΡΕἮΞῈΨῘ
1285 3415 1479 3510 ἑὲἕῗ
1487 3429 1573 3510 IL“

841 3488 1255 3544 Constantinus
1284 3487 1468 3542 Caesar
1495 3499 1572 3542 IV.

456 3584 506 3637 E
695 3581 754 3636 L.
812 3577 898 3648 45,
943 3579 1003 3634 C.
1062 3576 1251 3632 Theod
1323 3574 1394 3631 de
1465 3576 1717 3648 appellat

381 3671 566 3730 Indict
621 3671 865 3741 aliaeque
894 3682 982 3741 ap.
1015 3666 1354 3724 Reiandum.

458 3774 499 3817 ιι
691 3759 841 3816 Ι)ιωῖ
858 3757 988 3815 urbi
1045 3758 1326 3814 Publicius
1383 3755 1715 3827 Optatianus

410 3854 544 3908 etm
619 3864 724 3920 vn,
759 3850 834 3904 Id.
863 3848 998 3919 Sept
1020 3853 1076 3904 et
1101 3861 1169 3903 ex
1194 3861 1299 3905 VIII
1347 3846 1429 3902 Id.
1483 3847 1719 3906 Octobr.

669 3939 950 3992 Petronius
1001 3935 1325 3993 Crobianus.

704 4027 920 4084 Latere.
979 4026 1214 4084 Bucher.

419 4346 562 4406 5043
704 4351 826 4418 Imp
848 4347 1264 4404 Constantinus
1292 4346 1420 4416 Aug
1445 4349 1522 4402 tr.
1545 4359 1600 4416 p.
1636 4340 1708 4401 24

431 4440 504 4512 ᾧ
529 4439 565 4497 3
635 4443 695 4494 et
713 4433 806 4504 25,
833 4435 944 4490 Cos
971 4449 1097 4493 vtu.
1129 4437 1248 4504 Imp
1273 4447 1420 4492 xxu.

435 4530 510 4604 θ
532 4527 571 4585 8
679 4561 817 4616 COSS
863 4560 884 4578 .
902 4561 915 4576 .
939 4561 954 4576 .
973 4563 989 4577 .
1043 4522 1402 4578 Gallicanus.

867 4633 881 4648 .
902 4631 917 4647 .
938 4632 953 4648 .
974 4633 988 4648 .
1045 4593 1440 4664 Symmachus.

471 4693 520 4746 D
707 4682 952 4742 Boldett.
981 4685 1183 4737 coemet
1230 4692 1338 4750 pag
1377 4676 1470 4750 79,
1496 4683 1554 4737 et
1596 4677 1722 4752 385,

409 4781 590 4838 Indict
647 4791 714 4834 ex
733 4779 824 4832 vet
852 4772 1100 4842 inscript
1149 4777 1205 4828 et
1259 4772 1408 4840 Spon
1451 4785 1559 4843 pag
1598 4769 1720 4842 423,

464 4883 526 4926 ιιι
638 4868 888 4929 Reines.,
921 4877 1027 4934 pag
1048 4859 1174 4929 399,
1230 4874 1400 4933 quam
1459 4861 1720 4933 inscript.

429 4963 478 5013 et
507 4971 562 5013 1v
637 4955 1068 5025 videintegram
1089 4951 1238 5022 apud
1273 4952 1463 5007 Meurs
1487 4950 1544 5007 in
1600 4953 1726 5008 Ma-

641 5045 776 5104 crob
795 5042 1062 5102 Saturnal
1097 5041 1177 5099 lib
1210 5055 1266 5112 v,
1317 5055 1423 5114 cap
1459 5041 1506 5098 4.
1547 5048 1602 5099 et
1634 5043 1725 5099 le-

641 5149 706 5205 ge
730 5135 765 5190 3
791 5141 847 5190 et
871 5131 922 5203 4,
951 5135 1010 5189 C.
1061 5134 1136 5191 (in
1192 5134 1407 5206 regund
1471 5133 1725 5206 aliisque

647 5223 798 5295 apud
820 5222 1057 5280 Reland.

1771 631 1896 680 ante
1943 628 1994 678 et

1709 703 1828 768 post
1852 697 1994 752 Palil

1792 1499 1815 1556 4
1825 1499 1930 1558 080

1784 1588 1916 1648 4084

1791 3239 1922 3297 4084

1790 3327 1930 3386 4082

1794 4339 1818 4398 4
1827 4341 1934 4401 082

1793 4429 1816 4487 4
1826 4430 1932 4489 083

2220 1519 2283 1558 III

2219 1604 2272 1646 IV

1436 482 1713 536 Romano—
1778 483 1931 538 Anni
2017 477 2071 535 A
2165 479 2320 536 Anni
2361 482 2811 552 Christianorum,
2854 483 3170 537 Judmorum
3207 485 3259 536 et
3303 482 3425 551 ﬁni-
3511 480 3682 536 Anni

1436 559 1668 606 umenta.
1727 555 1796 606 U.
1848 553 1904 606 C.
2123 551 2314 606 Olumn
2459 559 2712 606 timorum
2753 557 3100 606 nonulorum.
3129 555 3429 606 Pontiﬁces.
3514 556 3671 606 Era?

2187 569 2314 624 31m?

2459 559 2712 608 timorum
2751 557 3100 624 populorum,
3129 555 3429 623 Pontiﬁces,
3514 556 3671 608 Era:

2454 627 2642 696 Reges,
2681 642 2766 681 res
2798 633 2960 696 gesta
2999 633 3050 682 et
3085 627 3425 681 documenta.
3490 625 3712 680 Christi

2389 859 2608 917 Christi
2685 860 2852 918 tidem
2939 859 3287 932 suscipiunt.
3371 857 3485 915 Ibi.

2465 1503 2734 1574 Sylvestri
2771 1499 2838 1558 44
2862 1505 2918 1559 et
2967 1501 3048 1560 45.
3579 1504 3702 1562 328

2450 1593 2800 1649 Athanasius
2827 1592 3122 1649 dicevesim
3155 1605 3316 1649 suam
3375 1593 3481 1650 lu—

2392 1687 2582 1738 strans
2607 1682 2888 1750 Ischyram
2918 1680 2974 1733 in
3001 1681 3310 1736 Mareotide
3364 1696 3470 1750 pro

2389 1773 2654 1841 episcopo
2679 1783 2736 1824 se
2776 1773 3056 1839 gerentem
3103 1768 3306 1835 dejicit
3357 1772 3464 1839 qui

2387 1860 2455 1916 ad
2513 1857 2841 1913 Meletianos
2911 1853 3192 1926 confugit.
3262 1855 3455 1913 Athan

2388 1949 2549 2020 Apol.
2595 1949 2660 2004 In
2707 1961 2772 2004 ea
2825 1945 3285 2018 peregrinatione
3350 1945 3451 2001 SS.

2389 2040 2724 2109 Antonium,
2749 2042 2804 2094 et
2822 2035 3188 2092 Pachomium
3236 2035 3464 2092 invisit.

2391 2130 2657 2188 Petavius
2677 2142 2747 2185 ex
2771 2129 2827 2185 S.
2868 2127 3000 2184 Ath.

2459 2221 2622 2276 Circa
2650 2219 2756 2276 hoc
2787 2225 3013 2289 tempus
3059 2217 3476 2275 Constantinus

2391 2309 2646 2378 Byzantii
2665 2310 2843 2365 situm
2857 2307 3468 2378 opportunitatemque

2390 2397 2809 2468 contemplatus
2837 2397 3162 2452 instaurare
3177 2409 3243 2450 ac
3268 2396 3477 2452 muni—

2392 2503 2452 2544 re
2476 2487 2831 2558 aggreditur,
2873 2485 3070 2555 ibique
3109 2484 3302 2541 sedem
3355 2486 3476 2541 im-

2391 2577 2538 2649 perii
2569 2576 2942 2633 constituere.
2976 2576 3143 2634 Petav
3181 2579 3239 2632 et
3281 2574 3471 2631 Zosim

2395 2667 2479 2725 lib
2507 2680 2570 2724 II.

2461 2755 2876 2812 Constantinus
2925 2753 3196 2824 Teit‘alos,
3247 2758 3304 2810 et
3355 2754 3482 2811 Go—

2396 2847 2528 2904 thos
2575 2846 2774 2917 vincit,
2807 2851 2864 2901 et
2925 2845 3196 2901 Danubio
3249 2852 3478 2914 pontem

2393 2936 2684 3006 lapideum
2751 2935 3016 3004 imponit.
3074 2933 3478 2990 Mediobardus

2393 3039 2459 3082 ex
2489 3027 2668 3082 chron
2694 3023 3082 3080 Alexandrino
3121 3027 3176 3078 et
3220 3024 3477 3081 nummis

2396 3115 2716 3185 inscriptis,
2745 3115 2974 3168 victoria
3005 3112 3250 3168 Gothica.

2157 3225 2350 3296 Olymp
2468 3223 2739 3294 Sylvestri
2775 3219 2842 3278 45
2897 3225 2954 3277 et
2996 3218 3082 3276 46.
3586 3219 3699 3280 329

2205 3311 2313 3371 276

2223 3418 2280 3461 ιν

2467 3312 2880 3368 Constantinus
2928 3313 3229 3384 praecipuae
3277 3313 3486 3370 nobili-

2398 3404 2536 3460 tatis
2564 3403 2722 3458 viros
2747 3415 2816 3458 ex
2852 3403 2999 3458 Urbe
3017 3405 3193 3460 Roma
3232 3404 3486 3474 aliisque

2159 3501 2209 3552 et
2236 3492 2342 3552 277
2391 3493 2730 3552 civitatibus
2751 3495 2820 3550 ad
2854 3492 3329 3564 frequentandam
3364 3493 3481 3548 Ur—

2245 3601 2264 3640 Ι

2225 4427 2268 4468 II

2389 3584 2515 3640 bem
2538 3598 2700 3640 suam
2728 3589 2910 3640 vocat.
2948 3583 3214 3653 Castella,
3275 3581 3487 3653 praesi-

2397 3675 2515 3745 dia,
2548 3674 2878 3745 militesque
2905 3672 3307 3728 limitaneosin
3331 3672 3482 3742 ripis

2397 3764 2648 3821 Danubii
2675 3764 3024 3820 constitutos
3053 3759 3271 3836 [exitio
3303 3761 3482 3832 impe-

2399 3855 2475 3910 rii
2508 3855 2746 3911 Romani
2775 3854 3098 3924 pr0pediem
3117 3853 3170 3907 id
3187 3847 3472 3926 futurum]

2400 3945 2660 4000 removit.
2689 3943 2963 4014 Lydiatus
2999 3955 3068 3997 ex
3107 3940 3316 3995 Zosimi
3378 3939 3486 3996 hi-

2401 4035 2581 4092 storia
2603 4033 2686 4090 lib
2714 4047 2777 4104 ιι,
2804 4048 2910 4104 cap
2945 4031 3036 4103 34,
3081 4028 3168 4101 35,
3226 4029 3481 4087 Eusebio

2397 4123 2670 4195 aliisque,
2709 4122 2925 4194 quibus
2971 4121 3116 4178 adde
3155 4120 3236 4176 Jo.
3280 4117 3474 4174 Mala-

2398 4212 2539 4270 lam.
2611 4240 2620 4248 ~

2461 4319 2733 4390 Sylvestri
2760 4316 2826 4374 46
2875 4322 2931 4373 et
2983 4314 3066 4372 47.
3588 4315 3700 4376 330

2457 4409 2560 4464 His
2583 4421 2710 4463 coss
2739 4407 3276 4476 ConstantinOpolis
3302 4407 3480 4464 dedi-

2403 4503 2526 4554 cata
2557 4500 2644 4551 est
2673 4510 2704 4550 v
2732 4494 2868 4550 Idus
2911 4494 3092 4551 Maias
3142 4495 3488 4560 Idatiuszet

2396 4587 2480 4642 Jo.
2510 4583 2714 4640 Malala
2744 4597 2798 4654 p.
2819 4595 2888 4638 ιι.
2915 4595 3022 4654 pag
3047 4581 3102 4654 ὃ,
3152 4585 3255 4655 qui
3294 4598 3485 4640 annus

2397 4674 2618 4732 dicitur
2667 4687 2700 4729 a
2751 4671 2956 4728 Malala
3024 4673 3170 4730 Era:
3233 4673 3483 4730 Antioch

2398 4776 2732 4828 cccnxxvm,
2784 4767 2840 4819 et
2892 4762 2964 4820 ab
3005 4771 3240 4820 auctore
3303 4763 3487 4820 chron

2395 4853 2573 4910 Pasch
2605 4866 2736 4922 CCCI,
2783 4858 2911 4924 post
2972 4852 3190 4909 Christi
3244 4852 3479 4908 Domini

2407 4945 2810 5002 Ascensionem
2847 4945 2906 4999 in
2947 4945 3151 5002 coelum
3207 4943 3366 4998 Feria
3414 4957 3480 5013 ιι,

2407 5036 2592 5093 indict
2625 5049 2710 5102 ιιι,
2735 5049 2767 5091 a
2807 5035 2982 5090 Roma
3038 5033 3272 5091 condita
3325 5030 3486 5089 4080.

2461 5127 2669 5182 Iisdem
2699 5139 2828 5182 coss
2875 5125 2960 5180 ait
3013 5124 3286 5195 Lydiatus
3321 5118 3478 5196 [non

2403 5215 2799 5286 sequentibus,
2825 5219 2886 5270 ut
2905 5211 3244 5283 Onuphrius
3261 5218 3316 5268 et
3335 5211 3484 5269 Gol-

2395 5304 2524 5361 zius
2552 5305 2776 5376 aliique
2795 5299 3155 5378 statuerunt]
3189 5304 3480 5359 Constan—

2400 5397 2562 5453 tinus
2583 5395 2854 5451 instituta
2884 5408 3028 5451 nova
3049 5391 3230 5451 forma
3280 5393 3476 5464 impe-

2405 5485 2482 5541 rii
2539 5485 2988 5557 provinciarum,
3061 5490 3118 5540 et
3176 5483 3495 5556 magistra-

2410 5579 2600 5648 tuum,
2625 5579 2681 5631 et
2708 5576 3067 5632 exercituum
3113 5587 3213 5644 pro
3250 5571 3482 5630 duobus

2408 5662 2552 5736 praef
2589 5665 2862 5722 Praetorio
2923 5670 3171 5737 quatuor
3215 5662 3482 5720 instituit
