3922 6430
343 348 460 409 645

411 471 570 530 Anni
644 475 1027 547 Imperatores,
1068 469 1325 547 Consules
1351 472 1717 526 Romanorum
1781 465 1938 547 Ann}
2041 467 2094 528 Α
2164 465 2335 547 Αηηί
2403 466 2852 547 Christianorum,
2902 466 3214 547 Judzorwn
3257 471 3330 547 et
3346 468 3492 547 ﬁni—
3557 467 3716 547 Alani

2476 542 2727 593 timorum
2767 540 3115 609 papulorum,
3173 540 3474 608 Pontiﬁces.
3567 543 3710 596 ιΕνκ

424 550 546 603 Per.
822 561 908 601 res
927 550 1088 614 gesta
1117 550 1166 598 et
1192 550 1534 606 documenta,
1787 550 1848 592 U.
1895 550 1952 590 υ.
2155 550 2367 609 Ulymp.
2476 550 2727 593 timorum
2767 550 3115 609 paputorum,
3173 550 3474 608 Pontifices.
3567 550 3710 596 mirae

424 620 528 674 Iul.
1755 614 1882 664 ante
1907 613 1957 662 et
2475 612 2658 679 Reges,
2702 626 2788 666 res
2833 615 2995 680 gesta
3039 615 3090 666 et
3133 609 3473 666 documenta.
3507 611 3728 669 Christi.

417 620 528 674 Jul.

371 695 420 748 et
444 690 550 746 Ind

483 3454 550 3513 49

407 3455 550 3515 5049
694 3459 816 3527 Imp
857 3455 1273 3512 Constantinus
1337 3455 1465 3523 Aug
1523 3455 1543 3505 t

497 3554 533 3610 9
613 3553 683 3612 30
707 3560 765 3612 et
790 3553 880 3625 34,
909 3569 1038 3612 coss
1059 3567 1182 3624 vm,
1223 3553 1341 3622 imp
1376 3561 1543 3606 χλιιι.

391 3637 468 3763 9)
495 3633 561 3764 1."
621 3675 759 3731 οοεε
841 3637 1351 3764 ῖῑῖῗτὲιὲῗιῗὲἓξῗ·

382 3799 562 3855 Indici

453 3903 513 3946 1x
627 3889 758 3946 alia:
787 3890 939 3960 apud
968 3888 1209 3944 Reland.

419 3983 522 4034 εει

401 5249 545 5308 5050

507 5345 574 5402 40
683 5351 802 5419 Imp
843 5347 1257 5404 Constantinus
1291 5345 1590 5414 Augustus
1617 5345 1690 5398 tr.
1767 5337 1906 5419 4089

388 5423 560 5497 ο45
622 5443 673 5498 p.
708 5418 798 5497 34,
857 5443 986 5484 coss
1033 5443 1156 5495 vm,
1211 5429 1331 5496 imp
1385 5437 1554 5492 xxm,
1605 5423 1702 5478 die
1770 5418 1908 5477 4090

1146 348 1239 403 AD
1284 345 1722 404 ANASTASIUM
1785 341 2300 401 PROLEGOMENA
2337 341 2513 400 EDIT.
2559 341 2989 401 ROM.—VATIC.

822 561 908 601 res
927 549 1088 614 gesta
1117 547 1166 598 et
1192 543 1534 606 documenta,

850 994 864 1008 .
898 993 910 1006 .
948 991 961 1005 .
986 949 1178 1006 Julius
1214 947 1610 1005 Constantius.

629 993 769 1049 (ἔθεε
845 993 1642 1093 ἑὲ]ὸῦἶιὶὲ“ι“ἱιι“ῐι”ιὶὲ”λ“ι’ἰ›ἶή“ιῖέ.

701 1116 878 1172 Vetus
940 1109 1248 1180 inscriptio
1310 1109 1638 1178 Capitolina
1690 1121 1724 1164 a

632 1206 844 1263 Gruter
892 1215 998 1272 pag
1021 1195 1148 1268 387,
1176 1205 1231 1254 et
1257 1211 1289 1254 a
1313 1196 1722 1253 Schelestratio

631 1294 786 1351 edita
811 1291 988 1361 Antiq
1023 1287 1152 1344 Eccl
1181 1293 1333 1343 tomo
1365 1289 1407 1356 l,
1436 1289 1732 1355 computat

635 1383 704 1438 ad
757 1382 910 1438 hunc
938 1377 1232 1434 consulem
1262 1375 1558 1445 Cejonium
1592 1375 1719 1429 Ru-

634 1471 770 1527 fium
789 1470 1064 1526 Albinum
1092 1471 1220 1536 post
1242 1465 1564 1519 Caesariana
1586 1469 1719 1518 tem-

633 1575 771 1632 pora
822 1572 1005 1616 annos
1054 1568 1344 1623 CCCLXXXI,
1403 1566 1604 1623 nempe
1648 1550 1718 1607 ab

629 1663 778 1707 anno
805 1646 892 1718 46,
949 1653 1081 1703 ante
1111 1658 1281 1701 aaram
1310 1642 1529 1700 Christi
1574 1654 1723 1696 com-

631 1755 894 1797 munem:
945 1738 1097 1794 unde
1128 1736 1355 1807 colligit
1381 1738 1531 1788 recte
1574 1745 1722 1814 con-

632 1831 905 1887 stitutum
949 1829 1006 1883 in
1040 1839 1143 1883 sua
1181 1825 1254 1895 (et
1300 1821 1515 1893 nostra)
1540 1821 1720 1876 chro—

631 1921 860 1991 nologia
917 1917 1069 1973 hunc
1122 1913 1518 1970 Consulatum.
1576 1911 1717 1967 Vide

631 2019 796 2067 notas
847 2009 915 2064 ad
997 2006 1368 2076 Sylvestrum.
1417 2002 1519 2056 His
1583 2001 1722 2056 Coss

629 2100 936 2170 signantur
985 2095 1023 2150 l.
1065 2091 1150 2163 45,
1201 2093 1311 2149 Cod
1342 2092 1413 2146 de
1442 2088 1716 2146 delatori-

628 2189 757 2259 bus,
790 2187 1037 2256 ali-ceque
1065 2184 1216 2254 apud
1249 2181 1591 2237 Relandum.

698 2277 844 2333 Praef
869 2275 1000 2333 urbi
1031 2276 1220 2343 Ruﬁus
1257 2271 1488 2324 Albinus
1518 2283 1580 2324 ιιι
1614 2266 1718 2323 Kal

631 2369 844 2423 Januar
864 2365 1033 2434 cujus
1061 2360 1370 2429 inscriptio
1401 2357 1616 2429 legitur
1659 2357 1720 2411 in

630 2457 901 2528 pluribus
953 2449 1324 2522 ponderibus,
1389 2459 1606 2502 necnon
1661 2445 1722 2500 in

629 2558 808 2600 marm
833 2541 985 2610 apud
1017 2541 1227 2595 Gruter
1250 2548 1358 2606 pag
1385 2530 1512 2604 387,
1544 2539 1608 2590 ut
1630 2546 1723 2588 su-

630 2647 1063 2777 przConstantini
1121 2713 1487 2771 Tricennalia
1562 2711 1719 2768 edita

631 2824 734 2869 vm
766 2807 869 2864 Kal
894 2807 1020 2876 Aug
1046 2801 1585 2871 ConstantinOpoli:
1613 2801 1717 2872 qui

631 2903 993 2958 Constantem
1027 2896 1210 2953 illium
1259 2894 1584 2963 Augustum
1611 2893 1716 2948 dl-

627 2991 727 3060 cit,
759 2995 815 3045 et
852 2987 1202 3043 Dalmatium
1253 2982 1453 3040 fratris
1485 2983 1576 3038 sui
1639 2981 1714 3037 fl-

630 3080 776 3137 lium
805 3079 1079 3134 Caesarem
1105 3080 1260 3132 creat
1289 3087 1388 3130 Vlll
1439 3073 1543 3128 Kal
1585 3073 1712 3128 Oct.

627 3168 1123 3225 Hannabalianum
1181 3179 1312 3223 vero
1343 3177 1530 3234 regem
1574 3174 1721 3217 con-

627 3261 825 3317 stituit
848 3273 941 3330 ap.
964 3258 1238 3315 Caesarem
1281 3255 1478 3326 Syriae.
1529 3251 1720 3309 Chron

631 3350 831 3406 Pasch.

694 3459 816 3527 Imp
857 3454 1273 3512 Constantinus
1337 3453 1465 3523 Aug
1523 3454 1594 3506 tr.
1658 3463 1711 3519 p.

842 3752 856 3766 .
889 3751 904 3766 .
939 3751 952 3764 .
986 3709 1310 3764 Facundus.

706 3803 766 3857 L.
791 3799 846 3872 5,
883 3815 934 3856 c.
984 3799 1174 3854 Theod
1226 3797 1297 3854 de
1323 3789 1620 3866 sponsalib
1659 3794 1715 3847 et

703 3979 785 4033 Fl.
863 3978 1149 4048 Popillius
1223 3973 1580 4044 Nepotianus
1648 3971 1709 4026 in

624 4067 880 4123 nummis
921 4067 1070 4138 apud
1117 4066 1348 4122 Tristan
1402 4068 1459 4119 et
1488 4061 1714 4118 Medio—-

621 4156 759 4212 bard
793 4156 1137 4212 inscribitur
1182 4157 1251 4226 is,
1287 4153 1388 4224 qui
1441 4154 1568 4222 post
1596 4162 1714 4204 cae-

617 4248 744 4304 dem
762 4248 1092 4305 Constantis
1120 4246 1433 4314 imperator
1457 4253 1490 4296 a
1517 4237 1717 4294 factio-

621 4337 707 4393 sis
729 4338 926 4394 dictus
949 4349 1100 4393 anno
1129 4331 1257 4405 350,
1285 4333 1382 4388 die
1421 4327 1513 4401 28,
1547 4327 1711 4384 occi-

617 4440 720 4483 sus
751 4425 881 4482 fuit.
1273 4467 1276 4470 .

691 4513 839 4569 Praef
865 4513 992 4569 urbi
1018 4515 1207 4582 Ruﬁus
1232 4511 1494 4565 Albinus.

684 4603 1050 4660 Constantini
1079 4617 1193 4658 xxx
1212 4603 1401 4657 Romae
1428 4594 1708 4653 celebrari

617 4693 934 4750 debuerant
977 4707 1047 4748 ex
1075 4691 1252 4747 dictis
1296 4702 1394 4760 per
1423 4687 1556 4743 card
1589 4686 1708 4739 No-

628 4786 714 4841 ris
741 4785 811 4842 de
830 4782 866 4840 2
888 4797 1083 4840 numm
1113 4781 1274 4837 Licin
1301 4786 1390 4836 etc
1412 4793 1464 4849 p.
1487 4773 1578 4847 73,
1609 4773 1706 4831 sed

621 4889 722 4948 per
771 4877 897 4946 ejus
940 4873 1262 4931 absentiam
1320 4870 1477 4927 edita
1536 4868 1591 4923 h.
1646 4879 1701 4923 a.

619 4979 730 5023 non
754 4966 1026 5038 leguntur
1054 4965 1113 5021 in
1151 4961 1349 5021 Occid.

614 5529 674 5570 xl
716 5516 819 5573 Kal
847 5517 1006 5572 Junii
1052 5515 1173 5571 obit
1222 5529 1397 5585 prope
1426 5513 1698 5568 Nicome—

378 5598 563 5656 Indict
619 5602 791 5659 diam.
825 5605 1015 5660 Chron
1062 5603 1238 5660 Pasch
1289 5608 1346 5660 et
1387 5602 1587 5658 Socrat
1615 5599 1696 5656 lib

373 5703 415 5746 x
440 5689 492 5741 et
517 5697 576 5742 xl
625 5701 690 5761 ιι,
718 5697 823 5748 etc.

1784 539 1848 592 U.
1895 537 1952 590 C.

1755 614 1882 664 ante
1907 613 1957 662 et

1710 689 1832 752 post
1847 681 1994 736 Palil

2155 537 2367 609 Olymp.

2222 3447 2286 3492 ιιι

2237 3538 2291 3580 ιν

1793 3444 1932 3504 4088

1778 3544 1800 3600 4
1811 3543 1917 3602 089

2188 5327 2296 5386 278

2407 932 2752 989 reoticorum
2793 935 2946 990 tomo
2983 946 3023 989 ιι
3053 932 3254 990 Concil
3291 933 3409 990 Gen
3444 949 3500 1006 p.

2403 1018 2527 1087 458,
2572 1036 2758 1093 nempe
2811 1024 2956 1077 Iulio
3006 1021 3321 1079 Constantio
3363 1026 3506 1080 illu-

2407 1114 2675 1167 strissimo
2712 1115 2945 1184 patricio
2989 1115 3167 1182 fratre
3203 1116 3504 1184 religiosus-

2404 1204 2532 1256 simi
2577 1203 2922 1258 Constantini
2978 1204 3128 1273 Aug.
3189 1209 3240 1260 et
3284 1207 3499 1275 Rufino.

2399 1291 2604 1345 Albino
2653 1293 2975 1348 clarissimis
3055 1295 3144 1349 die
3191 1296 3241 1349 Χ
3305 1298 3505 1351 mensis

2408 1380 2560 1435 Thot.
2597 1381 2832 1437 Reland.

2471 1470 2574 1526 His
2615 1485 2742 1527 coss
2765 1471 2920 1528 Julio
2949 1472 3286 1530 Constantio
3315 1482 3371 1531 et
3391 1475 3499 1532 Al-

2404 1558 2541 1615 bino
2575 1559 2742 1631 (quos
2769 1561 2912 1617 male
2933 1563 3502 1633 transcripsitAma-

2403 1649 2642 1705 nuensis
2696 1651 2913 1706 Malalaa
2939 1652 3037 1707 Illo
3069 1658 3118 1706 et
3165 1654 3371 1708 Albino
3403 1669 3503 1724 pro

2397 1739 2540 1793 Julio
2587 1743 2637 1793 et
2693 1740 2897 1794 Albino
2943 1743 3271 1811 exprimens
3312 1757 3416 1815 pag
3451 1741 3503 1815 4)

2400 1840 2526 1881 terte
2581 1827 2949 1885 Antiochena':
2999 1829 3106 1887 583
3155 1832 3498 1903 dignitatem

2403 1916 2712 1971 comitatus
2733 1919 2972 1975 secundi
3010 1919 3332 1976 Antiochiae
3356 1935 3506 1977 con-

2403 2005 2578 2060 cessit
2598 2006 3050 2065 Constantinus:
3107 2009 3206 2066 ubi
3236 2010 3504 2066 Ruﬁnum

2403 2095 2643 2166 reliquit
2676 2097 2902 2168 praafect
2949 2113 2980 2155 a
3027 2114 3139 2171 quo
3170 2105 3502 2157 constructa

2404 2185 2667 2242 basilica.

2472 2276 2573 2330 llis
2625 2291 2752 2333 coss
2797 2278 2833 2332 S
2878 2277 3161 2350 Sylvester
3214 2292 3355 2350 papa
3409 2279 3504 2335 die

2401 2361 2464 2418 34
2500 2366 2828 2422 Decembris
2859 2374 3057 2424 sancto
3107 2369 3217 2424 ﬁne
3256 2369 3501 2439 complet

2403 2455 2770 2522 pontiﬁcatus
2801 2457 2893 2512 sui
2926 2471 3107 2514 annos
3141 2473 3233 2514 xxl
3263 2464 3320 2514 et
3351 2472 3498 2514 men-

2401 2556 2491 2597 ses
2539 2558 2596 2598 xI
2651 2545 2722 2599 ab
2775 2559 2887 2601 aera
2926 2549 3322 2605 Enthronismi
3374 2553 3501 2620 post

2393 2629 2728 2688 electionem
2757 2633 2854 2688 die
2883 2632 2944 2690 34
2986 2638 3199 2693 Januar
3228 2651 3505 2694 numera-

2403 2721 2492 2774 tos
2515 2719 2574 2774 in
2602 2721 2860 2795 catalogo
2885 2724 3213 2787 Liberiano.
3233 2732 3290 2783 et
3316 2741 3498 2784 annos

2403 2820 2570 2879 χχιιι,
2624 2823 2846 2867 menses
2873 2827 2928 2883 x,
2966 2815 3092 2872 dies
3119 2830 3194 2871 xx
3226 2817 3296 2872 ab
3333 2817 3504 2873 ordi-

2399 2897 2632 2954 natione
2665 2901 2978 2972 episcopali
3006 2909 3270 2974 suscepta
3309 2919 3505 2976 quan-

2399 2985 2472 3041 do
2496 2987 2817 3059 eligebatur
2843 2991 3097 3048 vicarius
3121 3007 3153 3047 a
3185 2993 3504 3050 Melcbiade

2401 3076 2497 3132 die
2526 3078 2825 3134 Dominica
2873 3093 2909 3134 x
2950 3081 3059 3135 Feb
3102 3077 3208 3135 342
3237 3082 3500 3151 signatos

2403 3167 2460 3221 in
2505 3168 2731 3237 pictura
2779 3168 3034 3224 basilicze
3063 3170 3099 3224 S
3144 3169 3323 3225 Pauli.
3362 3170 3505 3227 Vide

2407 3262 2632 3313 nostras
2664 3262 2826 3314 notas
2855 3257 2924 3314 ad
2947 3258 3319 3329 Sylvestrum.

2459 3436 2516 3492 S.
2570 3439 2796 3493 MARCUS
2843 3437 2994 3493 sedit
3043 3451 3112 3492 ex
3141 3437 3236 3492 die
3270 3433 3355 3491 48.
3409 3438 3498 3494 Ja-
3591 3437 3720 3500 336

2399 3539 2567 3596 nuar,
2620 3526 2770 3583 obiit
2818 3528 2998 3582 Nonis
3045 3526 3257 3582 Octobr
3304 3526 3358 3582 h.
3437 3541 3489 3583 a.

2400 3629 2557 3671 mens
2583 3630 2684 3671 VIII
2714 3617 2772 3672 d.
2817 3629 2914 3670 xx.
2949 3616 3046 3671 die
3068 3615 3369 3672 Dominica
3397 3613 3484 3671 48.

2392 3705 2651 3761 Januarii
2709 3705 2874 3776 (festo
2905 3705 3196 3762 Cathedraz
3242 3707 3298 3761 S.
3340 3705 3490 3762 Petri

2395 3797 2658 3852 Romanas
2682 3810 2752 3852 ex
2779 3796 2957 3852 dictis
2980 3810 3077 3866 per
3099 3810 3204 3853 nos
3230 3809 3404 3866 supra
3432 3795 3494 3851 in

2393 3887 2543 3942 serie
2565 3886 2725 3942 Rom.
2759 3888 2918 3942 Pont.
2952 3892 3010 3942 et
3039 3887 3098 3941 in
3131 3887 3285 3942 notis
3329 3885 3397 3940 ad
3424 3885 3482 3940 S.

2395 3976 2622 4031 Petrum
2663 3975 2981 4032 collocatur
3007 3979 3233 4032 Marcus
3265 3976 3324 4031 in
3354 3973 3487 4030 sede

2393 4065 2643 4121 Romana
2660 4079 2957 4122 successor
2985 4058 3271 4136 Silvestri,
3304 4065 3474 4134 cujus

2396 4155 2582 4211 fuerat
2611 4156 2885 4214 vicarius.
2924 4157 3078 4212 Unde
3111 4158 3168 4213 in
3197 4155 3346 4214 catal
3377 4156 3481 4212 Li-

2393 4243 2492 4300 ber
2515 4245 2736 4302 dicitur
2766 4247 2984 4303 sedisse
3017 4260 3238 4302 menses
3264 4243 3319 4300 8.
3352 4245 3482 4301 dies

2394 4349 2492 4390 xx.
2539 4331 2630 4408 [ex
2666 4334 2732 4391 48
2780 4337 3040 4393 Januarii
3081 4338 3149 4392 ad
3181 4335 3234 4393 6.
3266 4335 3481 4392 Octobr

2394 4425 2450 4479 h.
2485 4423 2561 4500 3.]
2593 4431 2650 4482 et
2676 4427 2735 4482 in
2765 4427 3011 4497 picturis
3045 4427 3193 4483 Basil
3223 4427 3278 4483 S.
3313 4425 3479 4482 Pauli

2392 4515 2606 4587 legitur
2643 4516 2862 4572 sedisse
2897 4515 3030 4591 [qua
3063 4518 3334 4588 vicarius,
3368 4517 3483 4573 sci-

2390 4604 2525 4660 licet
2575 4620 2688 4677 qua
2733 4604 3010 4681 pontifex]
3049 4621 3161 4662 ann
3194 4621 3257 4663 ιι.
3318 4621 3478 4662 mens

2388 4707 2492 4748 vm
2518 4695 2645 4751 dies
2660 4709 2780 4751 xxx.
2810 4697 2951 4754 Vide
2972 4704 3136 4754 notas
3152 4697 3221 4754 ad
3245 4697 3302 4752 S.
3332 4699 3478 4752 Mar-

2387 4795 2540 4838 cum.

2457 4873 2519 4926 In
2588 4874 2804 4944 synodo
2869 4875 3145 4933 Constant
3219 4875 3475 4945 deponi—

2386 4966 2483 5018 tur
2506 4963 2810 5020 Marcellus
2828 4965 3184 5037 Ancyranus,
3213 4970 3269 5021 et
3290 4978 3472 5020 exsu-

2383 5051 2762 5122 larejubetur
2809 5057 2865 5110 S.
2898 5054 3276 5112 Athanasius.
3325 5053 3467 5110 Vide

2157 5241 2313 5310 Olym
2377 5246 2542 5299 notas
2575 5243 2644 5299 ad
2675 5244 2732 5298 S.
2764 5244 3018 5300 Marcum

2436 5334 2630 5387 .luuus
2680 5334 2985 5390 ordinatus
3008 5333 3315 5404 episcopus
3365 5333 3458 5387 his
3554 5328 3663 5388 337

2197 5433 2254 5476 IV
2364 5421 2501 5477 Coss
2543 5419 2631 5495 [ex
2674 5422 2821 5478 catal
2872 5420 3060 5498 Liber]
3110 5424 3207 5478 die
3257 5422 3464 5477 Domi-

2200 5514 2258 5565 et
2375 5513 2502 5568 nica
2542 5511 2595 5568 6.
2632 5513 2772 5569 Febr
2803 5515 2955 5569 sedit
2983 5527 3098 5569 ann
3153 5527 3248 5568 xv.
3287 5525 3446 5567 mens

2179 5595 2287 5656 2’79
2372 5617 2435 5670 ιι,
2468 5603 2592 5658 dies
2610 5618 2684 5674 νι,
2717 5617 2899 5676 usque
2930 5606 3000 5661 ad
3028 5605 3166 5661 Coss
3183 5603 3320 5660 anni
3351 5598 3460 5657 352

2281 5736 2285 5742 .
2374 5691 2773 5753 Constantium
2830 5709 2884 5767 v,
2914 5700 2973 5752 et
3013 5695 3187 5753 Const
3223 5692 3458 5751 Gallum

3683 345 3785 406 646
