3922 6412
414 370 522 431 62Ἱ

1199 377 1291 434 AD
1335 379 1770 438 ANASTASIUM
1817 385 2331 446 PROLEGOMENA
2377 391 2556 446 EDIT.
2604 389 3045 448 RODL-VATIC.
3736 399 3820 457 628

707 508 1088 599 Ῑηξηςῖατοζϐει
1150 509 1425 599 {Jan-811.1%.
1495 514 1771 599 Romflno-
1842 515 1998 599 4.711)}
2097 518 2148 576 A
2245 520 2406 599 Anni
2477 520 2934 599 Christianorum,
2985 525 3302 582 Judzorum
3331 533 3382 583 et
3407 531 3550 599 ﬁni—
3625 529 3770 584 Anni

491 575 609 648 Per.
766 594 914 641 rum,
944 596 1028 634 res
1059 588 1220 648 gestae
1283 588 1331 636 et
1362 585 1701 638 documenta.

490 647 604 700 Jul.
1065 647 1078 648 ί
1809 663 1936 710 ante
1965 663 2014 710 et

445 721 499 772 et
516 717 638 772 Ind.
1757 734 1878 797 post
1905 729 2050 782 Pali!
2064 776 2069 779 .

769 841 1097 913 Magnentio
1170 844 1529 913 tyrannidem
1609 861 1782 905 exer-

696 938 856 986 cente
879 930 984 984 alii
1015 931 1292 988 Consules
1328 933 1385 987 in
1438 935 1778 1003 Provinciis,

697 1033 824 1089 quas
853 1019 906 1074 ei
941 1019 1233 1088 parebant.
1282 1022 1384 1076 alii
1439 1024 1499 1079 in
1555 1026 1778 1096 reliquo

695 1108 950 1164 Romano
1019 1108 1156 1164 orbe
1209 1110 1521 1181 designati.
1574 1115 1788 1170 Panvi-

695 1198 852 1267 nius,
874 1205 932 1252 et
957 1198 1166 1269 Pagius
1212 1200 1270 1254 in
1314 1201 1559 1269 epistola
1612 1204 1780 1261 Cons.

693 1300 803 1358 pag
824 1285 1016 1342 255ex
1046 1286 1130 1343 lib
1159 1288 1230 1344 de
1259 1289 1409 1346 Praef
1427 1291 1584 1360 Urbi,
1623 1292 1787 1348 aliis-

689 1389 800 1447 que
818 1376 1048 1432 docum.

1160 1466 1284 1536 Imp
1405 1466 1780 1524 Constantius

685 1554 823 1610 Coss
843 1553 1118 1611 Orienta-
1238 1555 1366 1626 Aug
1390 1569 1443 1609 v.

830 1645 930 1700 les.
1188 1645 1269 1700 Fl.
1385 1647 1755 1702 Constantius

1181 1735 1382 1790 Gallus
1436 1738 1580 1791 Caes.

681 1825 820 1882 Coss
875 1823 1132 1894 Tyanni-
1205 1824 1511 1880 Decentius
1619 1826 1756 1882 Caes.

749 1927 828 1970 cae
850 1912 982 1968 fact.
1203 1912 1434 1968 Paulus.

749 2000 910 2057 Praef.
965 2000 1101 2056 Urbi
1179 2002 1438 2056 Proculus
1493 2007 1628 2059 etv.
1688 2006 1768 2062 Id.

676 2093 830 2162 Sept.
860 2089 1178 2160 Septimius
1206 2091 1433 2147 Mnasea
1461 2097 1518 2148 et
1535 2105 1589 2148 v1
1643 2093 1768 2151 Kal.

665 2181 792 2236 Oct.
866 2180 1136 2236 Neratius
1210 2179 1462 2237 Cerealis
1545 2183 1764 2239 Latere.

674 2269 831 2326 Buch

448 2358 594 2418 5065
741 2361 862 2430 Imp
910 2359 1026 2414 Caes
1083 2359 1458 2416 Constantius
1510 2360 1638 2433 Aug
1686 2367 1757 2418 tr.
1838 2361 1978 2422 4405

1843 2451 1982 2511 4406

450 2447 612 2525 ωὲϐ
652 2464 708 2520 p.
739 2446 807 2504 46
825 2453 882 2504 et
911 2444 976 2503 47
997 2449 1105 2503 Cos
1133 2461 1209 2517 v1,

453 2535 610 2611 Q42
760 2539 825 2593 Et
878 2536 1252 2593 Constantius
1303 2537 1506 2595 Gallus
1575 2538 1763 2595 Caesar

519 2629 558 2684 ϐ
683 2628 884 2683 Cosn.

443 2718 630 2774 Indict
687 2717 826 2772 Coss
901 2720 1018 2787 Imp
1065 2717 1440 2774 Constantius
1481 2718 1608 2789 Aug
1635 2731 1690 2774 γι

508 2821 567 2863 xt
694 2806 868 2862 iidem
968 2813 1024 2863 et
1039 2805 1624 2863 ConstantiusGallus
1639 2807 1767 2862 Ca:-

459 2901 611 2953 etxu
976 2910 1071 2952 sar
1102 2910 1166 2952 ιι.

748 2986 808 3041 L.
828 2981 863 3041 7
894 3000 946 3043 c.
971 2985 1158 3041 Theod
1181 2986 1252 3041 de
1295 2993 1521 3042 veteran
1550 2993 1606 3042 et
1633 2985 1765 3042 alia:

680 3075 832 3145 apud
853 3074 1190 3140 Relandum,
1209 3074 1309 3130 ubi
1327 3075 1762 3130 Gallusdicitur

678 3165 853 3221 etiam
875 3165 1172 3220 Constans.

751 3252 900 3309 Praef
921 3253 1056 3310 Urbi
1083 3258 1210 3323 post
1262 3253 1549 3310 Cerealem
1605 3266 1662 3309 γι
1705 3253 1765 3309 Id

676 3343 810 3400 Dec.
846 3346 1130 3399 Vetrasius
1153 3342 1374 3413 Orﬁtus.

748 3433 1114 3505 Magnentius
1147 3432 1204 3487 in
1227 3431 1439 3488 Galliis
1468 3446 1527 3488 se
1580 3431 1769 3488 interii

679 3526 764 3583 cit
797 3538 860 3580 III
895 3523 952 3580 Id
999 3524 1170 3592 Aug.,
1216 3527 1274 3577 et
1305 3522 1614 3578 Decentius
1643 3522 1773 3578 Cae-

680 3628 778 3671 sar
825 3613 1030 3684 laqueo
1078 3625 1140 3667 se
1195 3611 1498 3681 suspendit
1556 3626 1628 3667 xv
1667 3610 1770 3667 Kal

677 3705 815 3775 Sept
867 3704 1078 3760 Hieron
1099 3708 1156 3758 et
1185 3703 1410 3759 Idacius

753 3794 1130 3850 Constantius
1151 3794 1334 3850 victor
1363 3793 1634 3849 universo
1661 3792 1779 3848 im-

688 3883 850 3952 perio
876 3883 1037 3953 Rom,
1093 3883 1315 3952 potitus
1345 3882 1516 3938 ludos
1549 3881 1784 3953 magni-

689 3970 830 4026 ficos
857 3970 1105 4026 celebrat
1129 3971 1356 4027 Arelate
1397 3970 1470 4026 ob
1513 3984 1629 4028 ann
1659 3981 1778 4024 xxx

692 4059 1049 4116 inchoatum.
1080 4059 1224 4116 Vide
1274 4061 1463 4116 Petav.

482 4355 625 4416 5067
771 4361 890 4428 Imp
918 4358 1039 4414 Caes
1061 4358 1432 4416 Constantius
1468 4359 1596 4432 Aug
1618 4365 1690 4416 tr.
1734 4374 1787 4430 p.
1867 4359 2006 4420 4406

1866 4449 2005 4509 4407

2104 4516 2159 4578 D

480 4451 551 4521 θ
579 4443 650 4500 27
691 4441 758 4500 4Ἷ
779 4452 835 4501 et
862 4443 929 4499 48
951 4445 1057 4500 Cos
1078 4459 1182 4499 vn.

479 4530 648 4608 ο43
782 4533 853 4586 Et
901 4533 1275 4590 Constantius
1339 4535 1540 4592 Gallus
1611 4538 1796 4594 Caesar

699 4621 810 4678 Cos
841 4635 904 4676 ιι.
1667 4640 1686 4685 ι

541 4713 587 4767 Β
705 4710 844 4767 Coss
918 4710 1040 4780 Imp
1087 4708 1460 4767 Constantius
1510 4719 1639 4786 Aug
1689 4729 1792 4774 vn.

467 4800 650 4856 Indict
705 4799 878 4856 iidem
921 4799 1295 4856 Constantius
1314 4800 1516 4859 Gallus
1539 4804 1658 4861 Caes
1703 4819 1789 4862 ιιι.

521 4903 604 4945 xu
777 4891 838 4946 L.
866 4903 904 4944 I.
937 4904 987 4945 c.
1016 4889 1202 4946 Theod
1241 4891 1313 4946 de
1344 4894 1492 4961 praed
1541 4895 1792 4952 navicul.

470 4982 522 5032 et
542 4992 645 5035 xm
771 4979 920 5036 Praef
939 4979 1076 5036 Urbi
1103 4981 1383 5036 Vetrasius
1400 4981 1459 5038 Ο)
1471 4987 1618 5054 ﬁtus.

780 5069 884 5125 Hic
926 5071 1146 5127 desinit
1190 5073 1522 5130 Laterculus
1587 5074 1801 5132 Praefe-

712 5165 935 5214 ctorum
965 5160 1103 5216 Urbi
1136 5161 1330 5218 editus
1350 5177 1378 5216 a
1406 5164 1712 5220 Bucherio.

781 5248 1154 5305 Constantius
1248 5251 1474 5308 Arelate
1564 5267 1792 5310 movens

713 5338 912 5387 contra
937 5334 1167 5390 Aleman
1195 5352 1376 5392 mrum
1405 5339 1580 5411 Reges
1625 5340 1795 5396 Gun-

715 5421 1019 5476 domadum
1049 5430 1106 5477 et
1136 5425 1436 5480 Vadomari
1467 5442 1560 5492 im,
1603 5427 1793 5484 foedus

722 5514 911 5582 postea
932 5523 1062 5564 cum
1091 5510 1212 5567 illis
1237 5514 1471 5584 pepigit.
1503 5517 1788 5577 Ammian.

1855 588 1913 640 U.
1937 587 1992 640 C.

2233 591 2442 661 Olymp.
2537 596 2811 670 ﬁmo-rum
2859 599 3210 664 populorum,
3265 591 3571 670 Pontiﬁces,
3651 606 3772 652 ante

2532 666 2719 731 Reges,
2769 681 2853 719 res
2905 674 3066 734 gestae
3091 676 3140 723 et
3201 666 3550 726 documenta.
3605 674 3797 797 thEIjzt.

3679 758 3796 795 res:

2537 861 2800 915 Lmanms
2831 862 3140 918 ordinatur
3170 867 3553 936 episcopusix

2464 946 2567 1002 Kal
2590 949 2698 1004 Jun
2727 963 2796 1004 ex
2829 951 3003 1006 catal.
3058 953 3227 1009 Liber
3257 955 3313 1009 id
3354 962 3440 1010 est
3479 953 3554 1009 34

2463 1036 2748 1106 Maiiqua:
2780 1037 2893 1094 fuit
2930 1042 3264 1097 Dominica:
3307 1043 3438 1098 inde
3477 1043 3550 1098 ad

2461 1121 2534 1178 ‘25
2602 1124 2736 1195 Sept
2803 1125 2926 1192 366,
3003 1137 3140 1185 sunt
3213 1133 3349 1186 anni
3422 1145 3542 1201 xw,

2465 1229 2621 1270 mens
2648 1230 2724 1278 ιν,
2760 1217 3069 1288 interrupti
3109 1233 3207 1288 per
3235 1221 3555 1276 Pontiﬁca-

2461 1309 2582 1359 tum
2644 1305 2852 1362 Felicis
2919 1308 2986 1362 ΙΙ.
3054 1308 3195 1364 Vide
3249 1313 3414 1364 notas
3475 1309 3546 1364 ad

2461 1393 2775 1451 Liberium.

2530 1485 2891 1553 Magnentius
2947 1487 3176 1542 Mursiaa
3213 1488 3271 1543 in
3316 1489 3552 1543 Panno—

2458 1571 2552 1626 nia
2577 1585 2608 1627 a
2633 1573 2967 1629 Constantio
2999 1576 3194 1642 praelia
3253 1576 3444 1631 victus
3485 1577 3545 1630 in

2457 1660 2678 1716 Italiam
2726 1660 2893 1732 fugit.
2927 1663 3229 1717 Derentius
3257 1663 3448 1717 Caesar
3481 1665 3544 1718 in

2455 1749 2661 1806 Galliis
2743 1763 2774 1803 a
2851 1749 3006 1803 Chon
3047 1750 3312 1804 dumario
3386 1750 3540 1819 Rege

2448 1838 2882 1892 Alemannorum
2949 1843 3268 1906 superatur.
3327 1835 3538 1891 Gallus

2447 1927 2630 1980 Caesar
2646 1926 2871 1981 Iudaeos
2885 1925 3224 1980 rebellantes
3247 1925 3306 1979 in
3319 1925 3543 1978 Orien-

2450 2021 2502 2070 te
2550 2014 2834 2083 reprimit.
2883 2013 3054 2069 Aurel
3097 2014 3222 2069 Vict
3295 2020 3354 2067 et
3398 2012 3545 2070 Hie—

2446 2118 2642 2176 ronym
2657 2145 2672 2160 .

2218 2360 2392 2428 Olym.
2525 2360 2742 2416 Liberii
2766 2359 2974 2431 Papael
3007 2366 3062 2417 et
3080 2358 3134 2416 2.
3639 2359 3753 2418 353

2258 2447 2365 2505 282
2531 2449 2617 2505 Ob
2642 2450 3030 2520 complurium
3078 2449 3375 2505 Nobilium
3423 2463 3541 2504 cae-

2281 2551 2337 2593 IV
2447 2539 2572 2594 dem
2631 2539 2954 2593 Antiochia:
3031 2545 3310 2607 patratam
3375 2552 3546 2594 revo-

2267 2632 2318 2680 et
2440 2634 2606 2682 catur
2635 2626 2835 2682 Gallus
2871 2627 2928 2681 in
2951 2627 3315 2692 Italiamgsed
3348 2629 3400 2682 is
3422 2629 3542 2682 Do—

2243 2712 2350 2772 283
2437 2716 2742 2772 mitianum
2764 2717 3028 2772 comitem
3065 2715 3441 2787 largitionum
3463 2717 3534 2772 ad

2294 2821 2313 2860 ι
2445 2820 2506 2862 se
2538 2807 2798 2870 missum,
2851 2811 2905 2860 et
2955 2806 3328 2875 imperiosius
3380 2805 3537 2861 allo-

2444 2902 2706 2967 quentem
2722 2894 3542 2952 aconcitatismilitibussinit

2445 2987 2655 3042 occidi.
2683 2987 2845 3041 Amm
2902 2999 3026 3042 xiv.

2510 3075 2888 3132 Constantius
2939 3076 3286 3131 Arianorum
3358 3089 3542 3147 syno—

2442 3164 2579 3220 dum
2611 3165 2836 3221 Arelate
2865 3166 3038 3236 cogit.
3073 3178 3104 3220 a
3137 3179 3250 3235 qua
3293 3166 3541 3221 damna-

2447 3261 2545 3311 tur
2566 3255 2938 3322 Athanasius,
2968 3261 3025 3309 et
3057 3255 3338 3310 Paulinus
3393 3255 3541 3308 Tre—

2446 3345 2694 3399 virensis
2723 3345 2782 3399 in
2804 3344 3078 3400 exsilium
3112 3343 3387 3398 mittitur.
3435 3343 3540 3399 Sev

2447 3433 2727 3502 Sulpicu.
2752 3433 3047 3488 Sacriﬁcia
3101 3439 3382 3488 nocturna
3441 3445 3542 3501 per

2452 3522 2646 3577 urbem
2672 3535 2704 3576 a
2727 3521 3050 3592 Magnentio
3071 3521 3348 3591 permissa
3395 3519 3545 3575 abo—

2451 3609 2531 3666 let
2558 3612 2661 3666 cod
2683 3610 2871 3666 Theod
2899 3609 2938 3665 ι.
2998 3607 3034 3665 5
3078 3611 3148 3665 de
3203 3609 3442 3680 Paganis
3492 3616 3551 3665 et

2457 3712 2556 3769 per
2583 3699 2801 3755 Italiam
2837 3700 3043 3770 templa
3065 3700 3382 3754 Gentilium
3411 3698 3552 3754 ubi—

2458 3802 2568 3859 que
2616 3790 2833 3856 claudi,
2897 3789 3205 3858 aditusque
3256 3801 3454 3843 eorum
3493 3793 3556 3842 et

2457 3877 2876 3934 sacriﬁciorum
2897 3891 3062 3932 usum
3081 3876 3357 3944 praecludi
3384 3875 3554 3945 jubet

2461 3966 2501 4022 l.
2526 3964 2578 4038 4,
2611 3968 2804 4024 eodem
2831 3965 3023 4019 titulo.

2528 4055 2757 4125 Legatio
2797 4054 2955 4119 Papa:
3000 4048 3213 4104 Liberii
3271 4050 3341 4104 ad
3392 4051 3556 4110 Con-

2457 4143 2733 4199 stantium
2785 4139 3031 4195 Concilii
3076 4153 3248 4196 causa
3299 4143 3548 4212 cogendi

2311 4379 2330 4417 ι
2538 4359 2748 4414 Liberii
2778 4355 2888 4414 Ret
2906 4356 2958 4414 3.
2987 4358 3251 4415 Liberius
3277 4361 3346 4416 ad
3410 4361 3568 4417 Con-
3661 4358 3760 4419 35L

2308 4466 2350 4506 ιι
2475 4449 2752 4504 stantium
2779 4448 3006 4503 Arelate
3026 4456 3284 4520 agentem
3317 4451 3561 4521 Legatos

2470 4538 2670 4594 mittit.

2535 4626 2738 4682 Gallus
2766 4627 2954 4682 Caesar
2977 4628 3188 4683 callide
3237 4633 3566 4690 pertractus

2463 4717 2631 4786 jussu
2666 4717 2986 4773 Constantii
3034 4718 3094 4773 in
3142 4717 3436 4788 Illirycum
3496 4719 3566 4775 in

2468 4805 2662 4861 Insula
2698 4806 2974 4862 Flanonia
3037 4807 3342 4862 occiditur.
3405 4807 3570 4862 Con-

2475 4896 2729 4952 stantina
2753 4896 2904 4952 Galli
2941 4909 3091 4951 uxor
3113 4897 3325 4964 pariter
3374 4896 3566 4952 accita

2476 4986 2531 5040 vi
2560 4986 2742 5042 morbi
2768 4987 2940 5056 perit.
2981 4987 3242 5041 Ammian
3286 4999 3404 5054 xxv,
3451 4985 3568 5041 So—

2473 5082 2594 5131 crat
2622 5091 2687 5144 u,
2717 5090 2821 5145 cap
2848 5072 2988 5130 27et
3013 5076 3263 5130 ldacius.

2544 5166 2656 5220 Hoc
2684 5177 2835 5219 anno
2858 5163 2981 5219 Idib
3004 5163 3254 5219 Novemb
3299 5164 3568 5220 nascitur

2471 5253 2526 5307 S.
2554 5253 2927 5325 Augustinus.
2951 5254 3089 5308 Vide
3123 5255 3284 5308 Petav
3301 5255 3368 5309 ad
3403 5253 3460 5308 h.
3505 5267 3560 5308 a.

2545 5343 2663 5397 Huc
2685 5356 2867 5412 usque
2891 5348 3050 5412 putat
3077 5343 3407 5397 Holstenius
3430 5355 3564 5410 per-

2475 5431 2677 5501 tigisse
2727 5434 2972 5500 primum
3037 5432 3335 5488 Auctorem
3384 5431 3568 5486 chro—

2468 5521 2580 5574 nici
2631 5521 2942 5588 Paschalis,
2983 5528 3036 5576 et
3101 5522 3320 5591 reliqua
3363 5521 3567 5578 addita

2475 5617 2666 5663 censet
2691 5623 2723 5665 a
2749 5613 3166 5667 continuatore.
3195 5611 3336 5665 Vide
3395 5609 3565 5665 Pref.

2476 5696 2660 5752 Caroli
2689 5697 2767 5752 du
2797 5699 3003 5756 Fresne
3031 5712 3091 5756 ιι.
3131 5713 3188 5772 x,
3240 5698 3343 5755 ubi
3397 5703 3566 5768 putat
