  <div class='ocr_page' id='page_1' title='image "/cluster/home/n/w/nwhite01/storage/ocr_20150623/127-128/uc1.31175010226572/322.png"; bbox 0 0 3922 6396; ppageno 0'>
   <div class='ocr_carea' id='block_1_1' title="bbox 144 420 256 478">
    <p class='ocr_par' dir='ltr' id='par_1_1' title="bbox 144 420 256 478">
     <span class='ocr_line' id='line_1_1' title="bbox 144 420 256 478; baseline 0.036 -4"><span class='ocrx_word' id='word_1_1' title='bbox 144 420 256 478; x_wconf 67' lang='lat'><strong>1.29</strong></span> 
     </span>
    </p>
   </div>
   <div class='ocr_carea' id='block_1_2' title="bbox 1086 423 2632 486">
    <p class='ocr_par' dir='ltr' id='par_1_2' title="bbox 1086 423 2632 486">
     <span class='ocr_line' id='line_1_2' title="bbox 1086 423 2632 486; baseline 0.003 -7"><span class='ocrx_word' id='word_1_2' title='bbox 1086 423 1433 482; x_wconf 87' lang='lat' dir='ltr'><strong>CHRONOL.</strong></span> <span class='ocrx_word' id='word_1_3' title='bbox 1473 426 1522 483; x_wconf 90' lang='lat' dir='ltr'><strong>A</strong></span> <span class='ocrx_word' id='word_1_4' title='bbox 1556 426 1614 483; x_wconf 88' lang='lat' dir='ltr'><strong>S.</strong></span> <span class='ocrx_word' id='word_1_5' title='bbox 1652 425 2043 485; x_wconf 83' lang='lat' dir='ltr'><strong>SYLVESTRO</strong></span> <span class='ocrx_word' id='word_1_6' title='bbox 2078 429 2174 485; x_wconf 89' lang='lat' dir='ltr'><strong>AD</strong></span> <span class='ocrx_word' id='word_1_7' title='bbox 2209 430 2263 486; x_wconf 89' lang='lat' dir='ltr'><strong>S.</strong></span> <span class='ocrx_word' id='word_1_8' title='bbox 2306 429 2515 486; x_wconf 83' lang='lat' dir='ltr'><strong>GREG.</strong></span> <span class='ocrx_word' id='word_1_9' title='bbox 2557 431 2632 484; x_wconf 89' lang='lat' dir='ltr'><strong>M.</strong></span> 
     </span>
    </p>
   </div>
   <div class='ocr_carea' id='block_1_3' title="bbox 214 555 1927 638">
    <p class='ocr_par' dir='ltr' id='par_1_3' title="bbox 214 555 1880 638">
     <span class='ocr_line' id='line_1_3' title="bbox 214 555 1880 638; baseline 0.002 -16"><span class='ocrx_word' id='word_1_10' title='bbox 214 568 378 622; x_wconf 79' lang='lat' dir='ltr'><strong>Anni</strong></span> <span class='ocrx_word' id='word_1_11' title='bbox 448 570 824 638; x_wconf 78' lang='lat' dir='ltr'><strong>Imperatores,</strong></span> <span class='ocrx_word' id='word_1_12' title='bbox 874 567 1129 623; x_wconf 85' lang='lat' dir='ltr'><strong>Consules</strong></span> <span class='ocrx_word' id='word_1_13' title='bbox 1187 572 1464 625; x_wconf 85' lang='lat' dir='ltr'><strong>Romano—</strong></span> <span class='ocrx_word' id='word_1_14' title='bbox 1559 574 1714 627; x_wconf 78' lang='lat' dir='ltr'><strong>Anni</strong></span> <span class='ocrx_word' id='word_1_15' title='bbox 1821 555 1880 612; x_wconf 86' lang='grc' dir='ltr'><strong>Α</strong></span> 
     </span>
    </p>
   </div>
   <div class='ocr_carea' id='block_1_4' title="bbox 1943 555 3270 638">
    <p class='ocr_par' dir='ltr' id='par_1_4' title="bbox 1951 556 3270 638">
     <span class='ocr_line' id='line_1_4' title="bbox 1951 556 3270 638; baseline 0 -28"><span class='ocrx_word' id='word_1_16' title='bbox 1951 556 2136 638; x_wconf 59' lang='grc' dir='ltr'><strong>Λᾼηηί</strong></span> <span class='ocrx_word' id='word_1_17' title='bbox 2196 557 2656 638; x_wconf 61' lang='lat' dir='ltr'><strong>Christianorum,</strong></span> <span class='ocrx_word' id='word_1_18' title='bbox 2689 557 3088 638; x_wconf 38' lang='lat' dir='ltr'><strong>Judmorum-et</strong></span> <span class='ocrx_word' id='word_1_19' title='bbox 3131 558 3270 627; x_wconf 77' lang='lat' dir='ltr'><strong>ﬁni-</strong></span> 
     </span>
    </p>
   </div>
   <div class='ocr_carea' id='block_1_5' title="bbox 1943 625 3503 700">
    <p class='ocr_par' dir='ltr' id='par_1_5' title="bbox 1943 625 3503 700">
     <span class='ocr_line' id='line_1_5' title="bbox 1943 625 3503 700; baseline 0.003 -20"><span class='ocrx_word' id='word_1_20' title='bbox 1943 625 2156 698; x_wconf 82' lang='lat' dir='ltr'><strong>Olymp.</strong></span> <span class='ocrx_word' id='word_1_21' title='bbox 2191 636 2444 684; x_wconf 69' lang='lat' dir='ltr'><strong>timo-rum</strong></span> <span class='ocrx_word' id='word_1_22' title='bbox 2487 629 2816 699; x_wconf 74' lang='lat' dir='ltr'><strong>populorum</strong></span> <span class='ocrx_word' id='word_1_23' title='bbox 2862 625 3166 700; x_wconf 73' lang='lat' dir='ltr'><strong>Po/ttiﬁces,</strong></span> <span class='ocrx_word' id='word_1_24' title='bbox 3199 633 3295 686; x_wconf 84' lang='lat' dir='ltr'><strong>Re-</strong></span> <span class='ocrx_word' id='word_1_25' title='bbox 3330 629 3503 700; x_wconf 33' lang='grc' dir='ltr'><strong>κενου</strong></span> 
     </span>
    </p>
   </div>
   <div class='ocr_carea' id='block_1_6' title="bbox 219 642 1722 709">
    <p class='ocr_par' dir='ltr' id='par_1_6' title="bbox 219 642 1722 709">
     <span class='ocr_line' id='line_1_6' title="bbox 219 642 1722 709; baseline 0.001 -14"><span class='ocrx_word' id='word_1_26' title='bbox 219 643 341 695; x_wconf 81' lang='lat' dir='ltr'><strong>Per.</strong></span> <span class='ocrx_word' id='word_1_27' title='bbox 500 655 643 703; x_wconf 82' lang='lat' dir='ltr'><strong>rum,</strong></span> <span class='ocrx_word' id='word_1_28' title='bbox 672 656 756 695; x_wconf 86' lang='lat' dir='ltr'><strong>res</strong></span> <span class='ocrx_word' id='word_1_29' title='bbox 777 645 940 709; x_wconf 66' lang='lat' dir='ltr'><strong>gesta:</strong></span> <span class='ocrx_word' id='word_1_30' title='bbox 986 645 1036 694; x_wconf 88' lang='lat' dir='ltr'><strong>et</strong></span> <span class='ocrx_word' id='word_1_31' title='bbox 1091 642 1428 696; x_wconf 78' lang='lat' dir='ltr'><strong>documenta.</strong></span> <span class='ocrx_word' id='word_1_32' title='bbox 1577 644 1639 697; x_wconf 93' lang='lat' dir='ltr'><strong>U.</strong></span> <span class='ocrx_word' id='word_1_33' title='bbox 1683 643 1722 697; x_wconf 90' lang='lat' dir='ltr'><strong>C</strong></span> 
     </span>
    </p>
   </div>
   <div class='ocr_carea' id='block_1_7' title="bbox 200 712 1776 770">
    <p class='ocr_par' dir='ltr' id='par_1_7' title="bbox 200 712 1776 770">
     <span class='ocr_line' id='line_1_7' title="bbox 200 712 1776 770; baseline 0.003 -5"><span class='ocrx_word' id='word_1_34' title='bbox 200 712 311 766; x_wconf 84' lang='lat' dir='ltr'><strong>Jul.</strong></span> <span class='ocrx_word' id='word_1_35' title='bbox 1553 719 1682 768; x_wconf 85' lang='lat' dir='ltr'><strong>ante</strong></span> <span class='ocrx_word' id='word_1_36' title='bbox 1726 721 1776 770; x_wconf 85' lang='lat' dir='ltr'><strong>et</strong></span> 
     </span>
    </p>
   </div>
   <div class='ocr_carea' id='block_1_8' title="bbox 190 783 1784 855">
    <p class='ocr_par' dir='ltr' id='par_1_8' title="bbox 190 783 1784 855">
     <span class='ocr_line' id='line_1_8' title="bbox 190 783 1784 855; baseline 0.001 -17"><span class='ocrx_word' id='word_1_37' title='bbox 190 787 240 838; x_wconf 77' lang='lat' dir='ltr'><strong>et</strong></span> <span class='ocrx_word' id='word_1_38' title='bbox 263 783 371 838; x_wconf 85' lang='lat' dir='ltr'><strong>Ind</strong></span> <span class='ocrx_word' id='word_1_39' title='bbox 1452 790 1586 855; x_wconf 85' lang='lat' dir='ltr'><strong>post</strong></span> <span class='ocrx_word' id='word_1_40' title='bbox 1637 787 1784 840; x_wconf 81' lang='lat' dir='ltr'><strong>Pal-il</strong></span> 
     </span>
    </p>
   </div>
   <div class='ocr_carea' id='block_1_9' title="bbox 209 1139 1721 1212">
    <p class='ocr_par' dir='ltr' id='par_1_9' title="bbox 209 1139 1721 1212">
     <span class='ocr_line' id='line_1_9' title="bbox 209 1139 1721 1212; baseline 0 -14"><span class='ocrx_word' id='word_1_41' title='bbox 209 1139 350 1198; x_wconf 85' lang='grc'><strong>5068</strong></span> <span class='ocrx_word' id='word_1_42' title='bbox 494 1142 635 1209; x_wconf 88' lang='lat' dir='ltr'><strong>Imp.</strong></span> <span class='ocrx_word' id='word_1_43' title='bbox 679 1141 798 1195; x_wconf 65' lang='lat' dir='ltr'><strong>Caes</strong></span> <span class='ocrx_word' id='word_1_44' title='bbox 845 1140 1222 1196; x_wconf 79' lang='lat' dir='ltr'><strong>Constantius</strong></span> <span class='ocrx_word' id='word_1_45' title='bbox 1256 1139 1385 1212; x_wconf 91' lang='lat' dir='ltr'><strong>Aug</strong></span> <span class='ocrx_word' id='word_1_46' title='bbox 1429 1146 1503 1197; x_wconf 89' lang='lat' dir='ltr'><strong>tr.</strong></span> <span class='ocrx_word' id='word_1_47' title='bbox 1583 1139 1721 1198; x_wconf 88' lang='lat'><strong>4407</strong></span> 
     </span>
    </p>
   </div>
   <div class='ocr_carea' id='block_1_10' title="bbox 178 1175 1021 1305">
    <p class='ocr_par' dir='ltr' id='par_1_10' title="bbox 178 1175 1021 1305">
     <span class='ocr_line' id='line_1_10' title="bbox 178 1175 1021 1305; baseline -0.004 -19"><span class='ocrx_word' id='word_1_48' title='bbox 323 1228 396 1285; x_wconf 89' lang='lat'>28</span> <span class='ocrx_word' id='word_1_49' title='bbox 428 1245 480 1300; x_wconf 93' lang='lat' dir='ltr'><strong>p.</strong></span> <span class='ocrx_word' id='word_1_50' title='bbox 519 1175 670 1284; x_wconf 59' lang='lat' dir='ltr'><strong>48Pet</strong></span> <span class='ocrx_word' id='word_1_51' title='bbox 699 1227 764 1283; x_wconf 90' lang='lat'><strong>49</strong></span> <span class='ocrx_word' id='word_1_52' title='bbox 793 1243 892 1284; x_wconf 92' lang='lat' dir='ltr'><strong>cos</strong></span> <span class='ocrx_word' id='word_1_53' title='bbox 920 1243 1021 1283; x_wconf 84' lang='lat' dir='ltr'><strong>vn.</strong></span> 
     </span>
    </p>
   </div>
   <div class='ocr_carea' id='block_1_11' title="bbox 171 1326 1510 1400">
    <p class='ocr_par' dir='ltr' id='par_1_11' title="bbox 171 1326 1510 1400">
     <span class='ocr_line' id='line_1_11' title="bbox 171 1326 1510 1400; baseline 0.003 -20"><span class='ocrx_word' id='word_1_54' title='bbox 171 1327 244 1400; x_wconf 66' lang='grc' dir='ltr'><strong>θ</strong></span> <span class='ocrx_word' id='word_1_55' title='bbox 321 1326 389 1384; x_wconf 70' lang='grc'><strong>44</strong></span> <span class='ocrx_word' id='word_1_56' title='bbox 489 1327 1051 1384; x_wconf 83' lang='lat' dir='ltr'><strong>FLClaudJulianus</strong></span> <span class='ocrx_word' id='word_1_57' title='bbox 1074 1329 1262 1385; x_wconf 67' lang='lat' dir='ltr'><strong>Caesar</strong></span> <span class='ocrx_word' id='word_1_58' title='bbox 1285 1329 1510 1385; x_wconf 88' lang='lat' dir='ltr'><strong>dicitur</strong></span> 
     </span>
    </p>
   </div>
   <div class='ocr_carea' id='block_1_12' title="bbox 274 1417 1505 1488">
    <p class='ocr_par' dir='ltr' id='par_1_12' title="bbox 274 1417 1505 1488">
     <span class='ocr_line' id='line_1_12' title="bbox 274 1417 1505 1488; baseline -0.002 -14"><span class='ocrx_word' id='word_1_59' title='bbox 274 1419 320 1474; x_wconf 93' lang='lat' dir='ltr'><strong>A</strong></span> <span class='ocrx_word' id='word_1_60' title='bbox 421 1417 520 1488; x_wconf 87' lang='lat' dir='ltr'><strong>qui</strong></span> <span class='ocrx_word' id='word_1_61' title='bbox 599 1423 722 1472; x_wconf 89' lang='lat' dir='ltr'><strong>erat</strong></span> <span class='ocrx_word' id='word_1_62' title='bbox 785 1417 937 1473; x_wconf 86' lang='lat' dir='ltr'>Galli</span> <span class='ocrx_word' id='word_1_63' title='bbox 1007 1418 1250 1473; x_wconf 69' lang='lat' dir='ltr'><strong>Caesaris</strong></span> <span class='ocrx_word' id='word_1_64' title='bbox 1330 1417 1505 1474; x_wconf 88' lang='lat' dir='ltr'><strong>frater</strong></span> 
     </span>
    </p>
   </div>
   <div class='ocr_carea' id='block_1_13' title="bbox 169 1506 960 1562">
    <p class='ocr_par' dir='ltr' id='par_1_13' title="bbox 169 1506 960 1562">
     <span class='ocr_line' id='line_1_13' title="bbox 169 1506 960 1562; baseline -0.003 0"><span class='ocrx_word' id='word_1_65' title='bbox 169 1508 370 1562; x_wconf 76' lang='lat' dir='ltr'><strong>Indi&#39;ct.</strong></span> <span class='ocrx_word' id='word_1_66' title='bbox 412 1520 541 1562; x_wconf 83' lang='lat' dir='ltr'><strong>vm.</strong></span> <span class='ocrx_word' id='word_1_67' title='bbox 574 1506 655 1561; x_wconf 91' lang='lat' dir='ltr'><strong>Id.</strong></span> <span class='ocrx_word' id='word_1_68' title='bbox 691 1507 960 1562; x_wconf 86' lang='lat' dir='ltr'><strong>Novemb.</strong></span> 
     </span>
    </p>
   </div>
   <div class='ocr_carea' id='block_1_14' title="bbox 221 1594 1111 1688">
    <p class='ocr_par' dir='ltr' id='par_1_14' title="bbox 221 1594 1111 1688">
     <span class='ocr_line' id='line_1_14' title="bbox 221 1594 1111 1688; baseline 0.003 -39"><span class='ocrx_word' id='word_1_69' title='bbox 221 1610 376 1688; x_wconf 43' lang='lat' dir='ltr'><strong>lxxii“</strong></span> <span class='ocrx_word' id='word_1_70' title='bbox 413 1632 556 1688; x_wconf 75' lang='lat' dir='ltr'><strong>COSS</strong></span> <span class='ocrx_word' id='word_1_71' title='bbox 631 1594 710 1650; x_wconf 90' lang='lat' dir='ltr'><strong>Fl.</strong></span> <span class='ocrx_word' id='word_1_72' title='bbox 747 1637 758 1649; x_wconf 98' lang='lat'><strong>.</strong></span> <span class='ocrx_word' id='word_1_73' title='bbox 789 1637 800 1648; x_wconf 92' lang='lat'><strong>.</strong></span> <span class='ocrx_word' id='word_1_74' title='bbox 825 1596 1111 1688; x_wconf 51' lang='lat' dir='ltr'><strong>Ar&#39;bet&#39;tjo:</strong></span> 
     </span>
    </p>
   </div>
   <div class='ocr_carea' id='block_1_15' title="bbox 179 1669 1213 1724">
    <p class='ocr_par' dir='ltr' id='par_1_15' title="bbox 179 1669 1213 1724">
     <span class='ocr_line' id='line_1_15' title="bbox 179 1669 1213 1724; baseline 0 -3"><span class='ocrx_word' id='word_1_75' title='bbox 179 1673 230 1721; x_wconf 85' lang='lat' dir='ltr'><strong>et</strong></span> <span class='ocrx_word' id='word_1_76' title='bbox 280 1682 376 1722; x_wconf 71' lang='lat' dir='ltr'><strong>xxv</strong></span> <span class='ocrx_word' id='word_1_77' title='bbox 414 1669 556 1716; x_wconf 66' lang='lat' dir='ltr'><strong>W2”</strong></span> <span class='ocrx_word' id='word_1_78' title='bbox 635 1709 646 1720; x_wconf 97' lang='lat'><strong>.</strong></span> <span class='ocrx_word' id='word_1_79' title='bbox 689 1708 702 1720; x_wconf 95' lang='lat'><strong>.</strong></span> <span class='ocrx_word' id='word_1_80' title='bbox 740 1709 752 1721; x_wconf 96' lang='lat'><strong>.</strong></span> <span class='ocrx_word' id='word_1_81' title='bbox 793 1708 806 1719; x_wconf 94' lang='lat'><strong>.</strong></span> <span class='ocrx_word' id='word_1_82' title='bbox 841 1707 854 1721; x_wconf 94' lang='lat'><strong>.</strong></span> <span class='ocrx_word' id='word_1_83' title='bbox 895 1669 1213 1724; x_wconf 89' lang='lat' dir='ltr'><strong>Lollianus.</strong></span> 
     </span>
    </p>
   </div>
   <div class='ocr_carea' id='block_1_16' title="bbox 485 1753 1497 1829">
    <p class='ocr_par' dir='ltr' id='par_1_16' title="bbox 485 1753 1497 1829">
     <span class='ocr_line' id='line_1_16' title="bbox 485 1753 1497 1829; baseline -0.002 -16"><span class='ocrx_word' id='word_1_84' title='bbox 485 1758 698 1813; x_wconf 84' lang='lat' dir='ltr'><strong>Gruter</strong></span> <span class='ocrx_word' id='word_1_85' title='bbox 740 1753 881 1811; x_wconf 88' lang='lat'>4055</span> <span class='ocrx_word' id='word_1_86' title='bbox 912 1755 944 1812; x_wconf 77' lang='lat'><strong>4</strong></span> <span class='ocrx_word' id='word_1_87' title='bbox 983 1758 1307 1829; x_wconf 89' lang='lat' dir='ltr'><strong>Aringhius</strong></span> <span class='ocrx_word' id='word_1_88' title='bbox 1347 1759 1408 1812; x_wconf 89' lang='lat' dir='ltr'><strong>T.</strong></span> <span class='ocrx_word' id='word_1_89' title='bbox 1443 1755 1497 1812; x_wconf 87' lang='lat'><strong>2.</strong></span> 
     </span>
    </p>
   </div>
   <div class='ocr_carea' id='block_1_17' title="bbox 415 1845 1502 1918">
    <p class='ocr_par' dir='ltr' id='par_1_17' title="bbox 415 1845 1502 1918">
     <span class='ocr_line' id='line_1_17' title="bbox 415 1845 1502 1918; baseline 0.001 -16"><span class='ocrx_word' id='word_1_90' title='bbox 415 1864 467 1918; x_wconf 91' lang='lat' dir='ltr'><strong>p.</strong></span> <span class='ocrx_word' id='word_1_91' title='bbox 504 1845 610 1903; x_wconf 83' lang='lat'><strong>287</strong></span> <span class='ocrx_word' id='word_1_92' title='bbox 641 1847 743 1902; x_wconf 94' lang='lat' dir='ltr'><strong>cod</strong></span> <span class='ocrx_word' id='word_1_93' title='bbox 782 1846 975 1904; x_wconf 89' lang='lat' dir='ltr'><strong>Theod</strong></span> <span class='ocrx_word' id='word_1_94' title='bbox 1007 1849 1045 1904; x_wconf 93' lang='lat' dir='ltr'><strong>l.</strong></span> <span class='ocrx_word' id='word_1_95' title='bbox 1072 1845 1138 1902; x_wconf 88' lang='lat'><strong>42</strong></span> <span class='ocrx_word' id='word_1_96' title='bbox 1166 1849 1236 1902; x_wconf 90' lang='lat' dir='ltr'><strong>de</strong></span> <span class='ocrx_word' id='word_1_97' title='bbox 1275 1849 1502 1918; x_wconf 90' lang='lat' dir='ltr'><strong>Episco-</strong></span> 
     </span>
    </p>
   </div>
   <div class='ocr_carea' id='block_1_18' title="bbox 417 1939 1502 2008">
    <p class='ocr_par' dir='ltr' id='par_1_18' title="bbox 417 1939 1502 2008">
     <span class='ocr_line' id='line_1_18' title="bbox 417 1939 1502 2008; baseline -0.001 -14"><span class='ocrx_word' id='word_1_98' title='bbox 417 1941 528 2008; x_wconf 91' lang='lat' dir='ltr'><strong>pis,</strong></span> <span class='ocrx_word' id='word_1_99' title='bbox 550 1945 657 1994; x_wconf 85' lang='lat' dir='ltr'><strong>etc.</strong></span> <span class='ocrx_word' id='word_1_100' title='bbox 679 1941 829 2008; x_wconf 91' lang='lat' dir='ltr'><strong>apud</strong></span> <span class='ocrx_word' id='word_1_101' title='bbox 855 1940 1088 1994; x_wconf 89' lang='lat' dir='ltr'><strong>Reland.</strong></span> <span class='ocrx_word' id='word_1_102' title='bbox 1116 1939 1196 1993; x_wconf 90' lang='lat' dir='ltr'><strong>Fl.</strong></span> <span class='ocrx_word' id='word_1_103' title='bbox 1230 1939 1502 1993; x_wconf 82' lang='lat' dir='ltr'><strong>Julianus</strong></span> 
     </span>
    </p>
   </div>
   <div class='ocr_carea' id='block_1_19' title="bbox 411 2027 1502 2096">
    <p class='ocr_par' dir='ltr' id='par_1_19' title="bbox 411 2027 1502 2096">
     <span class='ocr_line' id='line_1_19' title="bbox 411 2027 1502 2096; baseline -0.001 -13"><span class='ocrx_word' id='word_1_104' title='bbox 411 2028 602 2083; x_wconf 58' lang='lat' dir='ltr'><strong>Caesar</strong></span> <span class='ocrx_word' id='word_1_105' title='bbox 621 2027 809 2084; x_wconf 84' lang='lat' dir='ltr'><strong>factus</strong></span> <span class='ocrx_word' id='word_1_106' title='bbox 833 2027 1234 2096; x_wconf 82' lang='lat' dir='ltr'><strong>Transalpinis</strong></span> <span class='ocrx_word' id='word_1_107' title='bbox 1268 2027 1502 2096; x_wconf 66' lang='lat' dir='ltr'><strong>praeﬁci-</strong></span> 
     </span>
    </p>
   </div>
   <div class='ocr_carea' id='block_1_20' title="bbox 417 2115 1499 2186">
    <p class='ocr_par' dir='ltr' id='par_1_20' title="bbox 417 2115 1499 2186">
     <span class='ocr_line' id='line_1_20' title="bbox 417 2115 1499 2186; baseline -0.001 -14"><span class='ocrx_word' id='word_1_108' title='bbox 417 2124 535 2185; x_wconf 92' lang='lat' dir='ltr'><strong>tur,</strong></span> <span class='ocrx_word' id='word_1_109' title='bbox 580 2117 750 2186; x_wconf 86' lang='lat' dir='ltr'><strong>eique</strong></span> <span class='ocrx_word' id='word_1_110' title='bbox 790 2117 999 2171; x_wconf 88' lang='lat' dir='ltr'><strong>Helena</strong></span> <span class='ocrx_word' id='word_1_111' title='bbox 1039 2115 1363 2170; x_wconf 85' lang='lat' dir='ltr'><strong>Constantii</strong></span> <span class='ocrx_word' id='word_1_112' title='bbox 1395 2129 1499 2171; x_wconf 89' lang='lat' dir='ltr'><strong>so-</strong></span> 
     </span>
    </p>
   </div>
   <div class='ocr_carea' id='block_1_21' title="bbox 416 2204 1494 2261">
    <p class='ocr_par' dir='ltr' id='par_1_21' title="bbox 416 2204 1494 2261">
     <span class='ocr_line' id='line_1_21' title="bbox 416 2204 1494 2261; baseline 0.001 -2"><span class='ocrx_word' id='word_1_113' title='bbox 416 2219 513 2261; x_wconf 91' lang='lat' dir='ltr'><strong>ror</strong></span> <span class='ocrx_word' id='word_1_114' title='bbox 588 2204 777 2260; x_wconf 92' lang='lat' dir='ltr'><strong>nubit.</strong></span> <span class='ocrx_word' id='word_1_115' title='bbox 836 2204 1102 2260; x_wconf 88' lang='lat' dir='ltr'><strong>Ammian</strong></span> <span class='ocrx_word' id='word_1_116' title='bbox 1155 2205 1342 2260; x_wconf 89' lang='lat' dir='ltr'><strong>Zosim</strong></span> <span class='ocrx_word' id='word_1_117' title='bbox 1408 2219 1494 2260; x_wconf 85' lang='grc' dir='ltr'>ιιι.</span> 
     </span>
    </p>
   </div>
   <div class='ocr_carea' id='block_1_22' title="bbox 413 2295 926 2350">
    <p class='ocr_par' dir='ltr' id='par_1_22' title="bbox 413 2295 926 2350">
     <span class='ocr_line' id='line_1_22' title="bbox 413 2295 926 2350; baseline -0.006 0"><span class='ocrx_word' id='word_1_118' title='bbox 413 2295 557 2350; x_wconf 86' lang='lat' dir='ltr'><strong>Idati</strong></span> <span class='ocrx_word' id='word_1_119' title='bbox 572 2310 654 2349; x_wconf 90' lang='lat' dir='ltr'><strong>us.</strong></span> <span class='ocrx_word' id='word_1_120' title='bbox 691 2296 926 2350; x_wconf 85' lang='lat' dir='ltr'><strong>Hieron.</strong></span> 
     </span>
    </p>
   </div>
   <div class='ocr_carea' id='block_1_23' title="bbox 183 2381 340 2439">
    <p class='ocr_par' dir='ltr' id='par_1_23' title="bbox 183 2381 340 2439">
     <span class='ocr_line' id='line_1_23' title="bbox 183 2381 340 2439; baseline -0.013 0"><span class='ocrx_word' id='word_1_121' title='bbox 183 2381 340 2439; x_wconf 84' lang='lat'><strong>5069</strong></span> 
     </span>
    </p>
   </div>
   <div class='ocr_carea' id='block_1_24' title="bbox 160 2470 1053 2546">
    <p class='ocr_par' dir='ltr' id='par_1_24' title="bbox 160 2470 1053 2546">
     <span class='ocr_line' id='line_1_24' title="bbox 160 2470 1053 2546; baseline 0.002 -21"><span class='ocrx_word' id='word_1_122' title='bbox 318 2471 343 2526; x_wconf 92' lang='lat'><strong>4</strong></span> <span class='ocrx_word' id='word_1_123' title='bbox 409 2487 463 2542; x_wconf 92' lang='lat' dir='ltr'><strong>p.</strong></span> <span class='ocrx_word' id='word_1_124' title='bbox 495 2471 563 2527; x_wconf 90' lang='grc'><strong>49</strong></span> <span class='ocrx_word' id='word_1_125' title='bbox 589 2479 646 2527; x_wconf 87' lang='lat' dir='ltr'><strong>et</strong></span> <span class='ocrx_word' id='word_1_126' title='bbox 673 2470 765 2543; x_wconf 82' lang='lat'><strong>20,</strong></span> <span class='ocrx_word' id='word_1_127' title='bbox 800 2487 899 2528; x_wconf 92' lang='lat' dir='ltr'><strong>cos</strong></span> <span class='ocrx_word' id='word_1_128' title='bbox 929 2487 1053 2528; x_wconf 80' lang='lat' dir='ltr'><strong>VIII.</strong></span> 
     </span>
    </p>
   </div>
   <div class='ocr_carea' id='block_1_25' title="bbox 149 2567 983 2640">
    <p class='ocr_par' dir='ltr' id='par_1_25' title="bbox 149 2567 983 2640">
     <span class='ocr_line' id='line_1_25' title="bbox 149 2567 983 2640; baseline 0.001 -16"><span class='ocrx_word' id='word_1_129' title='bbox 149 2569 220 2640; x_wconf 69' lang='grc' dir='ltr'><strong>θ</strong></span> <span class='ocrx_word' id='word_1_130' title='bbox 296 2567 366 2625; x_wconf 88' lang='grc'>45</span> <span class='ocrx_word' id='word_1_131' title='bbox 476 2570 744 2624; x_wconf 87' lang='lat' dir='ltr'><strong>Julianus</strong></span> <span class='ocrx_word' id='word_1_132' title='bbox 779 2570 983 2625; x_wconf 67' lang='lat' dir='ltr'><strong>Ctesar.</strong></span> 
     </span>
    </p>
   </div>
   <div class='ocr_carea' id='block_1_26' title="bbox 189 2659 1484 2732">
    <p class='ocr_par' dir='ltr' id='par_1_26' title="bbox 189 2659 1484 2732">
     <span class='ocr_line' id='line_1_26' title="bbox 189 2659 1484 2732; baseline 0.003 -19"><span class='ocrx_word' id='word_1_133' title='bbox 189 2659 233 2713; x_wconf 89' lang='lat' dir='ltr'><strong><em>G</em></strong></span> <span class='ocrx_word' id='word_1_134' title='bbox 285 2663 330 2714; x_wconf 86' lang='lat' dir='ltr'><strong><em>F</em></strong></span> <span class='ocrx_word' id='word_1_135' title='bbox 400 2659 538 2714; x_wconf 90' lang='lat' dir='ltr'><strong>Coss</strong></span> <span class='ocrx_word' id='word_1_136' title='bbox 590 2660 710 2728; x_wconf 79' lang='lat' dir='ltr'><strong>Imp</strong></span> <span class='ocrx_word' id='word_1_137' title='bbox 758 2660 1137 2716; x_wconf 86' lang='lat' dir='ltr'><strong>Constantius</strong></span> <span class='ocrx_word' id='word_1_138' title='bbox 1189 2661 1315 2732; x_wconf 87' lang='lat' dir='ltr'><strong>Aug</strong></span> <span class='ocrx_word' id='word_1_139' title='bbox 1363 2677 1484 2718; x_wconf 85' lang='lat' dir='ltr'><strong>vm.</strong></span> 
     </span>
    </p>
   </div>
   <div class='ocr_carea' id='block_1_27' title="bbox 173 2748 1236 2805">
    <p class='ocr_par' dir='ltr' id='par_1_27' title="bbox 173 2748 1236 2805">
     <span class='ocr_line' id='line_1_27' title="bbox 173 2748 1236 2805; baseline 0.003 -3"><span class='ocrx_word' id='word_1_140' title='bbox 173 2749 355 2802; x_wconf 86' lang='lat' dir='ltr'><strong>Indict</strong></span> <span class='ocrx_word' id='word_1_141' title='bbox 407 2749 579 2803; x_wconf 89' lang='lat' dir='ltr'><strong>iidem</strong></span> <span class='ocrx_word' id='word_1_142' title='bbox 613 2748 695 2803; x_wconf 87' lang='lat' dir='ltr'><strong>Fl.</strong></span> <span class='ocrx_word' id='word_1_143' title='bbox 726 2749 998 2804; x_wconf 79' lang='lat' dir='ltr'><strong>Julianus</strong></span> <span class='ocrx_word' id='word_1_144' title='bbox 1034 2749 1236 2805; x_wconf 68' lang='lat' dir='ltr'><strong>Cmsar.</strong></span> 
     </span>
    </p>
   </div>
   <div class='ocr_carea' id='block_1_28' title="bbox 205 2838 1495 2912">
    <p class='ocr_par' dir='ltr' id='par_1_28' title="bbox 205 2838 1495 2912">
     <span class='ocr_line' id='line_1_28' title="bbox 205 2838 1495 2912; baseline 0.005 -20"><span class='ocrx_word' id='word_1_145' title='bbox 205 2851 305 2892; x_wconf 79' lang='lat' dir='ltr'><strong>xiv</strong></span> <span class='ocrx_word' id='word_1_146' title='bbox 479 2840 535 2892; x_wconf 92' lang='lat' dir='ltr'><strong>C.</strong></span> <span class='ocrx_word' id='word_1_147' title='bbox 579 2839 766 2894; x_wconf 89' lang='lat' dir='ltr'><strong>Theod</strong></span> <span class='ocrx_word' id='word_1_148' title='bbox 817 2839 853 2893; x_wconf 94' lang='lat' dir='ltr'><strong>I.</strong></span> <span class='ocrx_word' id='word_1_149' title='bbox 885 2838 920 2894; x_wconf 88' lang='lat'>6</span> <span class='ocrx_word' id='word_1_150' title='bbox 949 2840 1019 2894; x_wconf 91' lang='lat' dir='ltr'><strong>de</strong></span> <span class='ocrx_word' id='word_1_151' title='bbox 1063 2841 1245 2912; x_wconf 83' lang='lat' dir='ltr'><strong>Pagan</strong></span> <span class='ocrx_word' id='word_1_152' title='bbox 1310 2841 1495 2898; x_wconf 90' lang='lat' dir='ltr'><strong>sacrif</strong></span> 
     </span>
    </p>
   </div>
   <div class='ocr_carea' id='block_1_29' title="bbox 186 2927 1490 3003">
    <p class='ocr_par' dir='ltr' id='par_1_29' title="bbox 186 2927 1490 3003">
     <span class='ocr_line' id='line_1_29' title="bbox 186 2927 1490 3003; baseline 0.005 -23"><span class='ocrx_word' id='word_1_153' title='bbox 186 2933 324 2982; x_wconf 84' lang='lat' dir='ltr'><strong>etxv</strong></span> <span class='ocrx_word' id='word_1_154' title='bbox 405 2933 461 2983; x_wconf 90' lang='lat' dir='ltr'><strong>et</strong></span> <span class='ocrx_word' id='word_1_155' title='bbox 515 2933 668 2998; x_wconf 88' lang='lat' dir='ltr'><strong>temp</strong></span> <span class='ocrx_word' id='word_1_156' title='bbox 722 2927 986 2999; x_wconf 70' lang='lat' dir='ltr'><strong>(aliaeque</strong></span> <span class='ocrx_word' id='word_1_157' title='bbox 1042 2931 1193 2998; x_wconf 90' lang='lat' dir='ltr'><strong>apud</strong></span> <span class='ocrx_word' id='word_1_158' title='bbox 1253 2931 1490 3003; x_wconf 83' lang='lat' dir='ltr'><strong>Reland)</strong></span> 
     </span>
    </p>
   </div>
   <div class='ocr_carea' id='block_1_30' title="bbox 405 3017 1490 3087">
    <p class='ocr_par' dir='ltr' id='par_1_30' title="bbox 405 3017 1490 3087">
     <span class='ocr_line' id='line_1_30' title="bbox 405 3017 1490 3087; baseline 0.005 -15"><span class='ocrx_word' id='word_1_159' title='bbox 405 3017 507 3072; x_wconf 92' lang='lat' dir='ltr'><strong>ubi</strong></span> <span class='ocrx_word' id='word_1_160' title='bbox 528 3018 795 3087; x_wconf 86' lang='lat' dir='ltr'><strong>capitalis</strong></span> <span class='ocrx_word' id='word_1_161' title='bbox 810 3031 970 3087; x_wconf 67' lang='lat' dir='ltr'><strong>paena</strong></span> <span class='ocrx_word' id='word_1_162' title='bbox 995 3020 1328 3076; x_wconf 88' lang='lat' dir='ltr'><strong>decernitur</strong></span> <span class='ocrx_word' id='word_1_163' title='bbox 1346 3035 1490 3077; x_wconf 88' lang='lat' dir='ltr'><strong>con-</strong></span> 
     </span>
    </p>
   </div>
   <div class='ocr_carea' id='block_1_31' title="bbox 404 3108 1304 3166">
    <p class='ocr_par' dir='ltr' id='par_1_31' title="bbox 404 3108 1304 3166">
     <span class='ocr_line' id='line_1_31' title="bbox 404 3108 1304 3166; baseline 0.002 -4"><span class='ocrx_word' id='word_1_164' title='bbox 404 3113 492 3162; x_wconf 90' lang='lat' dir='ltr'><strong>tra</strong></span> <span class='ocrx_word' id='word_1_165' title='bbox 523 3108 915 3165; x_wconf 74' lang='lat' dir='ltr'><strong>sacriﬁcantes</strong></span> <span class='ocrx_word' id='word_1_166' title='bbox 949 3110 1304 3166; x_wconf 86' lang='lat' dir='ltr'><strong>simulacris.</strong></span> 
     </span>
    </p>
   </div>
   <div class='ocr_carea' id='block_1_32' title="bbox 473 3197 1490 3258">
    <p class='ocr_par' dir='ltr' id='par_1_32' title="bbox 473 3197 1490 3258">
     <span class='ocr_line' id='line_1_32' title="bbox 473 3197 1490 3258; baseline 0.008 -8"><span class='ocrx_word' id='word_1_167' title='bbox 473 3197 847 3253; x_wconf 84' lang='lat' dir='ltr'><strong>Constantius</strong></span> <span class='ocrx_word' id='word_1_168' title='bbox 895 3212 952 3253; x_wconf 83' lang='lat' dir='ltr'><strong>1v</strong></span> <span class='ocrx_word' id='word_1_169' title='bbox 1010 3199 1110 3254; x_wconf 88' lang='lat' dir='ltr'><strong>Kal</strong></span> <span class='ocrx_word' id='word_1_170' title='bbox 1161 3201 1291 3256; x_wconf 91' lang='lat' dir='ltr'><strong>Jun.</strong></span> <span class='ocrx_word' id='word_1_171' title='bbox 1342 3201 1490 3258; x_wconf 86' lang='lat' dir='ltr'><strong>Urbe</strong></span> 
     </span>
    </p>
   </div>
   <div class='ocr_carea' id='block_1_33' title="bbox 400 3285 1488 3361">
    <p class='ocr_par' dir='ltr' id='par_1_33' title="bbox 400 3285 1488 3361">
     <span class='ocr_line' id='line_1_33' title="bbox 400 3285 1488 3361; baseline 0.006 -21"><span class='ocrx_word' id='word_1_172' title='bbox 400 3285 703 3355; x_wconf 81' lang='lat' dir='ltr'><strong>digressus</strong></span> <span class='ocrx_word' id='word_1_173' title='bbox 748 3288 806 3342; x_wconf 92' lang='lat' dir='ltr'><strong>in</strong></span> <span class='ocrx_word' id='word_1_174' title='bbox 859 3289 1150 3358; x_wconf 87' lang='lat' dir='ltr'><strong>Illyricum</strong></span> <span class='ocrx_word' id='word_1_175' title='bbox 1187 3291 1391 3361; x_wconf 80' lang='lat' dir='ltr'><strong>pergit,</strong></span> <span class='ocrx_word' id='word_1_176' title='bbox 1431 3298 1488 3347; x_wconf 85' lang='lat' dir='ltr'><strong>et</strong></span> 
     </span>
    </p>
   </div>
   <div class='ocr_carea' id='block_1_34' title="bbox 397 3375 1486 3448">
    <p class='ocr_par' dir='ltr' id='par_1_34' title="bbox 397 3375 1486 3448">
     <span class='ocr_line' id='line_1_34' title="bbox 397 3375 1486 3448; baseline 0.006 -19"><span class='ocrx_word' id='word_1_177' title='bbox 397 3375 602 3430; x_wconf 90' lang='lat' dir='ltr'><strong>Osium</strong></span> <span class='ocrx_word' id='word_1_178' title='bbox 651 3391 718 3432; x_wconf 90' lang='lat' dir='ltr'><strong>eo</strong></span> <span class='ocrx_word' id='word_1_179' title='bbox 766 3379 1100 3446; x_wconf 90' lang='lat' dir='ltr'><strong>perductum</strong></span> <span class='ocrx_word' id='word_1_180' title='bbox 1153 3393 1248 3448; x_wconf 88' lang='lat' dir='ltr'><strong>per</strong></span> <span class='ocrx_word' id='word_1_181' title='bbox 1271 3394 1486 3435; x_wconf 89' lang='lat' dir='ltr'><strong>annum</strong></span> 
     </span>
    </p>
   </div>
   <div class='ocr_carea' id='block_1_35' title="bbox 405 3467 1489 3532">
    <p class='ocr_par' dir='ltr' id='par_1_35' title="bbox 405 3467 1489 3532">
     <span class='ocr_line' id='line_1_35' title="bbox 405 3467 1489 3532; baseline 0.006 -14"><span class='ocrx_word' id='word_1_182' title='bbox 405 3471 672 3532; x_wconf 89' lang='lat' dir='ltr'><strong>macerat,</strong></span> <span class='ocrx_word' id='word_1_183' title='bbox 721 3472 786 3520; x_wconf 89' lang='lat' dir='ltr'><strong>ut</strong></span> <span class='ocrx_word' id='word_1_184' title='bbox 820 3467 1123 3522; x_wconf 87' lang='lat' dir='ltr'><strong>Athanasii</strong></span> <span class='ocrx_word' id='word_1_185' title='bbox 1155 3468 1489 3525; x_wconf 76' lang='lat' dir='ltr'><strong>damnatio-</strong></span> 
     </span>
    </p>
   </div>
   <div class='ocr_carea' id='block_1_36' title="bbox 404 3554 1290 3624">
    <p class='ocr_par' dir='ltr' id='par_1_36' title="bbox 404 3554 1290 3624">
     <span class='ocr_line' id='line_1_36' title="bbox 404 3554 1290 3624; baseline 0.006 -16"><span class='ocrx_word' id='word_1_186' title='bbox 404 3567 532 3608; x_wconf 90' lang='lat' dir='ltr'><strong>nem</strong></span> <span class='ocrx_word' id='word_1_187' title='bbox 567 3561 928 3624; x_wconf 81' lang='lat' dir='ltr'><strong>extorqueat.</strong></span> <span class='ocrx_word' id='word_1_188' title='bbox 959 3558 1160 3613; x_wconf 89' lang='lat' dir='ltr'><strong>Socrat</strong></span> <span class='ocrx_word' id='word_1_189' title='bbox 1183 3556 1222 3611; x_wconf 92' lang='lat' dir='ltr'><strong>l.</strong></span> <span class='ocrx_word' id='word_1_190' title='bbox 1253 3554 1290 3613; x_wconf 88' lang='lat'><strong>2</strong></span> 
     </span>
    </p>
   </div>
   <div class='ocr_carea' id='block_1_37' title="bbox 178 4101 1479 4178">
    <p class='ocr_par' dir='ltr' id='par_1_37' title="bbox 178 4101 1479 4178">
     <span class='ocr_line' id='line_1_37' title="bbox 178 4101 1479 4178; baseline 0 -17"><span class='ocrx_word' id='word_1_191' title='bbox 178 4101 317 4161; x_wconf 86' lang='grc'><strong>5070</strong></span> <span class='ocrx_word' id='word_1_192' title='bbox 474 4104 596 4172; x_wconf 90' lang='lat' dir='ltr'><strong>Imp</strong></span> <span class='ocrx_word' id='word_1_193' title='bbox 624 4103 745 4158; x_wconf 69' lang='lat' dir='ltr'><strong>Caes</strong></span> <span class='ocrx_word' id='word_1_194' title='bbox 774 4103 1151 4160; x_wconf 86' lang='lat' dir='ltr'><strong>Constantius</strong></span> <span class='ocrx_word' id='word_1_195' title='bbox 1169 4103 1298 4177; x_wconf 88' lang='lat' dir='ltr'><strong>Aug</strong></span> <span class='ocrx_word' id='word_1_196' title='bbox 1323 4109 1395 4161; x_wconf 91' lang='lat' dir='ltr'><strong>tr.</strong></span> <span class='ocrx_word' id='word_1_197' title='bbox 1425 4122 1479 4178; x_wconf 92' lang='lat' dir='ltr'><strong>p.</strong></span> 
     </span>
    </p>
   </div>
   <div class='ocr_carea' id='block_1_38' title="bbox 147 4191 918 4267">
    <p class='ocr_par' dir='ltr' id='par_1_38' title="bbox 147 4191 918 4267">
     <span class='ocr_line' id='line_1_38' title="bbox 147 4191 918 4267; baseline 0 -19"><span class='ocrx_word' id='word_1_198' title='bbox 147 4197 212 4267; x_wconf 63' lang='grc' dir='ltr'><strong>(ᾗ</strong></span> <span class='ocrx_word' id='word_1_199' title='bbox 287 4192 323 4248; x_wconf 87' lang='lat'><strong>2</strong></span> <span class='ocrx_word' id='word_1_200' title='bbox 389 4191 657 4263; x_wconf 86' lang='lat' dir='ltr'><strong>20et2l,</strong></span> <span class='ocrx_word' id='word_1_201' title='bbox 702 4207 797 4249; x_wconf 67' lang='lat' dir='ltr'><strong>cos</strong></span> <span class='ocrx_word' id='word_1_202' title='bbox 838 4206 918 4248; x_wconf 83' lang='grc' dir='ltr'>ιιι.</span> 
     </span>
    </p>
   </div>
   <div class='ocr_carea' id='block_1_39' title="bbox 145 4289 1165 4362">
    <p class='ocr_par' dir='ltr' id='par_1_39' title="bbox 145 4289 1165 4362">
     <span class='ocr_line' id='line_1_39' title="bbox 145 4289 1165 4362; baseline 0.002 -16"><span class='ocrx_word' id='word_1_203' title='bbox 145 4289 213 4362; x_wconf 69' lang='grc' dir='ltr'><strong>θ</strong></span> <span class='ocrx_word' id='word_1_204' title='bbox 285 4291 352 4347; x_wconf 91' lang='grc'><strong>46</strong></span> <span class='ocrx_word' id='word_1_205' title='bbox 467 4292 948 4348; x_wconf 74' lang='lat' dir='ltr'><strong>JuliaunsCzesar</strong></span> <span class='ocrx_word' id='word_1_206' title='bbox 977 4307 1074 4350; x_wconf 80' lang='lat' dir='ltr'><strong>cos</strong></span> <span class='ocrx_word' id='word_1_207' title='bbox 1102 4307 1165 4349; x_wconf 92' lang='grc' dir='ltr'><strong>ιι.</strong></span> 
     </span>
    </p>
   </div>
   <div class='ocr_carea' id='block_1_40' title="bbox 213 4382 1352 4456">
    <p class='ocr_par' dir='ltr' id='par_1_40' title="bbox 213 4382 1352 4456">
     <span class='ocr_line' id='line_1_40' title="bbox 213 4382 1352 4456; baseline 0.005 -22"><span class='ocrx_word' id='word_1_208' title='bbox 213 4382 260 4434; x_wconf 91' lang='lat' dir='ltr'><em>E</em></span> <span class='ocrx_word' id='word_1_209' title='bbox 392 4382 534 4437; x_wconf 90' lang='lat' dir='ltr'><strong>Coss</strong></span> <span class='ocrx_word' id='word_1_210' title='bbox 573 4384 691 4450; x_wconf 88' lang='lat' dir='ltr'><strong>imp</strong></span> <span class='ocrx_word' id='word_1_211' title='bbox 715 4383 1089 4439; x_wconf 75' lang='lat' dir='ltr'><strong>Constantius</strong></span> <span class='ocrx_word' id='word_1_212' title='bbox 1118 4385 1243 4456; x_wconf 90' lang='lat' dir='ltr'><strong>Aug</strong></span> <span class='ocrx_word' id='word_1_213' title='bbox 1273 4399 1352 4440; x_wconf 79' lang='grc' dir='ltr'>ιιι.</span> 
     </span>
    </p>
   </div>
   <div class='ocr_carea' id='block_1_41' title="bbox 169 4469 1297 4530">
    <p class='ocr_par' dir='ltr' id='par_1_41' title="bbox 169 4469 1297 4530">
     <span class='ocr_line' id='line_1_41' title="bbox 169 4469 1297 4530; baseline 0.007 -8"><span class='ocrx_word' id='word_1_214' title='bbox 169 4469 344 4525; x_wconf 83' lang='lat' dir='ltr'><strong>Indict</strong></span> <span class='ocrx_word' id='word_1_215' title='bbox 417 4471 587 4526; x_wconf 91' lang='lat' dir='ltr'><strong>iidem</strong></span> <span class='ocrx_word' id='word_1_216' title='bbox 627 4471 702 4526; x_wconf 75' lang='lat' dir='ltr'><strong>Pl.</strong></span> <span class='ocrx_word' id='word_1_217' title='bbox 735 4471 1004 4528; x_wconf 88' lang='lat' dir='ltr'><strong>Julianus</strong></span> <span class='ocrx_word' id='word_1_218' title='bbox 1027 4474 1297 4530; x_wconf 62' lang='lat' dir='ltr'><strong>Caesar”.</strong></span> 
     </span>
    </p>
   </div>
   <div class='ocr_carea' id='block_1_42' title="bbox 217 4561 1475 4633">
    <p class='ocr_par' dir='ltr' id='par_1_42' title="bbox 217 4561 1475 4633">
     <span class='ocr_line' id='line_1_42' title="bbox 217 4561 1475 4633; baseline 0.006 -21"><span class='ocrx_word' id='word_1_219' title='bbox 217 4571 290 4612; x_wconf 85' lang='lat' dir='ltr'><strong>xv</strong></span> <span class='ocrx_word' id='word_1_220' title='bbox 477 4561 536 4615; x_wconf 92' lang='lat' dir='ltr'><strong>C.</strong></span> <span class='ocrx_word' id='word_1_221' title='bbox 567 4561 754 4616; x_wconf 88' lang='lat' dir='ltr'><strong>Theod</strong></span> <span class='ocrx_word' id='word_1_222' title='bbox 783 4563 853 4616; x_wconf 92' lang='lat' dir='ltr'><strong>de</strong></span> <span class='ocrx_word' id='word_1_223' title='bbox 881 4576 1057 4618; x_wconf 90' lang='lat' dir='ltr'><strong>cursu</strong></span> <span class='ocrx_word' id='word_1_224' title='bbox 1089 4564 1284 4633; x_wconf 91' lang='lat' dir='ltr'><strong>public</strong></span> <span class='ocrx_word' id='word_1_225' title='bbox 1316 4564 1355 4620; x_wconf 95' lang='lat' dir='ltr'><strong>l.</strong></span> <span class='ocrx_word' id='word_1_226' title='bbox 1388 4562 1475 4622; x_wconf 88' lang='grc'><strong>40.</strong></span> 
     </span>
    </p>
   </div>
   <div class='ocr_carea' id='block_1_43' title="bbox 212 4649 1484 4720">
    <p class='ocr_par' dir='ltr' id='par_1_43' title="bbox 212 4649 1484 4720">
     <span class='ocr_line' id='line_1_43' title="bbox 212 4649 1484 4720; baseline 0.008 -19"><span class='ocrx_word' id='word_1_227' title='bbox 212 4653 302 4703; x_wconf 80' lang='lat' dir='ltr'><strong>ett</strong></span> <span class='ocrx_word' id='word_1_228' title='bbox 379 4649 628 4720; x_wconf 66' lang='lat' dir='ltr'><strong>aliaeque</strong></span> <span class='ocrx_word' id='word_1_229' title='bbox 662 4651 814 4720; x_wconf 91' lang='lat' dir='ltr'><strong>apud</strong></span> <span class='ocrx_word' id='word_1_230' title='bbox 875 4651 1084 4708; x_wconf 89' lang='lat' dir='ltr'><strong>Reland</strong></span> <span class='ocrx_word' id='word_1_231' title='bbox 1138 4660 1194 4708; x_wconf 89' lang='lat' dir='ltr'><strong>et</strong></span> <span class='ocrx_word' id='word_1_232' title='bbox 1222 4656 1325 4710; x_wconf 94' lang='lat' dir='ltr'><strong>cod</strong></span> <span class='ocrx_word' id='word_1_233' title='bbox 1355 4656 1484 4711; x_wconf 88' lang='lat' dir='ltr'><strong>Just</strong></span> 
     </span>
    </p>
   </div>
   <div class='ocr_carea' id='block_1_44' title="bbox 399 4736 1484 4813">
    <p class='ocr_par' dir='ltr' id='par_1_44' title="bbox 399 4736 1484 4813">
     <span class='ocr_line' id='line_1_44' title="bbox 399 4736 1484 4813; baseline 0.007 -20"><span class='ocrx_word' id='word_1_234' title='bbox 399 4738 484 4793; x_wconf 92' lang='lat' dir='ltr'><strong>lib</strong></span> <span class='ocrx_word' id='word_1_235' title='bbox 554 4736 602 4808; x_wconf 98' lang='lat'><strong>4,</strong></span> <span class='ocrx_word' id='word_1_236' title='bbox 673 4741 761 4796; x_wconf 92' lang='lat' dir='ltr'><strong>tit.</strong></span> <span class='ocrx_word' id='word_1_237' title='bbox 812 4738 866 4810; x_wconf 88' lang='lat'><strong>3,</strong></span> <span class='ocrx_word' id='word_1_238' title='bbox 918 4741 1011 4812; x_wconf 86' lang='lat' dir='ltr'><strong>leg</strong></span> <span class='ocrx_word' id='word_1_239' title='bbox 1062 4740 1119 4813; x_wconf 91' lang='lat'><strong>2,</strong></span> <span class='ocrx_word' id='word_1_240' title='bbox 1167 4750 1223 4800; x_wconf 92' lang='lat' dir='ltr'><strong>et</strong></span> <span class='ocrx_word' id='word_1_241' title='bbox 1271 4745 1484 4801; x_wconf 89' lang='lat' dir='ltr'><strong>Gruter</strong></span> 
     </span>
    </p>
   </div>
   <div class='ocr_carea' id='block_1_45' title="bbox 397 4825 616 4895">
    <p class='ocr_par' dir='ltr' id='par_1_45' title="bbox 397 4825 616 4895">
     <span class='ocr_line' id='line_1_45' title="bbox 397 4825 616 4895; baseline 0 -13"><span class='ocrx_word' id='word_1_242' title='bbox 397 4825 524 4895; x_wconf 90' lang='lat'><strong>303,</strong></span> <span class='ocrx_word' id='word_1_243' title='bbox 569 4831 616 4882; x_wconf 89' lang='grc'><strong>4.</strong></span> 
     </span>
    </p>
   </div>
   <div class='ocr_carea' id='block_1_46' title="bbox 469 4917 1484 4980">
    <p class='ocr_par' dir='ltr' id='par_1_46' title="bbox 469 4917 1484 4980">
     <span class='ocr_line' id='line_1_46' title="bbox 469 4917 1484 4980; baseline 0.009 -9"><span class='ocrx_word' id='word_1_244' title='bbox 469 4917 659 4973; x_wconf 92' lang='lat' dir='ltr'><strong>Chron</strong></span> <span class='ocrx_word' id='word_1_245' title='bbox 717 4920 892 4976; x_wconf 88' lang='lat' dir='ltr'><strong>Pasch</strong></span> <span class='ocrx_word' id='word_1_246' title='bbox 945 4921 1278 4978; x_wconf 89' lang='lat' dir='ltr'><strong>Vicennalia</strong></span> <span class='ocrx_word' id='word_1_247' title='bbox 1325 4924 1484 4980; x_wconf 91' lang='lat' dir='ltr'><strong>Con-</strong></span> 
     </span>
    </p>
   </div>
   <div class='ocr_carea' id='block_1_47' title="bbox 403 5007 1483 5068">
    <p class='ocr_par' dir='ltr' id='par_1_47' title="bbox 403 5007 1483 5068">
     <span class='ocr_line' id='line_1_47' title="bbox 403 5007 1483 5068; baseline 0.006 -8"><span class='ocrx_word' id='word_1_248' title='bbox 403 5007 608 5062; x_wconf 88' lang='lat' dir='ltr'><strong>stantii</strong></span> <span class='ocrx_word' id='word_1_249' title='bbox 637 5007 919 5064; x_wconf 86' lang='lat' dir='ltr'><strong>celebrata</strong></span> <span class='ocrx_word' id='word_1_250' title='bbox 955 5010 1046 5065; x_wconf 92' lang='lat' dir='ltr'><strong>his</strong></span> <span class='ocrx_word' id='word_1_251' title='bbox 1074 5025 1202 5066; x_wconf 88' lang='lat' dir='ltr'><strong>coss</strong></span> <span class='ocrx_word' id='word_1_252' title='bbox 1230 5011 1483 5068; x_wconf 84' lang='lat' dir='ltr'><strong>exhibet.</strong></span> 
     </span>
    </p>
   </div>
   <div class='ocr_carea' id='block_1_48' title="bbox 469 5095 1485 5157">
    <p class='ocr_par' dir='ltr' id='par_1_48' title="bbox 469 5095 1485 5157">
     <span class='ocr_line' id='line_1_48' title="bbox 469 5095 1485 5157; baseline 0.009 -9"><span class='ocrx_word' id='word_1_253' title='bbox 469 5095 738 5152; x_wconf 77' lang='lat' dir='ltr'><strong>Julianus</strong></span> <span class='ocrx_word' id='word_1_254' title='bbox 785 5103 986 5154; x_wconf 88' lang='lat' dir='ltr'><strong>contra</strong></span> <span class='ocrx_word' id='word_1_255' title='bbox 1025 5100 1341 5156; x_wconf 90' lang='lat' dir='ltr'><strong>Germanos</strong></span> <span class='ocrx_word' id='word_1_256' title='bbox 1367 5102 1485 5157; x_wconf 89' lang='lat' dir='ltr'><strong>Lu—</strong></span> 
     </span>
    </p>
   </div>
   <div class='ocr_carea' id='block_1_49' title="bbox 401 5183 1489 5258">
    <p class='ocr_par' dir='ltr' id='par_1_49' title="bbox 401 5183 1489 5258">
     <span class='ocr_line' id='line_1_49' title="bbox 401 5183 1489 5258; baseline 0.006 -19"><span class='ocrx_word' id='word_1_257' title='bbox 401 5183 656 5254; x_wconf 88' lang='lat' dir='ltr'><strong>gdunum</strong></span> <span class='ocrx_word' id='word_1_258' title='bbox 707 5187 1038 5242; x_wconf 87' lang='lat' dir='ltr'><strong>invadentes</strong></span> <span class='ocrx_word' id='word_1_259' title='bbox 1085 5185 1334 5243; x_wconf 83' lang='lat' dir='ltr'><strong>feliciter</strong></span> <span class='ocrx_word' id='word_1_260' title='bbox 1374 5204 1489 5258; x_wconf 90' lang='lat' dir='ltr'><strong>pu—</strong></span> 
     </span>
    </p>
   </div>
   <div class='ocr_carea' id='block_1_50' title="bbox 402 5275 1491 5347">
    <p class='ocr_par' dir='ltr' id='par_1_50' title="bbox 402 5275 1491 5347">
     <span class='ocr_line' id='line_1_50' title="bbox 402 5275 1491 5347; baseline 0.007 -20"><span class='ocrx_word' id='word_1_261' title='bbox 402 5281 558 5344; x_wconf 88' lang='lat' dir='ltr'><strong>gnat.</strong></span> <span class='ocrx_word' id='word_1_262' title='bbox 609 5275 958 5331; x_wconf 80' lang='lat' dir='ltr'><strong>Alamannns</strong></span> <span class='ocrx_word' id='word_1_263' title='bbox 1019 5277 1088 5332; x_wconf 90' lang='lat' dir='ltr'><strong>ad</strong></span> <span class='ocrx_word' id='word_1_264' title='bbox 1136 5279 1491 5347; x_wconf 87' lang='lat' dir='ltr'><strong>Argentora-</strong></span> 
     </span>
    </p>
   </div>
   <div class='ocr_carea' id='block_1_51' title="bbox 402 5365 1489 5434">
    <p class='ocr_par' dir='ltr' id='par_1_51' title="bbox 402 5365 1489 5434">
     <span class='ocr_line' id='line_1_51' title="bbox 402 5365 1489 5434; baseline 0.006 -16"><span class='ocrx_word' id='word_1_265' title='bbox 402 5371 523 5418; x_wconf 92' lang='lat' dir='ltr'><strong>tum</strong></span> <span class='ocrx_word' id='word_1_266' title='bbox 574 5373 813 5420; x_wconf 82' lang='lat' dir='ltr'><strong>cruento</strong></span> <span class='ocrx_word' id='word_1_267' title='bbox 869 5365 1066 5432; x_wconf 69' lang='lat' dir='ltr'><strong>praelio</strong></span> <span class='ocrx_word' id='word_1_268' title='bbox 1112 5373 1345 5434; x_wconf 87' lang='lat' dir='ltr'><strong>supcrat</strong></span> <span class='ocrx_word' id='word_1_269' title='bbox 1385 5381 1489 5424; x_wconf 91' lang='lat' dir='ltr'><strong>eo—</strong></span> 
     </span>
    </p>
   </div>
   <div class='ocr_carea' id='block_1_52' title="bbox 405 5454 1484 5521">
    <p class='ocr_par' dir='ltr' id='par_1_52' title="bbox 405 5454 1484 5521">
     <span class='ocr_line' id='line_1_52' title="bbox 405 5454 1484 5521; baseline 0.005 -15"><span class='ocrx_word' id='word_1_270' title='bbox 405 5466 649 5521; x_wconf 91' lang='lat' dir='ltr'><strong>rumque</strong></span> <span class='ocrx_word' id='word_1_271' title='bbox 734 5467 918 5520; x_wconf 82' lang='lat' dir='ltr'><strong>regem</strong></span> <span class='ocrx_word' id='word_1_272' title='bbox 987 5454 1484 5510; x_wconf 82' lang='lat' dir='ltr'><strong>Chonodomarum</strong></span> 
     </span>
    </p>
   </div>
   <div class='ocr_carea' id='block_1_53' title="bbox 405 5543 1483 5600">
    <p class='ocr_par' dir='ltr' id='par_1_53' title="bbox 405 5543 1483 5600">
     <span class='ocr_line' id='line_1_53' title="bbox 405 5543 1483 5600; baseline 0.004 -5"><span class='ocrx_word' id='word_1_273' title='bbox 405 5543 655 5596; x_wconf 84' lang='lat' dir='ltr'><strong>vinctum</strong></span> <span class='ocrx_word' id='word_1_274' title='bbox 694 5544 923 5597; x_wconf 82' lang='lat' dir='ltr'><strong>Romam</strong></span> <span class='ocrx_word' id='word_1_275' title='bbox 967 5543 1034 5597; x_wconf 88' lang='lat' dir='ltr'><strong>ad</strong></span> <span class='ocrx_word' id='word_1_276' title='bbox 1080 5543 1483 5600; x_wconf 86' lang='lat' dir='ltr'><strong>Constantium</strong></span> 
     </span>
    </p>
   </div>
   <div class='ocr_carea' id='block_1_54' title="bbox 406 5630 1480 5701">
    <p class='ocr_par' dir='ltr' id='par_1_54' title="bbox 406 5630 1480 5701">
     <span class='ocr_line' id='line_1_54' title="bbox 406 5630 1480 5701; baseline 0.005 -17"><span class='ocrx_word' id='word_1_277' title='bbox 406 5630 604 5685; x_wconf 89' lang='lat' dir='ltr'><strong>mittit.</strong></span> <span class='ocrx_word' id='word_1_278' title='bbox 650 5633 882 5701; x_wconf 88' lang='lat' dir='ltr'><strong>Hyemat</strong></span> <span class='ocrx_word' id='word_1_279' title='bbox 909 5633 1170 5688; x_wconf 91' lang='lat' dir='ltr'><strong>Parisiis.</strong></span> <span class='ocrx_word' id='word_1_280' title='bbox 1200 5633 1480 5689; x_wconf 88' lang='lat' dir='ltr'><strong>Ammiam</strong></span> 
     </span>
    </p>
   </div>
   <div class='ocr_carea' id='block_1_55' title="bbox 473 5721 972 5792">
    <p class='ocr_par' dir='ltr' id='par_1_55' title="bbox 473 5721 972 5792">
     <span class='ocr_line' id='line_1_55' title="bbox 473 5721 972 5792; baseline 0.004 -17"><span class='ocrx_word' id='word_1_281' title='bbox 473 5733 554 5792; x_wconf 81' lang='lat' dir='ltr'><strong>vi,</strong></span> <span class='ocrx_word' id='word_1_282' title='bbox 581 5721 846 5776; x_wconf 88' lang='lat' dir='ltr'><strong>Zosimus</strong></span> <span class='ocrx_word' id='word_1_283' title='bbox 881 5735 972 5777; x_wconf 86' lang='grc' dir='ltr'>ιιι.</span> 
     </span>
    </p>
   </div>
   <div class='ocr_carea' id='block_1_56' title="bbox 1584 1229 1724 1287">
    <p class='ocr_par' dir='ltr' id='par_1_56' title="bbox 1584 1229 1724 1287">
     <span class='ocr_line' id='line_1_56' title="bbox 1584 1229 1724 1287; baseline 0 -1"><span class='ocrx_word' id='word_1_284' title='bbox 1584 1229 1724 1287; x_wconf 91' lang='grc'><strong>4408</strong></span> 
     </span>
    </p>
   </div>
   <div class='ocr_carea' id='block_1_57' title="bbox 486 2384 1710 2456">
    <p class='ocr_par' dir='ltr' id='par_1_57' title="bbox 486 2384 1710 2456">
     <span class='ocr_line' id='line_1_57' title="bbox 486 2384 1710 2456; baseline 0.004 -18"><span class='ocrx_word' id='word_1_285' title='bbox 486 2385 606 2452; x_wconf 89' lang='lat' dir='ltr'><strong>Imp</strong></span> <span class='ocrx_word' id='word_1_286' title='bbox 657 2384 776 2438; x_wconf 58' lang='lat' dir='ltr'><strong>Caes</strong></span> <span class='ocrx_word' id='word_1_287' title='bbox 820 2385 1195 2440; x_wconf 88' lang='lat' dir='ltr'><strong>Constantius</strong></span> <span class='ocrx_word' id='word_1_288' title='bbox 1240 2384 1368 2456; x_wconf 87' lang='lat' dir='ltr'><strong>Aug</strong></span> <span class='ocrx_word' id='word_1_289' title='bbox 1421 2389 1493 2440; x_wconf 90' lang='lat' dir='ltr'><strong>tr.</strong></span> <span class='ocrx_word' id='word_1_290' title='bbox 1571 2384 1710 2443; x_wconf 86' lang='lat'><strong>4408</strong></span> 
     </span>
    </p>
   </div>
   <div class='ocr_carea' id='block_1_58' title="bbox 1207 2472 1711 2532">
    <p class='ocr_par' dir='ltr' id='par_1_58' title="bbox 1207 2472 1711 2532">
     <span class='ocr_line' id='line_1_58' title="bbox 1207 2472 1711 2532; baseline 0.01 -5"><span class='ocrx_word' id='word_1_291' title='bbox 1207 2485 1217 2496; x_wconf 84' lang='grc'><strong>·</strong></span> <span class='ocrx_word' id='word_1_292' title='bbox 1572 2472 1711 2532; x_wconf 87' lang='grc'><strong>4409</strong></span> 
     </span>
    </p>
   </div>
   <div class='ocr_carea' id='block_1_59' title="bbox 1561 4105 1700 4164">
    <p class='ocr_par' dir='ltr' id='par_1_59' title="bbox 1561 4105 1700 4164">
     <span class='ocr_line' id='line_1_59' title="bbox 1561 4105 1700 4164; baseline 0.014 -2"><span class='ocrx_word' id='word_1_293' title='bbox 1561 4105 1700 4164; x_wconf 87' lang='grc'><strong>4409</strong></span> 
     </span>
    </p>
   </div>
   <div class='ocr_carea' id='block_1_60' title="bbox 1559 4195 1697 4255">
    <p class='ocr_par' dir='ltr' id='par_1_60' title="bbox 1559 4195 1697 4255">
     <span class='ocr_line' id='line_1_60' title="bbox 1559 4195 1697 4255; baseline 0.022 -3"><span class='ocrx_word' id='word_1_294' title='bbox 1559 4195 1697 4255; x_wconf 87' lang='grc'><strong>4440</strong></span> 
     </span>
    </p>
   </div>
   <div class='ocr_carea' id='block_1_61' title="bbox 2189 701 3033 770">
    <p class='ocr_par' dir='ltr' id='par_1_61' title="bbox 2189 701 3033 770">
     <span class='ocr_line' id='line_1_61' title="bbox 2189 701 3033 770; baseline -0.002 -14"><span class='ocrx_word' id='word_1_295' title='bbox 2189 717 2282 769; x_wconf 88' lang='lat' dir='ltr'><strong>ges</strong></span> <span class='ocrx_word' id='word_1_296' title='bbox 2308 718 2392 756; x_wconf 82' lang='lat' dir='ltr'><strong>res</strong></span> <span class='ocrx_word' id='word_1_297' title='bbox 2418 710 2582 770; x_wconf 75' lang='lat' dir='ltr'><strong>gestae</strong></span> <span class='ocrx_word' id='word_1_298' title='bbox 2609 706 2658 755; x_wconf 88' lang='lat' dir='ltr'><strong>et</strong></span> <span class='ocrx_word' id='word_1_299' title='bbox 2690 701 3033 755; x_wconf 84' lang='lat' dir='ltr'><strong>documenta.</strong></span> 
     </span>
    </p>
   </div>
   <div class='ocr_carea' id='block_1_62' title="bbox 2189 949 3277 1008">
    <p class='ocr_par' dir='ltr' id='par_1_62' title="bbox 2189 949 3277 1008">
     <span class='ocr_line' id='line_1_62' title="bbox 2189 949 3277 1008; baseline -0.002 -1"><span class='ocrx_word' id='word_1_300' title='bbox 2189 951 2651 1008; x_wconf 90' lang='lat' dir='ltr'><strong>continuatorem</strong></span> <span class='ocrx_word' id='word_1_301' title='bbox 2687 951 2906 1006; x_wconf 77' lang='lat' dir='ltr'><strong>vixisse</strong></span> <span class='ocrx_word' id='word_1_302' title='bbox 2945 949 3056 1006; x_wconf 94' lang='lat' dir='ltr'><strong>sub</strong></span> <span class='ocrx_word' id='word_1_303' title='bbox 3093 950 3277 1005; x_wconf 83' lang='lat' dir='ltr'><strong>Hera-</strong></span> 
     </span>
    </p>
   </div>
   <div class='ocr_carea' id='block_1_63' title="bbox 2188 1041 3011 1110">
    <p class='ocr_par' dir='ltr' id='par_1_63' title="bbox 2188 1041 3011 1110">
     <span class='ocr_line' id='line_1_63' title="bbox 2188 1041 3011 1110; baseline -0.004 -14"><span class='ocrx_word' id='word_1_304' title='bbox 2188 1041 2304 1097; x_wconf 91' lang='lat' dir='ltr'><strong>clio</strong></span> <span class='ocrx_word' id='word_1_305' title='bbox 2329 1043 2484 1096; x_wconf 87' lang='lat' dir='ltr'><strong>circa</strong></span> <span class='ocrx_word' id='word_1_306' title='bbox 2515 1055 2728 1096; x_wconf 90' lang='lat' dir='ltr'><strong>annum</strong></span> <span class='ocrx_word' id='word_1_307' title='bbox 2761 1042 2889 1110; x_wconf 90' lang='lat' dir='ltr'><strong>ejus</strong></span> <span class='ocrx_word' id='word_1_308' title='bbox 2915 1053 3011 1094; x_wconf 87' lang='lat' dir='ltr'><strong>xx.</strong></span> 
     </span>
    </p>
   </div>
   <div class='ocr_carea' id='block_1_64' title="bbox 2018 1127 2901 1200">
    <p class='ocr_par' dir='ltr' id='par_1_64' title="bbox 2018 1127 2901 1200">
     <span class='ocr_line' id='line_1_64' title="bbox 2018 1127 2901 1200; baseline -0.001 -16"><span class='ocrx_word' id='word_1_309' title='bbox 2018 1146 2062 1184; x_wconf 87' lang='grc' dir='ltr'><strong>ιι</strong></span> <span class='ocrx_word' id='word_1_310' title='bbox 2261 1129 2477 1185; x_wconf 83' lang='lat' dir='ltr'><strong>Liberii</strong></span> <span class='ocrx_word' id='word_1_311' title='bbox 2511 1132 2674 1200; x_wconf 66' lang='lat' dir='ltr'><strong>Papae</strong></span> <span class='ocrx_word' id='word_1_312' title='bbox 2702 1127 2738 1185; x_wconf 90' lang='lat'><strong>3</strong></span> <span class='ocrx_word' id='word_1_313' title='bbox 2765 1140 2820 1186; x_wconf 88' lang='lat' dir='ltr'><strong>et</strong></span> <span class='ocrx_word' id='word_1_314' title='bbox 2842 1127 2901 1184; x_wconf 75' lang='grc'><strong>4.</strong></span> 
     </span>
    </p>
   </div>
   <div class='ocr_carea' id='block_1_65' title="bbox 2010 1217 3272 1275">
    <p class='ocr_par' dir='ltr' id='par_1_65' title="bbox 2010 1217 3272 1275">
     <span class='ocr_line' id='line_1_65' title="bbox 2010 1217 3272 1275; baseline 0 -3"><span class='ocrx_word' id='word_1_315' title='bbox 2010 1235 2074 1273; x_wconf 85' lang='grc' dir='ltr'><strong>ιιι</strong></span> <span class='ocrx_word' id='word_1_316' title='bbox 2256 1219 2525 1275; x_wconf 89' lang='lat' dir='ltr'><strong>Liberius</strong></span> <span class='ocrx_word' id='word_1_317' title='bbox 2574 1233 2847 1275; x_wconf 88' lang='lat' dir='ltr'><strong>recusans</strong></span> <span class='ocrx_word' id='word_1_318' title='bbox 2903 1217 3272 1274; x_wconf 89' lang='lat' dir='ltr'><strong>subscribere</strong></span> 
     </span>
    </p>
   </div>
   <div class='ocr_carea' id='block_1_66' title="bbox 2189 1307 3269 1364">
    <p class='ocr_par' dir='ltr' id='par_1_66' title="bbox 2189 1307 3269 1364">
     <span class='ocr_line' id='line_1_66' title="bbox 2189 1307 3269 1364; baseline -0.002 -1"><span class='ocrx_word' id='word_1_319' title='bbox 2189 1308 2548 1364; x_wconf 89' lang='lat' dir='ltr'><strong>damnationi</strong></span> <span class='ocrx_word' id='word_1_320' title='bbox 2573 1308 2878 1363; x_wconf 87' lang='lat' dir='ltr'><strong>Athanasii</strong></span> <span class='ocrx_word' id='word_1_321' title='bbox 2913 1309 2970 1364; x_wconf 92' lang='lat' dir='ltr'><strong>in</strong></span> <span class='ocrx_word' id='word_1_322' title='bbox 2995 1307 3269 1363; x_wconf 81' lang='lat' dir='ltr'><strong>exsilium</strong></span> 
     </span>
    </p>
   </div>
   <div class='ocr_carea' id='block_1_67' title="bbox 2192 1396 3273 1467">
    <p class='ocr_par' dir='ltr' id='par_1_67' title="bbox 2192 1396 3273 1467">
     <span class='ocr_line' id='line_1_67' title="bbox 2192 1396 3273 1467; baseline -0.002 -15"><span class='ocrx_word' id='word_1_323' title='bbox 2192 1396 2431 1466; x_wconf 88' lang='lat' dir='ltr'><strong>pellitur</strong></span> <span class='ocrx_word' id='word_1_324' title='bbox 2459 1396 2587 1452; x_wconf 90' lang='lat' dir='ltr'><strong>Idib</strong></span> <span class='ocrx_word' id='word_1_325' title='bbox 2629 1396 2878 1467; x_wconf 90' lang='lat' dir='ltr'><strong>Augusti</strong></span> <span class='ocrx_word' id='word_1_326' title='bbox 2925 1397 3066 1452; x_wconf 85' lang='lat' dir='ltr'><strong>Vide</strong></span> <span class='ocrx_word' id='word_1_327' title='bbox 3105 1401 3273 1452; x_wconf 86' lang='lat' dir='ltr'><strong>notas</strong></span> 
     </span>
    </p>
   </div>
   <div class='ocr_carea' id='block_1_68' title="bbox 2189 1483 3272 1556">
    <p class='ocr_par' dir='ltr' id='par_1_68' title="bbox 2189 1483 3272 1556">
     <span class='ocr_line' id='line_1_68' title="bbox 2189 1483 3272 1556; baseline 0 -16"><span class='ocrx_word' id='word_1_328' title='bbox 2189 1499 2298 1556; x_wconf 88' lang='lat' dir='ltr'><strong>pag</strong></span> <span class='ocrx_word' id='word_1_329' title='bbox 2348 1483 2415 1540; x_wconf 88' lang='grc'><strong>46</strong></span> <span class='ocrx_word' id='word_1_330' title='bbox 2469 1492 2526 1540; x_wconf 88' lang='lat' dir='ltr'><strong>et</strong></span> <span class='ocrx_word' id='word_1_331' title='bbox 2583 1483 2668 1541; x_wconf 88' lang='grc'><strong>48.</strong></span> <span class='ocrx_word' id='word_1_332' title='bbox 2723 1485 2954 1540; x_wconf 91' lang='lat' dir='ltr'><strong>Necnon</strong></span> <span class='ocrx_word' id='word_1_333' title='bbox 3013 1484 3272 1540; x_wconf 86' lang='lat' dir='ltr'><strong>Hilarius</strong></span> 
     </span>
    </p>
   </div>
   <div class='ocr_carea' id='block_1_69' title="bbox 2186 1573 3272 1644">
    <p class='ocr_par' dir='ltr' id='par_1_69' title="bbox 2186 1573 3272 1644">
     <span class='ocr_line' id='line_1_69' title="bbox 2186 1573 3272 1644; baseline 0.002 -16"><span class='ocrx_word' id='word_1_334' title='bbox 2186 1575 2381 1630; x_wconf 88' lang='lat' dir='ltr'><strong>Pictav</strong></span> <span class='ocrx_word' id='word_1_335' title='bbox 2410 1575 2580 1644; x_wconf 63' lang='lat' dir='ltr'><strong>Episc</strong></span> <span class='ocrx_word' id='word_1_336' title='bbox 2611 1580 2668 1629; x_wconf 92' lang='lat' dir='ltr'><strong>et</strong></span> <span class='ocrx_word' id='word_1_337' title='bbox 2700 1574 3013 1630; x_wconf 84' lang='lat' dir='ltr'><strong>Rhodanus</strong></span> <span class='ocrx_word' id='word_1_338' title='bbox 3037 1573 3272 1642; x_wconf 88' lang='lat' dir='ltr'><strong>episco—</strong></span> 
     </span>
    </p>
   </div>
   <div class='ocr_carea' id='block_1_70' title="bbox 2187 1663 3268 1734">
    <p class='ocr_par' dir='ltr' id='par_1_70' title="bbox 2187 1663 3268 1734">
     <span class='ocr_line' id='line_1_70' title="bbox 2187 1663 3268 1734; baseline 0 -16"><span class='ocrx_word' id='word_1_339' title='bbox 2187 1679 2294 1734; x_wconf 83' lang='lat' dir='ltr'><strong>pus</strong></span> <span class='ocrx_word' id='word_1_340' title='bbox 2337 1664 2560 1734; x_wconf 89' lang='lat' dir='ltr'><strong>aliique</strong></span> <span class='ocrx_word' id='word_1_341' title='bbox 2607 1663 2836 1720; x_wconf 84' lang='lat' dir='ltr'><strong>exsules</strong></span> <span class='ocrx_word' id='word_1_342' title='bbox 2885 1665 3068 1720; x_wconf 90' lang='lat' dir='ltr'><strong>totius</strong></span> <span class='ocrx_word' id='word_1_343' title='bbox 3107 1663 3268 1719; x_wconf 91' lang='lat' dir='ltr'><strong>orbis</strong></span> 
     </span>
    </p>
   </div>
   <div class='ocr_carea' id='block_1_71' title="bbox 2186 1753 3270 1824">
    <p class='ocr_par' dir='ltr' id='par_1_71' title="bbox 2186 1753 3270 1824">
     <span class='ocr_line' id='line_1_71' title="bbox 2186 1753 3270 1824; baseline 0 -15"><span class='ocrx_word' id='word_1_344' title='bbox 2186 1754 2382 1810; x_wconf 89' lang='lat' dir='ltr'><strong>studio</strong></span> <span class='ocrx_word' id='word_1_345' title='bbox 2425 1753 2720 1809; x_wconf 90' lang='lat' dir='ltr'><strong>celebrati.</strong></span> <span class='ocrx_word' id='word_1_346' title='bbox 2765 1753 2924 1824; x_wconf 89' lang='lat' dir='ltr'><strong>Sulp.</strong></span> <span class='ocrx_word' id='word_1_347' title='bbox 2970 1755 3091 1808; x_wconf 82' lang='lat' dir='ltr'><strong>Sev.</strong></span> <span class='ocrx_word' id='word_1_348' title='bbox 3138 1769 3180 1807; x_wconf 92' lang='grc' dir='ltr'><strong>ιι</strong></span> <span class='ocrx_word' id='word_1_349' title='bbox 3210 1759 3270 1809; x_wconf 86' lang='lat' dir='ltr'><strong>et</strong></span> 
     </span>
    </p>
   </div>
   <div class='ocr_carea' id='block_1_72' title="bbox 2181 1845 3267 1914">
    <p class='ocr_par' dir='ltr' id='par_1_72' title="bbox 2181 1845 3267 1914">
     <span class='ocr_line' id='line_1_72' title="bbox 2181 1845 3267 1914; baseline -0.002 -14"><span class='ocrx_word' id='word_1_350' title='bbox 2181 1846 2332 1914; x_wconf 91' lang='lat' dir='ltr'><strong>apud</strong></span> <span class='ocrx_word' id='word_1_351' title='bbox 2371 1845 2579 1900; x_wconf 85' lang='lat' dir='ltr'><strong>Hieron</strong></span> <span class='ocrx_word' id='word_1_352' title='bbox 2615 1846 2673 1900; x_wconf 91' lang='lat' dir='ltr'><strong>in</strong></span> <span class='ocrx_word' id='word_1_353' title='bbox 2699 1845 2878 1899; x_wconf 74' lang='lat' dir='ltr'><strong>chron</strong></span> <span class='ocrx_word' id='word_1_354' title='bbox 2924 1845 3202 1912; x_wconf 87' lang='lat' dir='ltr'><strong>Donatus,</strong></span> <span class='ocrx_word' id='word_1_355' title='bbox 3232 1855 3267 1898; x_wconf 90' lang='lat' dir='ltr'><strong>a</strong></span> 
     </span>
    </p>
   </div>
   <div class='ocr_carea' id='block_1_73' title="bbox 2186 1931 3268 2006">
    <p class='ocr_par' dir='ltr' id='par_1_73' title="bbox 2186 1931 3268 2006">
     <span class='ocr_line' id='line_1_73' title="bbox 2186 1931 3268 2006; baseline -0.003 -16"><span class='ocrx_word' id='word_1_356' title='bbox 2186 1949 2301 2006; x_wconf 90' lang='lat' dir='ltr'><strong>quo</strong></span> <span class='ocrx_word' id='word_1_357' title='bbox 2343 1934 2674 2002; x_wconf 87' lang='lat' dir='ltr'><strong>Donatiani,</strong></span> <span class='ocrx_word' id='word_1_358' title='bbox 2719 1933 3066 2003; x_wconf 86' lang='lat' dir='ltr'><strong>Carthagine</strong></span> <span class='ocrx_word' id='word_1_359' title='bbox 3109 1931 3268 2002; x_wconf 87' lang='lat' dir='ltr'><strong>pelli-</strong></span> 
     </span>
    </p>
   </div>
   <div class='ocr_carea' id='block_1_74' title="bbox 2183 2023 3267 2093">
    <p class='ocr_par' dir='ltr' id='par_1_74' title="bbox 2183 2023 3267 2093">
     <span class='ocr_line' id='line_1_74' title="bbox 2183 2023 3267 2093; baseline -0.003 -14"><span class='ocrx_word' id='word_1_360' title='bbox 2183 2030 2305 2080; x_wconf 89' lang='lat' dir='ltr'><strong>tur:</strong></span> <span class='ocrx_word' id='word_1_361' title='bbox 2335 2025 2505 2093; x_wconf 91' lang='lat' dir='ltr'><strong>cujus</strong></span> <span class='ocrx_word' id='word_1_362' title='bbox 2526 2029 2839 2079; x_wconf 89' lang='lat' dir='ltr'><strong>sectatores</strong></span> <span class='ocrx_word' id='word_1_363' title='bbox 2855 2023 3088 2093; x_wconf 89' lang='lat' dir='ltr'><strong>quidam</strong></span> <span class='ocrx_word' id='word_1_364' title='bbox 3113 2024 3267 2077; x_wconf 83' lang='lat' dir='ltr'><strong>Mon-</strong></span> 
     </span>
    </p>
   </div>
   <div class='ocr_carea' id='block_1_75' title="bbox 2180 2110 3267 2184">
    <p class='ocr_par' dir='ltr' id='par_1_75' title="bbox 2180 2110 3267 2184">
     <span class='ocr_line' id='line_1_75' title="bbox 2180 2110 3267 2184; baseline -0.003 -15"><span class='ocrx_word' id='word_1_365' title='bbox 2180 2120 2370 2169; x_wconf 90' lang='lat' dir='ltr'><strong>tenses</strong></span> <span class='ocrx_word' id='word_1_366' title='bbox 2413 2115 2580 2180; x_wconf 90' lang='lat' dir='ltr'><strong>dicti,</strong></span> <span class='ocrx_word' id='word_1_367' title='bbox 2629 2113 2790 2184; x_wconf 80' lang='lat' dir='ltr'><strong>quod.</strong></span> <span class='ocrx_word' id='word_1_368' title='bbox 2835 2112 3020 2167; x_wconf 64' lang='lat' dir='ltr'><strong>Romae</strong></span> <span class='ocrx_word' id='word_1_369' title='bbox 3064 2110 3267 2166; x_wconf 89' lang='lat' dir='ltr'><strong>Eccle-</strong></span> 
     </span>
    </p>
   </div>
   <div class='ocr_carea' id='block_1_76' title="bbox 2180 2200 3264 2274">
    <p class='ocr_par' dir='ltr' id='par_1_76' title="bbox 2180 2200 3264 2274">
     <span class='ocr_line' id='line_1_76' title="bbox 2180 2200 3264 2274; baseline -0.004 -15"><span class='ocrx_word' id='word_1_370' title='bbox 2180 2205 2326 2260; x_wconf 91' lang='lat' dir='ltr'><strong>siam</strong></span> <span class='ocrx_word' id='word_1_371' title='bbox 2383 2204 2634 2274; x_wconf 90' lang='lat' dir='ltr'><strong>primum</strong></span> <span class='ocrx_word' id='word_1_372' title='bbox 2692 2203 2752 2257; x_wconf 88' lang='lat' dir='ltr'><strong>in</strong></span> <span class='ocrx_word' id='word_1_373' title='bbox 2809 2201 3000 2258; x_wconf 89' lang='lat' dir='ltr'><strong>Monie</strong></span> <span class='ocrx_word' id='word_1_374' title='bbox 3056 2200 3264 2256; x_wconf 89' lang='lat' dir='ltr'><strong>habere</strong></span> 
     </span>
    </p>
   </div>
   <div class='ocr_carea' id='block_1_77' title="bbox 2177 2292 2628 2364">
    <p class='ocr_par' dir='ltr' id='par_1_77' title="bbox 2177 2292 2628 2364">
     <span class='ocr_line' id='line_1_77' title="bbox 2177 2292 2628 2364; baseline -0.007 -14"><span class='ocrx_word' id='word_1_375' title='bbox 2177 2301 2484 2364; x_wconf 74' lang='lat' dir='ltr'><strong>coeperant.</strong></span> <span class='ocrx_word' id='word_1_376' title='bbox 2519 2292 2628 2348; x_wconf 91' lang='lat' dir='ltr'><strong>lbi.</strong></span> 
     </span>
    </p>
   </div>
   <div class='ocr_carea' id='block_1_78' title="bbox 2000 2400 2676 2459">
    <p class='ocr_par' dir='ltr' id='par_1_78' title="bbox 2000 2400 2676 2459">
     <span class='ocr_line' id='line_1_78' title="bbox 2000 2400 2676 2459; baseline 0 -3"><span class='ocrx_word' id='word_1_377' title='bbox 2000 2418 2065 2456; x_wconf 89' lang='grc' dir='ltr'><strong>ιιι</strong></span> <span class='ocrx_word' id='word_1_378' title='bbox 2247 2402 2464 2459; x_wconf 86' lang='lat' dir='ltr'><strong>Liberii</strong></span> <span class='ocrx_word' id='word_1_379' title='bbox 2492 2401 2526 2457; x_wconf 72' lang='grc'><strong>4</strong></span> <span class='ocrx_word' id='word_1_380' title='bbox 2545 2408 2602 2458; x_wconf 83' lang='lat' dir='ltr'><strong>et</strong></span> <span class='ocrx_word' id='word_1_381' title='bbox 2622 2400 2676 2457; x_wconf 85' lang='lat'><strong>5.</strong></span> 
     </span>
    </p>
   </div>
   <div class='ocr_carea' id='block_1_79' title="bbox 1999 2493 3070 2548">
    <p class='ocr_par' dir='ltr' id='par_1_79' title="bbox 1999 2493 3070 2548">
     <span class='ocr_line' id='line_1_79' title="bbox 1999 2493 3070 2548; baseline -0.002 -3"><span class='ocrx_word' id='word_1_382' title='bbox 1999 2505 2056 2546; x_wconf 84' lang='grc' dir='ltr'>ιν</span> <span class='ocrx_word' id='word_1_383' title='bbox 2247 2493 2625 2548; x_wconf 87' lang='lat' dir='ltr'><strong>Constantius</strong></span> <span class='ocrx_word' id='word_1_384' title='bbox 2692 2493 2926 2546; x_wconf 86' lang='lat' dir='ltr'><strong>Romam</strong></span> <span class='ocrx_word' id='word_1_385' title='bbox 3007 2503 3070 2544; x_wconf 89' lang='grc' dir='ltr'><strong>ιιι</strong></span> 
     </span>
    </p>
   </div>
   <div class='ocr_carea' id='block_1_80' title="bbox 2176 2577 3262 2651">
    <p class='ocr_par' dir='ltr' id='par_1_80' title="bbox 2176 2577 3262 2651">
     <span class='ocr_line' id='line_1_80' title="bbox 2176 2577 3262 2651; baseline -0.006 -14"><span class='ocrx_word' id='word_1_386' title='bbox 2176 2583 2375 2651; x_wconf 88' lang='lat' dir='ltr'><strong>Majas,</strong></span> <span class='ocrx_word' id='word_1_387' title='bbox 2432 2595 2604 2650; x_wconf 89' lang='lat' dir='ltr'><strong>prope</strong></span> <span class='ocrx_word' id='word_1_388' title='bbox 2659 2579 3030 2648; x_wconf 88' lang='lat' dir='ltr'><strong>triumphans</strong></span> <span class='ocrx_word' id='word_1_389' title='bbox 3076 2577 3262 2647; x_wconf 86' lang='lat' dir='ltr'><strong>ingre-</strong></span> 
     </span>
    </p>
   </div>
   <div class='ocr_carea' id='block_1_81' title="bbox 2170 2665 3260 2736">
    <p class='ocr_par' dir='ltr' id='par_1_81' title="bbox 2170 2665 3260 2736">
     <span class='ocr_line' id='line_1_81' title="bbox 2170 2665 3260 2736; baseline -0.004 -11"><span class='ocrx_word' id='word_1_390' title='bbox 2170 2671 2353 2726; x_wconf 90' lang='lat' dir='ltr'><strong>ditur.</strong></span> <span class='ocrx_word' id='word_1_391' title='bbox 2380 2670 2463 2725; x_wconf 92' lang='lat' dir='ltr'><strong>lbi</strong></span> <span class='ocrx_word' id='word_1_392' title='bbox 2497 2683 2527 2725; x_wconf 91' lang='lat' dir='ltr'><strong>a</strong></span> <span class='ocrx_word' id='word_1_393' title='bbox 2553 2669 2832 2724; x_wconf 88' lang='lat' dir='ltr'><strong>matronis</strong></span> <span class='ocrx_word' id='word_1_394' title='bbox 2855 2665 3260 2736; x_wconf 89' lang='lat' dir='ltr'><strong>interpellatus</strong></span> 
     </span>
    </p>
   </div>
   <div class='ocr_carea' id='block_1_82' title="bbox 2174 2759 3258 2815">
    <p class='ocr_par' dir='ltr' id='par_1_82' title="bbox 2174 2759 3258 2815">
     <span class='ocr_line' id='line_1_82' title="bbox 2174 2759 3258 2815; baseline -0.005 0"><span class='ocrx_word' id='word_1_395' title='bbox 2174 2759 2470 2815; x_wconf 91' lang='lat' dir='ltr'><strong>Liberium</strong></span> <span class='ocrx_word' id='word_1_396' title='bbox 2538 2772 2600 2814; x_wconf 88' lang='lat' dir='ltr'><strong>se</strong></span> <span class='ocrx_word' id='word_1_397' title='bbox 2671 2763 3068 2813; x_wconf 89' lang='lat' dir='ltr'><strong>revocaturum</strong></span> <span class='ocrx_word' id='word_1_398' title='bbox 3134 2768 3258 2811; x_wconf 88' lang='lat' dir='ltr'><strong>esse</strong></span> 
     </span>
    </p>
   </div>
   <div class='ocr_carea' id='block_1_83' title="bbox 2175 2844 3255 2918">
    <p class='ocr_par' dir='ltr' id='par_1_83' title="bbox 2175 2844 3255 2918">
     <span class='ocr_line' id='line_1_83' title="bbox 2175 2844 3255 2918; baseline -0.006 -15"><span class='ocrx_word' id='word_1_399' title='bbox 2175 2849 2483 2918; x_wconf 86' lang='lat' dir='ltr'><strong>promittit.</strong></span> <span class='ocrx_word' id='word_1_400' title='bbox 2526 2846 2811 2901; x_wconf 88' lang='lat' dir='ltr'><strong>Ammian.</strong></span> <span class='ocrx_word' id='word_1_401' title='bbox 2889 2857 2999 2900; x_wconf 78' lang='lat' dir='ltr'><strong>xvi.</strong></span> <span class='ocrx_word' id='word_1_402' title='bbox 3042 2844 3255 2900; x_wconf 91' lang='lat' dir='ltr'><strong>Theod.</strong></span> 
     </span>
    </p>
   </div>
   <div class='ocr_carea' id='block_1_84' title="bbox 2177 2933 2455 3005">
    <p class='ocr_par' dir='ltr' id='par_1_84' title="bbox 2177 2933 2455 3005">
     <span class='ocr_line' id='line_1_84' title="bbox 2177 2933 2455 3005; baseline 0 -14"><span class='ocrx_word' id='word_1_403' title='bbox 2177 2951 2237 3005; x_wconf 90' lang='grc' dir='ltr'>ιι,</span> <span class='ocrx_word' id='word_1_404' title='bbox 2274 2955 2329 2992; x_wconf 78' lang='lat' dir='ltr'><strong>c.</strong></span> <span class='ocrx_word' id='word_1_405' title='bbox 2371 2933 2455 2992; x_wconf 88' lang='grc'><strong>47.</strong></span> 
     </span>
    </p>
   </div>
   <div class='ocr_carea' id='block_1_85' title="bbox 2245 3023 3258 3081">
    <p class='ocr_par' dir='ltr' id='par_1_85' title="bbox 2245 3023 3258 3081">
     <span class='ocr_line' id='line_1_85' title="bbox 2245 3023 3258 3081; baseline -0.002 -1"><span class='ocrx_word' id='word_1_406' title='bbox 2245 3025 2401 3080; x_wconf 87' lang='lat' dir='ltr'><strong>Felix</strong></span> <span class='ocrx_word' id='word_1_407' title='bbox 2445 3025 2770 3081; x_wconf 90' lang='lat' dir='ltr'><strong>intruditur</strong></span> <span class='ocrx_word' id='word_1_408' title='bbox 2806 3025 2866 3079; x_wconf 90' lang='lat' dir='ltr'><strong>in</strong></span> <span class='ocrx_word' id='word_1_409' title='bbox 2905 3023 3094 3079; x_wconf 88' lang='lat' dir='ltr'><strong>sedem</strong></span> <span class='ocrx_word' id='word_1_410' title='bbox 3135 3023 3258 3078; x_wconf 79' lang='lat' dir='ltr'><strong>Ro—</strong></span> 
     </span>
    </p>
   </div>
   <div class='ocr_carea' id='block_1_86' title="bbox 2173 3115 2803 3172">
    <p class='ocr_par' dir='ltr' id='par_1_86' title="bbox 2173 3115 2803 3172">
     <span class='ocr_line' id='line_1_86' title="bbox 2173 3115 2803 3172; baseline -0.003 -2"><span class='ocrx_word' id='word_1_411' title='bbox 2173 3128 2418 3172; x_wconf 87' lang='lat' dir='ltr'><strong>manam.</strong></span> <span class='ocrx_word' id='word_1_412' title='bbox 2450 3115 2588 3171; x_wconf 89' lang='lat' dir='ltr'><strong>Vide</strong></span> <span class='ocrx_word' id='word_1_413' title='bbox 2619 3121 2803 3172; x_wconf 89' lang='lat' dir='ltr'><strong>notas.</strong></span> 
     </span>
    </p>
   </div>
   <div class='ocr_carea' id='block_1_87' title="bbox 2241 3203 3255 3260">
    <p class='ocr_par' dir='ltr' id='par_1_87' title="bbox 2241 3203 3255 3260">
     <span class='ocr_line' id='line_1_87' title="bbox 2241 3203 3255 3260; baseline -0.002 0"><span class='ocrx_word' id='word_1_414' title='bbox 2241 3207 2303 3260; x_wconf 93' lang='lat' dir='ltr'><strong>In</strong></span> <span class='ocrx_word' id='word_1_415' title='bbox 2355 3205 2544 3260; x_wconf 87' lang='lat' dir='ltr'><strong>sedem</strong></span> <span class='ocrx_word' id='word_1_416' title='bbox 2602 3203 3042 3260; x_wconf 82' lang='lat' dir='ltr'><strong>Alexandrinam</strong></span> <span class='ocrx_word' id='word_1_417' title='bbox 3085 3203 3255 3259; x_wconf 87' lang='lat' dir='ltr'><strong>Geor-</strong></span> 
     </span>
    </p>
   </div>
   <div class='ocr_carea' id='block_1_88' title="bbox 3135 2488 3261 2544">
    <p class='ocr_par' dir='ltr' id='par_1_88' title="bbox 3135 2488 3261 2544">
     <span class='ocr_line' id='line_1_88' title="bbox 3135 2488 3261 2544; baseline -0.008 -1"><span class='ocrx_word' id='word_1_418' title='bbox 3135 2488 3261 2544; x_wconf 85' lang='lat' dir='ltr'><strong>Kal.</strong></span> 
     </span>
    </p>
   </div>
   <div class='ocr_carea' id='block_1_89' title="bbox 2171 3292 3252 3365">
    <p class='ocr_par' dir='ltr' id='par_1_89' title="bbox 2171 3292 3252 3365">
     <span class='ocr_line' id='line_1_89' title="bbox 2171 3292 3252 3365; baseline -0.002 -16"><span class='ocrx_word' id='word_1_419' title='bbox 2171 3295 2304 3365; x_wconf 87' lang='lat' dir='ltr'><strong>gius</strong></span> <span class='ocrx_word' id='word_1_420' title='bbox 2377 3295 2722 3363; x_wconf 88' lang='lat' dir='ltr'><strong>intruditur,</strong></span> <span class='ocrx_word' id='word_1_421' title='bbox 2794 3292 2991 3365; x_wconf 84' lang='lat' dir='ltr'><strong>fugere</strong></span> <span class='ocrx_word' id='word_1_422' title='bbox 3055 3297 3252 3349; x_wconf 89' lang='lat' dir='ltr'><strong>coacto</strong></span> 
     </span>
    </p>
   </div>
   <div class='ocr_carea' id='block_1_90' title="bbox 2167 3381 3253 3440">
    <p class='ocr_par' dir='ltr' id='par_1_90' title="bbox 2167 3381 3253 3440">
     <span class='ocr_line' id='line_1_90' title="bbox 2167 3381 3253 3440; baseline 0 -4"><span class='ocrx_word' id='word_1_423' title='bbox 2167 3383 2506 3439; x_wconf 89' lang='lat' dir='ltr'><strong>Athanasio.</strong></span> <span class='ocrx_word' id='word_1_424' title='bbox 2584 3382 2816 3440; x_wconf 74' lang='lat' dir='ltr'><strong>Lucifer</strong></span> <span class='ocrx_word' id='word_1_425' title='bbox 2889 3381 3253 3438; x_wconf 81' lang='lat' dir='ltr'><strong>Caralitanus</strong></span> 
     </span>
    </p>
   </div>
   <div class='ocr_carea' id='block_1_91' title="bbox 2167 3471 3248 3541">
    <p class='ocr_par' dir='ltr' id='par_1_91' title="bbox 2167 3471 3248 3541">
     <span class='ocr_line' id='line_1_91' title="bbox 2167 3471 3248 3541; baseline 0 -17"><span class='ocrx_word' id='word_1_426' title='bbox 2167 3471 2394 3541; x_wconf 83' lang='lat' dir='ltr'><strong>egregie</strong></span> <span class='ocrx_word' id='word_1_427' title='bbox 2428 3485 2526 3540; x_wconf 91' lang='lat' dir='ltr'><strong>pro</strong></span> <span class='ocrx_word' id='word_1_428' title='bbox 2551 3471 2836 3527; x_wconf 86' lang='lat' dir='ltr'><strong>catholica</strong></span> <span class='ocrx_word' id='word_1_429' title='bbox 2869 3471 2978 3526; x_wconf 87' lang='lat' dir='ltr'><strong>ﬁde</strong></span> <span class='ocrx_word' id='word_1_430' title='bbox 3008 3471 3248 3526; x_wconf 87' lang='lat' dir='ltr'><strong>restitit.</strong></span> 
     </span>
    </p>
   </div>
   <div class='ocr_carea' id='block_1_92' title="bbox 2165 3558 3250 3630">
    <p class='ocr_par' dir='ltr' id='par_1_92' title="bbox 2165 3558 3250 3630">
     <span class='ocr_line' id='line_1_92' title="bbox 2165 3558 3250 3630; baseline 0 -17"><span class='ocrx_word' id='word_1_431' title='bbox 2165 3558 2451 3613; x_wconf 89' lang='lat' dir='ltr'><strong>Eusebius</strong></span> <span class='ocrx_word' id='word_1_432' title='bbox 2497 3560 2874 3615; x_wconf 82' lang='lat' dir='ltr'><strong>Vercellensis</strong></span> <span class='ocrx_word' id='word_1_433' title='bbox 2915 3573 3017 3630; x_wconf 91' lang='lat' dir='ltr'><strong>pro</strong></span> <span class='ocrx_word' id='word_1_434' title='bbox 3055 3560 3250 3614; x_wconf 85' lang='lat' dir='ltr'><strong>eadem</strong></span> 
     </span>
    </p>
   </div>
   <div class='ocr_carea' id='block_1_93' title="bbox 2167 3646 3276 3718">
    <p class='ocr_par' dir='ltr' id='par_1_93' title="bbox 2167 3646 3276 3718">
     <span class='ocr_line' id='line_1_93' title="bbox 2167 3646 3276 3718; baseline 0.004 -18"><span class='ocrx_word' id='word_1_435' title='bbox 2167 3646 2277 3701; x_wconf 88' lang='lat' dir='ltr'><strong>ﬁde</strong></span> <span class='ocrx_word' id='word_1_436' title='bbox 2301 3648 2463 3701; x_wconf 91' lang='lat' dir='ltr'><strong>exsul</strong></span> <span class='ocrx_word' id='word_1_437' title='bbox 2488 3653 2761 3703; x_wconf 89' lang='lat' dir='ltr'><strong>vexatur:</strong></span> <span class='ocrx_word' id='word_1_438' title='bbox 2794 3662 2897 3718; x_wconf 91' lang='lat' dir='ltr'><strong>pro</strong></span> <span class='ocrx_word' id='word_1_439' title='bbox 2937 3661 3048 3717; x_wconf 87' lang='lat' dir='ltr'><strong>qua</strong></span> <span class='ocrx_word' id='word_1_440' title='bbox 3072 3661 3276 3704; x_wconf 64' lang='lat' dir='ltr'><strong>aerum-</strong></span> 
     </span>
    </p>
   </div>
   <div class='ocr_carea' id='block_1_94' title="bbox 2168 3734 3247 3808">
    <p class='ocr_par' dir='ltr' id='par_1_94' title="bbox 2168 3734 3247 3808">
     <span class='ocr_line' id='line_1_94' title="bbox 2168 3734 3247 3808; baseline 0.004 -17"><span class='ocrx_word' id='word_1_441' title='bbox 2168 3737 2261 3791; x_wconf 76' lang='lat' dir='ltr'><strong>nis</strong></span> <span class='ocrx_word' id='word_1_442' title='bbox 2287 3734 2529 3791; x_wconf 88' lang='lat' dir='ltr'><strong>confecti</strong></span> <span class='ocrx_word' id='word_1_443' title='bbox 2566 3737 2896 3792; x_wconf 88' lang='lat' dir='ltr'><strong>moriuntur</strong></span> <span class='ocrx_word' id='word_1_444' title='bbox 2932 3738 3247 3808; x_wconf 84' lang='lat' dir='ltr'><strong>Dionysius</strong></span> 
     </span>
    </p>
   </div>
   <div class='ocr_carea' id='block_1_95' title="bbox 2165 3824 3248 3883">
    <p class='ocr_par' dir='ltr' id='par_1_95' title="bbox 2165 3824 3248 3883">
     <span class='ocr_line' id='line_1_95' title="bbox 2165 3824 3248 3883; baseline 0.001 -1"><span class='ocrx_word' id='word_1_445' title='bbox 2165 3824 2472 3882; x_wconf 84' lang='lat' dir='ltr'><strong>Mediolan.</strong></span> <span class='ocrx_word' id='word_1_446' title='bbox 2522 3831 2580 3880; x_wconf 89' lang='lat' dir='ltr'><strong>et</strong></span> <span class='ocrx_word' id='word_1_447' title='bbox 2621 3825 2899 3881; x_wconf 89' lang='lat' dir='ltr'><strong>Paulinus</strong></span> <span class='ocrx_word' id='word_1_448' title='bbox 2939 3826 3248 3883; x_wconf 86' lang='lat' dir='ltr'><strong>Treviren-</strong></span> 
     </span>
    </p>
   </div>
   <div class='ocr_carea' id='block_1_96' title="bbox 2165 3914 3244 3974">
    <p class='ocr_par' dir='ltr' id='par_1_96' title="bbox 2165 3914 3244 3974">
     <span class='ocr_line' id='line_1_96' title="bbox 2165 3914 3244 3974; baseline 0.003 -3"><span class='ocrx_word' id='word_1_449' title='bbox 2165 3914 2268 3971; x_wconf 91' lang='lat' dir='ltr'><strong>sis.</strong></span> <span class='ocrx_word' id='word_1_450' title='bbox 2318 3915 2460 3969; x_wconf 84' lang='lat' dir='ltr'><strong>Vide</strong></span> <span class='ocrx_word' id='word_1_451' title='bbox 2513 3915 2804 3970; x_wconf 84' lang='lat' dir='ltr'><strong>Petavium</strong></span> <span class='ocrx_word' id='word_1_452' title='bbox 2849 3920 2904 3970; x_wconf 85' lang='lat' dir='ltr'><strong>et</strong></span> <span class='ocrx_word' id='word_1_453' title='bbox 2959 3921 3121 3972; x_wconf 89' lang='lat' dir='ltr'><strong>notas</strong></span> <span class='ocrx_word' id='word_1_454' title='bbox 3173 3916 3244 3974; x_wconf 85' lang='lat' dir='ltr'><strong>ad</strong></span> 
     </span>
    </p>
   </div>
   <div class='ocr_carea' id='block_1_97' title="bbox 2164 4001 2689 4073">
    <p class='ocr_par' dir='ltr' id='par_1_97' title="bbox 2164 4001 2689 4073">
     <span class='ocr_line' id='line_1_97' title="bbox 2164 4001 2689 4073; baseline -0.008 -13"><span class='ocrx_word' id='word_1_455' title='bbox 2164 4003 2480 4073; x_wconf 90' lang='lat' dir='ltr'><strong>Liberium,</strong></span> <span class='ocrx_word' id='word_1_456' title='bbox 2517 4001 2689 4060; x_wconf 89' lang='lat' dir='ltr'><strong>infra.</strong></span> 
     </span>
    </p>
   </div>
   <div class='ocr_carea' id='block_1_98' title="bbox 1915 4109 2686 4184">
    <p class='ocr_par' dir='ltr' id='par_1_98' title="bbox 1915 4109 2686 4184">
     <span class='ocr_line' id='line_1_98' title="bbox 1915 4109 2686 4184; baseline -0.005 -14"><span class='ocrx_word' id='word_1_457' title='bbox 1915 4115 2126 4184; x_wconf 82' lang='lat' dir='ltr'><strong>Olymp.</strong></span> <span class='ocrx_word' id='word_1_458' title='bbox 2241 4110 2456 4168; x_wconf 86' lang='lat' dir='ltr'><strong>Liberii</strong></span> <span class='ocrx_word' id='word_1_459' title='bbox 2487 4110 2523 4167; x_wconf 90' lang='lat'><strong>5</strong></span> <span class='ocrx_word' id='word_1_460' title='bbox 2550 4116 2608 4166; x_wconf 83' lang='lat' dir='ltr'><strong>et</strong></span> <span class='ocrx_word' id='word_1_461' title='bbox 2630 4109 2686 4168; x_wconf 91' lang='lat'><strong>6.</strong></span> 
     </span>
    </p>
   </div>
   <div class='ocr_carea' id='block_1_99' title="bbox 1960 4201 3246 4271">
    <p class='ocr_par' dir='ltr' id='par_1_99' title="bbox 1960 4201 3246 4271">
     <span class='ocr_line' id='line_1_99' title="bbox 1960 4201 3246 4271; baseline -0.001 -11"><span class='ocrx_word' id='word_1_462' title='bbox 1960 4201 2068 4260; x_wconf 86' lang='lat'><strong>283</strong></span> <span class='ocrx_word' id='word_1_463' title='bbox 2229 4203 2334 4258; x_wconf 90' lang='lat' dir='ltr'><strong>Die</strong></span> <span class='ocrx_word' id='word_1_464' title='bbox 2373 4216 2426 4256; x_wconf 79' lang='grc' dir='ltr'>ιν</span> <span class='ocrx_word' id='word_1_465' title='bbox 2476 4203 2666 4258; x_wconf 88' lang='lat' dir='ltr'><strong>Nonas</strong></span> <span class='ocrx_word' id='word_1_466' title='bbox 2721 4202 2970 4271; x_wconf 86' lang='lat' dir='ltr'><strong>Augusti</strong></span> <span class='ocrx_word' id='word_1_467' title='bbox 3025 4203 3246 4260; x_wconf 89' lang='lat' dir='ltr'><strong>redita</strong></span> 
     </span>
    </p>
   </div>
   <div class='ocr_carea' id='block_1_100' title="bbox 1911 4289 3248 4363">
    <p class='ocr_par' dir='ltr' id='par_1_100' title="bbox 1911 4289 3248 4363">
     <span class='ocr_line' id='line_1_100' title="bbox 1911 4289 3248 4363; baseline 0 -15"><span class='ocrx_word' id='word_1_468' title='bbox 1911 4309 2118 4349; x_wconf 84' lang='lat' dir='ltr'><strong>ann.1v</strong></span> <span class='ocrx_word' id='word_1_469' title='bbox 2163 4293 2354 4363; x_wconf 91' lang='lat' dir='ltr'><strong>priore</strong></span> <span class='ocrx_word' id='word_1_470' title='bbox 2373 4290 2585 4347; x_wconf 88' lang='lat' dir='ltr'><strong>exsilio</strong></span> <span class='ocrx_word' id='word_1_471' title='bbox 2611 4289 2892 4346; x_wconf 90' lang='lat' dir='ltr'><strong>Liberius.</strong></span> <span class='ocrx_word' id='word_1_472' title='bbox 2918 4289 3058 4347; x_wconf 87' lang='lat' dir='ltr'><strong>Vide</strong></span> <span class='ocrx_word' id='word_1_473' title='bbox 3086 4296 3248 4348; x_wconf 88' lang='lat' dir='ltr'><strong>notas</strong></span> 
     </span>
    </p>
   </div>
   <div class='ocr_carea' id='block_1_101' title="bbox 1986 4381 3246 4456">
    <p class='ocr_par' dir='ltr' id='par_1_101' title="bbox 1986 4381 3246 4456">
     <span class='ocr_line' id='line_1_101' title="bbox 1986 4381 3246 4456; baseline 0.002 -20"><span class='ocrx_word' id='word_1_474' title='bbox 1986 4389 2037 4438; x_wconf 85' lang='lat' dir='ltr'><strong>et</strong></span> <span class='ocrx_word' id='word_1_475' title='bbox 2158 4398 2282 4456; x_wconf 90' lang='lat' dir='ltr'><strong>pag.</strong></span> <span class='ocrx_word' id='word_1_476' title='bbox 2311 4381 2395 4437; x_wconf 90' lang='lat'><strong>46.</strong></span> <span class='ocrx_word' id='word_1_477' title='bbox 2435 4384 2576 4439; x_wconf 90' lang='lat' dir='ltr'><strong>Cum</strong></span> <span class='ocrx_word' id='word_1_478' title='bbox 2611 4390 2825 4439; x_wconf 89' lang='lat' dir='ltr'><strong>terrore</strong></span> <span class='ocrx_word' id='word_1_479' title='bbox 2850 4395 2877 4434; x_wconf 83' lang='lat' dir='ltr'><strong>a</strong></span> <span class='ocrx_word' id='word_1_480' title='bbox 2911 4381 3246 4440; x_wconf 91' lang='lat' dir='ltr'><strong>Constantio</strong></span> 
     </span>
    </p>
   </div>
   <div class='ocr_carea' id='block_1_102' title="bbox 1965 4470 3243 4542">
    <p class='ocr_par' dir='ltr' id='par_1_102' title="bbox 1965 4470 3243 4542">
     <span class='ocr_line' id='line_1_102' title="bbox 1965 4470 3243 4542; baseline -0.002 -13"><span class='ocrx_word' id='word_1_481' title='bbox 1965 4470 2072 4529; x_wconf 75' lang='grc'><strong>284</strong></span> <span class='ocrx_word' id='word_1_482' title='bbox 2161 4475 2414 4542; x_wconf 90' lang='lat' dir='ltr'><strong>incusso,</strong></span> <span class='ocrx_word' id='word_1_483' title='bbox 2439 4472 2707 4530; x_wconf 86' lang='lat' dir='ltr'><strong>etfraude</strong></span> <span class='ocrx_word' id='word_1_484' title='bbox 2729 4471 3073 4528; x_wconf 74' lang='lat' dir='ltr'><strong>Arianorum</strong></span> <span class='ocrx_word' id='word_1_485' title='bbox 3096 4485 3243 4529; x_wconf 91' lang='lat' dir='ltr'><strong>com.</strong></span> 
     </span>
    </p>
   </div>
   <div class='ocr_carea' id='block_1_103' title="bbox 1785 4562 3246 4646">
    <p class='ocr_par' dir='ltr' id='par_1_103' title="bbox 1785 4562 3246 4646">
     <span class='ocr_line' id='line_1_103' title="bbox 1785 4562 3246 4646; baseline 0 -29"><span class='ocrx_word' id='word_1_486' title='bbox 1785 4569 1847 4646; x_wconf 63' lang='lat' dir='ltr'><strong>in</strong></span> <span class='ocrx_word' id='word_1_487' title='bbox 1912 4579 2046 4618; x_wconf 88' lang='lat' dir='ltr'><strong>ann.</strong></span> <span class='ocrx_word' id='word_1_488' title='bbox 2096 4577 2112 4617; x_wconf 93' lang='grc' dir='ltr'><strong>ι</strong></span> <span class='ocrx_word' id='word_1_489' title='bbox 2154 4564 2363 4634; x_wconf 91' lang='lat' dir='ltr'><strong>pulsus</strong></span> <span class='ocrx_word' id='word_1_490' title='bbox 2402 4563 2848 4632; x_wconf 81' lang='lat' dir='ltr'><strong>subscripsisset</strong></span> <span class='ocrx_word' id='word_1_491' title='bbox 2884 4562 3246 4618; x_wconf 88' lang='lat' dir='ltr'><strong>damnationi</strong></span> 
     </span>
    </p>
   </div>
   <div class='ocr_carea' id='block_1_104' title="bbox 2163 4651 3242 4724">
    <p class='ocr_par' dir='ltr' id='par_1_104' title="bbox 2163 4651 3242 4724">
     <span class='ocr_line' id='line_1_104' title="bbox 2163 4651 3242 4724; baseline -0.001 -16"><span class='ocrx_word' id='word_1_492' title='bbox 2163 4653 2489 4723; x_wconf 87' lang='lat' dir='ltr'><strong>Athanasii,</strong></span> <span class='ocrx_word' id='word_1_493' title='bbox 2557 4665 2785 4724; x_wconf 91' lang='lat' dir='ltr'><strong>unaque</strong></span> <span class='ocrx_word' id='word_1_494' title='bbox 2839 4653 3055 4710; x_wconf 90' lang='lat' dir='ltr'><strong>edisset</strong></span> <span class='ocrx_word' id='word_1_495' title='bbox 3110 4651 3242 4708; x_wconf 91' lang='lat' dir='ltr'><strong>ﬁdei</strong></span> 
     </span>
    </p>
   </div>
   <div class='ocr_carea' id='block_1_105' title="bbox 2162 4739 3248 4813">
    <p class='ocr_par' dir='ltr' id='par_1_105' title="bbox 2162 4739 3248 4813">
     <span class='ocr_line' id='line_1_105' title="bbox 2162 4739 3248 4813; baseline -0.006 -15"><span class='ocrx_word' id='word_1_496' title='bbox 2162 4739 2595 4813; x_wconf 88' lang='lat' dir='ltr'><strong>professionem,</strong></span> <span class='ocrx_word' id='word_1_497' title='bbox 2645 4743 2703 4796; x_wconf 91' lang='lat' dir='ltr'><strong>in</strong></span> <span class='ocrx_word' id='word_1_498' title='bbox 2733 4754 2844 4810; x_wconf 90' lang='lat' dir='ltr'><strong>qua</strong></span> <span class='ocrx_word' id='word_1_499' title='bbox 2873 4746 2962 4792; x_wconf 78' lang='grc' dir='ltr'><strong>τοῦ</strong></span> <span class='ocrx_word' id='word_1_500' title='bbox 3013 4740 3248 4809; x_wconf 77' lang='grc' dir='ltr'><strong>ὁμουσίου</strong></span> 
     </span>
    </p>
   </div>
   <div class='ocr_carea' id='block_1_106' title="bbox 2165 4827 3251 4901">
    <p class='ocr_par' dir='ltr' id='par_1_106' title="bbox 2165 4827 3251 4901">
     <span class='ocr_line' id='line_1_106' title="bbox 2165 4827 3251 4901; baseline -0.002 -17"><span class='ocrx_word' id='word_1_501' title='bbox 2165 4831 2509 4888; x_wconf 87' lang='lat' dir='ltr'><strong>vocabulum</strong></span> <span class='ocrx_word' id='word_1_502' title='bbox 2542 4829 2865 4887; x_wconf 66' lang='lat' dir='ltr'><strong>concordia;</strong></span> <span class='ocrx_word' id='word_1_503' title='bbox 2900 4829 3087 4901; x_wconf 86' lang='lat' dir='ltr'><strong>gratia</strong></span> <span class='ocrx_word' id='word_1_504' title='bbox 3118 4827 3251 4883; x_wconf 89' lang='lat' dir='ltr'><strong>sub-</strong></span> 
     </span>
    </p>
   </div>
   <div class='ocr_carea' id='block_1_107' title="bbox 2166 4917 3248 4990">
    <p class='ocr_par' dir='ltr' id='par_1_107' title="bbox 2166 4917 3248 4990">
     <span class='ocr_line' id='line_1_107' title="bbox 2166 4917 3248 4990; baseline -0.003 -15"><span class='ocrx_word' id='word_1_505' title='bbox 2166 4921 2472 4990; x_wconf 89' lang='lat' dir='ltr'><strong>ticebatur,</strong></span> <span class='ocrx_word' id='word_1_506' title='bbox 2536 4922 2760 4976; x_wconf 87' lang='lat' dir='ltr'><strong>tametsi</strong></span> <span class='ocrx_word' id='word_1_507' title='bbox 2820 4917 3032 4973; x_wconf 87' lang='lat' dir='ltr'><strong>Filium</strong></span> <span class='ocrx_word' id='word_1_508' title='bbox 3092 4917 3248 4973; x_wconf 87' lang='lat' dir='ltr'><strong>Patri</strong></span> 
     </span>
    </p>
   </div>
   <div class='ocr_carea' id='block_1_108' title="bbox 2166 5005 3248 5079">
    <p class='ocr_par' dir='ltr' id='par_1_108' title="bbox 2166 5005 3248 5079">
     <span class='ocr_line' id='line_1_108' title="bbox 2166 5005 3248 5079; baseline -0.005 -14"><span class='ocrx_word' id='word_1_509' title='bbox 2166 5022 2266 5079; x_wconf 89' lang='lat' dir='ltr'><strong>per</strong></span> <span class='ocrx_word' id='word_1_510' title='bbox 2309 5009 2502 5064; x_wconf 91' lang='lat' dir='ltr'><strong>omnia</strong></span> <span class='ocrx_word' id='word_1_511' title='bbox 2528 5009 2932 5064; x_wconf 85' lang='lat' dir='ltr'><strong>similem‘esse</strong></span> <span class='ocrx_word' id='word_1_512' title='bbox 2959 5005 3248 5062; x_wconf 85' lang='lat' dir='ltr'><strong>deﬁniret.</strong></span> 
     </span>
    </p>
   </div>
   <div class='ocr_carea' id='block_1_109' title="bbox 2164 5094 3252 5166">
    <p class='ocr_par' dir='ltr' id='par_1_109' title="bbox 2164 5094 3252 5166">
     <span class='ocr_line' id='line_1_109' title="bbox 2164 5094 3252 5166; baseline -0.003 -13"><span class='ocrx_word' id='word_1_513' title='bbox 2164 5098 2319 5153; x_wconf 84' lang='lat' dir='ltr'><strong>Hanc</strong></span> <span class='ocrx_word' id='word_1_514' title='bbox 2349 5097 2532 5149; x_wconf 77' lang='grc' dir='ltr'>ἔκδεσιν</span> <span class='ocrx_word' id='word_1_515' title='bbox 2563 5096 2736 5150; x_wconf 87' lang='lat' dir='ltr'><strong>nacti.</strong></span> <span class='ocrx_word' id='word_1_516' title='bbox 2811 5094 3106 5166; x_wconf 85' lang='lat' dir='ltr'><strong>Ursacius,</strong></span> <span class='ocrx_word' id='word_1_517' title='bbox 3193 5101 3252 5152; x_wconf 92' lang='lat' dir='ltr'><strong>et</strong></span> 
     </span>
    </p>
   </div>
   <div class='ocr_carea' id='block_1_110' title="bbox 2168 5181 3250 5242">
    <p class='ocr_par' dir='ltr' id='par_1_110' title="bbox 2168 5181 3250 5242">
     <span class='ocr_line' id='line_1_110' title="bbox 2168 5181 3250 5242; baseline 0 -2"><span class='ocrx_word' id='word_1_518' title='bbox 2168 5185 2374 5242; x_wconf 90' lang='lat' dir='ltr'><strong>Valens</strong></span> <span class='ocrx_word' id='word_1_519' title='bbox 2395 5185 2632 5240; x_wconf 91' lang='lat' dir='ltr'><strong>alteram</strong></span> <span class='ocrx_word' id='word_1_520' title='bbox 2661 5183 2789 5238; x_wconf 85' lang='lat' dir='ltr'><strong>ﬁdei</strong></span> <span class='ocrx_word' id='word_1_521' title='bbox 2814 5181 3118 5240; x_wconf 90' lang='lat' dir='ltr'><strong>formulam</strong></span> <span class='ocrx_word' id='word_1_522' title='bbox 3142 5184 3250 5242; x_wconf 91' lang='lat' dir='ltr'><strong>sub</strong></span> 
     </span>
    </p>
   </div>
   <div class='ocr_carea' id='block_1_111' title="bbox 2178 5273 3249 5343">
    <p class='ocr_par' dir='ltr' id='par_1_111' title="bbox 2178 5273 3249 5343">
     <span class='ocr_line' id='line_1_111' title="bbox 2178 5273 3249 5343; baseline 0.001 -14"><span class='ocrx_word' id='word_1_523' title='bbox 2178 5273 2392 5330; x_wconf 91' lang='lat' dir='ltr'><strong>Liberii</strong></span> <span class='ocrx_word' id='word_1_524' title='bbox 2445 5273 2676 5328; x_wconf 91' lang='lat' dir='ltr'><strong>nomine</strong></span> <span class='ocrx_word' id='word_1_525' title='bbox 2727 5273 2981 5340; x_wconf 67' lang='lat' dir='ltr'><strong>perﬁdiae</strong></span> <span class='ocrx_word' id='word_1_526' title='bbox 3026 5273 3249 5343; x_wconf 91' lang='lat' dir='ltr'><strong>plenam</strong></span> 
     </span>
    </p>
   </div>
   <div class='ocr_carea' id='block_1_112' title="bbox 2170 5362 3254 5436">
    <p class='ocr_par' dir='ltr' id='par_1_112' title="bbox 2170 5362 3254 5436">
     <span class='ocr_line' id='line_1_112' title="bbox 2170 5362 3254 5436; baseline -0.001 -15"><span class='ocrx_word' id='word_1_527' title='bbox 2170 5364 2523 5421; x_wconf 88' lang='lat' dir='ltr'><strong>ediderunt:</strong></span> <span class='ocrx_word' id='word_1_528' title='bbox 2571 5362 2645 5418; x_wconf 91' lang='lat' dir='ltr'><strong>ob</strong></span> <span class='ocrx_word' id='word_1_529' title='bbox 2679 5376 2849 5432; x_wconf 88' lang='lat' dir='ltr'><strong>quam</strong></span> <span class='ocrx_word' id='word_1_530' title='bbox 2899 5377 3096 5436; x_wconf 86' lang='lat' dir='ltr'><strong>magna</strong></span> <span class='ocrx_word' id='word_1_531' title='bbox 3154 5378 3254 5433; x_wconf 90' lang='lat' dir='ltr'><strong>per</strong></span> 
     </span>
    </p>
   </div>
   <div class='ocr_carea' id='block_1_113' title="bbox 2161 5452 3257 5522">
    <p class='ocr_par' dir='ltr' id='par_1_113' title="bbox 2161 5452 3257 5522">
     <span class='ocr_line' id='line_1_113' title="bbox 2161 5452 3257 5522; baseline -0.001 -12"><span class='ocrx_word' id='word_1_532' title='bbox 2161 5455 2451 5510; x_wconf 90' lang='lat' dir='ltr'><strong>Orientem</strong></span> <span class='ocrx_word' id='word_1_533' title='bbox 2507 5460 2562 5508; x_wconf 92' lang='lat' dir='ltr'><strong>et</strong></span> <span class='ocrx_word' id='word_1_534' title='bbox 2619 5452 2841 5522; x_wconf 88' lang='lat' dir='ltr'><strong>Syriam</strong></span> <span class='ocrx_word' id='word_1_535' title='bbox 2899 5453 3257 5522; x_wconf 88' lang='lat' dir='ltr'><strong>perturbatio</strong></span> 
     </span>
    </p>
   </div>
   <div class='ocr_carea' id='block_1_114' title="bbox 2168 5541 3247 5615">
    <p class='ocr_par' dir='ltr' id='par_1_114' title="bbox 2168 5541 3247 5615">
     <span class='ocr_line' id='line_1_114' title="bbox 2168 5541 3247 5615; baseline -0.002 -16"><span class='ocrx_word' id='word_1_536' title='bbox 2168 5545 2414 5599; x_wconf 85' lang='lat' dir='ltr'><strong>exstitit.</strong></span> <span class='ocrx_word' id='word_1_537' title='bbox 2448 5542 2732 5598; x_wconf 88' lang='lat' dir='ltr'><strong>Petavius.</strong></span> <span class='ocrx_word' id='word_1_538' title='bbox 2763 5541 2902 5598; x_wconf 88' lang='lat' dir='ltr'><strong>Vide</strong></span> <span class='ocrx_word' id='word_1_539' title='bbox 2931 5549 3096 5598; x_wconf 90' lang='lat' dir='ltr'><strong>notas</strong></span> <span class='ocrx_word' id='word_1_540' title='bbox 3121 5557 3247 5615; x_wconf 86' lang='lat' dir='ltr'><strong>pag.</strong></span> 
     </span>
    </p>
   </div>
   <div class='ocr_carea' id='block_1_115' title="bbox 2174 5629 3246 5703">
    <p class='ocr_par' dir='ltr' id='par_1_115' title="bbox 2174 5629 3246 5703">
     <span class='ocr_line' id='line_1_115' title="bbox 2174 5629 3246 5703; baseline 0.001 -16"><span class='ocrx_word' id='word_1_541' title='bbox 2174 5629 2240 5687; x_wconf 95' lang='lat'><strong>47</strong></span> <span class='ocrx_word' id='word_1_542' title='bbox 2287 5638 2344 5687; x_wconf 89' lang='lat' dir='ltr'><strong>et</strong></span> <span class='ocrx_word' id='word_1_543' title='bbox 2385 5633 2528 5700; x_wconf 90' lang='lat' dir='ltr'><strong>sed.,</strong></span> <span class='ocrx_word' id='word_1_544' title='bbox 2575 5639 2632 5686; x_wconf 87' lang='lat' dir='ltr'><strong>et</strong></span> <span class='ocrx_word' id='word_1_545' title='bbox 2672 5632 2860 5686; x_wconf 90' lang='lat' dir='ltr'><strong>Sever.</strong></span> <span class='ocrx_word' id='word_1_546' title='bbox 2909 5632 3130 5703; x_wconf 89' lang='lat' dir='ltr'><strong>Sulpic.</strong></span> <span class='ocrx_word' id='word_1_547' title='bbox 3183 5650 3246 5688; x_wconf 90' lang='grc' dir='ltr'><strong>ιι.</strong></span> 
     </span>
    </p>
   </div>
   <div class='ocr_carea' id='block_1_116' title="bbox 2165 5720 3251 5794">
    <p class='ocr_par' dir='ltr' id='par_1_116' title="bbox 2165 5720 3251 5794">
     <span class='ocr_line' id='line_1_116' title="bbox 2165 5720 3251 5794; baseline 0.001 -16"><span class='ocrx_word' id='word_1_548' title='bbox 2165 5720 2434 5778; x_wconf 78' lang='lat' dir='ltr'><strong>Ecclesiae</strong></span> <span class='ocrx_word' id='word_1_549' title='bbox 2459 5720 2623 5778; x_wconf 90' lang='lat' dir='ltr'><strong>urbis</strong></span> <span class='ocrx_word' id='word_1_550' title='bbox 2643 5722 2832 5777; x_wconf 62' lang='lat' dir='ltr'><strong>Roma</strong></span> <span class='ocrx_word' id='word_1_551' title='bbox 2858 5722 3090 5779; x_wconf 90' lang='lat' dir='ltr'><strong>clericis</strong></span> <span class='ocrx_word' id='word_1_552' title='bbox 3121 5725 3251 5794; x_wconf 85' lang='lat' dir='ltr'><strong>pri-</strong></span> 
     </span>
    </p>
   </div>
   <div class='ocr_carea' id='block_1_117' title="bbox 3457 425 3565 485">
    <p class='ocr_par' dir='ltr' id='par_1_117' title="bbox 3457 425 3565 485">
     <span class='ocr_line' id='line_1_117' title="bbox 3457 425 3565 485; baseline 0 0"><span class='ocrx_word' id='word_1_553' title='bbox 3457 425 3565 485; x_wconf 81' lang='grc'><strong>630</strong></span> 
     </span>
    </p>
   </div>
   <div class='ocr_carea' id='block_1_118' title="bbox 3345 558 3504 612">
    <p class='ocr_par' dir='ltr' id='par_1_118' title="bbox 3345 558 3504 612">
     <span class='ocr_line' id='line_1_118' title="bbox 3345 558 3504 612; baseline -0.013 0"><span class='ocrx_word' id='word_1_554' title='bbox 3345 558 3504 612; x_wconf 78' lang='lat' dir='ltr'><strong>Anni</strong></span> 
     </span>
    </p>
   </div>
   <div class='ocr_carea' id='block_1_119' title="bbox 3310 699 3532 756">
    <p class='ocr_par' dir='ltr' id='par_1_119' title="bbox 3310 699 3532 756">
     <span class='ocr_line' id='line_1_119' title="bbox 3310 699 3532 756; baseline 0 -2"><span class='ocrx_word' id='word_1_555' title='bbox 3310 699 3532 756; x_wconf 71' lang='lat' dir='ltr'><strong>Christi.</strong></span> 
     </span>
    </p>
   </div>
   <div class='ocr_carea' id='block_1_120' title="bbox 3359 1125 3511 1184">
    <p class='ocr_par' dir='ltr' id='par_1_120' title="bbox 3359 1125 3511 1184">
     <span class='ocr_line' id='line_1_120' title="bbox 3359 1125 3511 1184; baseline -0.026 1"><span class='ocrx_word' id='word_1_556' title='bbox 3359 1125 3511 1184; x_wconf 84' lang='grc'>355,</span> 
     </span>
    </p>
   </div>
   <div class='ocr_carea' id='block_1_121' title="bbox 3351 2394 3459 2453">
    <p class='ocr_par' dir='ltr' id='par_1_121' title="bbox 3351 2394 3459 2453">
     <span class='ocr_line' id='line_1_121' title="bbox 3351 2394 3459 2453; baseline 0 0"><span class='ocrx_word' id='word_1_557' title='bbox 3351 2394 3459 2453; x_wconf 88' lang='grc'><strong>556</strong></span> 
     </span>
    </p>
   </div>
   <div class='ocr_carea' id='block_1_122' title="bbox 3337 4109 3444 4172">
    <p class='ocr_par' dir='ltr' id='par_1_122' title="bbox 3337 4109 3444 4172">
     <span class='ocr_line' id='line_1_122' title="bbox 3337 4109 3444 4172; baseline -0.019 0"><span class='ocrx_word' id='word_1_558' title='bbox 3337 4109 3444 4172; x_wconf 84' lang='grc'><strong>357</strong></span> 
     </span>
    </p>
   </div>
  </div>
