3922 6414
394 437 504 498 635
1195 441 1292 496 AD
1328 441 1760 500 ANASTASIUM
1800 439 2318 498 PROLEGOMENA
2354 439 2530 498 EDIT.
2573 438 3004 496 ROM.-VATIC.
3717 449 3794 508 63

464 565 621 638 Anni
680 566 1056 634 Imperatores,
1125 565 1404 629 Consules,
1488 570 1763 622 Romano—
1827 566 1985 621 Anni
2074 568 2132 627 A
2225 566 2379 621 Anm
2425 565 2880 628 Christianorum,
2919 565 3226 621 Judzorum
3283 573 3336 622 et
3375 572 3518 638 ﬁni—
3591 574 3758 628 Αηηὶ

477 637 583 690 Per
741 652 884 698 rum,
929 653 1014 690 res
1051 644 1215 704 gesta:
1259 643 1308 691 et
1352 639 1690 692 documenta.
1828 639 1888 692 U.
1926 637 1982 692 C.
2190 637 2400 708 Olymp.
2488 641 2739 691 timorum
2777 639 3127 706 papulorum.
3187 637 3495 710 Pontiﬁces,
3583 646 3739 700 Era:

478 710 586 762 Jul.
1791 713 1918 762 ante
1948 713 1999 762 et
2515 711 2698 776 Reges,
2729 724 2813 762 res
2841 718 3006 776 gesta:
3046 715 3096 764 et
3153 711 3496 767 documenta.
3533 713 3771 772 Christi.

425 785 476 834 et
510 780 634 835 1nd.
1737 786 1863 850 post
1877 779 2041 834 Palil.

745 905 818 960 Et
855 903 945 960 lex
995 917 1034 958 ι.
1081 902 1143 957 C.
1187 903 1376 959 Theod
1425 905 1496 960 de
1541 904 1764 962 domest

675 1000 732 1050 et
754 1000 971 1064 protect
994 993 1239 1063 aliasque
1267 995 1416 1062 apud
1453 995 1685 1050 Reland.

739 1084 830 1138 Pr.
864 1083 999 1137 Urbi
1044 1083 1278 1135 Anicius
1317 1083 1613 1136 Maximus.

744 1173 1012 1229 Julianus
1083 1172 1452 1227 Antiochiam
1527 1174 1762 1229 veniens

675 1262 1077 1333 grammaticos
1121 1267 1178 1315 et
1226 1260 1544 1316 rhetoricos
1588 1261 1768 1317 Chri-

676 1351 896 1404 stianos
924 1363 957 1404 a
997 1349 1216 1404 scholis
1255 1355 1430 1403 arcet.
1475 1349 1623 1404 Idem
1668 1364 1769 1406 au-

674 1443 799 1493 ctor
820 1437 1240 1506 persecutionis
1262 1436 1324 1492 tit
1345 1436 1652 1494 blanditiis
1674 1453 1765 1508 po-

675 1527 794 1582 tius
824 1541 994 1597 quam
1026 1526 1282 1582 caedibus
1314 1527 1382 1582 ad
1414 1529 1764 1596 apostasiam

674 1616 1079 1687 pertrahentis.
1159 1616 1418 1671 Attamen
1488 1618 1765 1687 martyrio

673 1705 870 1776 plures
919 1704 1128 1775 aﬂ'ecti,
1187 1719 1332 1775 quos
1387 1705 1537 1760 inter
1587 1705 1762 1762 Arte-

676 1795 850 1850 mins.
874 1796 1175 1864 Hieronym
1193 1795 1372 1849 chron
1395 1795 1656 1850 Ammian
1678 1795 1761 1851 lib

675 1897 820 1939 xxn.
864 1883 1088 1952 Malala,
1129 1883 1229 1954 qui
1259 1883 1332 1938 ab
1360 1883 1452 1938 his
1483 1897 1612 1940 coss
1645 1885 1764 1940 im-

672 1972 895 2043 perium
925 1972 1432 2050 Julianijnchoat.

454 2484 599 2542 5076
741 2488 863 2554 Imp
903 2483 1023 2539 Caes
1048 2483 1317 2540 Julianus
1353 2482 1482 2553 Aug
1521 2489 1590 2537 tr.
1637 2499 1690 2553 p.
1729 2481 1764 2539 3

419 2578 492 2650 ﬁ)
603 2572 642 2629 8
667 2578 723 2630 et
752 2569 804 2639 4,
837 2587 936 2627 cos
966 2586 1039 2626 ιν.

417 2669 550 2759 9.--
698 2704 837 2759 Coss
889 2667 1416 2759 ἰυηθηυῗηέῗὲἶξῖζ

418 2738 837 2798 EIndietW”
901 2779 913 2792 .
963 2778 977 2793 .
1025 2779 1039 2791 .
1087 2778 1098 2790 .
1137 2738 1472 2792 Sallustius.

491 2840 548 2882 vi
731 2826 980 2894 Inscript
1039 2832 1203 2880 vetus
1263 2826 1321 2880 in
1384 2826 1438 2881 S.
1493 2829 1637 2882 Mart
1689 2829 1760 2884 de

448 2921 499 2970 et
522 2929 602 2972 γι(
669 2915 982 2982 Montibus,
1008 2922 1064 2970 et
1082 2917 1232 2984 apud
1259 2915 1485 2970 Fabrett
1510 2917 1761 2986 Inscript

669 3019 720 3075 p.
771 3000 873 3059 443
911 3009 966 3058 et
1005 3004 1218 3059 Gruter
1257 3001 1380 3075 485,
1411 3002 1464 3070 2,
1509 3011 1565 3059 et
1611 3006 1760 3077 leges

668 3093 976 3162 utriusque
1007 3093 1229 3148 codicis
1260 3095 1407 3161 apud
1446 3093 1659 3151 Reland
1696 3100 1758 3150 ut

668 3181 759 3254 leg
781 3179 836 3252 2,
868 3196 916 3236 c.
951 3182 1136 3237 Theod
1166 3182 1236 3238 de
1265 3181 1520 3252 dotibus,
1553 3188 1662 3237 etc.

744 3269 891 3326 Praef
926 3270 1058 3326 Urbi
1100 3271 1163 3325 L.
1199 3273 1428 3325 Turcius
1469 3273 1761 3342 Apronia-

669 3375 796 3414 nus.
856 3359 1122 3414 Conlelor
1172 3373 1239 3415 ex
1300 3361 1514 3415 Panvin
1563 3367 1618 3416 et
1668 3365 1760 3416 vet

674 3448 921 3518 inscript
983 3449 1132 3504 Faue
1175 3451 1252 3519 si,
1309 3447 1564 3519 aliisque
1622 3449 1761 3519 plu-

669 3537 855 3594 ribus.

723 3627 956 3684 Juliano
1007 3641 1074 3683 ex
1121 3629 1357 3685 vulnere
1414 3629 1530 3684 vita
1588 3641 1760 3684 exce—

665 3717 836 3773 dente
860 3717 1032 3772 etiam
1054 3719 1218 3787 juxta
1245 3717 1423 3773 chron
1458 3718 1634 3772 Pasch
1661 3717 1696 3772 h
1724 3731 1757 3773 a

666 3805 737 3862 ad
767 3805 919 3861 diem
952 3820 1008 3862 v1
1041 3807 1142 3862 Kal
1173 3807 1359 3863 Julias
1395 3808 1664 3861 Jovnuws
1690 3820 1760 3862 ex

668 3895 879 3952 comite
909 3896 1357 3952 domesticorum
1395 3895 1467 3951 ab
1499 3896 1758 3952 exercitu

670 3981 912 4052 eligitur
952 3985 1281 4052 Imperator.
1317 3987 1373 4039 Is
1406 3998 1596 4054 pacem
1627 3998 1758 4040 cum

671 4069 862 4125 Persis
892 4069 1094 4127 fundat
1123 4073 1192 4129 ad
1230 4087 1413 4130 annos
1443 4087 1581 4129 xxx.
1615 4073 1755 4129 Idat.

667 4158 957 4215 Ammian.
1008 4161 1335 4232 Hieronym.
1391 4161 1543 4217 Idem
1595 4161 1760 4231 jubet

673 4248 957 4305 idolorum
991 4252 1201 4321 templa
1229 4250 1446 4312 claudi.
1487 4255 1545 4304 et
1573 4251 1765 4304 sacri-

673 4338 804 4395 ﬁcia
831 4338 1072 4395 aboleri.
1103 4341 1318 4395 Socrat.
1347 4336 1403 4408 3,
1437 4352 1486 4394 c.
1520 4335 1612 4394 25.

454 4587 596 4647 507⁸7
739 4588 862 4656 Imp
885 4587 1005 4641 Caes
1029 4586 1305 4642 Iovianus
1343 4587 1471 4658 Aug
1494 4592 1565 4642 tr.
1603 4603 1658 4658 p.
1698 4585 1748 4643 4.
1831 4586 1969 4646 4446
2065 4577 2121 4640 D

1839 2480 1979 2540 4445

1838 2568 1977 2627 4446

419 4683 494 4754 ξ)
606 4675 644 4734 9
670 4691 768 4733 cos
794 4675 894 4746 qui
923 4675 1124 4732 obith
1155 4674 1256 4729 Kal
1290 4675 1506 4729 Martii.
1534 4677 1594 4730 In
1628 4677 1755 4745 ejus
1829 4675 1969 4735 4447

429 4767 505 4840 ο
611 4765 646 4822 4
673 4767 860 4822 locum
886 4765 1128 4836 eligitur
1157 4765 1606 4818 VALENTINIANUS
1627 4766 1696 4820 ad
1721 4779 1753 4818 v

467 4857 583 4913 DC
665 4855 769 4910 Kal
841 4854 1032 4910 Martii
1100 4853 1198 4908 die
1257 4853 1384 4907 Biss
1444 4853 1751 4910 declinato.

432 4943 616 5000 Indict
667 4945 818 5000 Idem
882 4942 1380 5011 ConstantinOpoli
1455 4941 1755 4999 VALENTEM

491 5045 572 5087 vn
682 5033 1006 5105 Augustum
1054 5030 1307 5102 appellat
1346 5027 1379 5085 4
1419 5030 1543 5086 Kal.
1591 5033 1754 5102 April

437 5124 489 5175 et
517 5133 621 5176 vm
681 5121 900 5177 ldatius

669 5211 851 5300 'Coss
891 5210 1010 5300 l‘mp
1073 5209 1193 5292 Caes
1254 5209 1542 5300 Iovianus.
1603 5210 1751 5300 Aug.

909 5281 1300 5336 Varronianus
1344 5281 1466 5336 Cass
1512 5283 1638 5352 Aug
1693 5281 1753 5336 F.

741 5370 959 5423 “Vetus
1001 5368 1149 5436 lapis
1177 5370 1250 5421 M.
1295 5371 1359 5422 N.
1406 5369 1623 5424 relatus
1659 5376 1755 5425 to-

673 5469 764 5511 mo
808 5454 845 5510 2
903 5456 961 5508 in
1009 5457 1297 5524 Prolegom
1359 5455 1398 5510 f.
1453 5471 1655 5526 vaui,
1697 5464 1754 5514 et

675 5544 823 5610 apud
881 5541 1102 5596 Boldett
1159 5549 1362 5598 eminet
1416 5559 1468 5612 p.
1525 5543 1596 5598 8L
1653 5546 1752 5600 ubi

674 5635 810 5684 aetas
837 5632 1010 5684 Luna:
1038 5636 1096 5682 et
1123 5629 1266 5685 feria
1298 5637 1447 5686 recte
1484 5634 1756 5702 exprimi-

677 5720 790 5768 tur.
831 5717 974 5771 Vide
1005 5715 1158 5784 leges
1199 5719 1350 5785 apud
1393 5717 1607 5773 Reland
1661 5721 1754 5774 bis

2262 2472 2306 2514 Π

2264 2559 2327 2601 Ill

2256 4584 2326 4626 ιιι

2258 4673 2314 4714 IV

2438 874 2636 937 grante
2666 867 2797 925 fano
2822 876 2878 924 et
2903 869 3215 926 simulacro
3239 870 3532 942 Apollinis

2436 959 2767 1028 Daphnitici
2845 961 3220 1029 quaestionem
3301 961 3529 1033 habuit,

2439 1047 2770 1116 suspicatus
2794 1062 2827 1102 a
2856 1047 3208 1105 Christianis
3236 1057 3527 1106 exustum.

2450 1136 2712 1190 Ammian
2745 1135 2830 1190 lib
2858 1133 2949 1190 22.

2511 1224 2795 1292 Georgius
2916 1227 3129 1295 pseudo
3155 1256 3194 1267 —
3221 1221 3533 1300 episcopus

2438 1313 2864 1370 Alexandrinus
2888 1329 2919 1370 a
2941 1316 3226 1371 c-nncitata
3257 1317 3417 1387 plebe
3441 1334 3534 1376 oc-

2443 1403 2698 1458 ciditur:
2732 1403 3056 1473 regreditur
3086 1405 3382 1476 legitimus
3409 1409 3529 1478 epi-

2445 1506 2654 1561 scopas
2709 1493 3062 1548 Athanasius
3114 1511 3126 1548 :
3180 1496 3280 1564 qui
3337 1501 3527 1554 tamen

2441 1581 2677 1637 Arianis
2708 1581 3064 1638 instantibus
3093 1582 3310 1638 Iuliani
3336 1585 3508 1653 jussu

2445 1671 2652 1726 iterum
2683 1671 3015 1740 expellitur.
3046 1673 3242 1726 Socrat
3271 1675 3324 1742 3,
3357 1673 3530 1731 Theo-

2441 1760 2604 1815 doret
2623 1758 2676 1826 3,
2709 1760 2903 1815 Sozom
2931 1758 2985 1815 5.

2505 1847 3005 1904 Luciferianorum
3049 1849 3303 1906 schisma
3329 1851 3526 1908 Antio-

2441 1937 2586 1992 chiae
2629 1937 2952 1994 subortum.
3001 1939 3314 1995 Donatista:
3355 1953 3388 1995 a
3434 1941 3532 1996 Ju-

2441 2027 2597 2083 liano
2675 2027 2870 2083 exsilii
2953 2027 3385 2094 relaxationem,
3465 2036 3524 2086 et

2439 2117 2819 2173 Basilicarum
2876 2118 3300 2174 restitutionem
3353 2119 3527 2190 impe-

2439 2212 2616 2276 trant,
2673 2213 2730 2262 et
2776 2207 2972 2263 omnia
3025 2207 3216 2264 turbis
3261 2208 3525 2265 miscent.

2438 2295 2682 2365 Optatus
2711 2293 2768 2352 2.

2501 2458 2718 2514 Liberii
2755 2456 2820 2514 40
2848 2463 2904 2515 et
2936 2457 3022 2514 44.

2505 2547 2774 2601 Julianus
2802 2549 3096 2616 Templum
3127 2549 3489 2620 Jerosolymi-

2441 2640 2636 2690 tanum
2727 2649 2822 2704 per
2893 2637 3118 2693 Iudaeos
3202 2640 3524 2695 instaurare

2441 2723 2730 2779 incassum
2787 2730 3019 2780 tentut:
3076 2737 3274 2783 contra
3327 2729 3524 2784 Persas

2441 2811 2731 2883 profectus
2791 2815 3218 2883 Ctesiphontem
3268 2817 3515 2872 obsidet.

2438 2902 2522 2957 Ab
2579 2915 2643 2957 ea
2701 2905 2968 2958 recedens
3037 2905 3232 2960 lethali
3291 2907 3526 2964 vulnere

2441 2992 2743 3062 [incertum
2786 3005 2856 3046 an
2895 2993 3126 3048 coalitus
3168 2995 3407 3062 inﬂicto,
3453 3010 3528 3052 au

2438 3094 2538 3136 ner
2566 3081 2822 3152 ignotum
2867 3078 3174 3152 hominem]
3206 3081 3358 3134 diem
3399 3083 3528 3139 obit

2436 3171 2806 3240 blasphemus
2851 3175 2907 3224 et
2949 3175 3226 3238 apostata.
3272 3169 3525 3226 Theodo-

2437 3267 2540 3329 ret,
2607 3258 2660 3326 3,
2723 3274 2772 3315 c.
2855 3257 2909 3327 2,
2982 3272 3111 3313 cum
3188 3258 3529 3326 imperasset

2439 3355 2567 3420 post
2634 3348 2854 3404 obitum
2925 3347 3245 3402 Constantii
3314 3359 3426 3401 ann
3490 3345 3514 3402 4

2439 3437 2659 3493 mensib
2697 3433 2752 3506 7,
2797 3435 2930 3492 fere.
2971 3437 3240 3490 Jovnxnus
3281 3437 3528 3504 Impera-

2437 3531 2528 3583 tor
2578 3527 2820 3599 eligitur
2861 3540 2894 3580 a
2942 3525 3250 3591 militibus,
3303 3525 3403 3594 qui
3463 3538 3525 3580 se

2437 3617 2801 3672 Christianos
2833 3629 2957 3670 esse
2991 3613 3293 3669 confestim
3339 3614 3524 3670 excla-

2437 3711 2613 3774 mant,
2646 3718 2774 3759 cum
2802 3702 3132 3760 Gentilibus
3157 3716 3216 3757 se
3245 3703 3523 3772 imperare

2439 3794 2592 3850 nolle
2619 3793 2884 3848 dixisset.

2504 3884 2567 3938 In
2631 3883 2893 3938 Concilio
2949 3881 3305 3937 Antiocheno
3355 3881 3523 3937 Acca-

2435 3972 2590 4028 ciani
2632 3985 2691 4027 se
2723 3971 2793 4027 ad
2839 3971 3130 4026 Meletium
3174 3971 3516 4040 adjungunt.

2441 4068 2498 4118 et
2549 4061 2834 4116 Nicaenam
2881 4061 3045 4116 tidem
3094 4059 3522 4129 amplectuntur

2430 4152 2595 4222 juxta
2642 4151 2840 4206 Socrat
2887 4150 2924 4206 I.
2969 4148 3023 4219 3,
3064 4164 3114 4206 c.
3154 4147 3244 4205 25.
3293 4150 3347 4204 S.
3399 4149 3526 4205 Ilie-

2437 4253 2632 4309 ronym
2692 4240 2939 4295 medium
2996 4241 3315 4293 Homoeszon
3371 4237 3522 4293 inter

2435 4329 2764 4382 Homousion
2829 4334 2886 4384 et
2950 4328 3285 4384 Anomaaum
3345 4327 3524 4384 admi-

2434 4419 2580 4473 sisse
2615 4417 2839 4472 scribit.

2505 4570 2722 4626 Liberii
2757 4567 2814 4625 44
2850 4575 2906 4626 et
2940 4567 3008 4626 42

2497 4659 2890 4714 Macedoniani
2940 4673 2973 4714 a
3021 4659 3253 4714 Valente
3306 4657 3548 4730 cogendi

2431 4748 2680 4804 Concilii
2722 4754 3054 4818 potestatem
3095 4749 3426 4819 impetrant.

2500 4836 2707 4894 Valens
2782 4838 3146 4894 Antiochiam
3230 4835 3524 4908 profectus

2433 4927 2724 4984 Meletium
2778 4927 2960 4996 ejicit,
3013 4934 3069 4982 et
3123 4941 3251 4984 cum
3314 4926 3560 4982 Euzosio

2433 5015 2861 5074 communicare
2942 5015 3270 5071 Catholicos
3342 5014 3521 5086 cogit.

2432 5107 2648 5162 Socrat.
2680 5117 2760 5159 IV.

2505 5194 2898 5250 Macedoniani
2992 5208 3060 5250 ac
3148 5192 3523 5250 semi-Ariani

2434 5285 2725 5353 Lampsaci
2818 5283 3171 5340 conveniunt
3249 5283 3527 5338 adversus

2434 5373 2746 5428 horrendas
2816 5373 3205 5441 blasphemias
3259 5372 3318 5426 in
3383 5371 3526 5426 Con-

2431 5462 2948 5530 stantinopolitano
3000 5460 3400 5516 Conciliabulo
3450 5459 3525 5514 ab

2427 5552 2654 5617 Acacio,
2685 5551 2938 5621 aliisque
2978 5551 3274 5606 Anomoeis
3311 5549 3522 5619 editas,

2429 5647 2487 5694 et
2538 5639 2895 5696 Ariminensi
2949 5638 3308 5710 professione
3347 5639 3524 5693 dam-

3616 4565 3724 4626 364
