3922 6398
192 415 309 476 537

1159 427 1502 486 CHRONOL.
1548 432 1596 488 A
1631 431 1688 489 S.
1725 431 2119 491 SYLVESTRO
2152 434 2248 491 AD
2284 436 2340 492 S.
2380 435 2599 493 GREG.
2644 439 2727 493 Μ.

488 550 871 631 Imperatores,
944 560 1262 639 Consules,_
1291 563 1565 617 Romano—
1630 559 1785 639 41»ρὶ
1880 556 1939 617 Α
2011 557 2183 639 Anni
2253 542 2700 639 Christianorum,
2753 565 3067 639 Iudaeorum
3119 574 3171 623 et
3206 572 3342 639 ﬁni-

288 617 410 672 Ρθν-
552 617 697 696 num,
746 617 1075 702 res'gestze,
1127 640 1175 689 et
1211 617 1563 689 ’documcntu.
1651 630 1778 685 ΠΕ.

290 689 405 742 Jul.
1600 706 1726 742 nnfp
1756 718 1778 742 ρ

228 730 444 815 ρῐῑὶία
1545 730 1834 843 ρὲέῗιῗαῗέι

405 924 413 931 ’
488 920 616 963 coss
654 908 818 963 datas
848 911 913 963 ut
944 908 983 963 l.
1036 906 1092 969 2.
1124 923 1173 964 c.
1230 910 1301 966 de
1343 919 1575 970 consort

486 996 739 1065 ejusdem
770 995 915 1065 litis,
947 1001 1054 1052 etc.

556 1085 857 1141 Sallustius
905 1085 1054 1143 Praef
1076 1088 1213 1144 Urbi
1249 1104 1281 1146 a
1311 1091 1575 1148 Valentl—

484 1176 660 1231 niano
705 1178 1037 1232 restitutus.
1089 1178 1278 1235 Chron
1336 1182 1572 1238 Paschal

484 1260 770 1338 [intellige
803 1265 1356 1346 Constantinopoli]

552 1355 996 1412 Valentinianus
1015 1357 1189 1414 Occid
1211 1360 1444 1429 Imperii
1478 1377 1576 1418 re—
1684 1416 1687 1421 ,

481 1445 700 1516 gimine
745 1450 987 1514 retento,
1014 1446 1331 1504 Orientalis
1374 1465 1573 1508 curam

479 1531 700 1589 Valenti
736 1535 1041 1602 permittit.
1077 1536 1341 1593 Ammian
1367 1537 1449 1593 lib
1476 1537 1569 1596 25.

476 1622 671 1678 Socrat
706 1636 780 1679 tv.
813 1636 862 1677 c.
904 1619 952 1677 4.
986 1624 1248 1679 Zosimus
1277 1640 1354 1681 tv.

550 1715 737 1768 Romae
783 1711 1019 1767 Praefect
1060 1713 1191 1770 urbi
1254 1716 1574 1786 (‘.Cejonlus

476 1804 655 1870 Rufus
716 1803 1052 1856 Volusianus
1100 1817 1167 1858 ex
1220 1806 1471 1876 Inscript
1519 1812 1576 1863 el.

475 1891 535 1957 Ο.
596 1892 862 1946 Aurelius
911 1891 1266 1960 Symmachus
1314 1908 1382 1950 ex
1437 1895 1573 1966 legi-

474 1981 584 2038 bus
615 1983 892 2037 indicatis
940 1997 973 2038 a
1004 1983 1355 2039 Contelorio.

252 2085 402 2145 5078
547 2089 670 2158 Imp
710 2087 830 2143 Ctes
866 2090 1308 2146 Valentinianus
1341 2092 1465 2163 Aug
1494 2097 1567 2147 tr.
1647 2089 1786 2148 4447

219 2182 295 2253 Θ
358 2175 427 2232 40
484 2175 597 2247 ρ.4
641 2183 697 2233 et
730 2190 799 2232 ex
826 2178 928 2234 Kal
960 2180 1101 2234 Mart
1130 2185 1201 2234 tr.
1247 2195 1299 2248 p.
1344 2177 1400 2249 2,
1451 2194 1569 2237 cos.
1648 2178 1787 2237 4448

228 2266 307 2340 θ
401 2264 438 2322 5
548 2267 669 2337 Imp
707 2266 827 2323 Caes
857 2267 1064 2324 Valens
1110 2269 1237 2339 Aug
1273 2274 1343 2324 tr.
1409 2285 1463 2340 p.
1515 2266 1567 2339 4,

311 2357 359 2410 Β
468 2361 525 2411 et
548 2369 617 2411 ex
645 2371 705 2412 Ill
729 2356 831 2411 Kal
873 2357 1037 2426 April
1072 2365 1143 2413 tr.
1177 2374 1231 2430 p.
1260 2356 1313 2427 2,
1342 2373 1460 2414 cos.

223 2445 414 2501 Indict
470 2515 505 2519 Α
533 2449 559 2519 _'
586 2447 723 2501 Coss
894 2447 1374 2519 “Valentinianus
1417 2447 1563 2519 Aug.

265 2530 368 2572 vm
466 2515 638 2573 iidem
668 2519 834 2589 Angg
894 2516 1102 2573 Valens
1129 2521 1274 2589 Aug.

251 2610 397 2661 ett:
538 2609 559 2628 ·
599 2608 781 2677 Antiq
844 2606 993 2676 lapis
1045 2614 1247 2662 cmmet
1320 2607 1564 2663 effossus

468 2708 617 2751 anno
654 2692 791 2752 4720
830 2702 885 2750 et
920 2696 1070 2767 leges
1116 2695 1379 2764 plurimae
1411 2697 1561 2766 apud

469 2784 683 2839 Reland
720 2784 757 2839 l.
815 2782 867 2840 5.
903 2799 953 2840 c.
1009 2785 1200 2840 Theod
1248 2785 1319 2840 de
1369 2786 1566 2855 juris-

470 2872 612 2941 dict,
646 2879 751 2929 etc.

546 2963 694 3019 Praaf
743 2963 881 3018 Urbi
953 2969 1081 3035 post
1159 2964 1559 3035 Symmachum

469 3051 524 3109 Ο.
610 3052 866 3123 Cejonius
936 3057 1129 3123 Ruﬁus
1204 3054 1555 3110 Volusianus.

469 3142 684 3198 Panvin
715 3150 770 3199 et
803 3143 982 3214 Iapid.

541 3232 743 3288 Festus
773 3233 956 3290 Rufus
998 3234 1067 3290 ad
1101 3233 1161 3288 h.
1209 3248 1263 3291 a.
1298 3239 1563 3290 numerat

470 3320 534 3375 U.
579 3319 639 3375 Ο.
672 3320 780 3377 sub
812 3321 1063 3394 Regibus
1110 3320 1232 3390 243,
1290 3337 1389 3380 cos
1434 3319 1558 3379 467.

467 3410 591 3479 Imp
616 3406 740 3469 407.
781 3410 873 3467 Fit
902 3425 1127 3467 summa
1151 3408 1309 3467 4447.

245 3494 396 3554 5079
539 3499 661 3569 Imp
704 3498 823 3555 Caes
888 3500 1255 3555 Valentinian
1294 3500 1422 3572 Aug
1477 3505 1550 3555 tr.

209 3607 289 3681 θ
349 3601 411 3660 44
470 3620 525 3676 ρ.
554 3602 609 3675 2,
637 3603 689 3661 3.
724 3606 855 3662 Cos.

227 3694 305 3767 ο
391 3692 428 3750 6
537 3698 675 3764 lmp.
704 3695 827 3750 Caes
868 3694 1079 3750 Valens
1109 3694 1260 3766 Aug.
1313 3700 1389 3750 tr.
1422 3710 1475 3766 p.
1507 3693 1563 3766 2,

298 3784 355 3840 Α
476 3781 533 3839 3.
564 3784 692 3839 Cos.

226 3872 418 3963 In?“
474 3904 659 3963 'Coss.
705 3912 721 3926 ο
759 3910 773 3925 °
812 3911 827 3926 ·
865 3910 879 3924 ·
916 3871 1257 3963 ,(Ξὲἓῖἓῗῗὲἓῖ

290 3958 351 3999 tx
502 3944 659 3963 “‘m'
705 3983 719 3997 .
760 3982 774 3997 .
814 3982 829 3997 .
862 3983 876 3996 .
916 3944 1294 4013 Daglaiphus.

249 4038 371 4089 et:
541 4031 688 4089 'Vet.
748 4031 861 4102 lap.
929 4045 1095 4088 caem.
1158 4032 1363 4088 Callist
1413 4035 1564 4103 apud

472 4121 738 4192 Boldett;
796 4135 905 4193 pag
926 4118 1017 4177 80.
1071 4122 1286 4177 Gruter
1336 4118 1492 4191 4462,
1535 4122 1572 4179 5

471 4218 529 4269 et
582 4212 733 4284 leges
802 4212 997 4282 plures
1043 4226 1136 4282 ap.
1191 4211 1459 4269 Gotofred
1517 4219 1573 4269 et

473 4300 687 4356 Beland
746 4314 945 4371 nempe
978 4300 1017 4355 Ι.
1068 4299 1122 4356 9.
1180 4301 1240 4356 C.
1296 4292 1567 4358 Theodod

475 4390 547 4446 de
578 4392 884 4458 veteranis,
923 4396 1030 4446 etc.

546 4478 709 4536 Praef.
770 4481 908 4536 Urbi
971 4480 1258 4535 Viventius
1310 4472 1379 4537 ex
1429 4480 1575 4537 Am-

476 4569 691 4624 mian.
765 4568 1211 4625 Valentinianus
1289 4570 1570 4625 Alaman-

477 4670 584 4714 nos
700 4657 936 4714 devicit.
1037 4657 1286 4713 Idacius.
1390 4660 1574 4731 Eique

478 4749 741 4803 nascitur
770 4747 931 4803 filius
957 4760 1030 4801 xv
1076 4747 1203 4803 Kal.
1235 4748 1397 4803 Febr.
1450 4750 1574 4804 Va-

480 4837 821 4891 lentinianus
888 4839 1086 4891 Iunior
1171 4851 1239 4892 ex
1321 4839 1571 4907 Justina,

470 4940 599 4997 qua
620 4925 807 4982 fuerat
834 4927 988 4982 Uxor
1019 4926 1358 4997 Magnentii.
1385 4928 1573 4983 Zosim

483 5016 523 5072 l.
585 5013 638 5086 4,
670 5017 808 5073 edit.
876 5017 1142 5072 Francos.
1202 5016 1348 5072 Vide
1405 5019 1577 5072 Peta—

480 5120 641 5162 νιηηι

255 5212 406 5271 5080
552 5215 673 5285 Imp
718 5214 907 5272 Caesar
947 5213 1391 5269 Valentinianus
1428 5211 1574 5284 Aug.
1654 5211 1795 5269 4449

231 5308 306 5377 Θ
358 5301 427 5359 l2
483 5308 557 5359 tr.
594 5320 645 5373 p.
677 5300 713 5360 3
762 5310 819 5359 et
867 5300 920 5375 4,
973 5316 1093 5359 cos.
1144 5303 1213 5356 Et
1252 5300 1582 5357 'Gratianus
1657 5297 1794 5358 H20

243 5392 323 5466 θ
374 5388 411 5449 7
481 5394 690 5449 Caesar.

322 5481 368 5538 ϐ
550 5485 695 5553 lmp.
747 5483 888 5538 Caes.
946 5482 1156 5538 Valens
1182 5478 1326 5551 Aug.
1355 5485 1425 5534 tr.
1461 5493 1516 5549 p.
1544 5476 1579 5534 3

221 5571 412 5629 Indici
472 5581 530 5626 et
551 5567 605 5641 4,
639 5585 756 5626 cos.

311 5674 415 5754 δ...
488 5696 633 5754 Coss
853 5700 867 5714 ’
889 5700 904 5715 ’
936 5657 1279 5754 ἓξὲξ)υᾶ

268 5737 321 5788 et
358 5745 419 5790 ιι
488 5731 633 5754 W"
709 5731 798 5787 Fl.
821 5772 836 5786 .
857 5771 870 5786 .
894 5770 909 5786 .
935 5731 1179 5787 Iovinus

2002 628 2214 701 Olymp.

1600 706 1726 756 ante
1756 706 1805 755 et

2027 2092 2183 2162 Olym

2049 2180 2158 2239 285

2075 2285 2130 2326 IV

2070 2366 2121 2415 et

2049 2446 2158 2506 286
2251 2450 2383 2520 gius
2414 2451 2673 2519 ponenda
2728 2465 2852 2506 esse
2899 2451 3180 2505 decernit.

1631 3497 1773 3556 4448

1632 3603 1773 3662 4449

2083 5310 2143 5351 ill

2324 636 2575 712 timorum
2629 638 2977 707 populorum,
3032 636 3334 712 Pontiﬁces,

2324 706 2514 773 Reges,
2556 723 2640 760 res
2684 716 2847 774 gesta:
2887 716 2938 763 et
2990 706 3328 767 documenta.

2254 924 2385 976 nata
2495 922 2909 979 Antiochenam
3035 924 3342 983 formulam

2250 1010 2652 1079 comprobant:
2689 1013 2945 1082 Spiritus
2969 1015 3158 1070 Sancti
3197 1017 3346 1071 Divi-

2251 1098 2486 1154 nitatem
2523 1109 2838 1169 respuunt:
2882 1105 3116 1174 Legatos
3137 1105 3205 1160 ad
3244 1105 3345 1160 Li-

2251 1186 2475 1244 berium
2510 1190 2765 1259 mittunt,
2792 1198 2857 1247 ut
2888 1193 3053 1248 illius
3074 1195 3343 1250 auctori-

2253 1279 2367 1330 tate
2398 1278 2633 1333 sedibus
2673 1280 2800 1334 suis
2831 1282 2998 1336 restit
3028 1290 3216 1338 antur
3241 1286 3344 1354 qui

2254 1365 2419 1433 ejecti
2477 1363 2705 1422 fuerant
2735 1370 3001 1440 Episcopi
3047 1372 3345 1428 Catholica

2256 1450 2611 1521 professione
2641 1454 2914 1515 admissa.
2946 1458 3154 1528 Pagius
3182 1459 3244 1513 h.
3284 1474 3337 1516 a.

2256 1538 2375 1593 haec
2401 1549 2558 1610 gesta
2587 1544 2903 1611 contendit,
2938 1544 3072 1600 licet
3101 1546 3172 1601 ab
3206 1547 3344 1604 aliis

2254 1628 2325 1683 ad
2389 1638 2717 1699 sequentem
2767 1632 3130 1690 differantur.
3193 1636 3331 1692 Vide

2257 1718 2370 1791 Pag
2388 1720 2457 1775 ad
2485 1732 2599 1775 ann
2624 1718 2749 1776 363.
2782 1737 2838 1777 n.
2895 1735 2950 1777 tv

2325 2092 2541 2149 Liberii
2578 2091 2644 2149 42
2671 2100 2726 2150 et
2754 2092 2837 2149 43.

2314 2181 2396 2238 Ad
2444 2188 2596 2239 hunc
2622 2197 2836 2239 annum
2871 2183 3041 2241 refert
3065 2198 3193 2241 cum
3232 2186 3345 2241 Ba—

2252 2273 2419 2328 ronio
2471 2274 2633 2328 Petav
2681 2286 2744 2328 ea
2791 2288 2917 2343 quae
2958 2274 3028 2329 de
3078 2275 3344 2330 Macedo-

2250 2361 2443 2417 nianis
2490 2362 2549 2417 in
2582 2362 2843 2431 proximo
2896 2363 3184 2429 superiori
3235 2364 3346 2418 Pa-

2239 2541 2531 2609 Procopius
2582 2553 2785 2611 genere
2833 2540 2982 2594 Cilix
3029 2546 3083 2594 et
3117 2540 3338 2596 Juliani

2246 2629 2611 2697 pr0pinquus
2684 2629 3184 2698 Constantinopoli
3248 2634 3343 2699 ty-

2246 2717 2545 2771 rannidem
2588 2717 2801 2786 arripit
2856 2729 2928 2769 tv.
2977 2716 3076 2771 Kal
3109 2718 3341 2772 Octobr.

2242 2803 2489 2860 Idacius.
2518 2806 2805 2865 Ammian.
2838 2804 2927 2860 26.
2968 2806 3229 2862 Zosituus
3276 2804 3327 2862 4.

2314 2895 2662 2951 Τθνιιωιηοω
2758 2909 3037 2951 concussa
3137 2909 3339 2969 magna

2244 2990 2403 3053 parte
2453 2983 2630 3038 Orbis
2660 2985 2897 3040 Romani
2949 2999 3102 3041 mare
3164 2986 3333 3041 littus

2242 3074 2560 3145 egreditur,
2584 3080 2640 3129 et
2664 3075 2720 3128 in
2760 3074 2966 3130 Sicilia
3002 3076 3194 3131 multae
3231 3089 3338 3132 ur-

2242 3160 2341 3218 bes
2371 3165 2804 3234 opprimuntur.
2849 3166 3081 3222 Hieron.
3124 3164 3334 3221 Chron.

2313 3497 2529 3551 Liberii
2560 3492 2627 3551 43
2655 3503 2712 3552 et
2744 3495 2811 3552 44
2835 3503 2893 3553 et
2920 3499 3180 3554 DAMAS“.

2310 3585 2579 3640 Liberius
2634 3586 2786 3640 obiit
2845 3587 2935 3640 bis
2965 3588 3105 3642 Coss
3146 3587 3242 3642 die
3268 3584 3343 3641 24

2228 3674 2362 3743 Sept
2407 3680 2472 3728 ut
2524 3688 2592 3727 ex
2643 3674 2842 3731 libello
2898 3689 3131 3745 precum
3187 3676 3341 3730 Fau-

2234 3764 2375 3817 stini
2452 3768 2508 3818 et
2563 3763 2906 3820 Marcellini.
2976 3765 3116 3820 Vide
3182 3772 3347 3821 notas

2249 3866 2357 3923 pag
2406 3850 2473 3906 l5
2521 3858 2577 3905 et
2605 3853 2730 3907 Prol
2772 3853 2834 3906 T.
2862 3850 2899 3906 2
2944 3852 3021 3908 fol
3067 3864 3172 3908 ενι.
3227 3854 3347 3908 ΒΑ-

2248 3956 2445 4010 msus,
2473 3942 2691 3997 electus
2745 3956 3062 4011 successor,
3097 3943 3344 4000 ordina-

2251 4037 2347 4087 tur
2405 4032 2721 4101 Episc0pus
2779 4032 3051 4090 Kalendis
3102 4032 3336 4090 Octobr.

2251 4122 2501 4177 schisma
2525 4121 2621 4175 ind
2634 4135 2740 4177 ucu
2753 4128 2811 4176 nt
2828 4122 3054 4177 intruso
3073 4122 3341 4177 Urcisino.

2251 4212 2344 4266 Fit
2371 4211 2554 4266 caades
2603 4211 2661 4265 in
2724 4209 2970 4265 Basilica
3022 4209 3338 4265 Siciniana.

2254 4302 2395 4357 Vide
2427 4307 2608 4356 notas.

2326 4390 2639 4459 Procopius
2692 4397 2971 4461 tyrannus
3037 4401 3068 4443 a
3113 4387 3347 4444 Valente

2254 4480 2641 4549 opprimitur;
2692 4487 2748 4534 et
2799 4486 2927 4549 post
2980 4492 3111 4535 eum
3185 4479 3346 4533 Mar-

2254 4568 2456 4624 cellus.
2517 4568 2781 4624 Ammian
2815 4569 2898 4623 lib
2946 4565 3041 4630 27.
3072 4568 3259 4623 Zosim
3310 4563 3344 4620 4

2253 4662 2310 4712 et
2332 4656 2384 4712 8.
2423 4657 2624 4713 Valens
2668 4659 2739 4713 ab
2765 4657 3024 4714 Eudoxio
3053 4656 3348 4712 Adriano-

2255 4747 2382 4801 rum
2443 4749 2724 4817 Episc0po
2752 4748 3076 4817 baptizatus
3118 4751 3347 4800 nostros

2258 4839 2648 4906 persequitur,
2676 4837 2885 4891 Hieron
2927 4835 3129 4888 chron.

2318 5204 2547 5261 Damasi
2582 5201 2605 5259 4
2641 5210 2697 5260 et
2725 5202 2779 5259 2.

2328 5295 2591 5366 Synodus
2639 5296 2824 5349 Romae
2885 5291 3084 5349 habita
3135 5293 3346 5349 adver-

2257 5399 2359 5439 sus
2414 5383 2769 5438 Ursicinum.
2844 5380 2983 5436 Vide
3052 5388 3216 5436 notas
3272 5382 3343 5438 ad

2256 5476 2585 5530 Damasum.
2634 5472 2803 5528 infra.

2329 5565 2429 5618 llis
2459 5577 2555 5617 eos
2584 5562 3081 5631 Constantinopoli
3126 5563 3343 5633 grando

2257 5654 2461 5725 ingens
2485 5652 2699 5708 cecidit
2750 5653 2809 5707 in
2863 5651 3091 5708 modum
3144 5657 3341 5722 petra-

2262 5740 2385 5780 rum
2448 5737 2504 5779 tv
2549 5727 2672 5780 Non
2722 5725 2815 5781 Jul
2863 5730 2921 5779 et
2985 5726 3206 5781 levatus
3252 5730 3342 5781 est

3404 571 3563 625 Anm‘

3415 646 3557 697 Erae

3390 712 3596 769 Christi
