3922 6406
360 423 468 482 639

427 545 588 621 A_nni
659 549 1041 620 Imperatores,
1062 550 1318 606 Consules
1338 553 1722 621 Romanorum,

447 617 574 743 ﬁeri.
738 617 757 620 ’
809 637 896 676 res
938 628 1124 690 gestae,
1173 629 1224 678 et
1267 622 1606 678 documenta.

495 705 534 743 u
560 731 574 743 .

495 705 574 744 lu.

401 763 452 814 et
490 761 620 816 Ind.

718 899 971 970 Inseript
1005 899 1214 956 Reines
1235 915 1290 972 p.
1319 899 1428 960 906
1454 908 1512 960 et
1539 903 1736 962 Mabil-

650 990 745 1046 lon
765 988 1028 1058 supplem
1063 990 1143 1044 rei
1175 989 1394 1060 diplom
1427 1007 1552 1066 pag.
1590 991 1738 1050 ~45et

649 1079 802 1149 leges
878 1077 1074 1146 plures
1138 1080 1288 1148 apud
1356 1080 1626 1139 Gotofred
1681 1090 1736 1140 et

649 1165 864 1220 Reland
901 1170 964 1220 ut
1017 1165 1056 1220 l.
1088 1163 1142 1235 3,
1197 1181 1247 1222 c.
1297 1168 1403 1224 Th.
1429 1171 1500 1226 de
1541 1171 1732 1228 lndul.

648 1253 794 1310 crim
833 1259 942 1309 etc.

717 1342 949 1397 Dicitur
988 1342 1162 1398 etiam
1228 1343 1324 1399 hic
1379 1359 1568 1401 annus
1614 1349 1740 1403 Post

643 1431 997 1486 Consulatum
1025 1429 1284 1486 Gratiani
1312 1435 1380 1489 N.
1424 1435 1485 1488 P.
1539 1439 1593 1489 et
1617 1439 1740 1490 Da-

647 1519 803 1588 glaiﬂ
859 1517 1020 1587 4.46,
1101 1534 1150 1575 c.
1193 1521 1295 1576 Th.
1343 1522 1414 1577 de
1459 1535 1651 1579 annon
1682 1529 1739 1581 et

647 1607 835 1664 tribui.
861 1614 917 1663 et
949 1609 1007 1664 in
1068 1609 1246 1680 lapid.
1278 1611 1574 1668 Fleetvood
1608 1627 1734 1687 pag,

652 1693 781 1766 504,
816 1698 966 1768 apud
1000 1698 1236 1754 Reland.

723 1787 812 1840 Pr.
844 1785 979 1841 Urbi
1008 1788 1218 1842 Vettius
1249 1789 1630 1853 Prwteartatus,
1667 1795 1733 1847 ut

645 1887 716 1929 ex
741 1881 848 1930 vet.
877 1877 1146 1948 lnscript.
1184 1877 1371 1932 Romae
1397 1879 1548 1948 apud
1585 1881 1736 1936 Pan-

645 1963 743 2018 vin
774 1967 831 2018 et
866 1964 1132 2021 Contelor
1182 1971 1238 2021 et
1266 1979 1335 2022 ex
1373 1966 1696 2026 Ammiano.

427 2389 562 2450 5084
719 2395 840 2464 Imp
857 2393 996 2464 Cass,
1020 2393 1463 2452 Valentinianus
1487 2396 1630 2469 Aug.
1655 2403 1730 2454 tr.

393 2485 467 2558 ξ)
536 2479 604 2538 43
644 2497 698 2553 p.
732 2480 766 2537 4
808 2489 864 2539 et
891 2480 946 2550 5,
1005 2497 1102 2540 cos
1163 2482 1248 2540 44.
1299 2487 1368 2540 Et
1421 2486 1737 2543 Gratianus

390 2570 468 2644 θ
571 2569 610 2628 8
645 2573 834 2628 Caesar
851 2573 1148 2644 Augustus
1167 2575 1428 2630 etiamtr.
1460 2590 1584 2646 p.p.
1609 2590 1742 2632 con-

444 2660 560 2716 FE
648 2675 807 2716 cessa
831 2675 906 2716 ix.
953 2661 1056 2717 Kal
1119 2662 1271 2732 Sept.

401 2747 588 2804 Indict
708 2751 850 2820 Imp.
903 2749 1089 2806 Caesar
1144 2749 1349 2808 Valens
1377 2751 1520 2824 Aug.
1556 2757 1628 2809 tr.
1682 2769 1738 2824 p.

469 2850 529 2893 xi
659 2833 776 2893 Let
805 2836 860 2893 5.

413 2930 466 2981 et
490 2939 571 2983 xu
707 2927 847 2982 Coss
1026 2925 1472 2986 Valentinianus
1508 2928 1654 3002 Aug.
1694 2944 1734 2986 ιι

649 3015 825 3073 iidem
855 3017 950 3072 AA
1026 3015 1232 3072 Valens
1252 3019 1406 3090 Aug.
1436 3032 1498 3074 II.

719 3106 852 3162 Cod.
915 3105 1016 3172 Th,
1076 3105 1160 3164 lib
1220 3104 1275 3177 9,
1318 3113 1360 3162 t.
1411 3105 1482 3162 36
1539 3106 1630 3178 leg
1670 3104 1738 3164 49

650 3195 802 3266 apud
833 3193 1104 3251 Gotofred
1131 3200 1188 3251 et
1217 3195 1347 3251 alia:
1389 3195 1562 3252 etiam
1583 3196 1734 3266 apud

644 3284 860 3340 Reland
913 3283 1044 3340 uti.
1097 3281 1254 3339 29et
1279 3283 1370 3355 30,
1415 3297 1464 3340 c.
1521 3284 1732 3356 Theod,

645 3375 717 3432 de
735 3387 911 3430 cursu
941 3371 1077 3444 publ
1109 3378 1216 3428 etc.

721 3463 987 3532 lnscript.
1037 3461 1286 3517 Fabrett.
1321 3475 1430 3534 pag
1463 3459 1590 3518 584.

722 3554 819 3608 Pr.
881 3551 1020 3607 Urbi
1073 3551 1132 3618 Ο.
1163 3551 1385 3607 Clodius
1431 3554 1734 3621 Hermoge—

644 3645 850 3698 nianus
909 3641 1188 3710 Olybrius.
1249 3642 1426 3698 Vetus
1487 3643 1736 3713 inscript

647 3732 798 3802 apud
854 3731 1121 3789 Contelor
1148 3731 1204 3788 et
1251 3731 1402 3804 leges
1431 3732 1535 3789 cod
1566 3733 1638 3790 ab
1668 3747 1736 3790 eo

645 3829 703 3878 et
727 3823 1087 3879 Almeloveen
1121 3823 1408 3880 iudicatae.

429 3926 577 3986 5082
719 3930 862 3998 Imp.
973 3928 1174 3998 Caesss,
1287 3929 1730 3988 Valentinianus

402 4024 475 4095 ﬁ)
523 4014 593 4073 44
641 4015 790 4088 Aug.
824 4022 894 4072 tr.
933 4031 986 4086 p.
1015 4014 1052 4072 5
1078 4023 1133 4072 et
1157 4017 1213 4082 6,
1240 4033 1339 4074 eos
1365 4033 1428 4075 ιι.

395 4107 469 4181 θ
559 4104 596 4162 9
715 4107 786 4161 Et
839 4105 1042 4162 Valens
1088 4109 1232 4178 Aug.
1282 4115 1354 4164 tr.
1389 4106 1546 4178 ροιὸ
1594 4115 1652 4164 et
1693 4106 1730 4164 6

487 4199 534 4251 D
643 4209 789 4252 coss.
827 4209 889 4252 ιι.

401 4285 602 4339 Indict.
734 4286 802 4340 Et
830 4286 1146 4342 Gratianus
1174 4285 1318 4358 Aug.
1356 4290 1428 4342 tr.
1464 4291 1562 4356 pot
1590 4283 1640 4353 4,
1674 4284 1726 4357 2,

474 4384 559 4426 XII
649 4386 770 4428 008.

407 4463 460 4514 et
505 4472 611 4514 xm
649 4495 790 4551 COSS
864 4461 1308 4551 Valentinianus
1387 4464 1500 4520 nob
1569 4478 1728 4534 puer.

866 4533 998 4585 Sext
1023 4531 1198 4586 Aurel
1226 4535 1440 4589 Victor.

720 4619 897 4675 Vetus
928 4619 1193 4688 inscript.
1221 4621 1449 4676 Fabrett
1469 4636 1595 4692 pag.
1628 4621 1734 4678 449

649 4714 708 4766 et
746 4707 899 4779 leges
939 4721 974 4763 a
1020 4707 1274 4764 Relando
1328 4709 1619 4779 productae
1671 4718 1736 4769 ut

649 4799 691 4855 l.
761 4795 849 4854 40.
899 4797 960 4854 C.
1022 4797 1232 4854 Theod.
1308 4798 1382 4854 de
1431 4801 1734 4872 veteranis,

647 4887 894 4958 aliaeque
917 4887 1020 4944 ibi.

723 4976 885 5034 Praef.
929 4977 1068 5034 Urbi
1097 4979 1568 5047 Hermogenianus
1599 4979 1738 5052 Oly-

433 5063 578 5124 5083
653 5067 806 5121 brius
845 5080 908 5122 tt.

401 5159 474 5231 ω
531 5153 599 5211 45
724 5155 968 5212 Anicius
993 5157 1210 5214 Probus
1231 5157 1396 5214 Praef.
1421 5159 1586 5216 Praet.
1609 5160 1736 5217 Am-

399 5242 474 5314 ο
525 5241 592 5299 40
647 5242 844 5299 brosio
897 5243 1316 5302 Consularibus
1399 5249 1734 5320 insignibus

488 5331 528 5386 Ο
648 5332 889 5401 praedito
961 5335 1311 5404 Insubriam,
1413 5338 1730 5409 Liguriam,

415 5419 592 5474 Indict
644 5420 932 5476 Emiliam
980 5425 1282 5493 regendam
1335 5425 1533 5481 tradit.
1579 5429 1734 5484 Pau-

453 5517 560 5559 χιιι
649 5507 808 5564 linus
837 5509 894 5563 in
935 5508 1224 5569 Ambrosii
1259 5513 1405 5568 Vita.

494 5595 543 5644 et
719 5597 919 5666 Imppp
935 5599 1116 5655 Cmsss
1147 5601 1585 5660 Valentinianus
1607 5605 1735 5674 Aug

467 5687 565 5730 xxv
655 5683 730 5737 tr.
761 5697 817 5752 p.
846 5682 883 5738 6
909 5681 1034 5754 et7,
1054 5685 1162 5742 Cos
1192 5701 1277 5742 in.

1817 623 1880 675 U.
1905 621 1962 677 C.

1771 699 1900 747 ante
1951 695 2000 746 et

1702 764 2003 836 postPalit.

1809 2395 1950 2456 4420

1813 2486 1942 2546 4424

1807 3929 1938 3988 4424

1803 4019 1944 4078 4422

1809 5599 1948 5657 4422

1811 5686 1952 5745 4423

2201 620 2414 690 Olymp.

2237 2496 2291 2538 IV

2232 3929 2287 3970 IV

2181 4003 2336 4072 Olym

2193 4090 2300 4148 286

2194 4187 2246 4235 et
2270 4179 2335 4236 οι

1185 427 1280 482 AD
1316 427 1756 486 ANASTASIUM
1796 427 2312 488 PROLEGOMENA
2345 425 2520 484 EDIT.
2560 421 2990 481 ROM.-VATIC.

1804 549 1961 604 Anni
2041 550 2099 608 A
2200 549 2354 604 Anni
2453 547 2907 608 Christianorum,
2931 543 3250 598 Judzorum
3285 547 3336 598 et
3358 545 3538 613 ﬁniti—
3585 543 3744 599 Anni

2547 633 2758 672 morum
2811 617 3162 686 populorum,
3219 617 3528 686 Pontiﬁces,

3698 417 3793 478 640

3598 618 3740 671 Erae

2533 689 2720 757 Reges,
2768 685 2854 741 res
2891 691 3054 755 gesta
3103 691 3154 741 et
3184 685 3526 742 documenta.
3572 685 3780 741 Christi

2413 885 2714 941 Gratianus
2769 883 2900 952 Aug
2953 883 3015 939 in
3073 881 3286 940 Galliis
3341 885 3494 954 apud

2411 973 2685 1028 Amianos
2716 971 2774 1027 in
2811 970 3095 1028 tribunali
3126 985 3160 1028 a
3191 979 3349 1042 patre
3395 986 3504 1029 suo

2415 1061 2823 1118 Valentiniano
2843 1061 2940 1116 die
2964 1074 3022 1116 ix
3043 1061 3166 1116 Kal.
3197 1060 3349 1131 Sept.
3369 1061 3507 1117 Ida-

2414 1151 2564 1208 cius.
2615 1151 2834 1206 Bellum
2899 1163 3130 1221 quoque
3198 1149 3505 1206 Britanni—

2418 1254 2550 1296 eum
2599 1243 2801 1296 contra
2879 1238 3068 1294 Pictos
3120 1243 3178 1294 et
3252 1237 3506 1294 Saxones

2417 1341 2518 1399 per
2539 1327 2925 1384 Theodosium
2954 1339 3225 1398 prospere
3241 1325 3496 1394 coniicit,

2413 1423 2470 1472 et
2496 1417 2567 1473 de
2617 1415 2992 1486 Imperatoris
3050 1415 3284 1472 nomine
3333 1414 3504 1471 Vale-

2415 1507 2560 1563 riam
2601 1505 2959 1561 Provinciam
3004 1509 3186 1561 vocat.
3225 1505 3308 1560 Ex
3359 1502 3503 1560 Am—

2417 1596 2593 1651 mian.
2631 1591 2722 1650 27.
2747 1594 2953 1665 Lydiat
2972 1598 3029 1650 et
3059 1593 3304 1650 Mediob.

2484 1684 2746 1740 Hilarius
2767 1685 3084 1754 Episcopus
3119 1684 3310 1738 Pictav
3351 1683 3407 1738 h.
3435 1695 3490 1738 a.

2418 1775 2686 1830 moritur.
2712 1774 2925 1830 Hieron
2956 1772 3153 1828 chron.
3183 1771 3288 1826 Sed
3321 1771 3494 1826 Peta-

2413 1861 2933 1918 viusdih‘erendum
2951 1860 3185 1933 putatad
3201 1858 3526 1915 biennium.

2481 1951 2840 2020 Rescriptum
2891 1949 2962 2005 ab
2983 1951 3324 2018 Imperatore
3359 1947 3496 2002 edi-

2411 2044 2554 2110 tum,
2598 2040 2685 2096 uti
2729 2039 2803 2096 ob
2830 2039 2984 2097 diem
3038 2037 3262 2093 Pascha:
3313 2035 3495 2090 vincti

2413 2127 2803 2184 liberarentur
2851 2127 3106 2199 exceptis
3168 2126 3286 2182 reis
3314 2125 3500 2194 maje-

2411 2217 2600 2287 statis,
2650 2216 2957 2287 adulteris,
2991 2214 3324 2283 homicidis,
3369 2226 3500 2268 ma-

2411 2304 2614 2372 leﬁcia,
2638 2310 2752 2361 etc.
2804 2320 2856 2360 c.
2905 2304 2960 2372 3,
2984 2318 3034 2360 c.
3067 2306 3138 2360 de
3181 2302 3406 2375 Indulg.

2479 2394 2708 2449 Damasi
2736 2391 2774 2449 2
2797 2399 2853 2448 et
2875 2391 2912 2449 3

2485 2481 2878 2539 Sectatoribus
2908 2482 3164 2537 Ursicini
3195 2481 3491 2538 interdici-

2414 2575 2511 2627 tur
2547 2583 2816 2626 accessus
2873 2570 2958 2626 vel
3015 2584 3173 2626 mora
3233 2573 3294 2626 in
3346 2569 3495 2626 Urbe

2415 2660 2612 2729 Roma,
2645 2658 2790 2714 alibi
2824 2671 2955 2715 vero
2977 2657 3182 2730 degere
3209 2658 3492 2729 permitti-

2416 2753 2532 2805 tur.
2555 2748 2696 2804 Vide
2728 2755 2914 2804 notas.

2487 2835 2693 2892 Valens
2741 2836 3063 2893 Gothorum
3111 2850 3281 2909 agros
3329 2837 3502 2892 inva-

2413 2925 2556 2982 dens
2574 2939 2672 2982 eos
2697 2925 2769 2982 de
2790 2939 2924 2996 pace
2943 2939 3111 2998 agere
3132 2925 3306 2998 cogit.

2485 3017 2786 3072 Persarum
2813 3015 2930 3072 Rex
2953 3015 3220 3072 Armenia
3258 3011 3498 3068 subacta

2413 3103 2687 3159 Romanis
2736 3104 2950 3161 bellum
3013 3101 3221 3159 inferre
3291 3106 3483 3170 parat.

2411 3191 2676 3246 Ammian
2704 3189 2796 3248 27.

2483 3913 2714 3970 Damasi
2760 3909 2796 3969 3
2844 3915 2902 3968 et
2943 3907 2996 3967 4.

2479 4005 2758 4058 Damasus
2854 4003 3054 4056 contra
3143 3999 3495 4058 Auxentium

2415 4090 2705 4161 Synodum
2757 4089 2914 4161 cogit
2942 4090 3351 4160 Episcoporum
3395 4087 3489 4162 90,

2408 4180 2470 4234 in
2519 4193 2630 4250 qua
2676 4183 2734 4233 et
2779 4178 2878 4234 ille
2927 4179 3230 4235 damnatus
3287 4187 3392 4248 est,
3437 4185 3497 4236 et

2193 4266 2300 4326 287
2407 4269 2796 4324 Ariminensis
2843 4269 3002 4324 Fidei
3047 4268 3296 4324 formula
3344 4269 3497 4339 reje—

2227 4375 2246 4413 Ι

2255 5705 2296 5746 Il

2417 4366 2541 4414 eta:
2596 4359 2808 4414 iterum
2869 4359 3181 4414 damnatur
3237 4359 3493 4416 Ursicini

2405 4448 2658 4506 schisma
2679 4461 2808 4504 eum
2853 4453 3160 4504 assertore.
3217 4448 3354 4504 Vide
3376 4461 3490 4506 no-

2409 4546 2495 4594 tas
2525 4537 2595 4592 ad
2623 4540 2951 4593 Damasum.

2481 4625 2688 4681 Valens
2725 4625 3142 4683 Athanaricum
3171 4626 3492 4684 Gothorum

2412 4716 2619 4786 Regem
2663 4712 2826 4786 fugat
2853 4716 2950 4772 cui
2996 4730 3125 4772 mox
3155 4729 3346 4787 pacem
3377 4717 3496 4773 tri-

2412 4803 2546 4860 buit
2573 4803 2836 4860 Ammian
2866 4803 2958 4862 27.

2409 4891 2566 4964 Agon
2585 4899 2711 4962 post
2723 4906 2906 4950 annos
2923 4909 3064 4965 xvu,
3086 4895 3392 4952 restitutus
3406 4900 3498 4952 est

2417 4995 2450 5038 a
2464 4981 2714 5038 Valente.
2734 4983 2975 5054 ldatius,
2993 4990 3047 5040 et
3063 4985 3274 5040 Hieron
3295 4985 3503 5042 chron.

2483 5071 2774 5128 Cedrenus
2798 5073 2884 5128 ait
2915 5074 3102 5144 ipsum
3158 5072 3495 5130 Gentilibus

2411 5161 2693 5218 sacriﬁcia
2763 5163 3116 5232 permisisse.
3166 5163 3463 5220 Petavius.

2485 5252 2540 5305 S.
2561 5251 2814 5307 Basilius
2845 5257 3070 5308 mortuo
3095 5251 3342 5308 Eusebio
3365 5253 3495 5308 Cae—

2412 5352 2586 5394 sareae
2636 5337 2698 5394 ﬁt
2767 5339 3073 5409 episcopus
3125 5337 3192 5394 48
3243 5339 3347 5395 Kal
3393 5339 3489 5396 Jul

2411 5427 2560 5498 Greg
2583 5429 2694 5482 Naz
2715 5428 2864 5498 epist
2889 5441 2963 5483 xx
2990 5435 3046 5484 et
3072 5441 3171 5498 seq
3199 5435 3256 5484 et
3289 5429 3348 5484 in
3383 5441 3497 5484 en-

2411 5517 2596 5572 comio
2645 5517 2843 5572 Basilii
2902 5516 3014 5572 ibi.

2479 5605 2707 5662 Damasi
2737 5605 2769 5660 4
2799 5612 2854 5662 et
2881 5605 2932 5662 5.

2482 5693 2714 5750 Valente
2767 5695 3134 5754 Antiochiam
3207 5694 3490 5767 profecto,

3575 3909 3656 3968 36

3585 5609 3694 5670 370
