3922 6398
355 343 465 406 643

423 551 544 605 Per.

444 622 557 676 Jul.

391 698 444 748 et
464 692 592 749 Ind.

442 2582 587 2640 5036

410 2673 602 2748 {5—348

1154 343 1248 400 AD
1284 341 1716 401 ANASTASIUM
1755 339 2273 398 PROLHGOMENA
2315 341 2492 397 EDlT.
2535 333 2964 392 ROM.-VATIC.

413 480 570 533 Anni
656 477 1030 544 Imprratores,
1069 473 1323 528 Consules
1379 477 1744 528 Romanorum
1798 471 1956 544 Anni
2043 473 2100 532 Α
2187 471 2358 544 Anni
2433 469 2884 544 Christianorum,
2926 462 3244 544 Iudaeorum
3291 461 3523 544 etmﬁni-
3613 461 3772 544 Agni

788 561 874 598 res
915 553 1076 613 gestae
1121 553 1171 600 et
1201 548 1547 600 documenta.

645 832 892 901 gendum
947 836 1034 886 est
1091 831 1368 886 Gratiano
1415 830 1540 901 Aug
1593 843 1633 884 ιι
1679 834 1736 884 et

653 919 838 973 Probo
883 932 1010 973 coss
1048 918 1106 974 in
1151 935 1282 988 pace

719 1009 785 1061 Et
825 1007 900 1061 1.1
933 1021 982 1062 c.
1016 1009 1203 1063 Theod
1248 1009 1318 1065 de
1343 1008 1492 1064 Prmf
1514 1011 1654 1064 [τι-εει
1680 1013 1737 1062 et

641 1094 762 1150 Urb
823 1094 1066 1164 aliaeque
1099 1097 1248 1166 apud
1307 1098 1519 1152 Reland
1567 1103 1622 1152 et
1667 1108 1736 1149 ex

645 1180 806 1237 Actis
832 1182 886 1238 S.
935 1182 1111 1247 Sabae,
1147 1183 1244 1238 ubi
1287 1186 1585 1240 character
1625 1185 1740 1237 Pa-

650 1271 800 1326 scha:
836 1270 1068 1326 Praefect
1091 1271 1225 1326 Urbi
1254 1280 1380 1341 post
1408 1271 1736 1342 Ampelium

647 1359 930 1422 Claudius,

718 1447 1078 1504 Theodosius
1113 1447 1321 1503 Junior
1368 1449 1577 1505 Maesia
1613 1447 1738 1502 Dux

643 1534 930 1592 Samartas
976 1538 1259 1606 reprimit.
1281 1539 1568 1593 Ammiau.
1609 1532 1700 1592 27.

716 1625 1183 1696 Burgundiorum
1229 1626 1301 1682 80
1359 1643 1434 1682 m.
1509 1627 1624 1682 fere
1670 1625 1740 1680 ad

650 1713 913 1768 Rhenum
937 1715 1314 1771 descendunt.
1347 1715 1432 1770 lbi
1473 1716 1740 1782 Meliana,

649 1803 904 1858 Marcelli
951 1805 1212 1860 consulis
1263 1805 1402 1873 ﬁlia,
1453 1805 1746 1874 Jerosoly-

648 1906 799 1948 mam
825 1894 1057 1949 aditura
1084 1897 1139 1949 in
1172 1895 1470 1965 Egyptum
1497 1894 1742 1964 navigat.

647 1982 856 2037 Hieron
873 1983 1050 2037 chron
1071 1985 1170 2053 qui
1192 1991 1330 2039 tunc
1353 1983 1412 2038 in
1430 1982 1752 2038 solitudine

646 2071 824 2140 Syriae
857 2071 1212 2128 versabatur.

731 2159 976 2214 Ruﬁnus
1045 2160 1436 2230 Aquilejensis
1492 2160 1750 2215 Meliana:

655 2262 844 2304 comes
897 2251 1162 2305 insinuat
1209 2265 1434 2306 errores
1458 2249 1744 2320 Origenis.

661 2336 778 2392 Ruf
799 2339 917 2393 hist
943 2339 980 2394 l.
1015 2336 1052 2394 2
1075 2347 1130 2394 et
1157 2335 1213 2393 7.

730 2587 892 2654 Impp
919 2587 1100 2674 Cmsss
1143 2586 1588 2641 Valentinianus
1628 2584 1757 2653 Aug

654 2679 728 2727 tr.
763 2689 814 2740 p.
847 2671 883 2726 9
911 2681 966 2727 et
1001 2671 1083 2727 40⁷.
1116 2675 1224 2728 Cos
1255 2688 1331 2728 IV.
1372 2677 1492 2743 Imp
1529 2673 1580 2728 6.

433 2768 508 2840 θ
565 2761 633 2818 43
741 2761 810 2814 Et
861 2760 1067 2816 Valens
1109 2761 1237 2833 Aug
1282 2769 1354 2816 tr.
1413 2778 1468 2832 p.
1502 2761 1620 2817 9et
1669 2759 1753 2816 40.

517 2855 563 2909 F

665 2850 776 2904 Cos
815 2861 893 2915 tv,
924 2851 1044 2918 Imp
1072 2864 1147 2904 v1.

445 2943 628 3000 Indict
737 2939 805 2992 Et
831 2937 1148 2995 Gratianus
1203 2940 1332 3012 Aug
1380 2947 1456 2996 tr.
1491 2956 1544 3011 p.
1592 2938 1649 3010 5,
1703 2937 1758 3009 6,

509 3046 528 3087 ι

491 3137 534 3176 ll

472 4449 614 4510 5087

659 3027 770 3082 Cos
803 3039 864 3082 ιι.

888 3118 1008 3187 Imp
1041 3119 1482 3175 Valentinianus
1511 3119 1634 3190 Aug
1679 3131 1754 3172 ιν.

886 3190 1008 3259 Imp
1044 3191 1248 3246 Valens
1271 3192 1398 3263 Aug
1431 3205 1482 3246 v1

745 3284 922 3338 Vetus
956 3281 1204 3350 inscript
1225 3283 1372 3337 Grut
1401 3277 1557 3348 4064,
1593 3277 1627 3334 7
1649 3280 1720 3334 Fa
1747 3306 1762 3316 -

660 3371 812 3426 brett
861 3385 912 3440 p.
946 3367 1051 3426 507
1077 3376 1132 3424 et
1179 3371 1377 3442 Vignol
1422 3370 1491 3424 de
1534 3367 1622 3424 col
1671 3367 1755 3422 Pii

667 3474 722 3531 p.
751 3456 858 3515 332
887 3466 944 3514 et
973 3459 1125 3530 leges
1154 3473 1184 3513 a
1212 3459 1460 3513 Relando
1485 3457 1757 3526 collectae,

671 3549 792 3604 utl.
820 3561 897 3613 χι,
925 3564 976 3602 c.
1003 3549 1190 3602 Theod
1215 3548 1285 3602 de
1311 3548 1621 3614 Veteranis,
1645 3551 1752 3601 etc.

749 3636 900 3692 Praaf
943 3637 1080 3692 Urbi
1128 3636 1393 3690 Claudius
1445 3650 1506 3690 ll.

671 3151 812 3211 Coss

748 3727 1110 3782 Theodosius
1158 3728 1361 3782 Senior
1407 3732 1463 3780 et
1503 3722 1765 3781 Junioris

669 3814 769 3886 qui
815 3821 1006 3883 postea
1038 3815 1342 3882 imperavit
1391 3820 1568 3883 pater.
1626 3811 1760 3866 Fir—

665 3917 820 3959 mum
851 3901 1058 3957 Africte
1077 3903 1402 3972 Tyrannum
1429 3901 1521 3956 bis
1544 3901 1759 3956 victum

672 3991 743 4046 ad
797 3990 1063 4060 laqueum
1118 3991 1322 4062 adigit.
1355 3991 1527 4047 Gildo
1579 3987 1760 4044 Firmi

670 4077 850 4134 frater
873 4079 1250 4148 Tyrannidem
1288 4085 1532 4149 reparat,
1566 4083 1621 4132 et
1645 4079 1766 4132 Do-

669 4167 906 4226 natistis
960 4166 1154 4224 favens
1205 4167 1534 4224 Catholicos
1569 4178 1766 4234 perse—

670 4259 894 4328 quitur.
928 4258 1090 4312 Amm
1119 4255 1210 4326 28,
1259 4255 1330 4312 29
1376 4261 1432 4312 et
1467 4254 1645 4310 Claud
1695 4253 1766 4308 de

668 4346 821 4401 bello
857 4345 1014 4401 Gild.

739 4454 902 4520 Impp
953 4452 1133 4508 Caesss
1173 4453 1615 4509 Valentinianus
1644 4449 1772 4522 Aug

467 4549 532 4611 ξ)
557 4539 626 4595 49
669 4545 742 4594 tr.
792 4553 844 4608 p.
893 4537 958 4592 40
987 4545 1043 4592 et
1075 4537 1165 4592 44.
1229 4542 1336 4596 Cos
1391 4555 1464 4596 IV.

456 4640 531 4714 θ
570 4637 638 4696 44-
747 4639 813 4693 Et
863 4635 1068 4692 Valens
1131 4639 1258 4708 Aug
1299 4644 1370 4693 tr.
1439 4653 1492 4706 p.
1556 4634 1641 4708 40,
1695 4635 1754 4692 44

515 4733 564 4786 Ε

671 4730 780 4786 Cos
802 4741 878 4783 iv.

441 4821 627 4877 Indict
743 4823 808 4874 Et
848 4817 1166 4875 Gratianus
1209 4817 1337 4888 Aug
1386 4821 1459 4872 tr.
1519 4831 1574 4886 p.
1625 4815 1680 4888 6,
1723 4813 1759 4873 7

532 4925 576 4968 ιι

515 5005 567 5054 et

497 5087 561 5124 In

685 4910 824 4966 Coss
855 4923 918 4964 III

888 4999 1206 5056 Gratianus
1241 5001 1362 5068 Aug
1393 5013 1484 5054 III.

887 5073 946 5127 C.
981 5073 1252 5142 Equitius
1284 5071 1506 5127 Valens.

748 5181 851 5234 Vel.
900 5180 1148 5250 inscript
1199 5180 1427 5235 Fabrett
1480 5197 1530 5245 ιι.
1575 5178 1761 5236 666et

680 5281 746 5322 ex
778 5268 1066 5323 Gudianis
1097 5269 1403 5338 Relandus,
1441 5269 1541 5340 qui
1585 5270 1761 5323 etiam

683 5355 834 5426 leges
883 5355 1096 5426 profert
1130 5358 1222 5414 his
1275 5373 1400 5412 coss
1433 5358 1598 5417 latas.
1635 5363 1696 5411 ut
1720 5356 1762 5411 l.

685 5439 772 5512 48,
803 5462 854 5498 c.
885 5445 1074 5500 Theod
1105 5447 1176 5500 de
1199 5445 1400 5514 operib
1435 5445 1629 5513 public
1649 5451 1758 5498 etc.

753 5531 903 5587 Praef
941 5533 1076 5588 Urbi
1125 5535 1478 5604 Euphronius
1529 5533 1766 5588 Panvin.

746 5619 861 5675 Pax
916 5635 1047 5676 cum
1084 5623 1374 5678 Macriano
1418 5621 1769 5676 Alemanniae

711 5036 850 5092 Coss

1800 544 1862 596 U.
1893 541 1948 596 C.

1749 620 1876 668 ante
1900 619 1968 666 et.

1687 692 1811 755 post
1824 685 1946 740 Pali
1951 683 1988 736 ι.

1834 2579 1972 2639 4425

1836 2669 1974 2728 4426

2069 3109 2118 3172 C

1839 4447 1976 4506 4426
2075 4472 2130 4534 D

1839 4536 1976 4594 4427

2167 541 2378 612 Olymp.

2287 3049 2304 3090 ι

2492 543 2741 593 timorum
2779 537 3132 606 pepulorum,
3176 535 3499 606 Pontiﬁces,

3695 327 3804 388 644

3635 533 3783 585 Era

2481 628 2652 678 reges,
2701 602 2799 662 res
2839 602 3001 676 gestae
3033 612 3084 660 et
3149 605 3498 658 documenta.
3569 602 3805 658 Christi.

2410 807 2550 862 tulit
2577 807 2644 860 ad
2680 820 2789 861 ann
2823 818 2920 874 seq
2938 803 3102 859 Anno
3127 800 3184 857 8.
3210 800 3496 869 Valentis,

2409 905 2466 952 et
2497 895 2882 950 Valentiniani
2939 893 3148 948 tertius
3192 893 3507 947 Turonen—

2413 987 2564 1040 sium
2585 985 2904 1054 Episcopus
2929 983 3236 1038 ordinatur
3259 981 3316 1036 S.
3347 982 3511 1036 Mar—

2413 1075 2577 1130 tinus
2605 1075 2820 1144 Gregor
2847 1073 3038 1128 Turon
3071 1071 3152 1126 lib
3173 1086 3230 1139 x,
3265 1069 3364 1126 ubi
3394 1069 3515 1124 ad—

2413 1163 2522 1219 dit.
2560 1163 2720 1218 Sedit
2738 1175 2850 1216 ann
2881 1158 2971 1230 26,
3003 1175 3162 1216 mens
3186 1156 3239 1230 4,
3262 1159 3389 1215 dies
3412 1153 3506 1226 27,

2418 1257 2478 1306 et
2503 1265 2627 1306 cess
2669 1251 3048 1320 Episcopatus
3089 1250 3218 1306 dies
3263 1245 3355 1304 20.
3395 1246 3516 1302 Or-

2414 1340 2643 1396 dinatio
2685 1339 2739 1393 S.
2801 1339 3039 1394 Martini
3071 1352 3124 1393 νι
3171 1338 3364 1393 Nonas
3409 1333 3505 1392 Jul

2427 1428 2500 1484 ab
2532 1429 2726 1484 eodem
2782 1427 3028 1484 refertur
3063 1427 3182 1483 hist
3219 1427 3309 1481 Fr.
3343 1424 3428 1481 lib
3456 1421 3510 1494 4,

2417 1531 2470 1572 c.
2521 1515 2608 1588 46,
2645 1523 2701 1572 et
2739 1516 2780 1571 Ι.
2828 1515 2883 1586 2,
2917 1531 2966 1571 c.
2993 1513 3080 1571 44.

2495 1607 2720 1662 Mauvia
2791 1607 3202 1662 Saracenorum
3273 1601 3513 1674 Regina,

2424 1695 2811 1750 Christianam
2839 1694 3134 1763 complexa
3164 1693 3354 1750 ﬁdem.
3383 1705 3515 1747 cum

2425 1784 2699 1838 Romanis
2733 1796 2922 1852 pacem
2971 1797 3036 1838 ea
3065 1783 3399 1838 conditione
3425 1779 3520 1836 fa—

2423 1873 2526 1943 cit,
2559 1879 2623 1928 ut
2653 1875 2878 1943 Moysen
2910 1875 3324 1928 Anachuretam
3377 1871 3519 1942 Epi-

2429 1976 2664 2030 scopum
2705 1961 2820 2016 sibi
2873 1961 3000 2016 dari
3058 1962 3362 2032 impetret:
3417 1959 3518 2030 qui

2427 2049 2834 2106 Alexandriam
2931 2051 3262 2121 perductus.
3346 2047 3520 2106 Lucio

2428 2141 2643 2196 Ariano
2672 2141 2992 2210 repudiato,
3023 2139 3366 2196 aCatholico
3389 2137 3512 2192 An-

2433 2229 2620 2284 tistite
2671 2230 2931 2284 ordinari
2965 2229 3168 2285 voluit.
3217 2231 3413 2284 Socrat
3466 2221 3518 2293 4,

2433 2315 2528 2387 29,
2573 2324 2632 2374 et
2685 2319 2950 2374 Theodor
2998 2315 3050 2387 4,
3087 2313 3172 2372 24.
3224 2315 3431 2371 Obitus
3470 2314 3530 2368 S.

2419 2409 2740 2463 Hilarionis
2765 2407 3133 2462 Anachoretae
3171 2420 3238 2462 ex
3283 2405 3339 2460 S.
3374 2404 3520 2458 Hie—

2436 2511 2558 2552 ron.

2215 2587 2370 2655 Olym
2504 2587 2732 2641 Damasi
2787 2582 2820 2640 7
2865 2593 2918 2642 et
2959 2583 3012 2639 8.

2251 2672 2356 2732 287
2519 2677 2709 2732 Romae
2773 2677 2830 2731 in
2895 2672 3116 2744 Synodo
3189 2683 3222 2726 a
3271 2671 3518 2740 Damaso

2266 2780 2321 2820 iv
2431 2767 2737 2822 damnatus
2763 2774 2849 2822 est
2877 2762 3248 2835 Apollinaris,
3299 2772 3522 2816 necnon

2257 2863 2308 2910 et
2445 2857 2654 2912 Vitalis
2672 2859 2801 2928 ejus
2823 2853 3150 2924 discipulus
3173 2870 3190 2922 ς
3212 2851 3314 2924 qui
3330 2849 3523 2906 Antio-

2243 2944 2351 3003 288
2443 2945 2572 3001 chia
2604 2947 2834 3002 Romam
2878 2946 2947 3001 ad
2979 2946 3225 3000 Damasu
3251 2958 3279 2996 η
3333 2937 3533 3011 profe-

2441 3043 2592 3100 ctus,
2610 3037 2753 3092 eiad
2779 3036 3084 3092 Paulinum
3105 3030 3526 3089 Antiochenum

2448 3127 2726 3178 remissus
2757 3132 2841 3179 est
2865 3139 2993 3179 cum
3043 3121 3242 3178 libello
3268 3119 3362 3176 cui
3396 3116 3530 3174 sub-

2426 3212 2679 3267 scribere
2706 3213 2958 3268 deberet.
3003 3213 3167 3282 Quod
3215 3225 3343 3268 cum
3393 3207 3529 3266 sub-

2433 3299 2564 3355 dole
2595 3297 2847 3369 fecisset,
2878 3301 3100 3357 detecta
3147 3300 3368 3369 fraude,
3413 3311 3532 3368 pro-

2445 3389 2699 3456 scriptus
2735 3394 2823 3443 est
2865 3380 3186 3445 aDamaso.
3238 3391 3431 3446 Sozom
3460 3400 3540 3458 Vi,

2439 3491 2490 3533 c.
2541 3475 2633 3532 25.
2679 3476 2830 3548 Greg
2876 3477 3124 3533 Nazianz
3169 3493 3260 3548 ep.
3323 3493 3401 3548 χι,
3456 3475 3526 3532 ad

2434 3565 2668 3621 Cledc.n.
2724 3565 2867 3622 Vide
2926 3573 3091 3622 notas
3143 3566 3314 3624 infra.

2506 3657 2569 3710 1n
2625 3669 2690 3710 ea
2751 3655 2978 3724 Synodo
3040 3652 3528 3711 Auatliematismi

2435 3743 2765 3814 complures
2790 3744 3089 3800 editisunt
3116 3745 3395 3800 adversus
3423 3756 3533 3798 va—

2441 3833 2561 3888 rias
2591 3834 2854 3889 haareses.
2909 3833 3190 3890 Petavius.
3234 3832 3374 3888 Vide
3417 3844 3530 3888 no-

2441 3930 2531 3980 tas
2565 3922 2732 3978 infra.

2511 4014 2652 4068 Para
2678 4015 2792 4068 Rex
2829 4009 3109 4068 Armeniae
3145 4007 3278 4064 dolo
3317 4012 3549 4079 captus,

2443 4108 2500 4157 et
2531 4103 2748 4172 injuste
2777 4103 3042 4158 detentus
3065 4111 3095 4153 a
3134 4095 3388 4164 Valente,
3416 4096 3534 4152 de—

2447 4206 2600 4248 mum
2629 4193 2755 4262 ejus
2776 4192 2947 4260 jussu
2979 4191 3037 4244 in
3069 4185 3331 4245 convivio
3365 4187 3538 4244 occi—

2438 4283 2620 4338 ditur.
2643 4284 2904 4337 Ammian
2935 4278 3008 4336 28
3035 4287 3092 4335 et
3115 4275 3208 4335 29.

2520 4462 2749 4516 Damasi
2794 4459 2831 4514 8
2877 4465 2932 4516 et
2961 4457 3016 4514 9.

2507 4549 2788 4603 Aumentio
2818 4555 3044 4604 mortuo
3087 4545 3428 4602 Ambrosius
3469 4545 3531 4600 in

2439 4641 2565 4708 ejus
2597 4637 2780 4693 locum
2804 4639 3111 4706 episcopus
3137 4635 3537 4691 Mediolanen—

2440 4729 2526 4783 sis
2555 4727 2864 4781 ordinatur
2887 4727 2984 4782 die
3005 4733 3201 4782 octavo
3230 4729 3531 4794 postquam

2437 4817 2762 4887 baptizatus
2801 4821 2888 4870 est
2930 4829 3007 4870 vn
3053 4816 3132 4872 Id.
3173 4815 3284 4870 Dec
3323 4813 3536 4868 Hieron

2439 4907 2619 4962 chron
2653 4903 2859 4959 Paulin
2891 4903 2948 4958 in
2978 4906 3106 4973 ejus
3130 4904 3279 4958 Vita.
3309 4903 3366 4956 S.
3407 4901 3540 4970 Epi-

2440 4995 2692 5066 phanius
2735 5007 2767 5049 a
2808 5007 2898 5049 ma
2923 4995 3150 5050 ristratu
3185 4995 3241 5047 et
3295 4989 3533 5046 clericis

2445 5087 2760 5142 Suedorum
2798 5085 2860 5139 in
2912 5081 3243 5152 Pamphylia
3277 5084 3534 5151 rogatus,

2436 5176 2812 5230 anchoratum
2836 5173 3062 5230 scribit.
3094 5173 3280 5226 Petav.

2509 5263 2712 5318 Valens
2731 5263 3022 5317 sollicitus
3045 5266 3130 5315 est
3151 5260 3220 5313 de
3248 5259 3398 5315 bello
3427 5258 3536 5314 Go-

2445 5351 2619 5406 thico.
2652 5350 2826 5406 Gothi
2849 5349 3000 5404 enim
3028 5346 3346 5402 amenis
3375 5344 3532 5416 pulsi

2437 5440 2622 5512 (gente
2676 5438 2918 5494 barbara
2961 5451 3028 5492 ex
3073 5436 3370 5493 Sarmatiae
3425 5447 3538 5489 ex-

2443 5530 2646 5584 tremis
2709 5525 2980 5598 profecta)
3027 5539 3204 5582 novas
3251 5525 3418 5581 sedes
3456 5522 3532 5578 ab

2443 5617 2787 5688 imperatore
2812 5620 3053 5687 poscunt
3080 5617 3142 5671 in
3169 5613 3428 5671 Thracia:
3459 5612 3539 5668 ﬁ—

3637 2575 3766 2634 3’73

3633 4453 3737 4513 374
