3922 6444
117 368 216 427 649

149 570 267 623 Per.
290 568 400 623 Jul.

184 645 235 694 et
247 640 357 695 Ind

196 3159 355 3220 5094

154 3249 358 3325 Q26

156 3340 336 3418 ωε

254 3430 299 3486 C

170 3538 373 3593 Indict

224 3640 285 3683 IX

209 3722 346 3772 εει

1045 376 1391 433 CHRONOL.
1436 377 1484 433 Α
1519 377 1575 433 S.
1617 376 2008 439 SYLVESTRO
2053 386 2145 440 AD
2182 386 2237 441 S.
2278 387 2486 444 GREG.
2528 392 2602 445 Μ.

179 499 330 585 Ann}
368 498 783 585 ¹ῙηιΡεὲνίιίονϐε,
855 501 1111 585 ροηεμίςε
1154 504 1434 585 Βοηιιξηο-
1503 523 1506 526 '
1540 502 1698 585 έηζιῤ
1796 504 1856 564 Α
1946 507 2104 585 Anni
2171 512 2625 585 Christianorum,
2679 515 2992 569 Iudaeorum
3039 520 3089 569 et
3129 517 3257 585 ﬁni-
3321 515 3480 569 Anni

492 585 618 624 rum
646 586 732 625 res
751 575 1006 639 gestw,.et
1043 572 1383 628 documenta.
1540 574 1603 627 U.

1569 659 1642 697 an
1669 659 1697 696 θ

1569 659 1642 697 an
1647 659 1698 697 τε

1580 718 1708 784 post

1540 785 1703 841 Pam.

1508 719 1561 769 et

403 876 545 1001 cogit
570 876 929 933 Theodosius
956 876 1085 947 Aug
1137 881 1209 931 tr.
1234 889 1289 946 p.
1323 871 1375 946 4,
1429 872 1486 941 2,

404 1068 567 1125 'Coss
616 1034 1170 1125 Eratienvwast-

616 1108 973 1165 Theodosius
992 1108 1137 1179 Aug.

474 1197 721 1254 ‘Boldett
750 1197 999 1267 inscript
1040 1198 1242 1253 cremet
1288 1209 1343 1266 p.
1397 1193 1490 1265 85,

402 1290 459 1341 et
487 1299 546 1342 c.
577 1286 682 1340 Th.
706 1285 790 1341 lib
810 1283 863 1348 3,
887 1285 959 1341 tit
989 1288 1054 1356 5;
1087 1285 1125 1341 l.
1155 1283 1211 1356 6,
1242 1282 1494 1354 aliaeque

406 1375 557 1444 apud
584 1374 821 1432 Reland.

477 1463 833 1533 TheOphilus
882 1464 1317 1520 Alexandrinus
1375 1467 1496 1520 tum

407 1550 686 1622 Clericus,
717 1558 909 1623 postea
936 1554 1243 1623 episcopus
1264 1556 1494 1608 centum

409 1654 692 1697 annorum
760 1650 1091 1712 computum
1162 1640 1494 1696 Paschalem

412 1729 483 1785 ab
541 1731 647 1787 hoc
716 1744 868 1787 anno
934 1731 1183 1786 orditur.
1264 1731 1374 1785 Leo
1419 1729 1494 1782 M.

410 1818 562 1888 epist
589 1817 676 1875 64.
713 1820 853 1875 Vide
882 1819 1196 1875 Petavium.

488 1908 805 1964 Gratianus
841 1913 1042 1963 contra
1070 1906 1290 1962 Gothos
1317 1905 1501 1961 mittit

420 1996 811 2065 peritissimos
868 1998 1072 2063 Duces,
1148 1999 1205 2049 et
1273 1994 1500 2049 eosdem

414 2084 772 2152 Macedonia,
809 2089 867 2138 et
895 2082 1192 2138 Pannonia
1236 2082 1506 2137 excedere

419 2172 595 2242 c0git,
628 2186 761 2228 mox
793 2185 985 2241 pacem
1016 2184 1145 2226 cum
1170 2170 1317 2240 ipsis
1367 2182 1511 2225 san-

422 2258 523 2313 cit.
554 2259 633 2313 Ex
660 2260 959 2328 Prospero.

493 2347 725 2402 Justina
755 2346 1147 2402 Valentiniani
1175 2347 1284 2402 Jun
1333 2348 1511 2402 Mater

422 2434 638 2490 Ariana
692 2435 904 2491 femina
952 2435 1212 2490 haeresim
1273 2447 1510 2504 promo-

426 2536 556 2578 vere
582 2524 780 2579 studet
808 2542 821 2577 :
856 2524 952 2578 cui
979 2524 1257 2578 acerrime
1288 2522 1513 2577 resistit

424 2610 788 2668 Ambrosius.
822 2611 1027 2667 Paulin
1058 2611 1118 2666 in
1144 2612 1270 2681 ejus
1324 2611 1473 2667 Vita.

495 3165 658 3233 Impp
679 3161 861 3218 Cmsss
913 3160 1229 3218 Gratianus
1280 3160 1408 3233 Aug
1436 3166 1508 3217 tr.
1588 3158 1728 3217 4433
1830 3149 1879 3211 C

512 3248 579 3305 42
604 3256 660 3305 et
686 3250 774 3305 43.
805 3265 933 3305 coss
966 3266 1018 3305 ν.
1590 3245 1731 3305 4434

424 3266 477 3323 p.
512 3248 579 3307 42
604 3256 660 3308 et
686 3250 774 3320 43,
805 3265 933 3308 coss
966 3266 1018 3305 ν.

503 3342 571 3396 Et
598 3341 1036 3397 Valentinianus
1100 3342 1210 3397 Jun
1267 3338 1396 3411 Aug
1436 3343 1511 3394 tr.

430 3444 484 3501 p.
517 3429 570 3497 6,
596 3426 652 3490 7.
681 3445 809 3488 coss
838 3444 902 3485 ιι.

499 3539 567 3593 Et
586 3538 960 3609 Theodosius,
995 3537 1123 3609 Aug
1159 3543 1233 3592 tr.
1256 3532 1385 3606 p.2.
1410 3531 1466 3605 3,

417 3640 564 3683 COaS.

421 3752 562 3809 οοεε
606 3756 693 3842 ῖζῖῖ
716 3716 1058 3842 Emitte

486 3875 595 3931 Vet
644 3870 1517 3944 inscriptexSchedisGudianis

425 3963 581 4035 apud
633 3962 957 4019 Relandum
988 3960 1220 4031 etleges
1253 3962 1318 4013 ut
1371 3958 1410 4013 l.
1460 3957 1513 4025 6,

421 4070 474 4111 c.
506 4053 697 4110 Theod
730 4054 801 4108 de
830 4051 1024 4108 divers
1053 4048 1301 4119 rescript
1351 4047 1519 4103 alite—

428 4157 541 4214 que
574 4143 677 4199 ibi.

496 4234 583 4287 Pr.
644 4232 784 4287 Urbi
835 4231 918 4285 FZ.
976 4231 1127 4286 Ann.
1204 4229 1516 4283 Euchazvius

441 4324 807 4393 Epiphanius.
841 4322 1056 4376 Panvin
1109 4325 1167 4375 et
1196 4319 1483 4375 Contelor.

494 4412 821 4468 Concilium
898 4410 1270 4481 Aquileiense
1331 4409 1511 4465 Nonis

420 4500 569 4571 Sept.
602 4501 953 4557 celebratum
979 4500 1037 4554 in
1057 4513 1170 4570 quo
1186 4498 1503 4566 Palladius,

410 4598 469 4647 et
522 4591 924 4647 Secundianus
988 4589 1189 4644 Ariani
1248 4588 1505 4659 episcopi

419 4680 847 4736 damnatisunt.
879 4681 942 4733 In
966 4678 1245 4748 Hispania
1276 4690 1505 4749 quoque

417 4768 864 4841 Caesaraugustae
897 4769 956 4823 in
1008 4767 1233 4839 Synodo
1258 4767 1507 4823 Priscil-

419 4859 671 4915 lianistze
690 4859 1039 4914 damnantur
1054 4872 1184 4913 cum
1213 4857 1339 4927 ipso
1370 4857 1504 4912 Pri-

406 4946 676 5004 scilliano
703 4947 888 5003 laico:
915 4960 1081 5017 quem
1105 4946 1358 5002 haeretici
1386 4945 1504 5014 epi-

414 5035 576 5107 scopi
607 5036 932 5093 Abilensem
961 5036 1329 5093 constituunt
1357 5052 1371 5088 ε
1403 5034 1501 5089 sed

413 5126 466 5181 is
491 5127 799 5197 agentibus
818 5125 1028 5193 Idacio,
1062 5129 1118 5179 et
1144 5123 1362 5178 lthacio
1387 5120 1500 5176 Ca-

425 5215 663 5273 tholicis
678 5216 968 5286 episcopis
988 5215 1217 5271 decreto
1229 5210 1494 5267 Gratiani

410 5305 742 5375 expellitur.
794 5307 983 5362 Romae
1028 5316 1061 5358 a
1107 5304 1370 5368 Damaso,
1441 5306 1498 5356 et

408 5394 718 5451 Mediolani
774 5395 846 5450 ab
916 5392 1222 5449 Ambrosio
1296 5390 1490 5459 rejecti

409 5483 873 5541 Priscillianistre
898 5484 1101 5540 turbas
1123 5480 1182 5537 in
1223 5481 1497 5550 Hispania

406 5574 581 5644 cient,
645 5589 759 5646 quo
808 5572 1038 5631 fuerant
1106 5570 1317 5626 reversi
1395 5583 1494 5639 per

404 5662 564 5719 aliud
598 5664 945 5734 rescriptum
974 5660 1233 5734 Magistri
1264 5656 1496 5716 ofﬁcio-

410 5778 643 5835 Ρλιιιοι..
681 5776 951 5835 CXXVII.

1930 578 2128 649 olymp.

2166 896 2217 938 c.
2262 882 2315 940 6.
2365 886 2506 941 Tum
2552 887 2733 959 legem
2781 889 2980 945 condit
3022 903 3105 959 ιιι,
3149 890 3254 945 cod

2166 972 2236 1027 de
2261 973 2371 1030 ﬁde
2398 975 2692 1033 Catholica
2715 975 2751 1032 3
2778 978 2881 1033 Kal
2908 979 3054 1033 Mart
3072 979 3257 1034 Thes-

2167 1062 2439 1120 salonicae
2487 1071 2552 1121 ut
2602 1066 2893 1122 damnatis
2937 1067 3257 1123 haeresibus

2169 1150 2291 1206 sola
2353 1152 2650 1209 Catholica
2716 1153 2882 1212 Fides
2946 1155 3253 1226 obtineret,

2172 1252 2342 1308 quam
2394 1241 2619 1299 scilicet
2670 1255 2703 1298 a
2751 1246 2917 1300 Petro
2967 1249 3255 1315 acceptam

2171 1328 2425 1384 Romana
2502 1331 2778 1400 Ecclesia,
2855 1340 2912 1389 et
2979 1335 3303 1405 Damasus

2175 1421 2411 1486 teneret,
2463 1423 2519 1474 et
2561 1421 2764 1476 Petrus
2810 1420 3258 1479 Alexandrinus.

2174 1505 2318 1561 Vide
2361 1507 2595 1578 Pagium
2639 1511 2747 1564 Sen
2789 1509 2847 1564 h.
2894 1524 2947 1566 a.
2994 1524 3053 1565 ιι.
3099 1525 3162 1566 ιιι
3210 1518 3268 1567 et

2176 1608 2293 1665 seq.

2251 1684 2414 1740 Petro
2507 1686 2897 1745 Alexandrino
2998 1690 3267 1761 episcopo

2181 1778 2429 1843 mortuo,
2472 1775 2747 1833 suﬁectus
2797 1786 2885 1835 est
2930 1780 3271 1836 Timotheus

2180 1860 2307 1929 ejus
2338 1860 2515 1917 frater
2540 1865 2776 1936 Niceph.
2811 1868 3012 1923 chron.

2252 1948 2419 2005 Circa
2451 1951 2557 2007 hoc
2588 1958 2813 2024 tempus
2843 1956 3139 2026 Illyricum
3169 1958 3271 2012 di—

2184 2037 2376 2094 visum
2425 2046 2512 2096 est
2553 2042 2611 2097 in
2651 2042 2962 2112 Orientale,
3005 2052 3062 2103 et
3100 2045 3276 2101 Occi—

2187 2126 2433 2185 dentale.
2505 2130 2694 2200 Quare
2754 2134 3117 2190 Theodosius
3176 2135 3273 2190 cui

2188 2215 2505 2274 Orientalis
2545 2221 2775 2289 imperii
2809 2224 2961 2280 ditio
2990 2223 3277 2296 obtigerat

2190 2306 2365 2361 etiam
2413 2307 2705 2366 Orientale
2761 2311 3059 2382 Illyricum
3114 2318 3280 2367 tene-

2192 2394 2307 2450 bat.
2355 2397 2497 2453 Vide
2538 2400 2952 2477 Pagium.Sen.
2998 2402 3067 2457 ad
3116 2402 3172 2456 h.
3222 2415 3273 2458 a.

2263 2485 2619 2557 Theodosius
2639 2500 2744 2544 vm
2775 2489 2878 2546 Kal
2903 2492 3015 2546 Dec
3048 2491 3279 2561 ingres-

2194 2587 2296 2629 sus
2318 2574 2875 2647 ConstantinOpolim
2908 2579 3146 2635 Arianis
3164 2579 3285 2634 adi-

2198 2661 2305 2716 mit
2342 2664 2638 2735 ecclesias,
2682 2680 2828 2736 quas
2875 2667 3046 2722 annis
3090 2664 3157 2722 40
3188 2672 3283 2722 te—

2199 2757 2461 2805 nuerant.
2496 2752 2875 2823 Demophilus
2904 2753 3053 2810 Urbe
3082 2754 3276 2810 cessit.

2197 2838 2347 2911 Greg
2399 2842 2648 2898 Nazianz
2702 2843 2763 2899 in
2812 2843 3127 2900 Ecclesiam
3184 2844 3285 2900 in—

2200 2928 2529 2987 troducitur
2558 2944 2613 2987 vr
2641 2931 2745 2988 Kal
2774 2935 2883 2988 Dec
2914 2933 3098 2990 Petav.

1997 3155 2106 3214 289
2266 3163 2494 3219 Damasi
2531 3160 2597 3219 45
2625 3171 2683 3221 et
2716 3163 2799 3222 46.

2020 3261 2076 3303 ιν
2099 3300 2103 3305 .
2258 3250 2897 3324 Constantinopolitana
2918 3255 3181 3327 Synodus
3206 3269 3291 3313 ce-

2020 3334 2072 3391 ét
2178 3337 2440 3396 lebratur
2516 3344 2818 3399 occasione
2898 3345 3290 3416 ordinationis

2003 3422 2112 3480 290
2202 3427 2462 3500 Maximi,
2511 3435 2568 3485 et
2613 3431 2893 3487 haereseos
2942 3433 3286 3499 Macedonii,

2049 3526 2067 3568 ι
2201 3529 2373 3585 quam
2479 3519 2769 3589 Synodum
2878 3523 3291 3578 mcumenicam

2206 3610 2399 3671 postea
2431 3607 2687 3662 reddidit
2715 3621 3032 3665 consensus
3075 3611 3290 3664 Dama-

2203 3691 2276 3758 si,
2310 3693 2411 3762 qui
2443 3693 2630 3749 Romte
2672 3696 2966 3752 indixerat
2997 3697 3287 3768 Synodum

2200 3781 2613 3837 oecumenicam
2666 3783 3085 3841 celebrandam.
3146 3785 3303 3861 Vide

2201 3874 2365 3926 notas
2438 3869 2609 3927 infra.
2683 3873 2824 3941 Ejus
2895 3874 3106 3945 Synodi
3184 3875 3292 3932 de-

2200 3964 2353 4016 creta
2418 3960 2489 4016 de
2546 3961 2657 4017 ﬁde
2722 3963 2916 4019 omnia
2960 3978 2992 4020 a
3046 3964 3290 4022 Damaso

2200 4048 2579 4105 conﬁrmata:
2632 4050 2729 4106 sed
2776 4065 2844 4108 ex
2895 4051 2988 4109 his
3042 4070 3169 4126 quae
3216 4056 3284 4112 ad

2198 4139 2571 4210 disciplinam
2628 4141 3010 4211 pertinebant,
3067 4150 3130 4199 ut
3179 4144 3287 4200 Se—

2200 4228 2295 4284 dis
2346 4229 3001 4300 Constantinopohtanae
3047 4231 3287 4301 jurisdi-

2212 4319 2330 4375 ctio
2364 4331 2475 4374 non
2510 4320 2747 4388 perinde
2788 4318 3145 4376 conﬁrmata.
3180 4320 3285 4375 Vi—

2198 4409 2269 4463 de
2302 4414 2466 4464 notas
2491 4409 2560 4464 ad
2594 4410 2920 4464 Damasum.

2265 4496 2626 4553 Theodosius
2664 4493 2700 4553 3
2742 4496 2843 4553 Kal
2883 4499 3010 4571 Aug
3045 4499 3113 4555 ad
3159 4499 3284 4556 Au-

2189 4588 2427 4643 xonium
2474 4588 2681 4643 Procos
2711 4586 2862 4644 Asiae
2894 4589 3184 4660 rescribit,
3219 4596 3283 4646 ut

2178 4676 2495 4734 Catholicis
2558 4677 2941 4734 Antistitibus
3006 4680 3276 4736 Ecclesia:

2188 4767 2508 4823 tradantur.
2558 4767 2858 4838 Reliquias
2895 4781 3115 4837 eorum,
3167 4766 3270 4839 qui

2188 4858 2339 4926 passi
2368 4856 2441 4911 ab
2468 4857 2704 4911 Arianis
2734 4854 2982 4927 fuerant,
3018 4857 3075 4911 in
3103 4857 3209 4913 Bas
3233 4859 3270 4913 S

2185 4944 2347 4999 Pauli
2382 4945 2882 5014 ConstantinOpoli
2924 4944 3264 5002 introducit.

2183 5032 2473 5088 Adversus
2515 5033 2780 5103 Arianos,
2813 5038 2870 5087 et
2897 5032 3265 5109 Manichaaos,

2182 5119 2448 5189 aliosque
2497 5121 2705 5189 sancit,
2752 5134 2879 5191 quae
2928 5119 3011 5175 lib
3060 5134 3154 5178 xvx
3211 5140 3261 5181 c.

2176 5207 2365 5262 Theod
2418 5208 2490 5262 tit
2533 5205 2587 5278 3,
2645 5209 3035 5265 continentur.
3088 5211 3263 5270 Peta-

2176 5300 2323 5353 vius.

3169 5776 3233 5837 21

3430 390 3536 449 650

2244 584 2498 657 tignorum
2535 586 2884 657 populorum,
2935 588 3238 656 Pontiﬁces,
3311 590 3453 643 ιΕνεΒ

2276 655 2464 726 Reges,
2495 672 2581 710 res
2609 662 2770 724 gestze
2811 655 2879 712 et’
2904 655 3243 713 documenta.
3279 657 3498 713 Christi.

3379 3163 3478 3222 384
