3922 6410
159 425 277 483 665
1071 423 1422 482 CHRONOL.
1467 427 1516 484 A
1550 427 1614 484 S.
1661 427 1708 485 S‘

2091 430 2186 486 AD
2223 430 2285 486 S.
2331 430 2550 488 GREG.
2597 432 2669 485 Μ.
3495 431 3605 493 666

225 559 403 632 Anni,
448 561 830 628 Imperatores,
915 559 1194 621 Consules,
1238 561 1559 632 iRomano—
1618 560 1776 632 Anni
1855 559 1912 618 A
1996 561 2178 632 iAnm’
2237 563 2690 630 Christianorum,
2741 563 3059 616 Judmorum
3099 567 3149 617 et
3176 564 3313 632 ﬁni—
3384 561 3542 618 Anni

163 631 291 684 Per.
313 631 426 704 Jul.
562 647 706 698 rum,
761 645 847 685 res
896 637 1059 698 gestae
1127 636 1176 685 et
1213 631 1549 686 documenta.
1626 631 1773 686 U.C.
1974 631 2183 704 Olymp.
2308 636 2559 688 timorum
2597 635 2948 704 populorum,
3000 631 3305 704 Pontiﬁces,
3402 637 3544 690 Erae

221 707 272 757 et
300 703 410 757 Ind
1619 707 1746 757 ante
2128 703 2141 704 ί
2299 708 2487 776 Reges,
2514 720 2601 760 res
2628 703 2788 775 gestae
2825 711 2876 761 et
2924 705 3264 762 documenta.
3296 703 3299 704 ⁷
3344 706 3563 762 Christi.

1589 778 1795 900 ειρξῖᾖι
2000 779 2006 784 ’

239 946 385 1006 5443
533 953 694 1022 Impp
751 951 900 1007 Caess
956 951 1239 1008 Arcadius
1286 951 1414 1022 Aug
1472 956 1546 1007 tr.
1624 947 1764 1006 4452

2050 951 2115 994 ιιι
2300 938 2593 994 Anastasii
2624 937 2646 993 4
2683 943 2738 993 et
2762 935 2816 992 2.
3410 937 3515 998 400

210 1043 287 1113 Θ
366 1037 434 1096 47
465 1057 519 1111 p.
557 1038 643 1104 47,
680 1040 766 1112 48,
799 1056 898 1098 cos
934 1055 1018 1097 IV.
1625 1039 1759 1099 4453

2063 1040 2114 1080 ιν
2298 1027 2514 1082 Gainas
2527 1027 2628 1098 qui
2654 1040 2806 1082 anno
2824 1027 3124 1097 superiori
3144 1027 3319 1083 rebel-

201 1137 281 1210 0
395 1137 433 1193 2
532 1141 603 1194 Et
657 1139 940 1196 honorius
997 1139 1126 1211 Aug
1162 1143 1235 1195 tr.
1286 1155 1343 1210 p.
1381 1136 1439 1211 7,
1492 1137 1546 1211 8,
2230 1115 2464 1187 laverat,
2498 1121 2555 1211 et
2576 1117 2926 1211 _Eutropium
2966 1117 3164 1211 occidi
3199 1117 3318 1172 im-

459 1227 584 1282 Cos.
622 1241 677 1282 IV
1091 1204 1120 1211 ⁷
1286 1204 1303 1210 ’
1427 1204 1436 1211 ’
1535 1204 1544 1211 ’
2230 1210 2549 1276 petraverat
2576 1204 2632 1259 h.
2660 1217 2719 1261 a.
2764 1210 3084 1274 praepotens
3110 1207 3318 1263 Satur-

251 1318 296 1372 Α
340 1315 384 1371 G
455 1352 592 1374 μη,
788 1317 1054 1374 Stilicho,
2231 1294 2436 1350 uinum
2463 1293 2833 1350 Consularem
2883 1300 2941 1349 et
2973 1296 3316 1365 Eutropium

223 1355 408 1442 ﬁdi},
455 1355 616 1408 coss.
677 1357 738 1443 ςςς
788 1355 1160 1446 πάλῃ-ἔδαε,
2245 1381 2547 1438 Consulem
2594 1381 2711 1437 sibi
2764 1381 2897 1437 dedi
2957 1382 3028 1438 ab
3071 1355 3320 1442 Arcadio

268 1489 376 1530 xm
531 1477 653 1531 Vet.
679 1477 946 1547 inscript.
970 1477 1099 1533 dua:
1128 1478 1550 1536 MusaeiAlbani
2232 1469 2512 1527 obtinuit
2547 1469 2782 1525 Arianis
2808 1475 2996 1526 tamen
3035 1471 3322 1528 Ecclesias

297 1566 347 1617 ei
455 1570 510 1619 et
559 1563 812 1619 Fabrett.
869 1579 978 1636 pag
1029 1565 1156 1636 552,
1215 1573 1273 1622 et
1320 1564 1449 1637 739,
1497 1574 1553 1624 et

2230 1559 2652 1628 Constantinop
2680 1559 2943 1614 obtinere
2969 1573 3078 1616 non
3106 1561 3317 1632 potuit,

263 1667 364 1709 xw
456 1652 720 1710 Gudiana
747 1673 758 1708 :
795 1659 850 1708 et
881 1654 1036 1726 leges
1065 1657 1372 1726 utriusque
1409 1657 1546 1713 Cod.
2233 1649 2536 1705 resistente
2555 1649 2610 1703 S.
2633 1649 2715 1702 Jo.
2746 1647 3170 1719 Chrysostomo.

462 1743 612 1812 apud
668 1742 878 1798 Reland
917 1750 979 1799 ut
1020 1744 1062 1798 -l.
1112 1742 1200 1811 59,
1236 1743 1326 1814 60,
1357 1743 1444 1814 64,
1490 1745 1548 1801 C.

2303 1739 2404 1792 His
2441 1737 2600 1793 Coss.
2642 1738 2904 1794 Eudoxia
2950 1738 3174 1794 dicitur
3213 1739 3323 1796 Au-

462 1831 563 1886 Th.
600 1833 670 1888 de
701 1847 836 1888 curs
868 1832 1028 1902 publ,
1057 1840 1164 1888 etc.
1866 1879 1916 1902 η
2234 1834 2424 1900 gusta,
2466 1833 2522 1882 et
2549 1827 2793 1884 Arcadia
2828 1829 3088 1884 nascitur
3131 1827 3166 1885 3
3212 1831 3323 1886 No-

643 1879 1028 1977 νιιῖιῦἷιιᾎῖιῖςέ
1052 1879 1350 1977 Pldbianus
1395 1924 1508 1980 Cod
1523 1965 1537 1979 .
1866 1879 1918 1939 B
2540 1879 3196 1988 éi'c'JxItiagiQIia-ééiesia

457 2011 648 2067 Theod
675 2010 756 2065 lib
787 2024 869 2064 χι.
906 2017 946 2065 ι.
973 2009 1027 2079 5,
1060 2011 1099 2065 l.
1131 2008 1223 2066 29.

2233 2009 2466 2065 thorum
2495 2021 2550 2062 ιν
2575 2007 2658 2062 Id.
2689 2007 2781 2063 Jul
2811 2007 2926 2062 Chr
2948 2009 3146 2064 Pasch.

533 2100 828 2168 Sulpitius
863 2101 1104 2156 Severus
1130 2100 1214 2156 lib
1243 2115 1302 2170 ιι,
1334 2115 1368 2156 a
1400 2102 1554 2158 Cru-
2305 2097 2577 2153 Alaricus
2618 2097 2938 2154 Gothorum
2973 2099 3084 2153 Rex
3117 2100 3177 2154 in
3218 2101 3325 2156 Ita-

461 2188 737 2244 ciﬂxione
779 2189 844 2242 D.
892 2190 958 2242 N.
1000 2189 1048 2242 J.
1078 2189 1136 2245 C.
1174 2190 1283 2244 sub
1325 2191 1554 2247 duobus
2236 2187 2374 2243 liam
2414 2187 2714 2242 descendit
2754 2201 2854 2257 per
2897 2187 3070 2258 Alpes
3114 2188 3320 2245 Julias.

461 2276 727 2332 Geminis
775 2291 904 2332 coss
951 2293 1133 2350 usque
1179 2280 1239 2335 in
1285 2280 1557 2336 Stilicho-
2233 2277 2406 2334 Noris
2438 2277 2556 2336 hist
2583 2276 2754 2349 Pelag
2777 2291 2882 2348 cap
2909 2274 2946 2334 2
2975 2290 3085 2349 pag
3125 2275 3212 2334 42.

471 2379 598 2420 nem
675 2367 970 2422 consulem
1036 2374 1302 2424 numerat
1371 2382 1556 2426 annos

461 2467 731 2523 CCCLXXII,
777 2471 904 2526 qua:
934 2471 1155 2512 summa
1198 2473 1327 2514 cum
1358 2467 1554 2516 nostra

462 2543 848 2615 Chronologia
888 2547 1126 2601 omnino
1153 2549 1464 2603 consentit.

245 2631 391 2690 5444
539 2631 700 2703 Impp
771 2648 912 2688 caass
957 2634 1246 2690 Arcadius
1294 2636 1424 2710 Aug
1474 2642 1546 2693 tr.
1629 2637 1767 2696 4453
2008 2639 2166 2708 Olym
2296 2635 2589 2692 Anastasii
2644 2637 2803 2704 Papae
2844 2632 2899 2690 2.
2945 2639 3004 2690 et
3041 2648 3110 2690 ex
3155 2631 3316 2690 die9
3409 2631 3506 2690 404

199 2727 286 2797 (ᾗ
368 2721 435 2778 48
465 2738 518 2793 p.
571 2719 656 2791 48,
694 2729 749 2778 et
808 2719 895 2794 49,
945 2737 1013 2778 ex
1050 2722 1147 2778 die
1195 2722 1260 2780 46
1303 2727 1407 2780 Jan
1452 2741 1550 2783 cos
1627 2727 1748 2785 4454

2036 2724 2144 2784 294
2231 2724 2443 2781 Octobr
2487 2721 2542 2780 2.
2592 2726 2646 2779 Is
2688 2723 2812 2780 obit
2851 2725 2947 2779 die
3004 2721 3040 2780 3
3077 2724 3195 2779 Nov
3234 2737 3324 2781 va-

197 2822 286 2896 ο
395 2820 532 2878 31v.

2071 2831 2128 2873 ιν
2237 2820 2331 2871 cat
2357 2815 2528 2870 Sedes
2547 2815 2677 2871 dies
2703 2811 2793 2869 20.

297 2915 347 2967 F
532 2912 600 2966 Et
626 2911 920 2988 Honorius
961 2911 1090 2984 Aug
1117 2916 1190 2967 tr.
1225 2928 1277 2984 p.
1313 2911 1370 2983 8,
1402 2918 1458 2971 et
1493 2913 1548 2988 6,

2067 2913 2117 2963 et
2305 2907 2670 2961 Iusocsmws
2739 2903 2958 2960 electus
3025 2917 3327 2960 successor

201 2993 401 3049 Indict
455 3005 542 3046 ex.
584 2987 648 3046 47
671 2992 774 3045 Jan
801 3005 900 3048 cos
936 3005 1010 3047 iv.

2035 2995 2145 3055 295
2231 2996 2539 3053 ordinatur
2585 2995 2682 3050 die
2711 2993 3012 3050 Dominica
3069 2991 3141 3049 24
3182 2996 3322 3051 Nov.

263 3095 366 3137 xiv
457 3117 594 3173 COSS
896 3082 1250 3165 Viacentius.
2079 3103 2098 3142 ι
2226 3086 2369 3144 Vide
2394 3091 2562 3141 notas
2585 3083 2653 3138 ad
2678 3082 3068 3139 Anastasium.

235 3158 382 3208 “XV
602 3158 614 3171 ’
889 3154 1162 3209 Ῑ⁴Ἲ⁵³ν¹η³ο
1868 3209 1914 3231 η
2301 3173 2562 3231 Concilia
2581 3171 2853 3229 Africana
2868 3171 2986 3228 duo
3011 3171 3136 3228 h.a.
3163 3171 3323 3229 habi-

568 3241 684 3298 Vel.
721 3242 987 3312 inscript.
1014 3243 1260 3300 Fabrett.
1292 3259 1402 3318 pag
1420 3243 1519 3302 574
1532 3290 1544 3318 ,
1866 3209 1916 3273 C
2233 3209 3136 3330 {33:31:13

463 3335 520 3424 ει
563 3330 713 3424 leges
764 3332 1073 3424 utrju§qu9
1117 3333 1548 3424 CodicisAapu‘d
2233 3352 2462 3420 chonis,
2483 3350 2732 3424 alterum
2759 3350 2906 3405 Idib.
2929 3351 3064 3419 Sept
3091 3351 3328 3408 Cartha-

462 3419 691 3476 Gotofr.
749 3426 806 3476 et
849 3420 1088 3476 Beland.
1137 3435 1336 3491 nempe
1368 3421 1405 3477 l.
1457 3421 1548 3495 63,

2236 3443 2368 3512 gine
2419 3419 2724 3495 Vincentio
2783 3445 2841 3494 et
2891 3439 3145 3494 Fravitta
3193 3452 3321 3497 coss

463 3523 518 3596 c.
545 3509 733 3565 Theod
760 3510 830 3566 de
847 3523 1023 3565 cursu
1053 3509 1191 3579 publ
1219 3509 1302 3564 lib
1324 3523 1449 3580 vm,
1479 3513 1553 3568 tit
2229 3509 2395 3596 juxta
2433 3529 2574 3583 edit.
2614 3527 2770 3580 Binii
2796 3527 2953 3582 dicta
2979 3528 3047 3594 ll,
3077 3528 3170 3594 ΙΙΙ,
3213 3528 3322 3583 sub

460 3595 515 3666 5,
539 3597 737 3685 Concil
768 3597 942 3685 Carth
973 3595 1028 3651 5.

2233 3595 2561 3684 Anastasio,
2613 3627 2862 3685 quorum
2922 3614 2982 3668 in
3034 3619 3321 3684 postremo

536 3683 687 3742 Prazf
725 3684 864 3739 Urbi
896 3687 1087 3740 Romae
1133 3685 1553 3744 Andromachus

2236 3703 2490 3759 recitatae
2547 3683 2688 3757 Sunt
2752 3701 2960 3757 litterae
3026 3683 3320 3760 Anastasii

457 3775 517 3831 ος
585 3774 690 3828 Th.
754 3771 838 3862 lib
895 3786 976 3841 χι,
1034 3778 1074 3826 ι.
1121 3771 1212 3862 28,
1256 3773 1294 3828 ι.
1342 3772 1396 3845 3,
1434 3776 1543 3832 cr.

2237 3793 2420 3861 Papae,
2467 3795 2525 3845 et
2547 3790 2617 3845 ad
2663 3803 2793 3845 eum
2825 3789 3054 3844 decreta
3085 3789 3317 3862 legatio.

463 3862 757 3920 Clearchus
800 3861 866 3916 C.
907 3862 1099 3917 Theod
1142 3860 1228 3917 lib
1261 3876 1338 3932 v1,
1370 3872 1412 3920 t.
1458 3863 1554 3936 26,
2233 3860 2376 3937 Vide
2416 3879 2530 3935 Cod
2580 3879 2875 3936 Canonum
2927 3878 3057 3934 Eccl
3101 3860 3204 3934 Atr
3251 3894 3320 3938 ex

462 3952 502 4008 l.
533 3949 620 4007 42.
2233 3967 2489 4024 Bibliolh
2517 3966 2770 4036 Justelli,
2808 3968 2980 4037 cujus
3015 3969 3320 4039 antiquis—

534 4041 728 4096 Prima
796 4041 948 4110 epist
1018 4041 1312 4098 Paschalis
1381 4043 1555 4101 Theo-

2232 4060 2442 4115 simum
2475 4056 2768 4126 exemplar
2807 4064 3162 4114 asservatum
3200 4059 3348 4116 vidi-

464 4131 613 4202 phili
653 4130 1032 4186 Alexandrini
1079 4144 1190 4202 qua
1229 4133 1442 4188 Pascha
1489 4135 1546 4190 h.
2233 4163 2362 4205 mus
2394 4147 2456 4203 ιη
2487 4146 2742 4202 Βίωίοηι
2769 4147 3091 4216 Bodleiana,

464 4221 828 4276 a.indicitur
850 4220 1457 4278 x1x.Pharmuthiseu
1481 4221 1548 4278 44
2299 4239 2485 4308 caput
2525 4237 2723 4292 Gainaa
2765 4236 2968 4292 hastili
3019 4237 3315 4307 praefixum

459 4310 702 4380 Aprilis.
758 4310 900 4365 Vide
953 4308 1105 4365 infra
1163 4311 1220 4366 in
1268 4313 1423 4368 notis
1474 4315 1544 4370 ad

2227 4327 2789 4399 Constantinopolim
2810 4326 3048 4382 allatum
3078 4325 3194 4382 fuit
3213 4329 3317 4383 No-

464 4401 683 4470 innoc.,
735 4404 791 4454 et
816 4401 987 4455 Noris
1030 4400 1148 4456 hist
1179 4401 1347 4474 Pelag
1391 4403 1475 4460 lib
1505 4419 1542 4460 l.

2232 4420 2326 4475 nis
2363 4417 2627 4476 Januarii
2672 4416 2970 4474 Marcellin
3019 4421 3076 4472 et
3128 4416 3314 4473 Chron

459 4505 508 4545 c.
543 4487 598 4544 2.
627 4495 684 4544 et
715 4491 826 4560 Pag
853 4489 904 4544 h.
939 4502 990 4544 a.
1029 4505 1164 4547 num
1185 4489 1239 4547 2.
2228 4509 2429 4565 Pasch.

531 4578 704 4634 Uides
734 4580 1070 4635 Hunnorum
1103 4581 1376 4654 Princeps
1418 4585 1550 4640 Gai-
1863 4571 1920 4632 D

1863 4571 1920 4632 D
2299 4601 2660 4658 Theodosius
2687 4599 2897 4657 Arcadi
2933 4599 3092 4657 illius
3117 4599 3316 4656 nasci-

462 4682 594 4724 nam
670 4667 874 4724 Danub
939 4671 1191 4726 transire
1246 4680 1544 4731 conantem

1304 4680 1544 4731 inantem
2230 4695 2327 4749 tur
2353 4705 2408 4747 ιν
2440 4693 2528 4749 ld.
2561 4694 2702 4764 Apr.
2747 4691 2853 4747 lbi.

461 4758 766 4814 obtruncat
787 4759 1029 4830 ejusque
1052 4763 1342 4832 caputCP.
1367 4769 1550 4821 trans.

461 4848 662 4904 mittit.
695 4848 879 4904 Zosim
915 4849 955 4905 l.
982 4865 1034 4905 ν.
1064 4865 1114 4906 c.
1143 4849 1235 4908 22.

233 4936 413 5026 5445
510 4939 691 5026 rlmpp
719 4939 872 4994 Caess
901 4938 1190 4998 Arcadius
1220 4944 1345 5016 Aug
1384 4950 1454 5001 tr.
1487 4961 1541 5016 p.

2069 4937 2086 4980 ι
2293 4925 2588 4982 Anastasii
2618 4921 2669 4996 4,
2698 4933 2755 4981 et
2780 4923 2834 4981 2.
2872 5014 2883 5026 .
3150 5013 3168 5026 .
3253 5013 3268 5026 ‘
3407 4917 3514 4979 402

199 5037 281 5106 Θ
362 5025 431 5084 49
463 5025 550 5091 49,
582 5035 638 5084 et
678 5026 771 5098 so,
799 5043 896 5086 cos
929 5043 982 5083 v.
1013 5032 1112 5102 qui
1161 5013 1347 5089 ﬁlium
1377 5013 1551 5090 Theo-
1627 5033 1748 5093 usi

1763 5063 1767 5085 ,
2073 5027 2114 5069 ιι
2290 5015 2617 5072 Concilium
2691 5014 3090 5070 Milevitanum
3149 5013 3192 5082 l,
3253 5013 3312 5070 ln

189 5103 275 5202 ὁ
351 5125 385 5183 4
448 5127 680 5184 dosium
730 5127 1056 5200 Augustum
1115 5131 1265 5186 dicit
1327 5127 1392 5186 47
1447 5133 1549 5188 Ja-
1625 5132 1738 5192 445.

1764 5173 1766 5178 _
2227 5104 2421 5160 Africa
2447 5104 2818 5172 celebratum,
2848 5103 2948 5158 ubi
2967 5103 3038 5158 de
3061 5103 3313 5173 primatu

298 5218 348 5271 E
460 5232 621 5275 nuar.
825 5193 853 5200 ⁷
2229 5193 2520 5249 Numidiae
2548 5194 2698 5246 inter
2716 5193 3072 5261 Xantippum
3104 5199 3160 5248 et
3189 5193 3314 5248 Vic-

213 5308 410 5364 Indict
528 5309 596 5363 Et
616 5309 908 5366 Honorius
927 5310 1056 5382 Aug
1085 5317 1155 5365 tr.
1188 5325 1250 5381 p.
1287 5307 1342 5381 9,
1374 5316 1431 5367 et
1458 5309 1542 5385 40,

2229 5282 2488 5338 torinum
2518 5293 2691 5337 causa
2733 5281 2999 5337 discussa
3049 5288 3108 5338 et
3135 5283 3313 5352 adju-

273 5411 350 5452 χν
463 5410 559 5451 cos
590 5410 644 5450 ν,
1021 5369 1054 5382 “’
1188 5369 1205 5381 ’
1330 5369 1341 5381 ’
1529 5369 1542 5385 ’
2228 5372 2422 5427 dicata
2453 5369 2749 5440 Xantippo
2780 5369 2916 5426 fuit.
2950 5369 3092 5428 Vide
3137 5373 3312 5428 Noris

263 5483 360 5532 eti
451 5512 610 5567 COSS.
700 5479 989 5564 Arcadius
1010 5481 1137 5552 Aug
1164 5495 1214 5534 v.
1461 5477 1468 5482 ’

711 5552 1004 5607 Honorius
1028 5553 1154 5620 Aug
1182 5567 1234 5607 v.

2229 5461 2350 5516 hist
2375 5459 2543 5530 Pelag
2564 5457 2646 5513 lib
2681 5472 2740 5527 ii,
2768 5473 2872 5529 cap
2900 5456 2955 5529 2,
2987 5467 3044 5516 et
3073 5459 3310 5533 Pagium

2229 5548 2284 5606 h.
2320 5563 2370 5604 a.
2407 5562 2468 5604 ιι.
2499 5561 2597 5604 χιιι
2625 5553 2682 5603 et
2705 5563 2822 5620 sep.

759 5565 1004 5607 onorius
1028 5565 1154 5623 Aug
1182 5567 1234 5607 v.
2229 5565 2284 5606 ιι.

2229 5565 2284 5606 ιι.
2320 5565 2370 5604 a.
2407 5565 2468 5604 ιι.
2499 5565 2597 5604 xxx
2625 5565 2682 5603 et
2705 5565 2821 5620 sep.

535 5639 708 5709 Leges
752 5641 866 5697 Cod
898 5640 1086 5696 Theod
1132 5639 1282 5711 apud
1332 5641 1544 5700 Reland
2297 5639 2353 5695 S.
2402 5639 2782 5709 Hieronymus
2829 5638 3168 5711 Apologiam
3216 5654 3316 5697 se-

471 5726 586 5783 utl.
608 5727 694 5791 45,
716 5729 788 5786 de
805 5729 1120 5788 Tironibus
1141 5729 1224 5787 lib
1244 5745 1344 5804 vu,
1361 5732 1435 5790 tit
1455 5729 1542 5803 43,
2227 5729 2474 5789 cundam
2499 5729 2773 5787 adversus
2799 5727 3069 5787 Ruﬁnum
3103 5728 3315 5788 scribit
