3922 6476
115 409 220 468 673
1051 409 1395 468 CHRONOL.
1438 409 1484 464 A
1530 409 1585 464 S.
1627 407 2020 465 SYLVESTRO
2054 408 2149 465 AD
2186 411 2240 465 S.
2284 409 2493 467 GREG.
2530 411 2606 465 M.

3431 403 3538 462 674

178 534 333 588 Anni
397 536 769 604 Imperatores,
866 533 1122 589 Consules
1221 535 1496 588 Romano-
1553 529 1725 604 Anni~
1811 531 1870 591 A
1928 530 2088 604 Anni
2153 532 2608 599 Christianorum,
2650 530 2973 604 Iudaeoth
3030 531 3095 604 et,
3135 529 3254 598 ﬁni—
3320 526 3477 604 A_nui

117 605 236 658 Per.
266 605 378 678 Ini.
469 600 615 677 rum,
663 622 748 661 res
786 611 966 678 gestae,
1030 611 1079 661 et
1152 606 1490 660 documenta.
1580 603 1644 656 U.
1675 600 1744 678 κε.

152 681 203 732 et
229 676 358 730 Ind.

1585 677 1713 727 ante

1549 749 1601 799 et
1624 747 1749 813 post

1545 815 1712 871 Palil.

409 957 550 999 nnm
589 941 738 998 Cons
779 939 1110 1008 Theodosii,
1167 952 1333 1011 quem
1388 940 1502 996 ha-

413 1033 509 1090 bet
546 1048 598 1087 ν.
649 1027 788 1104 [nisi
837 1031 915 1086 sit
967 1031 1207 1086 Honorii
1254 1045 1335 1099 1x,
1397 1031 1497 1101 qui

416 1129 569 1180 recte
597 1121 868 1191 jungitur
900 1134 1028 1175 cum
1082 1119 1392 1175 Theodosii
1445 1133 1500 1190 ν,

416 1205 567 1267 infra
597 1224 748 1266 anno
779 1207 922 1280 444.]
954 1208 1106 1264 Idem
1147 1209 1298 1264 Grut
1343 1204 1502 1276 4052,

413 1300 468 1371 6,
536 1299 770 1355 exhibet
825 1298 1187 1370 epitaphium
1248 1298 1504 1354 Treviris

409 1391 661 1460 jungens
694 1388 937 1443 Honorii
963 1388 1342 1444 Consulatum
1372 1401 1500 1457 vni,

415 1493 547 1536 cum
581 1478 767 1548 primo
805 1477 1172 1533 Constantini
1206 1473 1355 1551 [ejus
1379 1476 1506 1531 sci-

418 1569 556 1624 licet
609 1569 839 1640 tyranni
877 1583 944 1624 ex
976 1568 1276 1623 Britannia
1317 1565 1416 1636 qui
1448 1564 1504 1618 h.

423 1672 474 1713 a.
541 1658 767 1713 Arelate
829 1653 1188 1730 consederat]
1266 1655 1337 1710 de
1394 1666 1508 1723 quo

419 1747 546 1803 vide
576 1748 746 1803 Noris
771 1747 949 1818 epoch
991 1744 1328 1816 Syromaced
1380 1744 1506 1798 diss

419 1836 474 1906 4,
505 1852 556 1892 c.
583 1835 632 1905 4,
666 1839 820 1892 circa
872 1837 1062 1892 ﬁnem.
1103 1834 1300 1889 Eidem
1360 1834 1514 1886 Pur-

425 1940 625 1996 puram
699 1926 881 1981 mittit
937 1924 1245 1980 Honorius.
1308 1921 1512 1991 Olymp

419 2016 570 2085 apud
607 2016 896 2072 Photium.
924 2014 1102 2069 Iidem
1134 2027 1264 2068 coss
1309 2011 1512 2065 Hono-

423 2105 551 2160 rius
580 2117 685 2158 vm
717 2110 773 2158 et
800 2102 990 2158 Theod
1035 2116 1121 2169 ιιι,
1152 2101 1426 2171 leguntur
1452 2097 1512 2152 in

426 2193 735 2262 utriusque
780 2191 1014 2247 Codicis
1075 2188 1304 2259 legibus
1361 2185 1512 2254 apud

425 2281 642 2336 Reland
694 2287 758 2336 ut
797 2281 909 2336 Cod
957 2279 1145 2334 Theod
1187 2278 1259 2333 de
1309 2278 1514 2332 Decur.

429 2369 545 2425 Urb
577 2371 766 2425 Romae
795 2369 830 2424 l.
865 2367 918 2438 6,
946 2368 1027 2424 lib
1051 2381 1170 2436 xxv,
1197 2367 1290 2422 tit.
1326 2362 1376 2436 4,
1408 2371 1515 2420 etc.

501 2460 590 2512 Pr.
643 2457 780 2512 Urbi
840 2458 1029 2513 Roma:
1057 2459 1401 2510 Bonosianus
1434 2452 1515 2507 ibi

429 2551 486 2600 et
537 2547 767 2599 Attalus
817 2559 886 2600 ex
942 2546 1187 2599 Zosimo.
1251 2543 1352 2596 CP.
1388 2543 1518 2596 Mo-

425 2636 630 2688 namius
685 2633 796 2689 Cod
853 2633 1042 2688 Theod
1076 2632 1160 2686 lib
1216 2644 1309 2700 xv,
1363 2635 1403 2685 t.
1459 2626 1509 2698 4,

428 2723 466 2778 Ι.
492 2719 580 2790 47,
605 2728 711 2778 etc.

502 2812 692 2877 Alani,
719 2810 1060 2881 etVandali,
1095 2815 1151 2866 et
1173 2808 1341 2866 Suevi
1376 2808 1516 2864 His-

432 2902 634 2972 panias
676 2901 1109 2972 ingrediuntur.
1155 2899 1398 2967 Idatius,
1460 2902 1517 2952 et

431 2991 693 3047 Orosius.
732 2992 984 3046 Mittitur
1033 3002 1165 3044 vero
1212 2989 1270 3043 in
1313 2987 1520 3057 Hispa-

435 3081 589 3136 niam
613 3083 876 3138 Constans
900 3078 1266 3136 Constantini
1295 3078 1521 3147 Tyran-

439 3170 496 3224 ni
531 3169 689 3224 ﬂlius
721 3175 845 3239 post
886 3182 1076 3239 pacem
1098 3180 1229 3222 cum
1268 3165 1520 3221 Honorio

439 3259 667 3314 initam.
701 3260 885 3314 Zosim
919 3258 1004 3313 lib
1044 3271 1124 3327 v1,
1169 3270 1272 3326 cap
1302 3252 1353 3310 4.
1413 3255 1516 3310 Sed

441 3348 725 3403 Maximus
757 3348 1124 3422 indlispania
1158 3343 1521 3416 tyrannidem

437 3449 539 3491 8X8
547 3443 680 3491 rcet.

216 3542 366 3601 5423
510 3544 670 3613 Impp
723 3542 875 3598 Caess
917 3540 1210 3598 Honorius
1267 3539 1390 3610 Aug
1449 3543 1525 3592 tr.
1606 3532 1745 3590 4462

189 3638 262 3708 Θ
327 3629 400 3688 27
441 3629 610 3702 p.47,
646 3628 731 3686 48.
763 3632 872 3686 Cos
900 3643 1026 3684 vm.

182 3722 258 3795 θ
331 3719 401 3776 42
510 3722 579 3776 Et
661 3717 1023 3773 Theodosius
1085 3717 1191 3785 jun
1273 3714 1399 3784 Aug
1459 3718 1534 3768 tr.

271 3813 313 3865 B
447 3825 501 3881 p.
536 3809 590 3872 8,
626 3808 680 3863 9.
705 3808 814 3862 Cos
857 3820 943 3860 ιιι.

204 3902 393 3957 Indict
519 3899 630 3954 Cos
678 3898 760 3950 ΡΙ.
826 3897 1077 3951 Varanes
1128 3893 1343 3948 solus:
1410 3905 1537 3948 nam

244 4005 348 4046 vm
445 3985 751 4043 Tertullus
794 3984 865 4040 ab
911 3983 1102 4039 Attalo
1132 3987 1363 4038 creatus
1406 3996 1544 4036 um-

217 4086 268 4135 et
324 4093 386 4136 ιιι
455 4075 695 4132 bratilis
725 4073 936 4129 Consul
983 4072 1246 4128 habetur.
1297 4070 1542 4126 Orosius

446 4162 604 4233 lih7,
636 4179 740 4234 cap
768 4161 855 4219 42.

522 4255 637 4311 Cod
677 4254 864 4310 Theod
911 4252 1080 4310 habet
1120 4253 1398 4307 Varanem
1442 4263 1545 4306 so-

454 4345 575 4402 lum
607 4344 692 4400 lib
729 4358 808 4414 Ix,
852 4349 892 4398 t.
924 4342 1014 4411 28,
1060 4343 1097 4398 l.
1146 4339 1233 4412 44,
1270 4339 1355 4411 42,
1405 4346 1543 4404 etc;

455 4435 607 4505 apud
633 4434 842 4490 Reland
869 4438 925 4488 et
955 4432 1038 4488 lib
1060 4445 1161 4500 vn,
1187 4437 1228 4488 t.
1260 4429 1346 4500 43,
1379 4431 1416 4485 l.
1451 4427 1542 4498 20,

459 4539 586 4596 qua:
611 4524 924 4579 ostendunt
953 4522 1338 4591 direptionem
1373 4519 1546 4574 Urbis

463 4628 612 4671 anno
651 4613 940 4684 superiori
966 4613 1302 4684 contigisse.

535 4706 854 4759 Marcianus
917 4701 1224 4758 Przefectus
1276 4700 1412 4757 Urbi
1479 4699 1551 4756 ab

464 4795 657 4850 Attalo
685 4793 1064 4850 constitutus.
1113 4793 1297 4849 Zosim
1342 4791 1427 4846 lib
1469 4803 1548 4861 vr,

468 4898 574 4954 cap
602 4880 659 4938 7.

1608 3621 1747 3680 4463

246 5008 394 5068 5424
544 5010 702 5080 Impp
757 5011 908 5066 Caess
952 5009 1242 5066 Honorius
1301 5009 1426 5078 Aug
1479 5011 1551 5061 tr.
1633 5001 1774 5061 4463

214 5106 289 5176 ξιξ)
359 5098 432 5155 28
473 5113 528 5170 p.
567 5098 656 5170 48,
689 5096 775 5154 49.
813 5100 918 5155 Cos
944 5113 1069 5154 VIII.

212 5199 289 5273 θ
359 5193 428 5252 43
537 5193 605 5246 Et
660 5190 1020 5246 Theodosius
1065 5190 1174 5244 Jun
1224 5189 1352 5258 Aug
1395 5191 1467 5241 tr.
1505 5200 1555 5256 p.

306 5289 356 5342 Α
468 5282 527 5350 9,
577 5279 658 5337 40.
695 5281 804 5337 Cos
838 5294 914 5336 ιγ.

235 5377 422 5435 Indict
557 5371 771 5429 Consul
801 5368 1166 5426 Theodosius
1188 5367 1298 5423 Jun
1330 5368 1459 5440 Aug
1484 5380 1561 5437 ιν,

296 5482 356 5524 lx
469 5464 598 5520 sine
642 5461 861 5533 collega
912 5460 1001 5532 leg
1031 5456 1119 5514 48.
1152 5457 1210 5513 C.
1261 5457 1450 5514 Theod
1495 5457 1567 5513 de

273 5565 323 5613 et
351 5572 385 5613 χ
480 5552 760 5624 operibus
789 5549 1045 5622 publicis
1075 5550 1207 5604 data
1262 5549 1317 5602 P.
1355 5548 1414 5602 C.
1447 5548 1567 5603 Va-

482 5657 634 5700 ranae
660 5648 715 5696 et
747 5640 830 5696 lib
847 5635 904 5706 7,
932 5639 1187 5709 ejusdem
1217 5637 1328 5694 Cod
1365 5638 1437 5692 tit
1479 5632 1565 5699 47,

481 5734 520 5790 ι.
563 5733 737 5792 unica
767 5732 839 5787 de
883 5729 1126 5788 lusoriis
1172 5727 1420 5784 Danuvii
1454 5744 1466 5780 :
1501 5725 1571 5782 de

1636 5091 1775 5151 4464

1911 601 2121 673 Olymp.

2231 607 2484 659 timorum
2537 603 2886 672 populorum,
2938 602 3244 669 Pontiﬁces,
3310 601 3475 672 3E2?

2248 677 2435 746 Reges,
2486 669 2571 729 res
2607 669 2805 741 ἠθεῖε
2830 677 2881 727 et
2909 672 3251 727 documenta.
3297 669 3502 724 Christi

2183 944 2335 1000 rium
2371 942 2660 1013 profectus
2682 942 2934 999 suaserit
2960 940 3112 1013 leges
3134 939 3273 1010 plu—

2182 1048 2272 1089 res
2310 1047 2344 1090 a
2397 1034 2659 1104 principe
2721 1033 2828 1088 hoc
2877 1045 3028 1087 anno
3085 1030 3274 1086 editas

2181 1129 2380 1178 contra
2419 1124 2608 1178 varias
2631 1122 3098 1192 superstitiones.
3133 1118 3276 1174 Vide

2182 1213 2366 1268 Baron
2411 1213 2600 1282 Petav,
2652 1213 2764 1282 Pag
2804 1215 2860 1266 et
2902 1224 2970 1266 ex
3002 1205 3268 1276 antiquis

2183 1301 2477 1357 Orosium.

2259 1389 2408 1445 Urbs
2449 1391 2626 1445 Roma
2666 1403 2818 1446 anno
2863 1387 3153 1458 superiori
3205 1386 3277 1442 ab

2187 1480 2418 1536 Alarico
2449 1479 2702 1550 obsessa,
2736 1487 2793 1534 et
2840 1483 2969 1548 post
2997 1479 3124 1546 ejus
3182 1489 3282 1531 re—

2191 1583 2414 1624 cessum
2449 1567 2506 1622 h.
2539 1581 2592 1622 a.
2630 1568 2837 1622 iterum
2872 1567 3072 1621 invasa
3115 1563 3284 1634 capi-

2191 1664 2287 1713 tur
2325 1661 2382 1712 et
2418 1657 2706 1727 diripitur
2749 1670 2848 1726 per
2889 1656 3016 1711 dies
3065 1658 3278 1722 septem

2192 1761 2261 1802 ex
2295 1760 2398 1800 vm
2450 1747 2552 1802 Kal
2591 1748 2727 1816 Sept
2783 1745 3100 1815 asportatis
3149 1741 3279 1799 auri

2194 1835 2369 1892 libris
2407 1841 2494 1891 ter
2525 1835 2812 1896 millibus.
2844 1834 3067 1907 argenti
3115 1847 3274 1902 xxx;

2185 1927 2260 1981 Μ.
2319 1933 2523 1995 praeter
2561 1925 2709 1980 alias
2751 1923 2972 1993 species
3001 1937 3033 1978 a
3073 1922 3284 1978 Senatu

2198 2021 2394 2086 pactas
2432 2033 2446 2069 :
2498 2015 2709 2083 Zosim,
2756 2013 2897 2068 libv
2939 2010 3280 2078 Marcellin.,

2193 2105 2358 2162 Oros.
2393 2110 2502 2160 etc.
2560 2103 2702 2160 Vide
2746 2102 2984 2174 Pagium
3018 2101 3087 2156 ad
3124 2099 3180 2153 h.
3225 2112 3278 2154 a.

2198 2195 2299 2266 qui
2333 2194 2591 2251 ostendit
2618 2206 2911 2264 perperam
2957 2189 3197 2246 dilatam
3229 2203 3282 2244 a.

2197 2283 2546 2356 quibusdam
2565 2281 2880 2354 chronolog
2899 2285 2955 2336 et
2970 2280 3090 2335 hist
3113 2278 3285 2334 etiam

2193 2376 2459 2446 antiquis
2508 2374 2656 2429 hanc
2695 2373 2868 2428 Urbis
2896 2372 3286 2441 direptionem

2197 2466 2271 2522 ad
2320 2477 2535 2520 annum
2580 2462 2668 2518 vel
2730 2461 3032 2518 biennium
3080 2457 3286 2530 proxi-

2201 2569 2356 2611 mum
2397 2569 2411 2605 :
2462 2553 2602 2609 Vide
2645 2551 2996 2621 Philostorg,
3047 2548 3132 2603 lib
3176 2560 3287 2614 xu,

2203 2657 2309 2713 cap
2338 2640 2391 2697 3.

2274 2730 2504 2786 Attalus
2543 2730 2715 2798 jussu
2767 2726 2983 2783 Alarici
3033 2726 3290 2796 impera-

2205 2825 2296 2876 tor
2326 2819 2550 2875 dicitur
2581 2817 2682 2888 qui
2705 2822 2828 2873 erat
2851 2818 2943 2871 Pr.
2967 2814 3130 2870 Urbi.

2275 2907 2531 2963 Placidia
2550 2905 2920 2976 Imperatoris
2941 2917 3106 2960 soror
3129 2905 3296 2973 capta

2202 2993 2914 3065 nubitAtaulphoAlarici
2941 2992 3289 3062 propinquo.

2277 3087 2332 3142 S.
2393 3088 2720 3141 Honoratus
2795 3083 3063 3138 lustratis
3118 3080 3298 3136 Italiae

2211 3175 2495 3230 coenobiis
2523 3175 2678 3230 circa
2701 3173 2856 3228 hunc
2885 3183 3099 3226 annum
3130 3169 3300 3225 Leri—

2211 3278 2386 3320 nense
2416 3262 2829 3320 monasterium
2870 3260 3072 3316 condit
3112 3258 3300 3328 primo

2208 3353 2318 3408 sub
2371 3352 2568 3424 regula
2615 3352 2670 3406 S.
2714 3349 3057 3404 Pachomiii.
3107 3347 3300 3416 Noris,

2214 3441 2337 3496 hist
2354 3441 2545 3511 Pelag.
2576 3439 2658 3494 lib
2683 3453 2746 3501 Il,
2777 3452 2885 3508 pag
2927 3433 3050 3506 473,
3082 3431 3205 3490 476.

2060 3563 2075 3605 ι
2281 3545 2605 3601 Innocentii
2631 3542 2666 3598 9
2690 3550 2746 3599 et
2775 3541 2863 3599 40.
3394 3537 3500 3595 440

1967 3619 1988 3630 ”
2059 3653 2104 3694 ιι
2285 3633 2520 3688 Attalus
2550 3633 2622 3687 ab
2652 3632 2884 3686 Alarico
2928 3629 3207 3687 suadetur
3245 3632 3310 3684 ut

2217 3728 2418 3781 contra
2449 3721 2853 3777 Heraclianum
2879 3725 3068 3789 partes
3112 3719 3311 3773 Hono-

2221 3813 2297 3869 rii
2351 3811 2410 3867 in
2475 3807 2671 3864 Africa
2731 3812 3040 3864 sectantem
3109 3806 3308 3876 copias

2224 3904 2437 3959 mittat.
2481 3899 2750 3971 Neglecto
2797 3897 3015 3952 Alarici
3063 3895 3313 3952 consilio

2222 3998 2423 4050 contra
2453 3988 2770 4046 Honorium
2803 3989 3081 4043 Ravennae
3125 3999 3310 4059 agens

2225 4090 2337 4140 tem
2389 4084 2590 4137 movet.
2666 4077 2870 4134 Jovius
2931 4076 3310 4132 difﬁdentiam

2228 4175 2380 4230 inter
2413 4169 2705 4240 Alaricum
2740 4171 2797 4223 et
2835 4165 3088 4221 Attalum
3133 4165 3318 4220 indu—

2225 4264 2327 4320 cit.
2367 4259 2668 4331 Spoliatur
2716 4254 2946 4311 Attalus
2976 4252 3218 4322 imperio
3239 4252 3312 4307 ab

2225 4352 2457 4408 Alarico
2491 4347 2696 4419 (Zosim
2734 4344 2817 4400 lib
2842 4342 2937 4414 γι),
2970 4349 3026 4398 et
3054 4341 3310 4397 traditur

2226 4441 2502 4510 Honorio,
2540 4451 2670 4494 cum
2713 4450 2827 4507 quo
2875 4448 3064 4504 pacem
3121 4431 3322 4487 Alari-

2231 4547 2334 4588 cus
2374 4529 2526 4585 init:
2569 4526 2840 4582 Alaricus
2872 4524 3222 4593 trajecturus
3253 4527 3312 4577 in

2229 4619 2480 4679 Africam
2505 4617 2649 4674 obit.
2672 4613 3102 4672 SucceditAtha
3149 4611 3323 4683 lphus

2231 4709 2569 4781 Jornandes,
2599 4720 2704 4778 cap
2738 4703 2828 4762 30.

2079 5019 2120 5058 ιι
2303 4997 2623 5055 Innocentii
2653 4993 2719 5051 40
2744 5000 2800 5050 et
2828 4991 2914 5048 44.
3423 4985 3521 5045 444

2064 5106 2129 5149 ιιι
2309 5087 2558 5144 Collatio
2629 5083 2827 5139 habita
2877 5079 3072 5134 Carth.
3119 5077 3327 5134 catho-

2244 5179 2392 5233 licos
2470 5175 2621 5228 inter
2702 5176 2759 5228 et
2833 5167 3186 5238 Donatistas,
3265 5167 3324 5223 in

2245 5282 2355 5338 qua
2418 5261 2734 5319 Donatistae
2806 5258 3041 5328 penitus
3113 5257 3323 5312 eversi.

2244 5357 2389 5412 Vide
2415 5351 2587 5410 Noris
2614 5348 2944 5419 histPelag,
2999 5346 3082 5402 lib
3132 5359 3170 5416 ι,
3224 5360 3328 5416 cap

2245 5445 2281 5502 3
2314 5451 2372 5501 et
2399 5443 2484 5499 lib
2508 5455 2568 5510 ιι,
2613 5435 2861 5511 pag222.

2319 5532 2669 5591 Antiochius
2701 5531 2867 5585 Persa
2917 5526 2989 5584 ab
3030 5525 3330 5596 Isdegerde

2248 5622 2508 5692 (Arcadii
2538 5625 2877 5678 testamento
2903 5622 3064 5673 tutor
3091 5616 3189 5671 hic
3220 5616 3333 5671 da-

2249 5724 2344 5774 tus
2395 5713 2581 5771 fuerat
2617 5707 2956 5783 Theodosio)
3008 5707 3223 5764 missus
3260 5705 3329 5762 ad
