3922 6414
371 355 480 416 675

1174 342 1266 399 AD
1303 338 1734 397 ANASTASIUM
1774 335 2288 394 PROLEGOMENA
2323 332 2498 390 EDIT.
2539 325 2974 384 ROM.—VATIC.

3714 320 3819 380 676

420 482 578 537 Anni
663 479 1044 546 Imperatores,
1121 471 1375 526 Consules
1437 471 1720 546 _Romano_-
1788 466 1958 546 Attin;
2047 462 2106 522 A
2197 462 2352 546 Anni
2390 457 2844 546 Christianorum,
2891 448 3516 546 Judmorumhet‘jini—
3586 449 3756 546 ΑΖ,ιηί

396 555 516 609 Per.
550 549 660 606 Jul.

400 631 452 681 et
483 623 605 682 Ind.

759 542 903 618 rum,
955 559 1040 601 res
1081 553 1266 612 gestae,
1324 546 1373 596 et
1413 542 1731 595 documenta

1861 534 1958 590 UC

1807 609 1932 661 ante

1774 683 1824 734 et
1861 681 1983 748 post

659 881 772 940 qua
797 864 939 921 Vide
956 861 1225 920 Gotofred
1251 859 1533 932 signanda
1568 858 1745 912 Theo-

659 957 808 1010 dosio
838 953 935 1021 IV,
971 956 1021 1006 et
1087 953 1183 1020 qui
1239 951 1410 1018 fuerit
1457 950 1746 1001 nuntiatus

659 1045 828 1115 (mate
893 1043 1162 1112 signatur
1229 1038 1317 1110 V.)
1390 1037 1748 1092 Theodosius

660 1135 769 1190 Jun
819 1128 1183 1196 Decennalia,
1227 1126 1518 1182 Honorius
1560 1126 1750 1179 Romae

662 1219 996 1278 Vicennalia
1017 1216 1199 1272 dedit.
1220 1214 1514 1270 Marcellin
1535 1213 1746 1266 Chron.

741 1310 972 1366 llarbari
999 1307 1098 1375 qui
1127 1319 1186 1359 se
1214 1303 1501 1372 Hispania?
1532 1299 1751 1355 infude-

669 1403 800 1454 rant
828 1395 1153 1466 provincias
1187 1394 1337 1446 inter
1367 1404 1428 1444 se
1455 1388 1747 1443 dividunt.

666 1486 991 1543 Gallaeciam
1034 1479 1304 1536 Wandali
1348 1481 1650 1545 occupant,
1697 1478 1754 1528 et

667 1575 836 1632 Suevi
877 1572 1042 1630 Alani
1084 1567 1459 1632 Lusitaniam,
1510 1571 1565 1619 et
1621 1575 1756 1616 car—

666 1667 804 1737 thag
838 1661 1198 1734 provincias:
1233 1652 1505 1711 Wandali
1537 1651 1748 1722 Silingi

667 1757 952 1810 Baeticam.
1005 1751 1147 1804 ldat.

745 1845 834 1898 Pr.
906 1840 1039 1894 Urbi
1123 1838 1186 1903 Β,
1272 1834 1612 1888 Bonosiunus
1695 1827 1752 1881 C.

669 1933 880 1988 Theod.
933 1929 1016 1984 lib
1064 1941 1156 1984 xv.
1213 1932 1254 1979 t.
1310 1919 1360 1986 4,
1400 1922 1436 1975 1.
1475 1919 1752 1974 488ῐΟΡ.

668 2023 934 2078 Isidorus.
973 2014 1183 2072 Reland
1216 2017 1271 2067 et
1299 2009 1501 2067 Gotofr
1517 2023 1586 2065 ex
1609 2007 1760 2062 notit

669 2111 831 2181 dign.

439 2221 584 2282 5425
746 2219 904 2286 Impp
940 2215 1088 2269 Caess
1119 2209 1408 2266 Honorius
1451 2205 1576 2276 Aug
1598 2205 1670 2257 tr.
1701 2217 1756 2271 p.

557 2309 580 2366 4
679 2305 766 2373 49,
797 2304 887 2373 20,
921 2319 1036 2360 cos.
1075 2317 1154 2356 ιχ.

416 2376 491 2476 ὃ
559 2396 628 2454 44
746 2397 815 2449 Et
855 2391 1212 2448 Theodosius
1259 2388 1385 2458 Aug
1439 2388 1512 2438 tr.
1571 2395 1625 2450 p.
1671 2376 1760 2449 40,

450 2493 496 2549 G
549 2491 594 2546 Ε
675 2481 761 2552 44,
793 2498 890 2539 cos
919 2495 973 2535 v.

432 2579 616 2636 Indict
673 2608 716 2663 α
864 2569 1152 2624 Honorius
1180 2565 1305 2632 Aug
1347 2575 1404 2614 ix

724 2621 816 2661 USS
855 2638 1207 2663 νιηιηλληηιησ
1252 2635 1404 2663 ΑιιτνῚ

501 2665 537 2705 x
673 2635 816 2663 υυθδ
855 2638 1210 2694 Theodosius
1242 2635 1368 2700 Aug
1396 2643 1450 2683 v.

464 2743 515 2793 et
547 2751 606 2794 xi
767 2732 940 2799 Leges
969 2728 1274 2792 utriusque
1297 2719 1410 2774 Cod
1466 2715 1615 2786 apud
1651 2715 1770 2769 Re—

685 2818 820 2876 land
875 2822 940 2872 ut
987 2815 1087 2870 cod
1137 2811 1322 2866 Theod
1373 2808 1444 2862 de
1483 2820 1549 2860 co
1595 2809 1768 2859 ortat.

686 2906 926 2976 Princip
978 2903 1174 2959 cornic
1219 2901 1256 2956 Ι.
1306 2896 1396 2963 22,
1428 2894 1517 2963 23,
1553 2891 1641 2961 24,
1674 2889 1766 2957 25,

683 3003 793 3054 etc.
821 2996 922 3050 His
944 3009 1068 3048 coss
1094 2991 1272 3047 occisi
1301 2993 1436 3042 sunt
1455 2984 1696 3038 Jovinus
1716 2985 1772 3034 et

683 3084 1058 3142 Sebastianus
1118 3081 1324 3136 fratres
1366 3077 1423 3130 in
1475 3070 1666 3130 Gallia
1717 3074 1773 3122 et

692 3174 969 3244 Hispania
1031 3169 1389 3242 tyrannidem
1443 3165 1775 3218 exercentes

686 3263 1004 3320 Marcellin.
1035 3261 1241 3315 Chron.

769 3353 1058 3408 Honorius
1079 3348 1410 3405 Donatistas
1440 3344 1566 3412 post
1594 3336 1780 3394 colla-

695 3444 908 3500 tionem
965 3441 1290 3510 pervicaces
1314 3431 1565 3489 diversis
1594 3424 1781 3498 pinnis

691 3535 951 3602 muli-tat,
989 3530 1271 3585 Ecclesias
1291 3533 1608 3591 earumque
1633 3517 1782 3572 bona

695 3622 1014 3680 Catholicis
1048 3618 1278 3674 restitui
1302 3613 1468 3685 jubet
1497 3611 1533 3666 l.
1575 3606 1648 3664 52
1668 3603 1781 3660 Cod

698 3713 886 3770 Theod
943 3713 1013 3766 de
1079 3705 1386 3765 hiereticis.
1447 3697 1789 3757 Jovinianus

699 3804 1008 3861 haereticus
1029 3799 1090 3855 in
1119 3798 1370 3854 insulam
1401 3793 1567 3847 Boam
1595 3786 1668 3842 ab
1697 3797 1791 3839 eo-

697 3893 825 3949 dem
877 3891 1143 3958 Principe
1173 3887 1480 3956 relegatur.
1532 3877 1648 3934 Cod
1677 3872 1784 3928 Th.

700 3982 806 4037 eod
831 3980 906 4036 tit
931 3980 968 4035 Ι.
991 3975 1054 4034 54
1071 4017 1086 4031 .

495 4373 639 4434 5426
784 4374 944 4440 Impp
965 4383 1107 4423 caesa
1135 4363 1428 4420 Honorius
1451 4359 1579 4428 Aug
1623 4357 1698 4408 tr.
1735 4365 1790 4421 p.

629 4459 668 4516 2
713 4456 913 4522 40.24,
939 4469 1040 4510 cos
1071 4466 1150 4506 ix.

463 4523 536 4624 ὅ
598 4545 667 4602 45
773 4543 844 4597 Et
871 4538 1244 4595 Theodosius.
1275 4537 1408 4591 l.un
1427 4532 1554 4602 Aug
1579 4523 1792 4598 tr.p.lll

548 4639 597 4693 E
725 4631 811 4700 43,
843 4643 974 4684 coss
1001 4641 1058 4679 v.

481 4729 665 4786 Indict
789 4721 897 4776 Cos
938 4715 1148 4772 Lucius
1192 4712 1372 4778 solus,
1399 4721 1530 4764 nam
1577 4719 1807 4775 eXpun-

555 4832 620 4874 Xt
733 4819 862 4870 ctus
890 4807 1005 4865 fuit
1023 4820 1053 4861 e
1076 4803 1260 4860 Fastis
1281 4799 1644 4855 Heruclz’anils
1661 4796 1806 4851 Afri-

510 4914 561 4966 et
583 4920 667 4962 xu
715 4917 795 4959 caa
823 4912 1034 4967 comes,
1062 4894 1160 4966 qui
1181 4891 1406 4962 Collega
1427 4889 1596 4944 datus
1621 4885 1804 4942 fuerat

725 4991 902 5050 Lucio
935 4989 992 5044 in
1017 4983 1352 5043 Consulatu,
1388 4985 1452 5034 ut
1478 4978 1535 5032 in
1561 4977 1671 5033 Cod
1699 4977 1802 5031 Th.

723 5083 808 5138 lib
835 5093 931 5148 xv,
977 5085 1017 5133 t.
1056 5073 1141 5140 44,
1191 5073 1229 5128 l.
1289 5069 1354 5126 43
1381 5075 1437 5126 et
1464 5071 1722 5138 Prosper,
1752 5072 1807 5123 et

726 5169 1023 5227 Marcellin
1048 5168 1106 5221 in
1133 5164 1342 5218 Chron.

797 5261 1112 5330 Signantur
1140 5254 1338 5322 itaque
1363 5249 1678 5305 Consulatu
1709 5263 1811 5304 so-

733 5350 854 5406 lius
875 5347 1038 5403 Lucii
1070 5345 1220 5414 leges
1248 5340 1360 5395 Cod
1390 5341 1716 5407 utriusque,
1749 5341 1812 5390 ut

731 5437 791 5492 C.
845 5435 950 5488 Th.
1007 5432 1046 5485 l.
1093 5445 1190 5486 un.
1240 5429 1312 5484 de
1355 5429 1533 5482 comit
1585 5433 1640 5480 et
1695 5424 1812 5480 trib

735 5523 916 5578 schol.
947 5527 1037 5574 etc
1065 5519 1215 5586 apud
1251 5516 1484 5570 Reland.

809 5609 1073 5677 Pelagius
1117 5606 1273 5659 Brito
1303 5605 1510 5671 dogma
1559 5601 1816 5656 nominis

1786 749 1952 805 Palil.

1839 2197 1978 2255 4464

1841 2286 1980 2345 4465

1871 4345 2011 4402 4465

1874 4433 2012 4490 4466
2110 4447 2166 4510 ι)

2197 533 2387 602 Oymp.
2465 531 2719 602 timorum
2781 522 3136 602 populorum,
3165 590 3181 602 ἱ
3219 522 3766 602 Pontiﬁces.m143_rae

2491 601 2674 666 Reges,
2728 590 2814 649 res
2855 590 3028 661 igestas
3062 596 3114 645 et
3143 590 3494 646 documenta.
3539 593 3782 650 Christi.

2423 847 2660 904 tutelam
2733 842 3046 900 Theodosii
3118 842 3180 898 in
3253 842 3520 899 ordinem

2425 934 2736 1007 redigitur,
2787 940 2839 988 et
2888 930 3199 988 Pulcheria
3256 930 3522 1003 Augusta

2426 1025 2545 1080 sola
2578 1022 2888 1092 imperium
2919 1021 3315 1076 administrat.
3344 1020 3522 1076 Theo-

2427 1115 2664 1184 phanes.

2495 1201 2861 1258 Constantini
2885 1206 3059 1270 caput
3081 1200 3140 1255 in
3172 1204 3342 1256 conto
3360 1199 3522 1255 affer-

2431 1296 2528 1348 tur
2559 1290 2810 1346 Honorio
2842 1302 2936 1343 xw
2971 1288 3074 1344 Kal
3121 1287 3248 1344 Oct.
3281 1288 3524 1344 Idatius.

2432 1381 2711 1436 Constans
2729 1392 2955 1448 quoque
2975 1378 3328 1433 interﬁcitur
3341 1378 3524 1432 Vienn

2435 1485 2536 1541 per
2607 1470 2968 1534 Gerontium,
3058 1467 3378 1523 substituto
3465 1466 3522 1522 ei

2437 1561 2676 1615 Mamimo
2708 1557 2843 1627 :qui
2892 1557 3252 1626 postmodum
3311 1561 3526 1611 exutus

2444 1655 2722 1719 purpurat
2757 1646 2897 1700 vivit
2929 1645 3208 1716 ignobilis
3243 1647 3300 1700 in
3325 1645 3528 1714 Hispa-

2445 1736 2561 1792 nia.
2592 1735 2852 1789 Zosimus
2883 1747 2954 1787 vi.
2981 1740 3039 1787 et
3069 1731 3456 1787 Marcellinus.

2513 1826 2786 1894 Synesius
2806 1823 3053 1878 concilio
3079 1828 3270 1876 coacto
3299 1819 3521 1874 Andro-

2446 1915 2638 1970 nicum
2655 1913 3120 1980 Pentapolitl’rnv
3137 1909 3319 1966 Przefa
3336 1922 3524 1965 comm

2447 2010 2725 2073 segregat,
2765 2003 2866 2072 qui
2917 2002 3198 2070 paenitens
3242 1999 3527 2068 recipitur

2443 2093 2512 2148 ad
2543 2093 2782 2146 veniam.
2812 2092 2988 2160 Synes
3016 2091 3167 2160 epist
3195 2088 3285 2145 58.

2268 2219 2332 2258 ιιι
2513 2201 2834 2256 Innocentii
2890 2197 2946 2254 14
2983 2208 3037 2256 et
3064 2197 3150 2254 42.

2287 2304 2340 2346 iv
2522 2291 2750 2344 Mortuo
2777 2289 3096 2357 Theophila
3143 2284 3532 2342 Alexandrino

2447 2379 2606 2448 episc
2626 2381 2722 2434 die
2759 2377 2820 2434 15
2847 2377 2953 2433 Oct
2977 2378 3236 2434 succedit
3283 2373 3538 2446 Cyrillus

2448 2470 2621 2523 Noris
2649 2469 2765 2522 hist
2790 2468 2954 2538 Pelag
2990 2467 3028 2523 l.
3060 2481 3099 2530 ι,
3128 2481 3180 2522 c.
3224 2463 3257 2520 4
3281 2470 3338 2520 et
3382 2463 3420 2518 ι.
3469 2474 3534 2529 ιι,

2449 2569 2498 2611 c.
2530 2555 2580 2626 4,
2609 2555 2854 2630 Carthag
2882 2557 3068 2612 concil
3093 2557 3328 2612 damnat
3349 2550 3538 2607 Caele—

2449 2644 2648 2708 stium,
2674 2645 2774 2713 qui
2803 2645 2870 2698 ad
2899 2647 3210 2700 Romanam
3235 2644 3422 2700 sedem
3444 2652 3540 2708 ap-

2451 2731 2643 2801 pellat.
2679 2733 2977 2788 Mercator.

2519 2819 2573 2873 S.
2609 2820 2974 2890 Augustinus
3003 2822 3058 2876 h.
3093 2835 3145 2887 a,
3179 2819 3435 2876 scribere
3461 2817 3549 2872 in-

2449 2909 2594 2977 cipit
2624 2915 2819 2963 contra
2849 2909 3202 2978 Pelagianos.
3241 2909 3326 2963 lbi
3361 2907 3465 2962 lib.
3503 2918 3546 2972 ι,

2451 3011 2501 3053 c.
2533 2993 2588 3056 4.
2611 3003 2666 3051 et
2699 2995 2781 3051 lib
2813 3010 2876 3063 ιι,
2903 3011 2954 3050 c.
2983 3011 3038 3060 χ,
3073 3011 3124 3062 p.
3157 2993 3285 3050 238.

2525 3087 2834 3142 Cassianus
2862 3091 3194 3140 constructo
3218 3083 3368 3150 apud
3403 3083 3559 3136 Mas-

2454 3175 2648 3231 siliam
2707 3176 3052 3229 monasterio
3132 3170 3380 3227 celebris
3428 3168 3555 3222 Ca-

2455 3264 2599 3320 stori
2623 3263 2960 3333 Aptensium
2989 3274 3262 3331 episcopo
3313 3257 3418 3313 abs
3449 3269 3553 3312 se—

2459 3353 2772 3424 postulanti
2807 3351 3203 3421 Egyptiorum
3233 3347 3556 3402 monacho—

2461 3455 2587 3496 rum
2618 3441 2893 3496 instituta
2938 3453 3020 3493 xu
3047 3437 3231 3492 libros
3251 3449 3316 3490 eo
3347 3435 3418 3490 de
3444 3449 3548 3488 ar-

2465 3535 2732 3602 gumento
2775 3528 3012 3592 scribit,
3045 3529 3102 3582 in
3136 3525 3352 3596 quibus
3379 3523 3556 3579 Semi-

2468 3620 2830 3690 pelagianum
2862 3618 3067 3687 dogma
3101 3613 3442 3680 introducit,
3469 3625 3557 3667 as-

2469 3723 2664 3764 serens
2689 3707 2957 3762 humanis
2979 3704 3205 3759 viribus
3222 3703 3368 3758 bona
3387 3713 3560 3769 Opera

2470 3811 2635 3868 posse
2665 3795 2949 3860 inchoari,
2981 3795 3076 3849 sed
3101 3797 3229 3848 sine
3251 3790 3434 3863 gratia
3457 3789 3562 3845 di-

2471 3887 2604 3942 vina
2631 3899 2743 3941 non
2805 3883 3020 3955 perfici.
3054 3881 3191 3937 Vide
3219 3880 3389 3936 Noris
3435 3878 3558 3933 hist

2469 3976 2638 4046 Pelag
2675 3974 2778 4030 lib.
2808 3988 2850 4028 ιι
2881 3988 2932 4028 c.
2957 3969 3008 4040 4,
3045 3985 3150 4042 pag
3183 3967 3304 4025 462.

2539 4065 2710 4119 Cirta:
2735 4064 2793 4118 in
2821 4061 3096 4116 Numidia
3113 4059 3437 4116 Concilium
3463 4055 3562 4112 ha-

2472 4154 2660 4210 bitum
2688 4165 2880 4207 mense
2897 4151 3071 4206 Junio
3091 4155 3292 4206 contra
3320 4146 3566 4203 Donati-

2474 4251 2614 4322 sla‘s.

2281 4346 2388 4406 297
2549 4349 2870 4406 Innocentii
2899 4346 2982 4412 42,
3022 4344 3106 4402 43.

2319 4454 2372 4496 1v
2551 4440 2852 4494 Heraclian
2865 4453 2928 4494 us
2953 4437 3026 4492 ob
3049 4441 3309 4492 navatam
3334 4438 3570 4489 strenue

2316 4535 2366 4584 et
2483 4542 2708 4598 operam
2745 4535 2942 4584 contra
2995 4526 3317 4598 perduelles
3376 4537 3568 4580 eomes

2282 4617 2391 4677 298
2473 4617 2681 4674 Africae
2711 4624 2765 4674 et
2786 4619 2989 4673 consul
3018 4626 3264 4678 creatus,
3295 4612 3572 4684 perduel—

2325 4721 2343 4764 ι
2479 4707 2554 4762 lis
2581 4706 2702 4776 ipse
2753 4722 2882 4764 cum
2915 4719 3005 4761 nec
3037 4706 3266 4762 navium
3290 4704 3480 4759 classe
3507 4701 3568 4758 in

2483 4795 2707 4851 Italiam
2731 4797 3024 4868 navigans,
3053 4802 3110 4850 et
3137 4801 3335 4850 contra
3360 4791 3568 4848 Urbem

2480 4885 2721 4954 copiasd
2735 4900 2904 4940 ucens
2916 4899 3158 4941 occursu
3177 4882 3383 4939 Marini
3397 4880 3575 4937 comi-

2482 4976 2560 5030 tis
2589 4975 2657 5030 ad
2689 4975 3016 5030 Utriculum
3044 4977 3353 5043 superatus
3386 4972 3448 5026 in
3487 4968 3574 5026 fu-

2417 5099 2428 5109 -
2485 5080 2611 5137 gam
2639 5065 2904 5128 vertitur,
2935 5070 2991 5119 et
3023 5065 3082 5118 in
3115 5062 3368 5118 Africam
3402 5060 3610 5116 dela-.

2489 5162 2584 5210 tus
2613 5155 2844 5224 capitur
2868 5153 3217 5223 Carthagine
3255 5159 3311 5206 et
3357 5149 3576 5206 interfi-

2489 5247 2664 5306 citur,
2727 5243 3064 5298 succedente
3095 5243 3318 5297 Marino
3353 5259 3365 5295 :
3400 5240 3575 5309 cujus

2486 5335 2654 5402 jussu
2711 5333 3064 5387 Marcellinus
3093 5331 3412 5393 Tribunus,
3464 5329 3568 5400 qui

2493 5436 2595 5492 pro
2620 5422 2727 5478 fide
2757 5421 3047 5476 Catholica
3079 5419 3310 5476 fortiter
3336 5418 3578 5475 labora-

2490 5519 2665 5570 verat,
2727 5511 3157 5565 Donatistarum
3202 5523 3271 5564 ex
3334 5508 3578 5564 insidiis

2491 5599 2796 5668 oet-iditur,
2843 5613 3011 5670 quem
3064 5601 3368 5668 Martyrem
3429 5597 3578 5652 colit

3625 2189 3746 2247 “2

3670 4337 3770 4396 443
