3922 6458
69 413 161 471 685
987 414 1329 473 CHRONOL.
1375 416 1423 472 A
1457 416 1515 472 S.
1555 415 1945 475 SYLVESTRO
1982 418 2074 473 AD
2111 419 2166 474 S.
2207 419 2414 474 GREG.
2456 421 2530 477 M.
3366 415 3473 477 686

111 538 254 617 Anni
343 539 725 611 Imperatores,
791 540 1063 617 Consules
1122 544 1399 596 Romano-
1458 543 1614 617 Ann}
1733 541 1794 598 A
1868 542 2049 617 -ᾼηηὶ
2110 544 2568 613 Christianorum,
2614 546 2929 601 Iudaeorum
2963 550 3013 602 et
3052 548 3191 617 ﬁni—
3251 547 3411 602 Anm‘

123 611 233 688 Per.
277 684 286 688 _
400 629 546 682 rum,
573 627 658 665 res
682 615 865 683 gestae,
913 616 962 666 et
993 613 1333 668 documenta.
1471 611 1620 688 [με.
1658 686 1665 688 Α
1853 613 2064 685 Olymp.
2171 619 2424 671 timorum
2473 611 2824 687 populorum,
2886 611 3190 688 Pontiﬁces,
3263 621 3409 674 Era

96 682 288 757 πει-ει
855 682 858 683 ⁷
1465 687 1593 757 ante
1617 686 1668 757 e_t
2007 682 2022 685 “
2172 691 2360 757 Reges,
2393 682 2666 756 res-gesta:
2686 694 2736 744 et
2765 682 3104 746 documenta.
3217 689 3440 745 Christi.

134 751 230 807 Ind
1397 757 1527 824 post
1554 753 1674 807 Pal.

334 946 419 1002 Id.
439 945 582 1002 Febr
620 958 865 1016 quam",
903 944 1224 1015 exempmm
1252 945 1313 1002 in
1333 951 1425 1003 νει
2103 921 2496 977 Narbonensis
2511 922 2643 992 jura
2657 921 2999 992 usurpantis
3014 936 3196 982 ausus

338 1037 444 1093 cod
499 1011 722 1092 Μοηᾷει
746 1038 800 1092 8,
833 1035 1037 1092 amcis
1061 1011 1271 1091 ᾐοωω,
1305 1037 1428 1092 Ro.
1771 1049 1774 1052 ~
2103 1011 2441 1082 comprimit
2468 1011 2935 1082 Illyricianorum
2962 1011 3193 1069 Prassu-

345 1125 500 1180 mani
535 1125 594 1180 in
618 1125 895 1195 Hispania
921 1125 1030 1181 sub
1048 1124 1283 1180 Castino
1302 1127 1430 1180 Ma-

2105 1098 2226 1155 lum
2256 1114 2456 1158 ausus.
2484 1101 2626 1158 Vide
2655 1108 2822 1160 notas
2849 1103 2921 1158 ad
2953 1100 3195 1159 Bonifa-

339 1214 526 1285 gistro
548 1214 803 1269 Militum
827 1227 860 1269 a
890 1213 1166 1269 Vandalis
1185 1213 1423 1269 devicti.
2104 1202 2282 1285 enim.

337 1279 479 1358 Vide
526 1302 775 1359 Ruinart
805 1302 924 1357 hist
983 1315 1178 1371 persec
1207 1300 1424 1357 Vandal
2155 1279 2513 1378 ,Τδθὲἀοδίίλ
2543 1283 2809 1378 Πέὶεοὶῐιιν
2849 1281 2974 1338 ﬁlia
2996 1283 3200 1340 Eudo-

339 1403 448 1463 pag
469 1389 526 1459 2,
559 1404 664 1462 cap
688 1388 744 1461 2,
779 1404 833 1446 ιι.
860 1389 914 1460 3,
949 1369 1005 1446 et
1023 1391 1174 1447 Idac.

2107 1369 2228 1422 xia.
2284 1369 2516 1425 Marcell
2567 1372 2753 1427 Persa:
2820 1384 3014 1442 pacem
3063 1387 3195 1430 cum

407 1455 772 1535 Tricennalia
817 1455 1060 1535 Honorii
1113 1483 1170 1534 et
1214 1478 1429 1535 Vicen-
2105 1455 2380 1512 Romanis
2408 1459 2637 1515 ίηθιιηί·
2667 1459 2777 1514 Ibi-

345 1567 794 1625 nal'rheodosii_
2180 1547 2471 1603 Maximus
2508 1548 2813 1619 Tyrannus
2858 1553 2916 1606 et
2958 1550 3201 1607 Jovinus

412 1657 505 1712 Pr.
582 1657 700 1713 Urb
773 1659 876 1720 ΟΡ.
942 1659 1270 1713 Florentius.
1363 1657 1425 1712 C.

2108 1633 2262 1690 ferro
2301 1636 2441 1691 victi
2484 1635 2928 1694 Tricennalibus
2955 1639 3197 1694 Honorii

342 1747 529 1803 Theod
560 1747 645 1802 lib
675 1761 770 1818 xv,
801 1746 953 1818 m4,
987 1744 1112 1802 1,3,
2107 1724 2349 1868 :Sducti
2421 1737 2490 1781 ex
2540 1726 2758 1796 Hispan
2815 1731 2990 1799 atque
3039 1728 3194 1785 caesi.

1739 1861 1787 1868 Α
2178 1827 2216 1867 1.

1739 1861 1794 1924 Β
2107 1853 2216 1924 “”Ῐ

134 1919 273 1978 5436

416 1926 575 1996 Impp
604 1927 755 1982 Caess
784 1926 1077 1981 Honorius
1107 1925 1234 1996 Aug
1265 1926 1337 1978 tr.
1371 1937 1426 1992 p.
1507 1919 1647 1981 4475

129 2023 196 2094 ζρξ)
229 2018 296 2075 42
345 2019 416 2078 30
460 2029 516 2080 et
557 2022 647 2094 34,
682 2039 778 2080 cos
829 2038 966 2093 xm,
1031 2023 1132 2093 qui
1184 2020 1435 2077 moritur
1508 2015 1648 2075 4476

125 2115 194 2187 θ
238 2113 273 2170 6
334 2116 527 2170 Roma:
552 2126 743 2168 mense
766 2112 910 2182 Aug.

179 2207 220 2261 G
420 2204 492 2257 Et
516 2201 876 2256 Theodosius
897 2201 1006 2256 Jun
1037 2198 1164 2271 Aug
1183 2203 1258 2254 tr.
1283 2212 1337 2269 p.
1364 2194 1427 2252 24

125 2293 309 2348 Indict
347 2296 408 2347 et
431 2287 526 2360 22,
559 2303 656 2345 cos
687 2303 741 2344 x.

163 2395 276 2471 ΥΞ--
343 2415 503 2471 Coss.
581 2379 1041 2471 Ἀῗίῖἰεθᾘῖθὲρξυθ

126 2457 171 2507 et
196 2465 276 2510 vu
343 2451 503 2471 W°°°
580 2451 962 2505 Marinianus.

419 2538 481 2593 C.
513 2539 702 2593 Theod
736 2537 820 2592 lib
849 2552 885 2607 ι,
916 2537 991 2592 tit
1021 2533 1109 2604 44,
1145 2536 1183 2591 l.
1217 2534 1253 2591 3
1276 2535 1429 2591 aliaa-

349 2641 464 2698 que
491 2628 643 2698 apud
671 2626 887 2682 Reland
919 2632 973 2681 et
1008 2625 1260 2695 inscript
1285 2626 1433 2681 Grut

343 2715 470 2788 464,
501 2716 557 2772 8.

421 2806 561 2862 Obit
590 2805 881 2862 Honorius
902 2805 1216 2874 Imperator
1242 2801 1433 2857 Romze

343 2894 599 2966 Augusti
624 2895 838 2948 mensis
853 2892 949 2948 die
972 2888 1039 2946 46
1063 2891 1149 2946 vel
1174 2887 1265 2946 29.
1293 2889 1436 2944 Vide

346 2989 519 3042 notas
546 2985 614 3040 ad
659 2981 1031 3038 Coalestinum
1060 2985 1119 3036 et
1143 2980 1222 3036 du
1249 2977 1437 3048 Gange

353 3073 480 3130 hist
513 3074 619 3143 Byz
650 3071 761 3127 fam
795 3085 902 3142 pag
929 3066 1019 3125 72.

346 3209 356 3218 .
418 3164 529 3219 His
548 3176 678 3218 coss
705 3159 969 3217 Eudoxia
989 3161 1221 3214 creatur
1243 3156 1433 3228 Augu-

346 3256 439 3309 sta
487 3266 546 3307 1v
588 3252 781 3307 Nonas
808 3250 1023 3304 Januar
1049 3247 1240 3303 Chron
1270 3244 1435 3300 Alex.

421 3339 932 3412 Longobardorum
989 3336 1280 3392 secundus
1344 3347 1442 3389 re-

345 3434 490 3501 gnat
515 3429 798 3483 Lamissus
843 3439 958 3482 ann
984 3424 1038 3506 3,
1088 3425 1331 3480 Joannes
1372 3435 1441 3476 ex

344 3518 595 3574 Notario
623 3517 931 3587 imperium
967 3515 1213 3582 usurpat
1238 3511 1300 3566 in
1328 3509 1444 3566 Oc-

345 3607 442 3664 cid
469 3608 740 3662 Socrati.
777 3619 876 3673 vn,
908 3619 967 3658 c.
1013 3601 1104 3659 25.

138 3690 272 3750 5437
419 3699 594 3766 Impp
612 3696 764 3749 ϐεδε
800 3691 1164 3748 Theodosius
1183 3689 1295 3744 Jun
1321 3686 1448 3758 Aug

140 3787 199 3853 Θ
235 3788 301 3850 43
347 3797 433 3850 tr.
484 3808 551 3863 p.
580 3789 654 3846 22
684 3794 739 3846 et
777 3787 869 3858 23,
902 3800 1089 3843 cosx.

132 3876 200 3949 θ
238 3877 273 3936 7
424 3878 886 3936 Valentinianus
902 3876 1109 3931 Caesar.

168 4137 243 4181 vn
421 4129 492 4184 C.
533 4126 728 4182 Theod
764 4124 848 4180 lib
891 4137 988 4194 xv,
1021 4123 1093 4178 tit
1113 4119 1166 4191 5,
1227 4120 1298 4175 de
1327 4133 1463 4190 spe—

130 4217 176 4267 et
197 4227 298 4272 vm
355 4217 616 4273 ctaculis
641 4216 680 4270 l.
713 4211 766 4284 4,
803 4213 902 4269 ubi
934 4212 1096 4269 solus
1123 4211 1242 4280 imp
1274 4208 1467 4264 Theo-

352 4307 462 4362 dos
484 4321 522 4362 x
555 4305 664 4360 Kal
696 4303 833 4359 Maii
875 4302 1107 4358 Victore
1136 4301 1207 4355 V.
1245 4298 1305 4353 C.
1338 4310 1467 4354 coss

357 4402 415 4452 et
441 4395 529 4450 lib
561 4410 601 4450 x
632 4393 888 4463 ejusdem
938 4391 1041 4447 cod
1070 4389 1154 4444 Th
1185 4393 1228 4444 t.
1254 4386 1344 4455 20,
1396 4387 1466 4442 de

355 4483 740 4555 Murilegulis
758 4483 797 4538 l.
823 4478 910 4550 44,
931 4481 1066 4536 data
1079 4491 1198 4534 xvn
1219 4476 1323 4533 Kal
1344 4477 1465 4532 Nov

357 4571 601 4630 Victore
627 4586 727 4629 cos
758 4571 859 4627 ubi
884 4569 1244 4626 Theodosius
1269 4565 1395 4638 Aug
1409 4569 1467 4621 et

358 4663 819 4721 Valentinianus
847 4660 969 4716 Caes
1000 4659 1354 4715 nominatur.

433 4754 527 4810 Pr.
573 4751 697 4809 Urb
766 4751 872 4806 (ΖΡ.
949 4748 1261 4804 Severinus.
1349 4743 1463 4801 Cod

355 4843 554 4901 Theod
591 4840 681 4899 lib
705 4856 799 4912 xv,
832 4846 874 4896 ι.
909 4837 960 4911 4,
993 4839 1034 4895 1.
1064 4835 1154 4896 52.

154 5177 294 5238 5438
438 5184 607 5252 Impp
631 5181 784 5237 Caass
820 5175 1180 5235 Theodosius
1200 5174 1310 5230 Jun
1339 5173 1467 5246 Aug

225 5267 292 5327 44
367 5277 441 5329 tr.
478 5288 542 5343 p.
578 5269 656 5328 23
685 5276 741 5326 et
768 5266 858 5338 24,
895 5281 993 5325 cos
1023 5279 1104 5320 ιιι.

257 5359 294 5416 8
438 5365 513 5418 Et
540 5362 782 5418 Flavius
801 5357 1093 5414 Placidius
1116 5352 1468 5408 Valentinia-

157 5452 202 5504 D
363 5466 480 5509 nus
507 5453 621 5507 Jun
649 5451 770 5506 Caes
803 5461 933 5503 mox
965 5445 1138 5502 etiam
1169 5443 1468 5514 Augustus

141 5540 315 5596 Indict
365 5543 570 5598 dictus
611 5541 673 5596 d.
699 5537 788 5595 23.
819 5535 1030 5593 Octobr
1058 5534 1138 5588 du
1165 5532 1351 5602 Gange
1377 5529 1470 5586 fa—

175 5643 274 5687 vm
368 5631 474 5688 mil
505 5632 619 5700 Byz
649 5642 720 5686 ex
751 5623 1162 5699 Olympiodoro
1192 5625 1247 5679 et
1271 5621 1469 5676 Laterc

160 5725 208 5774 et
237 5734 293 5778 lx
365 5720 566 5778 Silvii.

1523 3681 1661 3741 4476

1523 3777 1663 3839 4477

1542 5169 1682 5229 4477

1541 5260 1682 5318 4478

1951 1931 1993 1974 ll

1933 2018 1998 2060 III

1951 3691 2014 3733 ιιι

1952 3779 2010 3823 ιν

1926 5167 2082 5238 Olym

1949 5255 2056 5315 300

1971 5360 2025 5402 IV

1970 5440 2021 5489 et

1955 5521 2053 5578 304

1995 5625 2012 5667 ι

2191 1920 2488 1977 Ccelestini
2517 1917 2540 1976 4
2568 1927 2625 1978 et
2651 1920 2707 1979 2.

2178 2009 2260 2064 Ex
2321 2008 2429 2064 hoc
2478 2023 2631 2066 anno
2707 2024 2806 2081 per
2878 2010 3198 2068 triennium

2111 2109 2473 2168 consequens
2523 2099 2576 2154 S.
2598 2099 2982 2170 Augustinus
3017 2100 3201 2158 libros

2108 2199 2180 2240 xv
2205 2185 2276 2241 de
2300 2186 2585 2244 Trinitate
2614 2194 2674 2244 et
2701 2202 2824 2244 xxu
2861 2189 2934 2248 de
2956 2189 3202 2246 Civitate

2112 2274 2214 2330 Dei
2235 2273 2508 2332 absolvit.
2530 2277 2671 2334 Vide
2690 2279 2864 2335 Noris
2891 2279 3014 2339 bist
3031 2279 3203 2350 Pelag

2108 2361 2192 2417 lib
2225 2377 2264 2433 ι,
2299 2379 2404 2435 cap
2421 2362 2509 2434 24,
2545 2379 2655 2438 pag
2680 2365 2802 2424 452.

2181 2452 2439 2509 Placidia
2501 2454 2761 2527 Augusta
2830 2455 2903 2512 ab
2945 2456 3200 2512 Honorio

2114 2541 2290 2597 fratre
2318 2557 2448 2598 cum
2478 2543 2620 2599 ﬁliis
2648 2543 2886 2614 expulsa
2916 2546 2986 2600 ad
3009 2545 3200 2600 Theo-

2110 2631 2342 2686 dosium
2364 2632 2778 2701 proﬁciscitur,
2799 2632 3096 2688 Bonifacio
3111 2645 3202 2688 co-

2112 2718 2252 2774 mite
2277 2725 2545 2789 sumptus
2575 2721 2967 2777 ministrante.
2998 2719 3202 2792 Olym-

2111 2806 2244 2876 piod
2273 2813 2331 2863 et
2349 2808 2611 2878 Prosper.

2183 2895 2533 2953 Coelestinus
2612 2898 2769 2968 Papa
2860 2899 3202 2974 Pelagianos

2113 2985 2282 3041 Italia
2340 2986 2602 3057 expellit.
2676 2983 2920 3060 Prasper
2999 2997 3202 3046 contra

2113 3075 2447 3132 collatorem
2495 3087 2607 3148 cap
2631 3070 2719 3134 44.
2749 3079 3020 3137 Julianus
3052 3082 3204 3136 inter

2118 3164 2224 3220 hos
2267 3164 2455 3222 libros
2475 3163 2530 3237 8,
2565 3174 2765 3224 contra
2802 3169 2857 3224 S.
2908 3169 3204 3241 Augustin

2119 3253 2329 3309 scribit
2368 3253 2427 3311 in
2453 3255 2680 3328 Cilicia,
2717 3257 2817 3314 ubi
2843 3247 3222 3315 Theodorum

2122 3343 2588 3412 Mopsuestenum
2638 3345 3012 3418 Pelagianam
3059 3346 3206 3403 adit.

2193 3429 2336 3487 Vide
2363 3433 2536 3489 Noris
2581 3433 2702 3490 hist
2725 3433 2896 3505 Pelag
2925 3435 2973 3490 l.
3020 3449 3061 3490 ι.
3084 3448 3140 3490 c.
3177 3431 3215 3488 9

2121 3522 2179 3574 et
2207 3517 2441 3590 Pagium
2465 3520 2535 3577 ad
2569 3521 2634 3577 h.
2662 3534 2714 3578 a.
2751 3535 2808 3577 ιι.
2846 3518 2934 3579 45.
3013 3597 3016 3600 ὶ

2196 3677 2492 3734 leestlnl
2518 3677 2555 3734 2
2583 3685 2639 3736 et
2663 3679 2725 3735 3.

2200 3767 2563 3822 Theodosius
2576 3767 3051 3824 Valentinianum
3067 3768 3220 3825 Ami-

2135 3860 2205 3912 tae
2234 3868 2354 3912 sua:
2383 3855 2570 3912 ﬁlium
2613 3856 2891 3914 Caesarem
2947 3856 3109 3930 facit,
3140 3859 3223 3929 [et

2134 3947 2203 4002 ad
2237 3947 2695 4016 recuperandum
2728 3946 3037 4018 imperium
3081 3961 3228 4005 con-

2137 4040 2227 4091 tra
2254 4036 2525 4091 Joannem
2554 4036 2738 4092 mittit
2765 4056 2779 4092 :
2808 4035 3090 4110 (Prosper)
3122 4040 3226 4112 qui

2137 4123 2437 4196 Augustus
2466 4124 2656 4182 Romae
2699 4130 2927 4182 creatus
2970 4132 3056 4183 est
3101 4132 3230 4198 post

2139 4214 2392 4270 occisum
2429 4215 2699 4270 Joannem
2740 4221 3046 4287 tyrannum
3077 4229 3230 4273 anno

2144 4318 2244 4375 seq
2270 4309 2335 4360 ut
2354 4302 2584 4360 Idacius
2604 4309 2662 4360 et
2688 4301 3062 4361 Marcellinus
3077 4306 3236 4360 scri-

2145 4392 2315 4451 bunt.
2349 4396 2569 4450 Interea
2603 4393 2662 4450 h.
2694 4408 2746 4450 a.
2776 4393 2966 4450 Caesar
3008 4398 3237 4451 creatus

2143 4483 2464 4541 Eudoxiam
2513 4485 2824 4542 Theodosii
2884 4483 3067 4542 ﬁliam
3115 4483 3234 4542 sibi

2142 4573 2472 4645 desponsat.
2500 4574 2605 4632 Ibi.

2215 4664 2482 4722 Monachi
2519 4663 2888 4722 Adrumetini
2930 4663 2992 4721 in
3015 4662 3232 4734 Africa,

2145 4753 2216 4810 de
2241 4754 2429 4824 gratia
2443 4757 2500 4809 et
2527 4753 2714 4811 libero
2736 4752 2985 4810 arbitrio
3005 4752 3239 4823 litigan-

2149 4849 2254 4913 tes,
2312 4843 2565 4913 acceptis
2592 4843 2664 4898 ab
2704 4841 3030 4914 Augustino
3061 4841 3234 4897 libris

2150 4931 2212 4985 in
2251 4932 2616 4987 concordiam
2661 4937 3029 4988 revocantur.
3062 4929 3235 4988 Noris

2150 5020 2271 5076 bist
2290 5020 2459 5091 Pelag
2486 5020 2570 5076 lib
2601 5033 2640 5090 ι,
2672 5034 2778 5090 cap
2803 5017 2897 5076 23.

2222 5165 2516 5223 Coelestini
2544 5161 2579 5221 3
2598 5171 2655 5222 et
2680 5162 2732 5220 4.

2222 5256 2482 5313 Placidia
2526 5257 2784 5328 Augusta
2815 5268 3077 5329 magnam
3128 5273 3235 5331 ge-

2148 5360 2280 5403 rens
2325 5359 2520 5403 curam
2573 5360 2676 5417 pro
2739 5346 3034 5404 Catholica
3085 5348 3232 5405 reli-

2151 5437 2318 5506 gione
2347 5443 2403 5492 et
2431 5435 2728 5507 Ecclesiis,
2765 5437 2914 5509 leges
2959 5439 3230 5510 complu-

2151 5537 2242 5579 res
2266 5524 2358 5581 edi
2390 5531 2555 5584 curat
2596 5532 2797 5584 contra
2844 5528 3146 5587 hereticos
3173 5537 3230 5589 et

2151 5611 2552 5672 schismaticos
2583 5623 2710 5686 post
2725 5618 2998 5674 Joannem
3030 5624 3236 5690 tyran-

2152 5715 2288 5759 num
2335 5702 2459 5758 neci
2523 5706 2824 5762 traditum.
2877 5707 3019 5762 Vide
3063 5709 3235 5766 Noris

3287 1921 3397 1982 423

3309 3679 3418 3740 tet

3317 5165 3426 5229 425
