3922 6404
143 427 259 485 689
622 406 625 409 “
1097 434 1435 494 CHRONOL.
1478 439 1525 495 A
1561 439 1619 496 s.
1657 441 1692 497 s

2034 444 2178 502 )AD
2215 449 2273 504 S.
2312 450 2517 507 GREG.
2562 454 2634 508 Μ.
3477 465 3583 527 690

169 554 333 657 Agm’
396 556 781 626 Imperatores,
856 558 1134 657 qonsules,
1203 564 1465 657 Romano-
1545 567 1741 657 ᾼτηηὶη
1836 575 1897 633 Λ
1952 571 2136 657 "Anni
2201 576 2653 657 Christianorum,
2703 582 3023 657 Judworwn
3073 593 3125 642 et
3162 592 3302 657 fini-
3378 591 3540 648 Anni

216 628 379 731 'Pelr.‘
476 643 619 697 rum,
654 646 741 683 res
764 636 947 698 gestae,
976 639 1025 687 et
1076 628 1417 691 dboumenta.
1559 641 1661 731 U.‘
1700 640 1765 731 ϐ’1
1836 628 1854 632 ’
1878 628 1897 633 ”
1945 644 2158 715 Olymp.
2545 628 3301 731 "ﬁszl23iz75i,"jﬁo£ZiﬁZé§:

202 699 297 792 Jul
313 704 379 792 ft
1563 716 1773 792 anteet
2010 699 2035 713 ν
2092 699 2155 715 Γ
2276 699 2797 792 négé5,""re§"'§e§i2é
2816 699 3286 787 went“

233 770 346 824 Ind
1514 788 1637 852 post
1668 784 1791 840 Pal.
1898 824 1905 831 -

436 893 503 936 eo
530 894 590 936 se
648 880 925 938 transfert
956 883 1018 940 in
1050 885 1366 954 perniciem
1410 903 1525 958 pu-

2210 880 2365 936 mina
2430 884 2677 955 complet
2730 887 3005 946 adversus
3063 898 3292 963 postre-

435 966 648 1024 blicam
694 982 887 1026 mense
914 971 1066 1028 Maio
1094 971 1187 1028 his
1224 987 1354 1030 coss
1378 975 1524 1033 Pro-
1807 989 1812 992 '
2213 982 2335 1026 ωοε
2375 969 2595 1028 “Iliam
2649 974 2849 1032 “111‘05-
2907 977 2991 1034 Ibi
3046 995 3100 1050 P-
3165 979 3293 1039 204-

439 1071 570 1127 sper
594 1057 655 1112 in
681 1058 862 1115 chron
897 1064 954 1116 et
980 1062 1175 1117 Victor
1201 1063 1519 1121 Vitensisl.
2212 1057 2577 1129 Ρθιειςίοτυιη
2649 1070 2816 1120 sectili
2870 1066 3174 1138 Patronus,
3235 1077 3293 1128 et

430 1161 471 1212 ι,
498 1159 549 1202 c.
613 1142 662 1199 4.
714 1147 965 1205 Buinart
1010 1149 1311 1206 histVand
1362 1159 1523 1222 parte
2199 1147 2553 1205 Νθεῑονίειηω
2603 1153 2768 1224 origo
2797 1155 3124 1214 Τδθοάοῐιιδ
3160 1160 3292 1217 Μο-

425 1233 485 1306 2,
541 1248 645 1306 cap
699 1239 751 1306 3,
807 1250 867 1294 η,
913 1237 966 1309 6⁷
1036 1244 1094 1295 ει
1148 1240 1208 1296 ιη
1261 1240 1407 1309 pmf
1438 1244 1517 1318 ρει
2201 1242 2545 1305 psuestenus
2569 1241 2759 1310 Episc.
2806 1244 2962 1302 circa
2992 1247 3050 1303 h.
3082 1261 3136 1305 a.
3159 1249 3285 1308 obit

428 1323 549 1380 hist
573 1324 702 1381 Vict
728 1324 827 1383 Vit
858 1339 914 1383 n.
958 1324 1014 1382 8.

2193 1324 2364 1412 juxta
2399 1328 2573 1384 Noris
2608 1329 2732 1385 hist
2760 1331 2930 1405 Pelag
2955 1334 3040 1390 lib
3082 1351 3143 1409 ιι,
3183 1354 3288 1412 cap

2198 1409 2251 1483 4,
2277 1416 2374 1470 sed
2412 1414 2650 1474 biennio
2678 1428 2807 1488 post
2827 1422 2994 1490 juxta
3024 1409 3284 1498 Pagium.

204 1501 271 1560 54
282 1500 344 1560 44
497 1506 1223 1596 lmppACmss_Theodosius
1249 1509 1359 1566 Jun
1384 1508 1512 1583 Aug
1587 1509 1727 1570 4480

2015 1532 2081 1575 ιιι
2262 1520 2560 1579 Coelestini
2593 1523 2628 1580 6
2647 1530 2706 1580 et
2727 1522 2782 1581 7.
3377 1534 3483 1596 428

170 1595 251 1668 ξ)
305 1590 375 1649 47
413 1596 485 1650 tr.
522 1593 678 1665 p.26
705 1599 763 1652 et
786 1593 881 1665 27,
923 1610 1022 1653 cos
1041 1611 1143 1653 χιι.

2028 1621 2084 1663 ιν
2266 1611 2573 1668 Nestorius
2618 1614 2924 1674 ordinatur
2978 1620 3287 1694 episc0pus

158 1681 239 1753 θ
301 1678 362 1739 44
475 1686 547 1740 Et
574 1686 1020 1745 Valentinianus
1043 1689 1151 1744 Jun
1180 1689 1310 1762 Aug
1338 1695 1411 1747 tr.
1447 1706 1501 1763 p.
1582 1688 1724 1749 4482
2189 1697 2868 1771 Constantinopolitanus
2909 1678 3028 1763 Kal.
3058 1678 3202 1781 Apr-7

197 1771 332 1831 AG
418 1771 471 1845 3,
501 1772 553 1845 4,
587 1789 701 1832 cos.
736 1791 797 1833 ιι.
2188 1801 2239 1842 a.
2282 1787 2585 1847 Liberatus
2622 1793 2763 1850 Diac
2806 1794 2865 1850 in
2910 1797 3049 1855 Brev
3086 1771 3282 1858 causae

177 1862 371 1967 Initia
421 1900 561 1957 COSS
1822 1906 1877 1967 B
2184 1876 2464 1967 Nestore.
2497 1876 2549 1933 4.
2588 1880 2691 1936 Sed
2720 1883 2859 1938 Socr
2882 1883 2967 1941 lib
3002 1900 3081 1958 γι,
3109 1902 3160 1945 c.
3186 1887 3278 1958 24,

234 1947 299 1988 ιιι

190 2027 249 2077 et
268 2036 350 2080 xu

167 3220 235 3279 54
244 3219 326 3278 42

598 1939 844 1995 Taurus.

490 2027 663 2095 Lapis
684 2027 745 2082 in
776 2028 839 2082 S.
872 2028 1107 2083 Martini
1128 2028 1199 2084 de
1215 2029 1509 2087 Montibus

416 2121 473 2171 et
502 2114 717 2172 Gruter
764 2113 920 2187 4076,
946 2115 1001 2186 2,
1045 2121 1102 2172 et
1144 2118 1351 2175 Reines
1377 2115 1503 2191 998,

414 2207 472 2259 et
502 2202 593 2275 leg
620 2203 681 2259 C.
709 2204 812 2260 Th.
842 2202 898 2275 8,
939 2205 1011 2260 de
1040 2205 1297 2278 sponsa],
1345 2213 1433 2264 etc
1466 2250 1502 2280 .,

417 2292 569 2361 apud
598 2294 935 2353 Relandum.

490 2380 581 2436 Pr.
643 2384 759 2439 Urb
806 2386 905 2441 CP.
959 2388 1226 2443 Proculus
1271 2388 1329 2445 C.
1394 2390 1497 2446 Th.

410 2470 496 2525 lib
519 2484 593 2542 γι,
622 2477 665 2528 t.
698 2472 753 2544 2,
786 2474 825 2529 1.
856 2476 961 2532 ult.

476 2562 703 2617 Mortuo
728 2563 877 2634 Rege
924 2565 1315 2621 Pharamundo
1339 2568 1495 2626 circa

406 2647 442 2705 9
512 2651 607 2705 sui
670 2652 835 2723 regni
894 2665 1132 2724 annum,
1202 2656 1492 2714 secundus

401 2740 751 2796 Francorum
854 2755 951 2798 rex
1032 2742 1146 2799 init
1226 2744 1482 2803 Clodius.

400 2828 659 2899 Prosper.

472 2918 641 2975 Suevi
674 2919 784 2976 sub
820 2920 1140 2980 Hennerico
1185 2923 1334 2996 Rege
1360 2924 1489 2982 Gal-

403 3007 622 3065 laaciam
701 3009 1094 3081 depraedantes
1145 3013 1218 3069 ab
1275 3016 1487 3073 incolis

402 3094 519 3154 fusi
550 3111 741 3168 pacem
774 3100 1125 3158 instaurant.
1158 3102 1407 3161 Idacius.

470 3223 655 3315 Impp;
698 3224 867 3315 Caess.
910 3225 1170 3284 Theodos
1215 3229 1325 3286 Jun
1353 3230 1482 3305 Aug
1556 3231 1688 3292 4484
1794 3249 1845 3314 c
1942 3244 2099 3315 Olym

132 3312 208 3385 ω
284 3307 354 3366 48
393 3313 465 3367 tr.
500 3326 554 3382 p.
586 3309 655 3369 27
684 3317 739 3370 et
756 3311 846 3383 28,
874 3328 1003 3372 coss
1028 3329 1094 3372 ιι.

129 3397 203 3470 θ
277 3396 350 3457 42
472 3401 543 3457 Et
571 3402 1011 3464 Valentinianus
1037 3408 1147 3465 Jun
1171 3408 1299 3481 Aug
1321 3414 1393 3467 tr.
1421 3426 1477 3481 p.

1547 3321 1688 3381 4482

1960 3331 2061 3391 304

2190 1976 2249 2017 1v
2275 1965 2353 2020 Id.
2378 1966 2563 2037 April.

2258 2054 2562 2112 Nestorius
2593 2071 2799 2116 novum
2825 2061 3067 2121 molitur
3091 2067 3279 2124 Eccle-

2189 2140 2299 2197 siis
2337 2157 2587 2202 errorem
2640 2149 2933 2222 inducere,
2979 2158 3087 2211 etc.
3130 2157 3279 2215 Huic

2187 2232 2473 2303 impietati
2499 2237 2789 2309 praecipua
2817 2240 3279 2312 CyrilliAlexan-

2183 2320 2344 2377 drini
2371 2323 2626 2396 episcopi
2676 2327 2989 2401 industria,
3029 2338 3087 2390 et
3117 2349 3276 2407 papa:

2181 2410 2478 2468 leestini
2563 2423 2848 2487 repugnat
2925 2425 3267 2481 auctoritas.

2182 2500 2361 2570 Prosp
2382 2502 2442 2557 in
2463 2502 2662 2560 chron.
2698 2506 2840 2563 Vide
2872 2509 3045 2567 Noris
3087 2511 3171 2568 lib
3201 2528 3266 2586 ιι,

2182 2587 2302 2643 hist
2326 2590 2495 2661 Pelag
2518 2606 2568 2647 c.
2595 2590 2650 2660 7,
2684 2608 2795 2667 pag
2826 2594 2950 2653 204.
2983 2600 3125 2656 Vide
3157 2615 3270 2658 no-

2176 2683 2264 2732 tas
2319 2678 2473 2749 pagii
2529 2687 2587 2737 et
2633 2682 2918 2742 Sommier
2962 2686 3137 2761 infra,
3188 2691 3259 2747 ad

2169 2763 2560 2825 Caelestinum.

2230 3248 2532 3309 Coelestlni
2563 3248 2599 3309 7
2628 3259 2685 3311 et
2710 3253 2765 3312 8.

2228 3339 2496 3397 Nestorio
2540 3342 2642 3397 ΟΡ.
2711 3345 2876 3403 novis
2928 3347 3251 3409 haereslbus

1994 3436 2050 3478 IV
2160 3425 2475 3485 Ecclesiam
2526 3429 2803 3489 turbante
2845 3441 2902 3491 et
2921 3436 3251 3511 Pelagianis

214 3491 269 3544 F
391 3487 445 3562 4,
473 3488 527 3563 5,
555 3506 684 3550 coss
714 3507 754 3550 ιι
1996 3516 2051 3566 et
2160 3516 2549 3583 patrocinium
2592 3487 3089 3597 accommodaan
3111 3528 3240 3584 Ma-

381 3615 521 3673 eoss
558 3582 916 3673 ESPEE’EQES-
1151 3666 1178 3673 ,Α
1954 3596 2065 3659 302
2157 3579 2283 3656 rius
2310 3602 2591 3660 Mercator
2615 3579 3245 3672 commonitorium—Voi-

184 3663 274 3707 ³η
383 3654 521 3673 ww
558 3654 891 3724 Dionysum"
2001 3701 2019 3744 ι
2156 3687 2267 3745 fert
2299 3690 2621 3749 Theodosio
2644 3695 2774 3768 Aug
2811 3703 2867 3754 et
2896 3700 3060 3760 Clero
3098 3718 3243 3763 con-

184 3745 239 3768 Ι-
260 3753 329 3768 '1'
455 3740 495 3768 Π
544 3740 732 3768 Thamar.
768 3741 783 3768 1
848 3739 919 3768 00
979 3743 1046 3768 ,ΙΛ
1078 3743 1283 3768 1...]...2‘
1359 3762 1431 3768 Α-Α

144 3745 194 3793 et
215 3753 329 3797 xm
455 3740 516 3798 C.
544 3740 735 3797 Theod
768 3741 808 3796 l.
848 3739 919 3796 29
976 3743 1049 3799 de
1070 3743 1303 3817 Judaeis,
1352 3762 1474 3807 οω-

382 3828 603 3899 licolis,
631 3832 740 3899 etc,
772 3830 923 3899 apud
972 3831 1187 3889 Reland
1241 3842 1298 3892 et
1341 3838 1475 3908 epi—

380 3918 535 3974 stola
555 3918 862 3974 decretalis
889 3919 943 3975 S.
982 3921 1280 3979 Ctelestini
1312 3926 1473 3997 Papa:

381 4007 640 4063 univers.
679 4007 967 4079 episcopis
1012 4024 1113 4080 per
1160 4013 1364 4069 Vienn.
1414 4024 1470 4073 et

380 4095 807 4152 Narbonensem
864 4100 1005 4154 Prov
1072 4102 1239 4171 cujus
1288 4117 1471 4161 exem-

379 4184 537 4254 plum
562 4191 726 4241 vetus
783 4187 842 4242 in
899 4187 1025 4244 Bibl
1074 4189 1129 4245 S.
1176 4192 1379 4249 Crucis
1405 4197 1466 4251 in

316 4312 323 4315 ι
380 4288 483 4347 agr
504 4276 843 4334 Sessoriano
874 4279 1067 4335 Romae
1095 4280 1227 4338 data
1252 4297 1333 4339 xu
1357 4285 1463 4342 Kal

377 4364 508 4437 Aug
534 4365 627 4420 his
648 4378 798 4423 coss.

446 4455 651 4511 Aetius
673 4455 738 4511 ﬁt
758 4458 1034 4529 Magister
1056 4460 1331 4534 Militum,
1357 4466 1461 4536 qui

374 4545 593 4602 Gothos
618 4559 731 4602 non
764 4547 963 4617 procul
994 4549 1223 4608 Arelate
1244 4552 1461 4611 devicit

372 4634 615 4691 Idatius.

441 4725 498 4779 S.
531 4725 789 4784 Hilarius
816 4741 886 4784 ex
936 4730 1231 4807 Lerinensi
1265 4734 1459 4791 Caeno-

371 4813 473 4868 bio
499 4816 822 4873 assumitur
851 4817 921 4873 ad
958 4818 1296 4879 Cathedram
1324 4824 1459 4880 Are—

368 4902 667 4959 latensem.
716 4905 858 4962 Vide
895 4907 1068 4965 Noris
1110 4910 1231 4968 hist
1283 4912 1452 4985 Pelag

366 4989 455 5046 lib
492 5006 553 5062 ιι,
604 5008 653 5048 c.
698 4991 754 5049 2.
825 4995 1094 5068 Agricola
1160 5000 1453 5072 Pelagiani

364 5079 625 5151 episcopi
655 5081 817 5140 ﬁlius
846 5084 1135 5143 Ecclesias
1159 5087 1452 5144 Hiberniae

362 5170 502 5226 dum
536 5170 726 5227 inﬁcit
745 5173 873 5229 suis
890 5174 1281 5245 dogmatibus,
1307 5178 1456 5249 Papa

362 5257 703 5316 Ceelestinus
749 5261 819 5317 ad
876 5266 1331 5333 praeservandam
1362 5267 1461 5323 Ca-

362 5347 636 5404 tholicam
713 5349 879 5407 ﬁdem
966 5352 1022 5407 S.
1106 5354 1455 5413 Germanum

358 5436 900 5497 Antisiodorensem
939 5442 1277 5514 episcopum
1311 5444 1454 5503 illuc

361 5527 713 5585 transmittit
741 5528 970 5587 civibus
1000 5530 1129 5587 suis
1157 5531 1344 5589 eidem
1365 5535 1456 5591 dc-

362 5616 673 5674 mandatis.
701 5618 945 5692 Prosper
990 5621 1049 5676 in
1096 5620 1209 5678 ﬁne
1257 5623 1452 5681 collat.

361 5702 502 5757 Vide
546 5705 720 5761 Noris
747 5707 866 5764 hist
922 5709 1091 5780 Pelag
1126 5724 1235 5783 pag
1287 5710 1409 5768 492.

2152 3783 2240 3835 tra
2286 3778 2645 3852 Pelagianos.
2704 3785 2846 3843 Vide
2891 3790 3064 3847 Noris
3122 3792 3243 3854 hist

2149 3866 2318 3940 Pelag
2344 3866 2431 3923 lib
2457 3883 2519 3934 ιι,
2548 3882 2652 3941 cap
2681 3870 2735 3928 6.
3158 3876 3159 3879 “
3226 3890 3233 3897 ‘

2220 3958 2276 4011 S.
2303 3956 2668 4028 Augustinus
2699 3958 2782 4019 lib
2813 3976 2960 4024 xvm
2989 3969 3060 4027 de
3087 3971 3242 4033 Civlt

2153 4045 2206 4099 h.
2243 4059 2302 4100 a.
2343 4047 2571 4120 scribit,
2609 4055 2674 4105 ut
2714 4063 2784 4108 ex
2839 4068 2943 4128 cap
2988 4058 3089 4131 54,⁸
3131 4063 3234 4123 ubi

2148 4132 2392 4192 aﬁirmat
2448 4138 2624 4195 ﬂuere
2674 4154 2890 4202 annum
2944 4162 3061 4206 xxx
3108 4162 3239 4222 post

2147 4225 2295 4282 Cons
2326 4226 2528 4283 Manlii
2559 4229 2865 4288 Theodori.
2894 4235 2948 4290 S.
2982 4237 3233 4298 Ctelesti‘-

2149 4328 2261 4371 nus
2280 4316 2614 4375 admonitus
2643 4321 2713 4376 de
2758 4323 2998 4394 scriptis
3018 4328 3233 4387 Nesto-

2148 4404 2224 4461 rii
2260 4419 2360 4476 per
2394 4407 2718 4480 Egyptum,
2773 4412 3037 4487 aliasque
3088 4417 3237 4476 Pro—

2145 4494 2367 4552 vincias
2427 4496 2830 4558 disseminatis
2888 4502 2942 4560 S.
3015 4506 3232 4578 Cyrillo

2148 4582 2405 4657 mandat,
2466 4592 2530 4644 ut
2586 4590 2657 4646 de
2716 4590 2954 4651 illorum
2994 4605 3231 4657 auctore
3286 4629 3290 4632 <

2139 4672 2454 4747 diligenter
2556 4680 2835 4752 inquirat.
2926 4685 3230 4746 Nestorius

2142 4760 2589 4825 humanissimis
2610 4766 2829 4827 litteris
2849 4770 3054 4843 Cyrilli
3075 4788 3229 4833 arro-

2138 4858 2339 4922 ganter
2369 4859 2692 4926 respondet.
2729 4860 2899 4915 Petav
2943 4874 3013 4917 ex
3062 4862 3225 4921 Actis

2138 4939 2331 4997 Concil
2359 4943 2567 5013 Ephes.

2205 5031 2503 5088 iuvenalis
2536 5033 3066 5105 Hierosolymorum
3101 5042 3218 5112 epi-

2139 5130 2349 5188 scopus
2402 5126 2633 5177 creatur
2703 5128 2933 5182 mortuo
2998 5129 3228 5201 Praylio

2132 5207 2298 5276 juxta
2352 5208 2533 5265 Baron
2576 5218 2632 5267 et
2676 5212 2841 5269 Petav
2875 5216 2973 5272 sed
3015 5220 3225 5292 Pagius

2130 5309 2194 5373 ιι.
2226 5292 2314 5365 27,
2349 5309 2418 5352 ex
2448 5296 2563 5354 vita
2590 5299 2645 5354 S.
2679 5301 2975 5373 Euthymii
3019 5309 3222 5379 probat

2136 5383 2466 5442 Iuvenalem
2509 5401 2631 5443 eam
2658 5388 2971 5452 Ecclesiam
3006 5399 3227 5457 rexisse

2137 5473 2310 5529 etiam
2336 5486 2486 5533 anno
2515 5478 2826 5549 superiori.

3347 3262 3457 3324 429
