3922 6420
140 366 243 424 697
1086 366 1408 425 CHRONOL
1443 367 1490 425 Α
1525 368 1583 426 S.
1622 369 2014 429 SYLVESTRO
2051 373 2146 430 AD
2181 375 2236 431 S.
2279 375 2488 431 GREG.
2531 377 2601 430 M.
3467 371 3574 430 698

200 493 396 570 Anni“
418 493 799 562 Imperatores,
879 495 1144 570 Consules
1214 494 1493 570 Romano-
1555 493 1722 570 Anni;
1832 496 1890 554 A
1978 499 2150 570 _Anni
2225 503 2680 570 Christianorum,
2721 500 3039 554 Iudaeorum
3088 503 3140 553 et
3180 499 3305 566 ﬁni—
3383 497 3541 554 Anni

176 565 396 643 Ρςνξοᾴἱ
504 579 648 632 rum,
680 579 766 618 res
795 569 958 632 gesta:
1008 571 1058 620 ct
1107 566 1444 620 documenta.
1683 564 1742 643 C.
1959 568 2170 641 Olymp.
2285 576 2537 627 timorum
2575 564 2927 643 populorum,
2981 564 3285 639 Pontiﬁces,
3364 570 3549 643 “Erae

199 637 295 712 Ῑῖέί
318 641 371 712 εἶτ
1533 639 1744 712 ante_et_
2033 637 2039 638 ⁷
2110 637 2130 641 ⁷
2276 660 2446 712 reges,
2499 637 2596 698 res
2637 637 2798 710 gesta:
2831 647 2881 697 et
2917 637 3284 696 documenta.
3348 640 3570 696 Christi.

242 707 349 762 Ind
1492 712 1617 777 post
1645 706 1764 762 Pal.

431 885 697 942 Rechilas
730 886 890 942 ﬁlius
922 887 1182 942 succedit
1213 887 1274 942 in
1305 887 1514 943 Baetica
2199 885 2234 940 S
2256 884 2428 954 Petri,
2464 897 2709 954 quarum
2737 895 2908 937 unam
2943 879 3291 936 transmittit

433 974 634 1030 victor.
665 975 932 1031 Petavius
956 975 1288 1048 exllsidoro.
1766 981 1769 984 ‘
2200 973 2431 1028 Romam
2464 973 2531 1027 ad
2566 971 2906 1027 Eudoxiam.
2948 969 3089 1024 Vide
3119 969 3292 1024 Peta-

2198 1061 2355 1116 vium
2377 1060 2447 1116 ad
2476 1074 2690 1116 annum
2719 1073 2819 1129 seq
2843 1063 2900 1114 et
2927 1063 3152 1115 nostras
3178 1070 3288 1113 no-

756 1182 762 1188 ι
2022 1161 2028 1165 ’
2201 1156 2287 1205 tas
2316 1149 2385 1205 ad
2418 1151 2687 1220 Xystum.

216 1258 361 1321 5452
504 1264 663 1333 Impp
691 1262 842 1318 Caass
873 1260 1232 1318 Theodosius
1255 1261 1365 1317 Jun
1395 1261 1521 1334 Aug
1595 1259 1726 1318 4494
2037 1267 2079 1308 ιι
2274 1254 2442 1324 Xysti
2471 1249 2506 1308 7
2537 1259 2595 1310 et
2620 1252 2675 1308 8.
3376 1249 3483 1309 439

187 1352 261 1425 ﬁ
306 1347 381 1406 28
430 1353 502 1406 tr.
534 1366 589 1420 p.
622 1347 710 1420 37,
745 1347 834 1406 38.
866 1350 974 1406 Cos
1003 1363 1146 1406 xvn.
1596 1348 1736 1406 4492

2026 1356 2087 1400 ιιι
2268 1342 2536 1398 Julianus
2571 1341 2909 1397 Eclanensis
2947 1340 3289 1412 Pelagianus

191 1439 267 1510 θ
337 1436 372 1495 3
503 1440 571 1496 Et
616 1438 1063 1495 Valentinianus
1113 1440 1222 1495 Jun
1275 1439 1406 1513 Aug
1446 1444 1518 1493 tr.
2203 1445 2235 1487 a
2265 1431 2397 1486 sede
2428 1430 2818 1500 recuperanda
2849 1429 3154 1499 repellitur
3193 1443 3293 1500 per

289 1528 342 1582 A
435 1543 488 1598 p.
523 1524 610 1598 44,
645 1525 731 1597 45,
765 1542 861 1584 cos
893 1542 968 1583 ιν.

2207 1519 2266 1574 Β.
2295 1521 2542 1590 Xystum
2578 1531 2779 1588 papam
2811 1531 2990 1573 suasu
3021 1517 3057 1572 S
3087 1518 3293 1574 Leonis

198 1615 384 1708 Indici
431 1652 570 1708 COSS
609 1616 969 1708 Theodosius
997 1615 1125 1688 Aug
1155 1630 1276 1672 xvn
2204 1615 2344 1708 tunc
2362 1608 2758 1708 Diaconimox
2775 1608 2901 1676 ejus
2919 1607 3292 1662 successoris.

246 1699 327 1742 vn
431 1689 570 1708 W"
610 1689 832 1743 Festus.
2208 1699 2451 1766 Prosper
2479 1697 2538 1751 in
2571 1697 2772 1751 chron.

194 1778 248 1829 et
276 1788 379 1832 vm
508 1779 683 1833 Vetus
757 1777 1066 1848 inscriptio
1136 1778 1195 1832 in
1275 1777 1526 1833 Basilica
1838 1817 1892 1877 B
2277 1786 2466 1842 Chron
2506 1785 2706 1841 Pasch.
2741 1786 2857 1841 Hoc
2897 1799 3046 1841 anno
3073 1786 3297 1842 Gense—

431 1867 488 1922 S.
544 1867 708 1922 Pauli
753 1874 809 1922 et
857 1867 946 1923 lex
991 1865 1081 1922 22.
1129 1868 1189 1922 C.
1241 1868 1311 1922 de
1354 1867 1525 1936 Episc
1782 1937 1790 1944 '
1838 1865 1891 1877 ⁵’

1782 1937 1790 1944 ,
1838 1865 1891 1877 ”
2207 1878 2366 1932 ricus
2417 1875 2802 1931 Vandalorum
2846 1889 2942 1929 rex
2988 1875 3296 1947 Carthagi—

433 1960 490 2009 et
517 1956 679 2009 Clerc
709 1955 953 2025 aliaeque
982 1955 1133 2024 apud
1166 1955 1402 2009 Reland.
2206 1980 2334 2022 nem
2389 1966 2685 2036 ingressus
2720 1969 2807 2019 est
2845 1978 3034 2020 mense
3075 1966 3297 2034 Hyper-

511 2042 721 2098 Octava
761 2043 1222 2113 quinquennalia
1261 2043 1531 2099 Theodo-

2203 2055 2468 2122 beretaeo,
2504 2053 2818 2123 eodemque
2847 2066 2997 2108 anno
3032 2053 3295 2111 Siciliam

434 2131 512 2185 sii
532 2132 641 2186 Jun
663 2131 810 2202 Aug.
837 2131 980 2186 Vide
1003 2131 1175 2187 Noris
1198 2131 1268 2187 de
1291 2144 1527 2188 nummo
2208 2148 2432 2199 vastare
2524 2141 2771 2196 annisus
2862 2145 2950 2197 est
3005 2160 3018 2195 :
3087 2141 3300 2198 violata

441 2218 653 2274 Licinii
690 2218 866 2288 p.80.
2210 2246 2346 2303 pace
2420 2231 2825 2302 Carthaginem
2902 2237 3149 2302 occupat
3229 2247 3300 2288 xv

2209 2321 2311 2376 Kal
2344 2318 2641 2375 Novembr.
2676 2320 2818 2376 Vide
2841 2320 3013 2376 Noris
3046 2320 3168 2376 hist
3193 2321 3302 2376 Pe—

2208 2410 2299 2480 lag
2343 2408 2426 2464 lib
2469 2420 2531 2478 ιι,
2569 2421 2672 2478 cap
2699 2405 2790 2478 24,
2819 2421 2888 2464 ex
2927 2409 3207 2478 Prospero
3245 2413 3303 2464 et

2206 2499 2419 2554 Idacio.

212 2589 360 2650 5453
516 2593 595 2646 Im
607 2605 680 2660 pp
709 2590 860 2646 Caass
882 2589 1140 2647 Theodos
1163 2593 1272 2648 Jun
1296 2591 1426 2664 Aug
1449 2597 1520 2649 tr.
1602 2591 1743 2653 4492

2031 2619 2094 2661 ιιι
2277 2604 2331 2658 S.
2365 2604 2584 2674 Xystus
2615 2602 2738 2658 obit
2761 2602 2858 2658 die
2888 2601 2960 2659 22
2982 2602 3096 2659 Jul.
3126 2605 3301 2659 Vacat

181 2686 253 2754 (ξ)
303 2680 328 2737 4
435 2695 486 2752 p.
522 2677 594 2735 38
625 2685 682 2735 et
708 2676 800 2750 39,
833 2693 962 2735 coss
993 2693 1136 2735 xvu.
1601 2680 1730 2741 4493

2031 2708 2084 2748 ιν
2191 2693 2363 2748 Sedes
2407 2688 2476 2746 42
2517 2691 2661 2747 dies.
2707 2691 2962 2762 Eligitur
2999 2692 3035 2746 S
3078 2693 3208 2760 Lso,
3244 2697 3302 2748 et
3393 2689 3498 2749 440

193 2769 272 2842 θ
309 2766 345 2824 4
517 2769 584 2824 Et
632 2766 1082 2823 Valentinianus
1120 2768 1230 2824 Jun
1278 2769 1406 2841 Aug
1448 2774 1518 2826 tr.

2207 2781 2514 2838 ordinatur
2589 2779 2866 2836 Kalendis
2948 2781 3299 2852 Septembris

215 2859 264 2914 G
291 2859 339 2912 F
435 2873 488 2928 ι).
531 2854 616 2927 45,
653 2851 739 2926 46,
773 2870 872 2912 COS
901 2869 955 2910 V-
2207 2885 2336 2928 cum
2392 2884 2423 2926 e
2479 2870 2666 2926 Gallis
2735 2851 3035 2927 rediisseti
3072 2873 3298 2930 accitus

190 2946 380 3038 India
431 2981 571 3038 COSS
615 2945 1062 3038 Valentinianus
1092 2945 1221 3020 Aug
1248 2961 1304 3001 ν.
2209 2959 2517 3031 Legatione
2562 2959 2816 3029 publica.
2858 2959 3004 3016 Vide
3032 2965 3199 3018 notas
3223 2963 3294 3018 ad

231 3031 340 3119 Y‘“
432 3016 988 3119 “"f’f."“a.‘°““.sz.
1063 3106 1112 3119 .,
1150 3016 1237 3119 κῖ.
1279 3108 1312 3119 ,.
1366 3109 1416 3119 --
2207 3016 2464 3119 Χίέιυηι·

215 3110 272 3161 et
300 3119 362 3163 ¹¹
466 3195 477 3198 -
507 3105 1030 3198 Ῠθξαῖίηδᾳῗίρίίθ
1061 3106 1123 3162 in
1150 3106 1246 3198 Ti?
1364 3109 1526 3198 Ma"
1840 3134 1891 3198 C
2255 3105 2521 3193 'Collatio
2571 3150 2672 3193 seu
2719 3139 3027 3194 Processus
3063 3138 3302 3194 habitus

435 3194 548 3250 tini
570 3194 640 3250 de
659 3193 956 3250 Montibus
977 3213 990 3250 :
1014 3199 1072 3251 et
1091 3195 1242 3265 apud
1264 3196 1522 3254 Gudium

434 3283 564 3339 dure
592 3295 624 3337 a
648 3282 902 3339 Relando
937 3283 1267 3354 impressae:
1299 3299 1522 3342 necnon

436 3373 588 3444 leges
625 3372 837 3443 plures,
878 3377 943 3428 ut
978 3369 1034 3442 7,
1075 3374 1134 3429 C.
1168 3374 1240 3430 de
1271 3375 1522 3446 legibus,

435 3461 680 3532 aliazque
706 3461 858 3531 apud
885 3461 1146 3518 eumdem
1177 3462 1518 3520 Relandum.

2203 3231 2335 3282 ante
2365 3224 2591 3281 obitum
2621 3225 2657 3280 S
2690 3225 2860 3296 Xysti
2899 3240 3057 3298 papae
3090 3229 3152 3284 in
3187 3229 3300 3282 Ba—

2203 3315 2373 3371 silica
2425 3314 2736 3370 Heleniana
2788 3315 2910 3371 sive
2960 3318 3301 3373 Sessoriana

2206 3403 2298 3459 his
2323 3416 2470 3459 coss.
2502 3401 2644 3458 Vide
2672 3402 2879 3458 conci].
2913 3403 3070 3461 Binii
3104 3411 3220 3462 tom
3250 3404 3294 3475 Ι,

2206 3498 2332 3560 part
2363 3504 2426 3560 ιι,
2463 3504 2570 3560 pag
2598 3486 2721 3545 488.

211 3601 352 3662 5454
505 3605 663 3674 Impp
696 3603 849 3659 Caass
871 3603 1232 3659 Theodosius
1260 3605 1370 3660 Jun
1397 3605 1525 3678 Aug
1598 3603 1740 3662 4493
1980 3599 2138 3669 Olym
2272 3595 2479 3651 Leonis
2513 3593 2536 3648 4
2574 3601 2632 3650 ει
2655 3593 2714 3652 2.
3390 3599 3490 3658 444

181 3698 258 3768 θ
300 3691 338 3749 2
435 3697 511 3748 tr.
546 3708 597 3762 p.
631 3690 703 3748 39
732 3696 790 3745 et
818 3688 907 3759 40,
942 3704 1240 3764 οοεχνιι,
1599 3692 1730 3750 4494

2008 3685 2115 3744 304
2275 3681 2635 3738 Theodosius
2665 3681 2882 3739 bellum
2917 3689 3120 3741 contra
3144 3687 3303 3742 Van-

188 3781 266 3854 θ
307 3779 343 3838 5
515 3781 586 3836 Et
631 3778 1077 3836 Valentinianus
1117 3777 1229 3835 Jun
1273 3779 1400 3853 Aug
1449 3785 1523 3838 tr.
2028 3788 2085 3831 ιν
2195 3769 2358 3828 dalos
2404 3774 2590 3824 movet
2625 3770 2972 3841 Areobinda,
3013 3772 3299 3846 Anavilla,

264 3871 315 3925 E
438 3885 496 3940 p.
541 3866 628 3937 46,
664 3863 750 3935 47,
786 3880 883 3922 cos
912 3855 966 3921 v.
2029 3869 2079 3920 et
2186 3866 2361 3931 atque
2398 3859 2682 3914 Germano
2723 3857 2974 3916 ducibus
3001 3875 3132 3918 cum
3175 3879 3304 3920 ma-

193 3960 380 4016 Indiet
507 3958 616 4013 Cos
643 3957 826 4027 Cyrus
861 3957 1023 4014 solus
1053 3958 1116 4012 ob
1148 3963 1321 4014 artem
1347 3963 1530 4030 poeti—
2005 3951 2112 4010 305
2191 3963 2308 4022 'gna
2327 3948 2512 4018 classe
2541 3949 2735 4004 minus
2757 3947 3007 4008 feliciter
3035 3945 3298 4010 directis.

254 4063 315 4106 xx
429 4064 548 4104 eam
585 4048 844 4102 Eudocz‘ao
878 4049 1160 4114 gratiosus
1206 4049 1281 4102 ad
1312 4048 1528 4103 Consu—
2053 4057 2069 4098 ι
2204 4040 2465 4108 Prosper.
2506 4038 2708 4104 Persae,
2758 4039 3048 4096 Saraceni.
3098 4044 3300 4118 Zanni,

228 4143 346 4194 et:
438 4137 613 4193 latum
647 4140 951 4206 promotus.
998 4137 1165 4192 Petav
1215 4151 1283 4193 ex
1323 4138 1525 4195 Suida.
2210 4129 2418 4198 Isauri,
2471 4127 2664 4183 Hunni
2713 4126 2998 4184 Romanas
3049 4131 3304 4189 Provin-

507 4225 821 4295 Inscriptio
865 4229 1030 4282 vetus
1079 4226 1139 4282 in
1179 4227 1233 4281 S.
1289 4226 1528 4282 Martini
2209 4218 2332 4274 cias
2394 4221 2640 4274 vastant.
2701 4215 2913 4271 Contra
2979 4230 3078 4272 eos
3135 4221 3299 4278 missi

433 4317 505 4372 de
530 4315 825 4372 Montibus
859 4313 1029 4370 habet
1061 4315 1121 4369 P.
1164 4315 1224 4370 C.
1253 4315 1365 4371 DD.
1406 4316 1524 4371 NN.
2209 4306 2517 4364 Anatolius
2551 4311 2608 4361 et
2638 4304 2823 4375 Aspar
2849 4319 3043 4375 pacem
3073 4305 3297 4364 ineunt.

433 4404 827 4461 Valentiniani
880 4409 934 4460 et
975 4404 1232 4462 Anatolii
1273 4419 1371 4461 cos
1413 4405 1527 4475 Cy-
2211 4396 2399 4453 Chron
2431 4395 2571 4452 Alex
2600 4402 2656 4451 et
2684 4409 2751 4450 ex
2783 4409 2850 4451 eo
2880 4396 3066 4451 Pelav.

439 4508 566 4550 rum
610 4493 846 4550 exhibet
883 4493 920 4548 l.
977 4490 1062 4549 40.
1109 4493 1169 4548 C.
1217 4495 1289 4549 de
1328 4492 1528 4551 defens
1846 4488 1902 4550 D
2281 4485 2560 4542 Sirmium
2608 4486 2896 4558 dirutum,
2941 4490 2998 4541 et
3052 4485 3306 4556 Plurima

438 4583 581 4640 civit
607 4582 854 4654 aliaeque
884 4583 1036 4651 apud
1069 4584 1308 4640 Reland.
2212 4575 2428 4648 Illyrici
2451 4575 2662 4648 Oppida
2693 4589 2793 4647 per
2818 4575 3043 4632 Bledam
3068 4581 3124 4632 et
3145 4576 3308 4633 Atti—

509 4672 576 4726 H.
598 4686 650 4727 a.
677 4671 1002 4728 celebratur
1023 4672 1219 4729 Concil
1246 4673 1528 4730 Arausicl
2211 4668 2324 4724 lam
2363 4668 2702 4724 Hunnorum
2736 4680 2914 4738 reges.
2946 4667 3028 4722 Ex
3059 4667 3308 4724 Marcel—

439 4774 509 4816 ex
556 4760 916 4817 Narbonensi
961 4766 1018 4817 et
1064 4762 1328 4835 Lugdun.
1382 4763 1528 4818 Pro-
2228 4758 2338 4813 lini
2365 4757 2565 4814 chron.
2600 4756 2742 4812 Vide
2769 4756 2942 4812 Noris
2970 4755 3109 4809 hist.
3140 4755 3234 4810 Pel
3264 4755 3299 4811 l.

438 4850 674 4908 vinciis.
708 4851 894 4907 Petav.
2217 4860 2253 4916 ι,
2313 4862 2364 4902 c.
2419 4843 2512 4910 20,
2576 4844 2792 4915 quibus
2849 4849 3044 4914 pactas
3100 4843 3307 4902 scribit

2213 4934 2428 4990 Paulus
2464 4935 2605 4988 Diac
2645 4932 2727 4987 lib
2762 4945 2879 5000 xw,
2921 4946 2952 4985 a
2985 4929 3307 4989 Theodosio

2214 5036 2437 5079 annuas
2465 5022 2595 5076 auri
2619 5019 2800 5074 libras
2828 5018 3004 5074 mille.
3031 5019 3172 5075 Vide
3196 5022 3309 5078 Pe-

221 5156 370 5215 5455
2215 5118 2305 5166 tav
2330 5110 2398 5165 ad
2427 5122 2538 5163 ann
2573 5107 2921 5177 proximum.

194 5211 284 5322 {5
305 5211 360 5302 ‘3‘
509 5247 668 5317 Impp
696 5245 848 5302 Ctess
871 5242 1235 5300 Theodosius
1262 5242 1372 5298 Jun
1405 5241 1532 5313 Aug
1607 5237 1743 5297 4494

2057 5234 2074 5274 ι
2282 5215 2485 5271 Leonis
2514 5211 2550 5269 2
2569 5219 2624 5269 et
2648 5211 2700 5268 3.
3399 5217 3505 5279 442

203 5303 279 5409 ὃ
315 5333 350 5392 6
447 5340 522 5390 tr.
554 5303 730 5405 p740,
766 5333 853 5404 44,
889 5346 989 5390 cos
1023 5346 1165 5387 xvu.
1499 5303 1529 5313 ν
1608 5328 1748 5386 4495

2052 5323 2093 5364 ιι
2286 5303 2611 5361 Concilium
2669 5304 2912 5360 Vasense
2969 5306 3191 5363 dictum
3244 5310 3305 5366 in

273 5390 339 5480 θ’
519 5390 589 5480 έι
633 5390 1074 5481 νέίεηιίηίαηαδ
1119 5422 1228 5476 Jun
1277 5418 1403 5490 Aug
1455 5423 1528 5475 ιι..
2212 5392 2572 5452 Narbonensi
2602 5390 2793 5448 Gallia
2823 5393 3168 5453 celebratur.
3196 5399 3305 5455 Pe-

205 5515 390 5571 Indict
447 5529 502 5585 p.
539 5511 625 5583 47,
662 5511 749 5585 48,
783 5527 880 5570 cos
909 5528 966 5567 v.

2214 5492 2321 5541 tav.

278 5618 314 5660 χ
449 5573 952 5660 ληςιςυάοχίηε,
1105 5633 1268 5660 mh
1308 5633 1505 5660 nd“.
2285 5575 2426 5630 Cum
2475 5573 2769 5629 Geiserico
2812 5587 2844 5628 a
2899 5573 3305 5637 Valentiniano

1103 5633 1270 5690 ambo
1308 5633 1529 5690 Orient.

225 5639 373 5733 cf“
451 5639 594 5696 COSS
1103 5639 1270 5690 ambo
1308 5639 1529 5690 υηθηίι
2217 5679 2324 5735 pax
2367 5661 2723 5731 conﬁrmata,
2769 5669 2826 5720 et
2868 5664 3044 5721 certis
3096 5669 3304 5737 spatiis
