3922 6418
367 377 474 436 699

1170 375 1262 430 ΑΒ
1303 373 1738 431 ANASTASIUM
1779 370 2296 432 PROLEGOMENA
2331 371 2510 430 EDIT.
2553 367 2984 426 ROM.—VATIC.

3694 359 3790 422 700
3888 299 3889 318 χ

443 504 601 558 Anni
686 506 1066 572 Imperatores,
1105 500 1360 555 Consules
1418 503 1781 556 Romanorum
1832 501 1989 572 Anni
2057 499 2115 559 A
2199 500 2358 572 Anni
2425 498 2880 572 Christiano-rum,
2935 493 3248 572 {admorunt
3295 490 3518 572 et_ﬁm’-
3582 489 3734 544 Anni

2502 571 2754 622 timorum
2792 567 3141 636 populorum,
3187 564 3496 636 Pontiﬁces,
3553 564 3711 636 *{Erz

2534 643 2720 709 Reges,
2752 632 2837 692 res
2863 632 3027 705 gesta
3070 632 3135 689 et
3162 635 3503 688 documenta.
3538 632 3750 688 Christi.

478 576 600 629 Per.
765 570 786 572 “
843 589 929 627 res
969 579 1132 640 gestae
1179 578 1228 626 et
1257 574 1600 627 documenta.
1851 574 1912 626 U.
1943 570 1998 625 C.
2176 571 2383 640 Olymp.

409 647 525 700 Jul.
548 651 598 700 et
1763 647 1890 698 ante
1913 648 1981 696 et.

448 718 575 772 Ind.
1710 715 1964 786 postPal.

733 841 961 895 Veteres
992 839 1242 908 inscript
1284 837 1506 894 Febrett
1536 854 1589 909 p.
1626 836 1748 908 442,

661 928 882 998 Aringh
918 941 1024 998 pag
1057 925 1177 982 409.
1219 927 1425 984 Reines
1467 944 1516 998 p.
1561 925 1669 982 985
1697 932 1751 983 et

661 1016 788 1086 988,
827 1022 883 1072 et
912 1017 1052 1074 Acta
1087 1015 1335 1072 Concilii
1376 1017 1665 1083 Vasensis,
1697 1022 1754 1072 et

662 1107 754 1161 lex
779 1104 833 1160 9.
864 1105 925 1160 C.
957 1105 1027 1160 de
1058 1105 1552 1175 discussionibus,
1587 1105 1754 1160 aliae-

668 1209 779 1266 que
811 1195 962 1264 apud
995 1194 1232 1248 Reland.

449 1304 592 1362 5456
740 1305 897 1374 Impp
921 1303 1076 1358 Caass
1102 1302 1462 1358 Theodosius
1490 1302 1600 1356 Jun
1626 1300 1754 1373 Aug
1829 1298 1969 1356 4495
2283 1313 2327 1356 ιι

414 1399 488 1472 ﬁ)
553 1393 588 1450 4
662 1398 736 1450 tr.
772 1409 828 1462 p.
861 1390 922 1447 44
957 1397 1015 1448 et
1039 1388 1130 1460 42,
1164 1405 1262 1446 cos
1291 1405 1430 1446 xvu.
1830 1387 1963 1445 4496

772 1409 828 1462 p.
861 1390 922 1447 44
957 1397 1015 1448 et
1039 1388 1130 1460 42,
1164 1405 1262 1446 cos
1291 1405 1430 1446 xvu.
1830 1387 1969 1445 4496
2257 1403 2320 1446 ιιι

414 1495 487 1567 ο
557 1491 592 1548 7
737 1494 805 1547 Et
835 1491 1279 1547 Valentinianus
1297 1490 1407 1545 Jun
1433 1488 1558 1560 Aug
1581 1493 1652 1544 tr.
1685 1505 1746 1560 p.

523 1582 563 1637 C
657 1579 724 1636 48
743 1585 800 1637 et
828 1577 915 1649 49,
945 1594 1042 1636 cos
1073 1594 1124 1634 v.
1160 1614 1172 1623 -

412 1671 614 1761 Indict.
657 1706 796 1761 COSS
873 1669 1180 1761 Petronius
1211 1667 1498 1723 Maximus
1525 1681 1592 1722 ιι.

487 1757 545 1799 ιιι
658 1743 796 1761 “""°
873 1743 1172 1795 Paternus.

430 1838 482 1888 et
502 1847 584 1888 xu
735 1829 990 1900 Epistola
1025 1828 1047 1882 4
1079 1829 1134 1883 S.
1170 1829 1373 1884 Leonis
1401 1828 1534 1884 data
1563 1841 1649 1883 γι.
1691 1826 1752 1883 Id

665 1917 877 1974 Octobr
899 1919 1146 1973 Maximo
1179 1917 1389 1972 iterum
1415 1921 1473 1971 et
1511 1917 1754 1971 Paterno

665 2024 795 2065 coss
840 2023 965 2079 qua:
994 2009 1052 2062 in
1098 2006 1198 2062 cod
1231 2007 1320 2061 MS
1359 2007 1395 2061 S
1428 2005 1628 2061 Crucis
1660 2023 1673 2058 :
1712 2004 1752 2060 l.

667 2095 721 2152 4.
745 2098 784 2152 C
813 2098 882 2153 de
907 2095 1032 2154 oﬂic
1051 2111 1177 2168 mag
1197 2094 1321 2153 ofﬁc
1337 2095 1582 2166 aliaeque
1602 2092 1753 2164 apud

668 2187 903 2242 Reland.

741 2297 998 2366 Papyrus
1056 2293 1394 2362 Mat’fejanus
1437 2293 1578 2349 olim
1626 2293 1760 2348 San-

667 2383 905 2441 Bonifac
933 2385 1085 2454 apud
1113 2382 1388 2437 Mabillon
1416 2382 1550 2438 diar
1571 2381 1674 2436 Ital
1706 2386 1762 2435 et

668 2475 863 2529 March
908 2473 1190 2544 Maﬁ‘ejum
1239 2470 1358 2526 hist
1405 2471 1487 2526 rei
1541 2469 1760 2539 diplom

673 2579 730 2631 p.
775 2560 903 2618 432.
1253 2621 1256 2624 π

747 2648 942 2703 Africa
1001 2663 1033 2702 a
1080 2646 1488 2702 Valentiniano
1571 2644 1762 2700 divisa

671 2751 803 2792 cum
846 2736 1140 2791 Vandalis.
1193 2735 1440 2789 Ruinart
1475 2734 1596 2790 hist
1623 2746 1758 2804 per-

674 2837 768 2880 sec
797 2823 1010 2881 Vandal
1039 2825 1168 2893 part
1193 2821 1247 2886 2,
1280 2836 1330 2877 c.
1358 2821 1412 2894 6,
1445 2836 1501 2892 n,
1537 2819 1590 2877 4.

2264 3105 2329 3148 III

2261 3194 2319 3238 IV

1837 3101 1977 3160 4496

1833 3190 1974 3248 4497

459 3106 601 3167 5457
746 3109 867 3176 Imp
882 3107 1002 3162 Caes
1023 3105 1384 3161 Theodosius
1405 3105 1515 3160 Jun
1541 3103 1668 3176 Aug
1684 3107 1756 3160 tr.

425 3202 499 3275 θ
573 3195 610 3252 5
675 3211 731 3266 p.
760 3193 830 3250 42
858 3202 914 3250 et
942 3192 1031 3253 43.
1064 3207 1162 3249 cos
1197 3207 1362 3248 xvm.

428 3288 502 3360 θ
575 3287 612 3342 8
742 3289 810 3342 Ει
850 3285 1293 3342 Valentinianus
1314 3286 1423 3340 Jun
1442 3284 1572 3354 Aug
1601 3289 1673 3340 tr.
1704 3300 1757 3355 p.

460 3379 506 3432 B
533 3379 585 3432 Α
679 3373 748 3431 49
776 3381 833 3432 et
859 3374 950 3444 20,
975 3390 1072 3431 cos
1098 3388 1153 3428 v.

430 3464 610 3520 Indict
672 3501 807 3534 mm
886 3463 1247 3518 Theodosius
1274 3462 1404 3534 Aug
1425 3476 1594 3518 xvm.

498 3549 584 3590 In
673 3536 810 3556 “"°°
885 3536 1155 3590 Albinus.

427 3629 481 3679 et
507 3638 612 3680 xm
746 3627 810 3680 In
835 3625 1076 3694 antiqua
1110 3623 1338 3693 phylira
1368 3624 1522 3693 apud
1552 3621 1768 3678 Mabil—

679 3713 774 3769 Ion
807 3714 868 3770 in
898 3713 1160 3782 supplem
1188 3713 1269 3766 rei
1317 3712 1538 3782 diplom
1570 3726 1622 3780 p.
1671 3709 1764 3782 88,

678 3810 737 3860 et
764 3802 1048 3872 Maﬂ‘ejum
1073 3802 1133 3857 in
1157 3802 1278 3857 hist
1298 3801 1379 3856 rei
1407 3800 1628 3872 diplom
1661 3814 1769 3872 pag

753 3982 791 4035 S
839 3982 1044 4037 Leonis
1094 3980 1340 4051 epistola
1383 3981 1517 4037 data
1569 3994 1635 4035 ιιι
1705 3980 1766 4036 Id

684 4070 829 4126 Febr
880 4071 974 4126 his
1020 4085 1148 4126 coss
1196 4072 1257 4126 in
1295 4070 1493 4127 codice
1523 4069 1772 4126 vetustS

685 4161 906 4217 Crucis.

758 4253 896 4308 Item
924 4251 1075 4322 leges
1099 4250 1250 4323 apud
1304 4249 1518 4305 Reland
1552 4253 1616 4304 ut
1640 4247 1681 4302 l.
1714 4245 1767 4303 4.

679 4345 741 4400 C.
764 4345 834 4399 de
867 4345 1099 4411 statuis,
1125 4348 1233 4396 etc.

758 4432 1118 4488 Theodosius
1218 4430 1327 4483 Jun
1409 4428 1535 4498 Aug
1613 4431 1775 4482 octav

672 3501 810 3556 Coss

691 4520 1153 4594 quinquennalia
1225 4518 1416 4573 solvit.
1475 4517 1648 4573 Noris
1705 4515 1776 4570 de

692 4623 853 4668 num.
883 4610 983 4664 Lic
1012 4623 1065 4679 p.
1093 4606 1202 4672 80.

1848 4801 1988 4860 4497
2207 4785 2398 4855 Olymp

1850 4891 1989 4951 4498

472 4812 617 4870 5458
799 4811 959 4880 Impp
973 4808 1122 4863 Caess
1143 4803 1500 4862 Theodosius
1518 4803 1626 4859 Jud
1647 4802 1775 4878 Aug

439 4906 513 4978 ᾧ
592 4900 628 4957 6
690 4906 763 4957 tr.
799 4915 855 4971 p.
882 4872 955 4955 48
979 4905 1035 4952 et
1060 4895 1148 4968 44,
1181 4909 1280 4952 cos
1321 4906 1484 4950 xvm.
1745 4872 1768 4878 ’
1850 4891 1989 4951 4498
2262 4872 2370 4931 305

438 4990 512 5061 θ
599 4988 636 5046 9
766 4991 834 5045 Et
864 4988 1308 5044 Valentinianus
1357 4985 1467 5041 Jun
1521 4982 1649 5058 Aug
1697 4988 1771 5039 tr.
2279 4980 2336 5061 IV

537 5079 582 5134 G
692 5094 744 5148 p.
773 5077 861 5134 eo.
889 5077 978 5144 24,
1008 5092 1106 5135 cos
1134 5091 1209 5132 VI.
2274 5059 2344 5148 .θέ

688 5141 828 5259 ξοδδ
901 5141 1342 5259 Valentinianus
1396 5167 1505 5221 Jun
1535 5165 1663 5238 Aug
1690 5179 1769 5220 VI.
2271 5141 2379 5201 306

491 5252 597 5293 xm
689 5240 828 5259 W”
901 5240 1126 5295 Nonius
2308 5247 2327 5288 ι

465 5331 514 5379 et
536 5341 632 5381 xiv
770 5326 1079 5396 Inscriptio
1154 5327 1544 5383 Narbonensis
1623 5326 1775 5396 apud

693 5413 922 5468 Golnitz
978 5415 1036 5468 in
1105 5417 1218 5469 Itin
1250 5414 1496 5483 Belgico,
1547 5421 1602 5470 et
1625 5413 1776 5484 apud

693 5501 930 5566 Pagium
964 5501 1020 5554 h.
1043 5516 1092 5555 a.
1123 5511 1179 5557 et
1230 5505 1287 5557 in
1319 5504 1532 5558 nostris
1580 5505 1779 5559 Prole-

697 5601 824 5652 gom
855 5592 910 5639 et
940 5590 1088 5655 apud
1135 5591 1330 5645 Ruﬂ'os
1386 5590 1503 5646 hist
1531 5591 1773 5649 Massill.

699 5670 841 5722 Vide
891 5677 1054 5727 notas
1100 5679 1168 5732 ad
1222 5681 1461 5734 Leonem
1512 5682 1586 5735 Μ.
1626 5685 1682 5735 et
1733 5680 1773 5733 l.

2425 799 2620 855 Africa
2649 799 2800 853 inter
2827 785 3142 866 utrumque
3169 793 3383 849 divisa.
3410 793 3514 848 Sed

2429 891 2490 945 in
2512 888 2867 944 Geisericum
2895 884 3231 953 conspirant
3263 882 3519 950 optima—

2427 983 2532 1042 tes,
2585 976 2686 1046 qui
2721 973 2927 1030 detecti
2973 971 3376 1028 crudelissime
3415 983 3521 1026 ne—

2431 1069 2654 1122 cantur.
2685 1065 2950 1120 Petavius
2979 1076 3047 1117 ex
3072 1061 3374 1130 Prospero.

2509 1297 2714 1354 Leonis
2732 1293 2767 1351 3
2795 1301 2851 1351 et
2871 1293 2923 1350 4.

2506 1390 2612 1443 Leo
2672 1399 2814 1457 papa
2872 1385 3072 1440 contra
3105 1379 3448 1436 Manichaeos

2435 1480 2624 1533 Romae
2643 1476 2939 1531 latitantes
2971 1471 3225 1542 insurgit
3253 1489 3266 1524 :
3291 1469 3522 1525 codices

2435 1580 2630 1623 eorum
2683 1566 2814 1638 igne
2860 1562 3135 1618 absumit.
3169 1560 3407 1628 Prosper
3460 1559 3519 1613 in

2435 1657 2613 1712 chron
2663 1655 2814 1709 Idem
2865 1653 2974 1706 Leo
3004 1647 3348 1704 Manichaaos
3376 1645 3522 1702 sub-

2434 1747 2624 1812 vertit,
2702 1748 2758 1799 et
2809 1740 3092 1797 convertit
3164 1737 3520 1808 Pelagianos.

2437 1835 2675 1903 Prosper
2720 1833 2790 1888 de
2822 1829 3125 1901 promissis
3175 1827 3276 1883 Dei
3335 1839 3438 1894 cap
3465 1823 3521 1879 6.

2431 1924 2574 1979 Vide
2598 1922 2769 1977 Noris
2809 1921 2925 1976 hist
2973 1918 3142 1988 Palag
3195 1916 3278 1972 lib
3323 1928 3387 1985 ιι,
3419 1927 3522 1983 cap

2437 2011 2523 2082 42,
2554 2028 2662 2085 pag

2503 2103 2894 2158 Theodoretus
2964 2095 3288 2154 Antiochiae
3332 2094 3521 2165 Syno-

2434 2195 2541 2252 dos
2579 2190 2947 2264 frequentans
2978 2187 3370 2258 suspicionem
3426 2183 3526 2238 in-

2436 2284 2623 2340 currit
2671 2283 2946 2336 haereseos
2995 2277 3347 2334 Nestorianae
3368 2271 3522 2342 apud

2438 2373 2842 2437 Theodosium,
2877 2383 2909 2424 a
2935 2381 3049 2438 quo
3091 2365 3330 2435 jubetur
3363 2363 3517 2416 intra

2438 2463 2644 2518 Urbem
2694 2473 2857 2515 suam
2909 2470 2969 2512 se
3016 2455 3330 2510 continere.
3359 2452 3528 2505 Petav

2440 2565 2509 2606 ex
2537 2549 2792 2618 ejusdem
2818 2543 3084 2615 epistolis
3111 2539 3200 2608 84,
3233 2539 3324 2606 90,
3357 2545 3467 2593 etc.

2508 2635 2866 2693 Theodosius
2892 2633 3010 2701 imp
3039 2644 3107 2685 ex
3159 2627 3370 2682 Asiana
3420 2639 3535 2680 ex—

2441 2728 2734 2800 peditione
2787 2723 2969 2778 redux
3022 2721 3188 2791 juxta
3232 2713 3535 2769 Marcelli—

2439 2831 2576 2874 num
2605 2815 2877 2870 Thermas
2917 2809 3176 2864 dedicat:
3224 2816 3369 2876 quas
3396 2806 3534 2857 ante

2441 2907 2735 2966 dedicatas
2788 2899 3001 2972 arguit.
3082 2898 3250 2951 Petav
3303 2906 3373 2948 ex
3424 2889 3534 2944 chr

2441 2998 2580 3054 Alex
2609 2994 2714 3050 lbi.

2513 3083 2717 3140 Leonis
2738 3077 2770 3134 4
2795 3083 2851 3134 et
2874 3075 2928 3132 5.

2498 3171 2833 3230 Concilium
2858 3167 3049 3220 Romae
3100 3173 3134 3215 a
3181 3159 3362 3213 Leone
3407 3153 3532 3208 Ma-

2441 3278 2552 3338 gno
2609 3265 2808 3316 contra
2860 3251 3204 3338 Manichmos
3262 3243 3531 3338 habitum

2445 3329 2720 3410 memorat
2743 3360 2812 3402 ex
2837 3345 2963 3412 ejus
2982 3338 3134 3408 epist
3156 3333 3212 3403 9,
3252 3332 3322 3387 ad
3349 3329 3534 3384 Turi-

2444 3442 2626 3498 bium.
2662 3439 2851 3492 Petav.

2514 3528 2776 3599 Synodus
2837 3515 3191 3577 Arelatensis
3249 3512 3310 3566 in
3358 3520 3533 3599 causa

2444 3597 2671 3689 deposit
2696 3609 3006 3670 Celidonii.
3029 3604 3200 3662 Noris
3225 3602 3345 3657 hist
3365 3597 3534 3668 Pelag

2445 3709 2530 3766 lib
2557 3722 2621 3764 ιι.
2651 3720 2702 3762 c.
2749 3701 2838 3758 42.

2518 3791 2856 3864 S.Cyrillus
2908 3781 3336 3842 Alexandrinus
3382 3775 3528 3832 obit.

2447 3886 2534 3943 Ibi
2583 3897 2689 3955 pag
2916 3872 3186 3932 Succedit
3215 3871 3532 3925 Dioscorus

2451 3976 2553 4050 qui
2577 3970 2930 4028 Theodoreto
2959 3963 3221 4020 infensus
3275 3956 3405 4013 fuit.
3436 3955 3532 4008 Pe-

2451 4071 2562 4121 tav.
3131 4082 3137 4086 -

2520 4155 2600 4208 De
2625 4149 2895 4206 Paschate
2922 4145 3097 4214 hujus
3135 4138 3267 4196 anni
3294 4132 3537 4192 consul-

2453 4250 2550 4300 tus
2591 4255 2624 4295 a
2660 4241 2715 4296 S.
2777 4240 2959 4292 Leone
3000 4229 3386 4288 Paschasinus
3437 4237 3538 4280 re-

2457 4331 2698 4403 spondet
2736 4323 3140 4383 celebrandum
3182 4317 3403 4388 Aprilis
3442 4312 3534 4383 23,

2458 4425 2519 4478 in
2545 4422 2694 4491 epist
2727 4422 2854 4489 post
2884 4414 3229 4470 Leonianam
3259 4405 3350 4462 63.

2529 4510 2708 4566 Attila
2774 4505 2945 4562 Bleda
2993 4501 3170 4558 fratre
3207 4510 3314 4553 suo
3394 4507 3540 4549 03350

2457 4598 2700 4672 populos
2746 4597 2872 4665 ejus
2919 4591 3034 4649 sibi
3089 4585 3349 4656 subjicit.
3403 4581 3542 4672 Qbit

2458 4671 2703 4746 Arcadia
2742 4698 2906 4742 soror
2955 4677 3285 4737 Theodosii.
3319 4671 3466 4729 Ibid.

2531 4776 2737 4834 Leonis
2761 4773 2797 4829 5
2819 4777 2875 4828 et
2908 4771 2962 4828 6.

2531 4869 2714 4924 Leone
2759 4865 2910 4932 Papa
2935 4861 2995 4916 in
3042 4857 3303 4915 Concilio
3351 4855 3541 4909 Romae

2461 4957 2660 5016 habito
2677 4959 2876 5011 contra
2890 4953 2943 5007 S.
2974 4949 3182 5005 Hilarii
3207 4943 3541 5003 ordinatio-

2455 5064 2556 5106 nes
2587 5048 2645 5103 in
2671 5044 2860 5100 aliena
2879 5038 3174 5111 provincia
3205 5035 3545 5092 decernente

2451 5141 2543 5196 lex
2563 5132 2954 5193 Valentiniani
2981 5129 3255 5186 conditur
3273 5122 3472 5181 Novell
3502 5121 3544 5177 l.

2465 5243 2543 5298 vr,
2597 5227 2672 5284 tit
2698 5223 2790 5293 24,
2842 5225 2911 5279 de
2950 5220 3122 5291 Episc
3151 5216 3322 5273 ordin
3373 5215 3546 5268 Peta—

2459 5320 2614 5374 vius.

2533 5410 2654 5463 Huc
2699 5417 2880 5474 usque
2922 5403 2976 5457 S.
3025 5401 3268 5468 Prosper
3296 5391 3554 5450 Chroni—

2461 5513 2567 5556 con
2624 5511 2791 5553 suum
2824 5493 3112 5564 perduxit.
3164 5489 3332 5544 Vitus
3362 5482 3552 5553 Magi-

2466 5595 2584 5647 ster
2614 5587 2922 5656 utriusque
2979 5581 3208 5636 Militiae
3242 5575 3460 5632 missus
3493 5571 3554 5625 in

2461 5679 2604 5748 Hisp
2653 5679 2719 5731 ut
2767 5671 3248 5742 Carthaginenses
3303 5663 3536 5722 vexaret

3606 1285 3709 1345 443

3650 3059 3742 3120 tu
