3922 6398
203 391 314 453 704
1170 406 1495 467 CHRONOL
1528 410 1577 468 A
1613 411 1670 468 S.
1707 411 2096 475 SYLVFSTRO
2133 419 2228 476 AD
2263 421 2320 478 S.
2361 423 2570 480 GREG.
2614 423 2688 476 M.
3558 422 3670 484 702

290 520 445 619 Agri
525 526 914 619 Imperatores,
942 529 1256 619 Consules,
1311 534 1587 619 Romano—
1640 537 1828 619 ’.Ληῃί
1916 537 1970 598 Α
2051 541 2218 619 _Anm'
2278 547 2734 614 Christianorum,
2793 548 3111 603 Judaorum
3158 553 3210 604 et
3253 550 3390 619 ﬁni-
3451 549 3608 604 Anni

587 591 711 652 ium
761 615 847 654 res
893 607 1077 674 gesta,
1107 609 1158 658 et
1217 591 1556 660 documenta.
1640 591 1719 661 U.
1753 607 1810 662 C.

285 663 381 716 Jul
410 670 462 719 et
894 663 916 670 ⁷
1066 663 1076 674 ’
1647 685 1775 734 ante
1791 683 1842 733 et

321 735 434 789 Ῑηά
1610 755 1738 819 post
1764 750 1886 804 Pal.

516 847 711 903 Novell
738 849 1106 908 Valentinian
1135 853 1206 910 tit
1255 851 1308 926 3,
1342 854 1604 927 aliasque

507 937 657 1004 apud
705 937 941 994 Reland.

571 1023 767 1080 Victor
785 1029 1154 1086 Tununensis
1193 1030 1329 1086 hinc
1363 1033 1602 1090 exordi—

496 1115 594 1167 tur
620 1113 966 1172 Chronicon.

273 1211 431 1302 54597
565 1221 726 1292 Impp
749 1222 900 1280 Cass
943 1223 1301 1284 Theodosius
1325 1229 1437 1284 Jun
1474 1229 1602 1302 Aug
1675 1229 1815 1288 4498

284 1306 361 1380 θ
413 1301 451 1361 7
495 1312 568 1364 tr.
603 1307 749 1380 p.44
773 1317 829 1368 et
854 1311 943 1383 45,
989 1328 1119 1371 coss
1146 1330 1308 1372 xvm.

271 1399 348 1472 θ
401 1401 468 1459 40
561 1407 630 1462 Et
660 1407 1104 1470 Valentinianus
1147 1415 1256 1471 Jun
1285 1415 1413 1487 Aug
1454 1420 1528 1472 tr.
1567 1431 1602 1488 p

332 1494 381 1546 F
507 1493 571 1551 24
615 1495 705 1565 22,
735 1513 833 1556 cos
873 1515 955 1556 v1.

307 1582 492 1677 Egi“
516 1620 654 1677 Coss
730 1589 934 1677 ὲθίίέιε
975 1605 1060 1677 ﬂ}:

318 1667 416 1707 xxv
517 1657 654 1677 υυοο
731 1657 793 1728 Q.
853 1663 1130 1719 Aurelius
1163 1665 1556 1735 Symmachus.

314 1745 366 1796 et
389 1757 462 1800 xv
558 1747 619 1801 L.
687 1746 741 1817 8,
799 1750 858 1805 C.
935 1751 1008 1806 de
1050 1752 1297 1824 legibus,
1351 1754 1597 1828 aliaque

486 1837 634 1905 apud
659 1838 916 1910 Pagium,
953 1842 1167 1899 Reland
1191 1851 1299 1912 etc,

556 1925 700 1982 Picti
729 1933 904 2000 atque
932 1931 1084 1986 Scoti
1117 1931 1475 1989 Britanniam
1501 1933 1602 1988 in-

486 2014 706 2070 vadunt
751 2016 905 2074 Aetii
963 2033 1067 2089 ope
1100 2019 1316 2076 frustra
1370 2035 1402 2076 a
1457 2023 1591 2078 Bri-

486 2104 687 2160 tannis
751 2105 1076 2176 implorata.
1168 2111 1369 2168 Gildas
1422 2112 1596 2169 Usser

478 2191 722 2250 Britann
786 2195 964 2268 Antiq
1037 2213 1094 2269 p.
1172 2197 1274 2256 498
1353 2207 1410 2258 et
1463 2201 1588 2275 244,

253 2382 322 2441 54
334 2383 408 2441 60
562 2391 721 2460 Impp
749 2392 898 2449 Cass
932 2396 1291 2456 Theodosius
1310 2400 1420 2456 Jun
1464 2399 1591 2474 Aug

271 2477 349 2549 Θ
394 2478 432 2536 8
496 2484 568 2535 tr.
605 2496 659 2550 p.
691 2478 761 2536 45
799 2488 856 2538 et
885 2481 976 2539 46.
1006 2500 1104 2541 cos
1135 2501 1298 2543 xvm.

252 2569 332 2642 θ
379 2567 438 2624 44
548 2569 617 2623 Et
649 2571 1091 2629 Valentinianus
1121 2576 1228 2632 Jun
1260 2576 1387 2649 Aug
1425 2583 1498 2634 tr.
1531 2595 1588 2650 p.

320 2659 364 2714 E
487 2655 560 2715 22
599 2663 655 2714 et
693 2656 781 2727 23,
823 2673 920 2715 cos
974 2675 1050 2716 v1.

251 2747 442 2840 I’Ef’f“
496 2783 633 2840 Coss
696 2747 854 2840 cal}!
861 2749 1168 2840 9311:9153?
1210 2752 1476 2840 Alypius,
1508 2763 1572 2813 ut

309 2833 387 2875 vx
498 2821 633 2840 “"°°
786 2821 846 2874 in
871 2821 1063 2878 Chron
1092 2821 1292 2880 Pasch.

285 2895 376 2946 eti
682 2890 1070 2950 Ardaburius.

544 2979 801 3049 Epistola
843 2981 880 3036 S
910 2983 1114 3039 Leonis
1164 2998 1322 3056 papa
1365 2987 1435 3043 ad
1484 2989 1585 3043 Ja-

474 3069 744 3124 nuarium
775 3070 1107 3142 episcopum
1149 3073 1575 3145 Aquileiensem

475 3164 679 3228 quarta
712 3159 772 3214 in
794 3161 991 3217 codice
1020 3162 1057 3217 S
1079 3162 1284 3219 Crucis
1314 3165 1581 3236 signatur

471 3260 536 3302 m
604 3247 707 3302 Kal
755 3249 856 3305 Jan
917 3249 1124 3321 Alypio
1181 3257 1238 3308 et
1287 3253 1580 3312 Ardabute

471 3349 621 3392 COSS.

541 3425 788 3482 Novella
813 3428 1181 3487 Valentinian
1207 3434 1262 3486 et
1292 3431 1410 3489 alia
1448 3447 1578 3491 mo-

469 3526 609 3569 num
647 3516 800 3584 apud
831 3517 1044 3573 Reland
1087 3519 1298 3575 habent
1322 3520 1579 3592 Callyplo

467 3606 528 3658 et
562 3601 863 3660 Ardabure
915 3605 1026 3662 VV.
1081 3604 1183 3660 CC.
1211 3619 1362 3663 coss.

1674 1318 1815 1405 M99

1663 2399 1803 2458 4499

1664 2489 1804 2549 4200

245 4099 383 4159 5464
538 4103 702 4172 Impp
752 4101 903 4158 Cass
941 4100 1131 4159 Theod
1169 4103 1279 4159 Jun
1327 4103 1456 4175 Aug
1503 4108 1575 4161 tr.
1653 4103 1793 4165 4200

258 4197 333 4265 Θ
401 4194 439 4250 9
484 4189 633 4264 p.46
661 4196 718 4247 et
744 4187 831 4260 47,
863 4204 979 4247 cos.
1035 4205 1201 4248 xvm.

247 4286 322 4359 θ
389 4282 458 4341 42
547 4283 617 4337 Et
677 4281 1124 4337 Valentinianus
1175 4283 1285 4338 Jun
1331 4283 1460 4354 Aug
1502 4289 1577 4342 tr.

270 4378 321 4431 D
374 4374 414 4430 C
484 4389 536 4444 p.
571 4369 643 4428 23
671 4376 728 4428 et
755 4368 844 4437 24,
873 4385 972 4427 cos
996 4386 1072 4427 γι.

247 4465 435 4520 Indict
484 4436 502 4444 ’
657 4465 672 4476 "
761 4436 978 4518 'Rufus
1024 4463 1356 4520 Pretexatus
1380 4436 1600 4521 Postu-I

313 4568 333 4610 ι
465 4553 624 4609 Coss.
884 4554 1124 4606 mianus.

248 4648 302 4699 et
351 4657 393 4698 ιι
776 4639 862 4695 Fl.
929 4641 1095 4697 Zeno.

541 4731 713 4801 Lapis
759 4728 908 4800 apud
959 4729 1171 4787 Gruter
1212 4745 1484 4802 cccccxrv,
1539 4734 1576 4791 8

469 4821 713 4893 epistola
738 4821 792 4876 S.
826 4821 1032 4877 Leonis
1069 4822 1143 4876 Μ.
1175 4820 1245 4878 48
1282 4825 1351 4880 ad
1391 4826 1579 4897 Euty—

471 4911 690 4968 chetem
719 4911 823 4966 Kal
875 4913 982 4967 Jun
1033 4912 1128 4968 his
1156 4926 1304 4980 coss,
1337 4919 1392 4969 et
1436 4915 1577 4970 Acta

471 5001 709 5058 concilii
780 5001 1432 5072 Constantinopolitani,
1522 5010 1580 5059 et

469 5090 665 5148 Novell
725 5089 1142 5152 Valentiniani,
1189 5090 1264 5144 tit
1303 5088 1371 5144 43
1425 5092 1577 5159 apud

477 5179 711 5237 Reland.

543 5270 772 5326 Tertius
824 5269 1175 5323 Francorum
1228 5280 1326 5322 rex
1395 5267 1450 5322 h.
1527 5282 1579 5324 a.

475 5361 648 5429 capit
686 5361 982 5415 Meroveus
1033 5361 1332 5426 postquam
1349 5356 1586 5414 Clodius

475 5449 623 5505 obiit
652 5467 664 5502 :
703 5450 802 5520 qui
836 5462 913 5502 xx
939 5445 1358 5502 circiterannis
1394 5460 1586 5519 regna-

477 5540 584 5594 vit.
618 5539 902 5594 Petavius.

546 5627 782 5682 Rechila
832 5640 931 5682 rex
977 5626 1291 5681 Suevourm
1343 5625 1581 5698 gentilis

483 5717 730 5774 moritur
752 5717 1058 5772 Emerita:
1100 5717 1196 5772 cui
1249 5717 1590 5774 Rechiarius

1656 4193 1787 4254 4204

2037 613 2248 686 Olymp.

2127 1235 2146 1277 ι

2120 1323 2162 1365 14

2120 2424 2161 2467 II

2103 2515 2166 2557 III

2081 4123 2145 4165 III

2092 4211 2148 4254 ιν

2354 622 2608 674 timorum
2648 622 2995 691 populorum,
3050 623 3356 692 Pontiﬁces,
3446 622 3604 684 Erae!

2382 695 2570 758 Reges,
2609 709 2695 747 res
2715 697 2876 760 gesta
2899 697 2951 746 et
2994 693 3332 748 documenta.
3425 692 3630 747 Christi

2281 854 2338 905 et
2405 851 2665 921 Baticos,
2727 852 3018 921 superatis
3067 851 3271 907 Suevis
3325 855 3384 906 et

2279 937 2486 996 Gothis
2515 940 2615 1011 qui
2651 940 2709 995 in
2738 941 2863 1010 ejus
2888 939 3178 995 auxilium
3202 952 3380 994 vene—

2279 1033 2410 1082 rant
2450 1027 2731 1100 profdgit.
2789 1028 2957 1084 Suevi
3007 1041 3103 1084 eas
3137 1028 3381 1083 Provin-

2277 1117 2398 1172 cias
2426 1117 2776 1186 pradantur.
2827 1117 2992 1188 lbilex
3020 1117 3233 1173 Idacio.

2350 1224 2555 1279 Leonis
2605 1223 2640 1280 6
2667 1230 2724 1280 et
2749 1221 2806 1280 7.
3470 1218 3578 1279 446

2343 1312 2539 1366 Fames
2601 1313 2792 1368 valida
2847 1311 3372 1383 Constantinopoli,

2273 1413 2343 1456 ac
2370 1400 2666 1471 Templum
2699 1402 2887 1472 Regia
2915 1401 3184 1457 Civitatis
3230 1415 3380 1456 exu-

2282 1494 2456 1544 stum.
2531 1489 2829 1545 Marcellin
2893 1491 2954 1545 in
3003 1490 3181 1545 chron
3232 1490 3380 1545 Beda

2281 1578 2483 1634 Gildas
2509 1579 2817 1636 Pulcheria
2841 1593 2873 1635 a
2907 1593 3097 1635 rerum
3118 1578 3380 1635 admini—

2281 1669 2562 1724 stratione
2590 1674 2929 1725 removetur.
2965 1670 3108 1726 Vide
3137 1668 3376 1741 Pagium

2279 1757 2387 1813 Sen
2419 1759 2488 1814 ad
2518 1758 2918 1831 huncgannum
2950 1773 3006 1816 n.
3035 1755 3123 1815 44.
3239 1835 3242 1838 ἢ

2355 2410 2559 2466 Leonis
2582 2406 2618 2465 7
2643 2413 2701 2465 et
2732 2407 2790 2464 8.
3467 2409 3574 2469 447

2352 2500 2590 2556 Proclus
2691 2499 3371 2571 ConstantinOpolitanus

2271 2589 2604 2645 Patriarcha
2632 2588 2758 2642 obit
2783 2589 3122 2644 succedente
3145 2591 3200 2644 S.
3246 2591 3374 2646 Fla-

2269 2679 2460 2733 viano.
2509 2677 2741 2748 Pagius.
2788 2678 3008 2749 Ingenti
3049 2682 3376 2736 terramotu

2265 2767 2804 2835 Constantinopolis
2855 2780 3153 2822 concussa.
3213 2768 3374 2823 Mar—

2267 2856 2443 2914 cellin
2485 2856 2664 2912 chron
2701 2852 2721 2929 [
2758 2857 2974 2912 Januar
3018 2853 3115 2926 26,
3163 2856 3371 2914 Malala

2271 2962 2323 3017 p.
2357 2944 2445 3002 66.
2479 2945 2698 3016 Niceph
2737 2944 2835 3001 25.
2884 2943 3088 3022 Sept.]

2335 3036 2540 3106 Ingens
2624 3034 2841 3091 bellum
2935 3049 3037 3106 per
3132 3036 3374 3093 Attilam

2265 3127 2467 3198 Regem
2503 3125 2560 3180 h.
2610 3139 2662 3180 a.
2687 3125 2974 3180 inﬂictum
3017 3138 3159 3194 pene
3188 3130 3364 3182 totam

2263 3217 2576 3284 Europam,
2605 3214 2824 3270 excisis
2855 3213 3197 3284 invasisque
3231 3215 3372 3270 civi-

2261 3303 2484 3360 tatibus
2553 3307 2726 3374 atque
2777 3302 3036 3358 castellis
3086 3303 3363 3360 conrasit.

2258 3393 2441 3450 Attila
2481 3395 2598 3449 Rex
2630 3405 2814 3464 usque
2835 3393 2907 3447 ad
2947 3388 3372 3464 ThermOpolim

2260 3482 2318 3536 h.
2369 3494 2422 3536 a.
2486 3480 2733 3537 infestus
2773 3479 3027 3536 advenit.
3071 3479 3370 3536 Marcellin

2256 3569 2459 3624 chron.

2330 3659 2438 3713 Leo
2469 3659 2712 3728 Magnus
2743 3659 2814 3726 ad
2831 3657 3178 3712 Ianuarium
3193 3657 3367 3728 Aqui-

2258 3747 2554 3815 leiensem,
2606 3752 2664 3801 et
2699 3746 2770 3801 ad
2804 3744 3149 3814 Septimium
3199 3744 3361 3801 Alti-

2257 3849 2493 3892 nensem
2533 3834 2796 3890 scribens
2825 3834 3188 3906 Pelagianam
3240 3835 3365 3890 ha—

2258 3926 2433 3982 resim
2460 3923 2764 3980 subvertit.
2781 3923 3108 3980 Videetiam
3126 3925 3366 3997 Pagium

2255 4016 2385 4072 Sen.
2417 4016 2486 4071 ad
2541 4014 2597 4069 h.
2642 4029 2719 4086 a.,
2755 4026 2912 4069 num.
2947 4011 2984 4070 5
3008 4019 3065 4070 et
3092 4029 3251 4089 seqq.

2331 4102 2593 4161 LeonisS
2635 4109 2692 4159 et
2728 4103 2782 4160 9.
3458 4104 3566 4164 448

2338 4195 2664 4252 Concilium
2775 4193 3366 4266 Constantinopolita-

2259 4301 2397 4343 num
2447 4285 2623 4355 capit
2654 4299 2708 4340 vr
2743 4283 2823 4341 Id.
2879 4283 3162 4339 Novembr
3201 4289 3268 4340 ut
3303 4287 3365 4342 in

2255 4375 2380 4431 Act.
2412 4375 2795 4431 1Chalcedon.
2845 4375 2908 4428 In
2941 4373 3046 4428 illo
3083 4374 3368 4443 Eutyches

2256 4463 2536 4520 hareseos
2564 4465 2863 4520 convictus
2911 4468 3215 4518 accusante
3244 4464 3367 4518 Eu-

2254 4554 2417 4611 sebio
2446 4555 2690 4625 Dorylai
2721 4554 3011 4624 episcopo.
3044 4554 3184 4610 Vide
3208 4558 3374 4610 notas

2255 4645 2326 4701 ad
2360 4647 2618 4702 Leonem.
2639 4645 2847 4700 Eodem
2873 4656 3024 4701 anno
3049 4642 3144 4699 bis
3173 4649 3366 4714 postu-

2254 4735 2410 4792 latus
2431 4736 2562 4792 lbas
2586 4735 2913 4792 Edessenus
2938 4733 3035 4790 bis
3059 4733 3365 4789 absolutus

2248 4832 2336 4883 est
2382 4845 2394 4880 :
2445 4826 2696 4896 primum
2767 4824 2901 4893 Tyri
2967 4835 3159 4877 mense
3219 4819 3363 4875 Febr

2254 4914 2464 4968 deinde
2527 4913 2715 4981 Beryti
2793 4923 2985 4966 mense
3067 4907 3364 4978 Septembr

2254 5003 2422 5057 Petav
2475 5015 2544 5056 ex
2593 5001 2753 5056 Actis
2782 4998 2977 5055 Concil
3005 4997 3346 5055 Chalcedon.

2263 5091 2405 5146 Vide
2454 5097 2623 5146 notas
2665 5090 2736 5144 ad
2767 5091 3005 5143 Leonem
3029 5089 3101 5143 Μ.

2335 5177 2638 5234 Provincia
2657 5177 2820 5231 India
2844 5176 3166 5234 Theodosio
3193 5179 3355 5248 prin-

2265 5268 2383 5338 cipi
2403 5267 2602 5339 tigrim
2633 5265 2909 5321 domitam
2965 5281 3068 5337 pro
3123 5281 3358 5325 munere

2269 5355 2450 5412 misit.
2483 5353 2781 5410 Marcellin
2827 5354 3028 5410 chron.

2336 5446 2390 5502 S.
2483 5445 2803 5499 Germanus
2868 5443 3365 5506 Antisiodorensis

2268 5535 2576 5608 episcOpus
2600 5534 2724 5590 obit
2745 5535 3039 5592 Ravenna.
3065 5537 3206 5594 Vide
3234 5539 3356 5594 No-

2273 5625 2483 5681 risium
2523 5624 2644 5682 hist
2685 5623 2874 5696 Palag.
2916 5623 3003 5682 lib
3051 5640 3117 5699 ιι,
3166 5641 3218 5682 c.
3263 5625 3350 5683 42.
