3922 6392
353 385 460 445 703
1145 384 1239 438 AD
1275 383 1715 444 ANASTASIUM
1754 387 2272 448 PROLEGOMENA
2307 392 2482 448 amr.
2529 392 2955 448 mamma.
3673 394 3772 454 ποι
3873 383 3875 462 1

380 521 542 576 Anni
609 522 996 590 Imperatores,
1079 521 1359 586 Consules,
1459 526 1740 579 Romano-
1802 525 1962 580 Anni
2035 510 2091 573 Α
2161 511 2332 590 Anni
2378 513 2830 590 Christianorum:
2867 511 3192 590 «Ῑυάθονυπι-
3229 516 3459 590 “ﬁni”
3542 517 3706 590 Anni

424 593 548 646 Per.
687 581 844 656 rum,
895 581 986 647 res
1037 598 1217 660 gesta,
1279 581 1354 648 et'
1379 594 1715 652 documenta.
1790 599 1855 652 U.
1888 597 1947 652 C.

2151 581 2360 654 Olymp.
2448 587 2698 660 timorum
2732 584 3083 653 populo-rum,
3151 581 3459 660 Pontiﬁces,
3539 589 3693 660 giras

389 664 504 718 Jul.
538 665 590 717 et
828 655 832 656 ⁷
1038 655 1060 660 ⁷
1198 655 1207 657 “
1739 673 1866 723 ante
1895 673 1948 723 et
2478 659 2659 722 Reges,
2689 671 2774 710 res
2819 661 2980 722 gesta
3020 660 3070 709 et
3127 655 3466 710 documenta.
3523 657 3750 713 Christi.

465 733 572 792 Ind
1734 745 1858 810 post
1891 738 2014 796 Pal.

641 875 801 932 illius
865 873 1192 932 catholicus
1251 875 1510 932 succedit.
1575 893 1734 935 socer

637 964 980 1021 Theodorici
1027 964 1344 1022 Gothorum
1411 967 1583 1039 regis,
1630 969 1731 1039 qui

637 1053 1207 1126 Casaraugustanam
1231 1057 1586 1124 provinciam
1618 1071 1728 1127 po-

640 1143 895 1213 pulatur.
922 1143 1006 1200 Ibi
1031 1143 1121 1200 lex
1157 1145 1370 1201 Idacio.

423 1248 570 1309 5462
709 1251 873 1321 Impp
899 1251 1050 1307 Cass
1087 1251 1346 1308 Theodos
1369 1253 1478 1309 Jun
1499 1251 1625 1324 Aug
1655 1257 1726 1309 tr.
1805 1249 1936 1309 4204
2180 1262 2372 1333 Olymp
2483 1255 2738 1316 Leonis!)
2778 1265 2836 1315 et
2867 1256 2953 1315 40.
3588 1257 3702 1317 449

389 1343 464 1417 θ
523 1335 592 1396 40
641 1352 697 1410 p.
729 1336 798 1394 47
826 1343 884 1394 et
913 1337 1000 1394 48.
1029 1351 1126 1396 cos
1169 1352 1331 1396 xvm.
1805 1339 1938 1398 4202

1942 1348 1945 1394 :
2220 1347 2328 1408 306
2479 1350 2592 1404 Hoc
2637 1359 2794 1404 anno
2830 1347 3093 1418 Synodus
3146 1348 3491 1418 pradatoria

386 1435 462 1508 θ
515 1433 584 1492 43
713 1436 784 1491 Et
827 1435 1268 1492 Valentinianus
1330 1437 1440 1493 Jun
1477 1437 1605 1510 Aug
1651 1443 1722 1494 tr.
2233 1453 2288 1495 IV
2397 1437 2607 1508 Ephesi
2649 1442 2736 1492 est
2761 1435 2960 1492 habita
3008 1435 3212 1492 fraude
3240 1437 3497 1509 Chrysa-

483 1523 530 1578 B
639 1538 695 1596 p.
733 1521 806 1580 24
854 1530 912 1581 et
933 1522 1024 1594 25,
1056 1537 1154 1581 cos
1181 1539 1262 1580 vx.
2229 1533 2278 1583 et
2389 1528 2472 1598 pii
2534 1525 2810 1595 eunuchi,
2864 1525 2923 1582 in
2954 1539 3069 1597 qua
3127 1527 3412 1597 Eutyches
3459 1541 3494 1584 a

402 1612 592 1669 Indict
901 1613 985 1670 Fl.
1018 1615 1360 1686 Protogenes
1411 1615 1510 1672 Or.
2227 1613 2334 1674 307
2406 1615 2679 1672 Dioscoro
2738 1614 3132 1672 communioni
3192 1617 3499 1674 restitutus

467 1715 508 1758 ιι
631 1702 788 1758 Coss.
892 1702 971 1758 Fl.
1000 1703 1266 1760 Asterius
1302 1705 1474 1761 Occid
1507 1720 1611 1763 seu
1638 1706 1722 1762 Fl.
2253 1719 2270 1760 1
2401 1709 2504 1760 est.
2551 1704 2859 1760 Flavianus
2885 1704 3190 1760 damnatus
3221 1722 3236 1773 ;
3269 1709 3325 1759 et
3356 1717 3488 1760 cum

419 1796 472 1846 et
522 1805 588 1849 ιι(
985 1793 1308 1864 Astyricus.
2405 1795 2545 1850 Rom
2571 1792 2762 1863 pontif
2773 1792 3106 1863 appellaret,
3131 1792 3190 1848 in
3217 1792 3494 1849 exsilium

703 1881 1025 1954 Diptycbon
1090 1883 1417 1939 Leodiense.
1467 1885 1726 1954 Epistola

631 1971 955 2042 dogmatica
1009 1972 1061 2028 S.
1122 1973 1327 2028 Leonis
1374 1973 1446 2027 Μ.
1496 1980 1553 2028 et
1594 1973 1726 2028 alia

631 2060 828 2131 plures
867 2061 938 2117 ab
965 2060 1002 2116 8
1042 2062 1111 2118 ad
1138 2060 1228 2118 30.
1251 2062 1508 2134 Epistola
1544 2077 1601 2117 Vl
1627 2063 1728 2118 Si-

630 2149 794 2207 donii
820 2150 1053 2221 Apollin
1071 2155 1127 2207 et
1156 2152 1197 2207 l.
1215 2166 1342 2223 Vlll,
1375 2167 1426 2207 c.
1449 2151 1520 2207 de
1550 2165 1730 2222 repu-

633 2239 771 2310 diis,
825 2238 1072 2311 aliaque
1127 2241 1278 2310 apud
1324 2240 1538 2296 Reland
1571 2240 1722 2310 apud

629 2342 799 2401 quem
829 2329 889 2385 P.
921 2330 1169 2385 Annaus
1197 2329 1418 2385 Silvius
1446 2329 1722 2399 scripsit:

631 2419 1024 2475 Constantinus
1097 2418 1310 2490 Senior,
1389 2420 1488 2489 qui
1561 2418 1729 2474 Chri—

629 2510 826 2563 stiana
856 2509 1138 2576 religionis
1159 2509 1464 2570 ministros,
1493 2511 1590 2560 etc.
1637 2507 1726 2559 Ab

633 2597 794 2650 Urbis
812 2595 1036 2648 exordio
1059 2594 1208 2648 mille
1241 2601 1290 2648 et
1309 2596 1558 2648 ducentis
1577 2608 1727 2646 com—

620 2683 788 2754 pletis
826 2685 990 2736 annis
1019 2681 1407 2737 Posthumiano
1433 2687 1482 2735 et
1519 2683 1728 2734 Zenone

629 2771 962 2832 consulibus,
1002 2774 1053 2824 et
1091 2771 1307 2824 Asteria
1331 2769 1547 2824 consule
1597 2773 1733 2822 tan-

629 2873 798 2930 quam
826 2861 1041 2929 primus
1090 2859 1308 2929 incipit.
1349 2861 1414 2914 ln
1457 2859 1732 2914 vetustiss

630 2946 936 3004 codicibus
968 2947 1242 3004 Ecclesia
1273 2949 1456 3004 Veron
1492 2947 1552 3002 in
1598 2947 1732 3017 epi—

629 3035 778 3093 stola
840 3036 896 3092 S.
975 3035 1185 3092 Leonis
1245 3035 1315 3092 ad
1375 3035 1731 3106 Flavianum,

631 3125 912 3183 scribitur
985 3126 1216 3181 Astur-io
1299 3130 1356 3182 et
1423 3125 1738 3196 Protogene

631 3215 742 3270 VV.
772 3213 872 3270 CC.
928 3227 1079 3270 coss.

700 3303 862 3358 Diem
905 3301 1121 3359 obeunt
1152 3301 1244 3358 SS.
1298 3301 1560 3358 Hilarius
1602 3303 1738 3372 cpi-

633 3404 842 3462 scopus
891 3389 1265 3461 Arelatensis,
1313 3397 1370 3446 et
1411 3391 1736 3448 Eucherius

631 3477 1056 3551 Lugdunensis.
1090 3478 1232 3534 Vide
1267 3479 1440 3536 Noris
1473 3479 1592 3534 hist
1622 3481 1733 3535 Pe-

631 3568 727 3639 lag
755 3566 839 3624 lib
870 3581 932 3635 ιι,
964 3581 1013 3622 c.
1045 3565 1100 3637 2,
1126 3572 1183 3623 et
1221 3567 1304 3622 lib
1352 3581 1435 3638 ιιι,
1479 3581 1530 3622 c.
1575 3563 1643 3623 43
1665 3580 1736 3624 ex

629 3656 907 3728 Prospero
947 3657 1178 3713 Tirone.

416 3799 560 3860 5463
703 3802 862 3871 Impp
891 3800 1040 3856 Cass
1077 3799 1437 3856 Theodosius
1463 3800 1576 3855 Jun
1607 3798 1735 3871 Aug

383 3893 456 3966 ω
528 3885 589 3944 44
631 3903 690 3958 p.
731 3886 887 3943 48et
909 3886 998 3960 49,
1025 3903 1124 3944 cos
1175 3902 1342 3960 xvm,
1387 3888 1490 3958 qui
1519 3888 1730 3944 deinde

404 3977 480 4050 θ
517 3972 586 4032 44
631 3975 686 4030 h.
716 3989 768 4030 a.
805 3977 1052 4032 moritur
1079 3990 1148 4032 ex
1174 3977 1341 4048 lapsu
1361 3977 1433 4032 ab
1463 3991 1611 4046 equo
1635 3977 1734 4033 die

454 4065 514 4122 Α·
637 4077 672 4118 v
717 4061 821 4120 Kal
850 4063 978 4136 Aug
1024 4067 1366 4122 succedente
1419 4069 1724 4122 Marciano.

402 4153 584 4212 Indict
701 4154 770 4209 Et
823 4153 1262 4212 Valentinianus
1313 4157 1423 4210 Jun
1475 4155 1602 4226 Aug
1655 4162 1727 4211 tr.

471 4257 536 4302 ιιι
629 4258 684 4315 p.
714 4241 786 4300 25
819 4249 877 4300 et
903 4242 992 4317 26,
1025 4259 1123 4301 cos
1160 4259 1262 4302 vn.

469 4337 522 4388 et
714 4333 796 4388 Fl.
847 4335 1175 4390 MARCIANUS
1209 4335 1399 4390 Thrax
1439 4334 1563 4389 sive
1603 4334 1732 4404 Illy-

453 4436 512 4480 IV
645 4424 805 4479 ricus
852 4422 1023 4478 nubit
1063 4422 1380 4478 Pulcheria
1421 4423 1727 4480 Theodosii

631 4513 742 4568 Jun
811 4510 999 4566 sorori
1050 4514 1108 4564 et
1163 4517 1393 4568 creatur
1434 4518 1731 4583 Augustus

669 4600 767 4656 die
813 4597 853 4654 8
880 4597 984 4654 Kal
1013 4598 1148 4668 Sept
1176 4605 1248 4654 tr.
1293 4616 1346 4669 p.
1383 4598 1437 4653 4.

852 4705 1296 4762 Valentinianus
1324 4704 1452 4776 Aug
1479 4719 1583 4760 vn.

847 4778 1120 4835 Avienus.

707 4873 885 4928 Vetus
916 4868 1162 4940 inscript
1181 4868 1289 4923 Bas
1315 4867 1371 4923 S.
1386 4867 1550 4923 Pauli
1577 4869 1726 4939 apud

634 4961 818 5032 Aring
867 4961 932 5016 R.
964 4959 1018 5014 S.
1085 4971 1194 5030 pag
1226 4955 1351 5027 500,
1383 4961 1440 5012 et
1462 4957 1728 5014 Sirmond

634 5049 708 5105 ab
735 5051 837 5120 Ep.
867 5064 908 5121 ι,
941 5048 994 5104 9.
1035 5049 1211 5105 Sidon
1247 5046 1415 5118 Apoll
1444 5047 1620 5103 aliam
1652 5061 1732 5104 re-

635 5136 766 5193 fert.
820 5139 1069 5194 Tertiam
1142 5138 1436 5194 Fleetvood
1489 5151 1544 5208 p.
1589 5134 1720 5193 402.

636 5227 844 5282 Leonis
885 5240 1040 5296 papa
1066 5228 1218 5297 epist
1245 5224 1332 5282 32.
1375 5227 1514 5281 Acta
1543 5227 1731 5282 concil

637 5312 881 5369 Chalced
929 5314 990 5367 T.
1025 5316 1116 5378 1V,
1151 5311 1350 5369 Concil
1378 5315 1496 5370 Gen
1553 5329 1606 5384 p.
1639 5313 1730 5369 62.

708 5401 862 5456 Secti
928 5413 1058 5456 cum
1122 5401 1304 5456 Pictis
1352 5401 1735 5472 Aquilonares

640 5487 850 5542 Insula
877 5488 1188 5544 Britannia
1212 5493 1401 5558 partes
1449 5490 1740 5560 populan—

642 5578 762 5626 tur.
799 5575 1208 5644 Wortingerus
1246 5589 1345 5630 rex
1377 5583 1444 5630 ut
1488 5577 1739 5646 expellat

646 5657 760 5710 ciet
803 5659 1018 5712 milites
1069 5673 1138 5714 ex
1187 5661 1488 5717 Germania
1539 5683 1552 5716 :
1609 5677 1736 5730 qua

632 4742 771 4800 Coss

1809 3795 1948 3856 4202

1806 3884 1946 3944 4203

2408 1883 2612 1954 pulsus
2683 1883 2951 1938 moritur.
3016 1882 3161 1937 Huic
3221 1881 3499 1938 suﬁ’ectus

2404 1970 2710 2027 Anatolius
2749 1971 3042 2042 presbyter
3087 1970 3494 2040 Apocrisarius

2402 2061 2688 2132 Dioscori,
2723 2064 2788 2118 ut
2817 2061 2903 2116 ait
2951 2060 3169 2130 Niceph
3219 2061 3394 2116 chron
3442 2065 3501 2116 et

2403 2163 2474 2206 ex
2519 2164 2584 2207 eo
2635 2150 2925 2207 Petavius.
2960 2149 3153 2220 Legati
3181 2151 3319 2205 Rom
3352 2162 3501 2219 pon—

2405 2238 2482 2297 tif
2521 2241 2709 2296 vexati
2758 2239 3016 2296 Hilarius
3047 2238 3268 2310 effugit,
3315 2246 3372 2294 et
3401 2240 3506 2294 Ro-

2408 2344 2554 2386 mam
2587 2331 2759 2386 venit.
2796 2330 2881 2384 Ibi
2913 2328 3111 2384 habita
3142 2330 3368 2399 Synodo
3388 2330 3498 2385 Leo

2405 2425 2544 2489 pont
2585 2419 2933 2488 Ephesinam
2987 2417 3148 2472 illam
3178 2419 3498 2490 abrogavit.

2403 2509 2544 2562 Acta
2585 2505 2802 2561 Concil.
2852 2504 3118 2560 Chalced.
3178 2506 3502 2563 Liberatus.

2404 2595 2512 2650 Ibi.
2570 2593 2712 2648 Vide
2763 2597 2929 2649 notas
2982 2592 3053 2646 ad
3121 2593 3359 2648 Leonem
3428 2595 3502 2648 M.

2405 2681 2776 2740 Sebastianus
2802 2694 2836 2736 a
2852 2679 3161 2736 Genserico
3185 2680 3494 2737 occiditur.

2413 2771 2494 2828 Ibi
2527 2783 2597 2826 ex
2642 2769 2853 2826 Idacio.

2494 3775 2700 3832 Leonis
2723 3789 2760 3830 χ
2788 3778 2844 3830 et
2885 3771 2972 3829 44.

2487 3863 2750 3935 Synodus
2774 3861 3418 3932 ConstantinOpolitana
3444 3863 3504 3918 in

2411 3967 2525 4024 qua
2551 3951 2836 4022 Eutyches
2856 3951 2928 4006 ab
2970 3950 3241 4006 Anatolio
3261 3951 3508 4007 damna-

2408 4049 2522 4098 tur.
2595 4040 2850 4096 Placidia
2917 4039 3059 4095 obit.
3133 4041 3374 4110 Prosper
3443 4040 3505 4095 in

2405 4129 2584 4187 chron
2631 4135 2688 4185 et
2734 4130 2790 4184 S.
2841 4131 3042 4184 Petrus
3070 4127 3330 4200 Chrysol.
3365 4129 3506 4184 Vide

2409 4219 2707 4277 Norisium
2739 4218 2859 4274 hist
2897 4219 3064 4291 Pelag
3088 4217 3172 4274 lib
3206 4232 3270 4288 ιι,
3318 4233 3368 4274 c.
3413 4214 3501 4286 42,

2405 4311 2534 4380 'pag.
2586 4305 2715 4366 260.

2479 4397 2667 4454 Chron
2706 4397 2845 4452 Alex
2877 4396 3050 4453 refert
3080 4397 3137 4452 h.
3164 4409 3218 4453 a.
3264 4396 3504 4458 Attilam

2407 4485 2811 4542 Valentiniano
2864 4487 3182 4555 mandasse,
3258 4489 3321 4541 ut
3387 4483 3506 4540 sibi

2403 4575 2684 4646 palatium
2714 4576 3040 4632 adornaret.
3090 4575 3319 4632 Aetium
3365 4585 3498 4629 vero

2411 4662 2728 4734 profectum
2791 4664 2850 4718 in
2909 4664 3130 4720 Gallias
3209 4662 3507 4719 Alaricum

2409 4753 2710 4809 adversum
2741 4767 2872 4810 eum
2927 4754 3221 4810 incitasse.
3248 4754 3392 4809 Tum
3434 4749 3505 4806 ad

2407 4840 2737 4898 Danubium
2787 4843 3120 4915 proﬂigatas
3165 4842 3361 4898 Attila
3402 4853 3512 4896 co-

2407 4931 2538 5002 pias
2580 4949 2593 4986 :
2639 4933 2734 4988 sed
2793 4932 3090 4989 Alaricum
3139 4930 3506 4988 occubuisse.

2411 5021 2598 5076 Petav.
2629 5021 2733 5076 Sed
2772 5021 2904 5076 vide
2933 5035 3046 5078 ann
3072 5025 3426 5092 sequentem.

2483 5111 2664 5180 Cyrus
2687 5124 2755 5166 ex
2801 5109 2944 5180 praf
2971 5115 3111 5181 prat
3139 5117 3195 5166 et
3249 5109 3390 5165 Urbi
3448 5110 3515 5165 fit

2409 5199 2676 5267 clericus,
2720 5201 2928 5258 deinde
2957 5202 3263 5272 episcopus
3314 5199 3519 5269 Smyr-

2405 5289 2622 5344 nensis.
2652 5289 2758 5344 lbi.
