3922 6480
148 442 241 502 705
1055 440 1376 497 CHRONOL
1412 440 1460 496 A
1495 441 1552 497 s.
1592 440 1984 500 vavnsruo
2023 445 2119 499 AD
2159 445 2213 499 s.
2254 446 2462 501 GREG.
2502 447 2574 500 M.
2710 424 2713 433 ’
3444 443 3553 504 706

177 584 323 639 Anni
392 583 775 655 Imperatores,
872 581 1128 637 Consules
1202 584 1480 638 Romano-
1536 581 1695 655 Anni

1938 567 2127 655 “Anni
2190 568 2645 655 Christianorum,
2699 569 3015 655 {admorunt
3062 573 3264 655 etﬁni-
3324 569 3482 655 Almi

179 636 315 711 ea.“
394 636 415 637 ”
463 636 941 723 ama-eseam,
971 659 1021 708 et
1061 636 1405 709 documenta.
1538 636 1610 709 Π.
1641 653 1705 708 C.

1957 636 2147 709 )lymp.
2272 642 2527 726 timorum
2557 636 3260 726 populorumnPonti/ic‘es,
3311 645 3506 726 “{Erq

144 727 251 782 Jul.
271 731 320 780 et
594 711 606 718 ⁷
758 711 783 723 “’
924 711 937 719 ’
1509 728 1638 779 ante
1667 731 1718 778 et
2276 713 2461 782 Reges,
2485 727 2570 767 res
2614 716 2777 779 gestw
2821 718 2871 767 et
2899 713 3247 769 documenta.
3305 711 3550 771 Christi"

208 797 325 852 Ind.
1464 800 1595 866 post
1609 795 1732 850 Pal.

418 943 645 999 occasio
672 939 789 997 fuit
810 940 1232 999 idololatriae'in
1249 939 1501 995 Insulam

418 1030 750 1086 referendae.
785 1030 926 1085 Vide
960 1032 1073 1101 Pag
1124 1030 1231 1084 Sen
1285 1042 1349 1084 n.
1403 1025 1498 1083 46.

206 1115 341 1176 5464
488 1121 647 1188 Impp
721 1118 840 1173 Caes
908 1117 1351 1174 Valentinianus
1398 1116 1505 1171 Jun
1583 1110 1722 1173 4203

2009 1116 2050 1158 ιι
2259 1105 2465 1160 Leonis
2490 1101 2548 1159 44
2579 1108 2637 1162 et
2664 1102 2751 1163 42.
3364 1104 3462 1165 454

215 1204 367 1283 ῷ42
403 1206 531 1278 Aug
562 1212 636 1261 tr.
665 1222 723 1277 p.
768 1204 859 1276 26,
887 1202 978 1276 27,
1008 1219 1105 1262 cos
1138 1220 1247 1260 vn.
1583 1200 1722 1263 4204

1718 1236 1722 1246 ,
2012 1205 2077 1283 ιιι
2186 1193 2461 1283 __8ancta
2484 1193 2761 1283 Synodusr
2777 1192 3267 1281 Chalcedonensis

202 1278 358 1376 645
411 1304 480 1358 Et
507 1304 836 1359 Marcianus
858 1304 986 1375 Aug
1009 1310 1082 1359 tr.
1106 1300 1208 1375 p.4
1243 1307 1299 1359 et
1322 1300 1359 1358 2
1386 1316 1502 1359 cos.
2072 1280 2077 1283 ⁴
2186 1278 2295 1377 738
2332 1283 2571 1377 Patrum
2602 1282 2969 1377 celebratur
2996 1278 3266 1377 vuI_Kal.
3326 1372 3329 1377 η

242 1369 286 1449 ἶῖ
448 1428 583 1464 ρης..
628 1369 981 1449 Marcianus"
1002 1369 1330 1464 Augustus.
2188 1369 2455 1464 Octobris
2477 1390 2503 1464 :_
2521 1373 2692 1441 cujus
2712 1373 2850 1464 Acta
2876 1373 3007 1429 vide
3028 1372 3184 1430 infra
3210 1375 3271 1429 in

178 1428 358 1518 1.22...
448 1428 585 1482 οοεε
624 1428 964 1534 ﬁliiﬁlii;

1265 1428 1330 1447 ω’
2188 1459 2346 1515 notis
2382 1460 2451 1515 ad
2480 1428 2719 1516 Leonem
2741 1463 2814 1515 M.

241 1565 295 1606 1v
492 1553 669 1608 Vetus
722 1553 966 1623 inscript
1035 1554 1190 1610 Basil
1232 1554 1270 1609 S
1318 1551 1502 1608 Pauli.
2255 1549 2311 1604 S.
2362 1550 2473 1605 Leo
2501 1549 2639 1605 licet
2668 1550 2867 1606 adesse
2895 1554 3139 1621 Optaret,
3182 1551 3271 1609 le-

206 1645 255 1694 et
282 1653 317 1693 v
419 1640 637 1713 Aringh
663 1646 776 1698 tom
828 1646 893 1714 Il,
923 1657 1047 1716 pag.
1085 1640 1211 1715 449,
1242 1648 1300 1700 et
1332 1643 1505 1698 Seve-
2187 1642 2349 1710 gates
2364 1638 2542 1708 misit,
2565 1653 2633 1695 ne
2658 1640 3085 1709 perabsentiam
3106 1656 3271 1699 suam

418 1742 521 1785 ran
545 1745 596 1799 p.
624 1725 747 1785 454.
777 1731 1063 1802 Reinesp.
1096 1728 1224 1802 977,
1251 1737 1308 1787 et
1336 1731 1375 1786 ι.
1404 1741 1505 1797 vu,
2187 1728 3004 1798 ItaliairruptionibusAttila:
3017 1731 3274 1788 reddere.

418 1832 476 1873 c.
521 1821 593 1877 de
616 1822 885 1893 Paganis,
937 1825 1043 1877 etc.
1073 1821 1319 1891 alizeque
1350 1821 1503 1890 apud
1815 1843 1870 1904 Β
2185 1820 2282 1872 tur
2309 1818 2493 1889 magis
2524 1817 2794 1875 obnoxia.
2817 1822 2872 1874 Is
2897 1821 3060 1875 turba
3084 1837 3276 1891 regum

414 1906 661 1966 Reland.
709 1911 848 1966 Item
886 1911 939 1967 S.
975 1910 1183 1967 Leonis
1233 1910 1387 1980 epist
1412 1906 1502 1978 35,
2187 1906 2439 1975 stipatus
2483 1907 2589 1977 (ait
2631 1908 2966 1981 Jornandes)
2989 1911 3275 1967 Romanas

419 1992 492 2051 38
516 2003 624 2053 etc.
2190 1994 2541 2066 provincias,
2573 1998 2893 2067 praesertim
2913 1999 2971 2053 in
2987 1998 3200 2054 Galliis
3219 2004 3277 2055 et

488 2086 554 2139 Η.
588 2100 638 2141 a.
670 2086 847 2143 Attila
883 2088 1132 2145 Galliam
1173 2088 1507 2159 populatur.
2188 2083 2259 2138 ad
2286 2083 2470 2140 Rheni
2493 2088 2736 2141 tractum
2755 2086 3034 2157 vastabat,
3065 2100 3279 2159 pugna-

419 2173 632 2228 Parisii
685 2175 969 2232 Genovefa
1021 2177 1291 2246 precibus
1357 2176 1514 2232 libe-
2193 2177 2315 2227 tum
2345 2172 2406 2228 in
2445 2174 2667 2244 campis
2718 2176 3138 2248 Catalaunicis,
3172 2175 3274 2231 ubi

424 2261 561 2315 rati.
610 2263 857 2320 Tandem
884 2265 956 2319 ab
1006 2265 1170 2335 Aetio
1206 2267 1268 2322 in
1292 2265 1512 2335 campis
2189 2273 2248 2315 cc
2274 2261 2461 2319 millia
2486 2277 2650 2320 caesa.
2682 2264 2827 2321 Vide
2863 2265 3102 2336 Pagium
3134 2265 3191 2320 h.
3217 2278 3269 2321 a.

420 2347 819 2409 Catalaunicis
856 2354 1149 2411 vincitur:
1180 2356 1251 2410 de
1273 2368 1385 2427 qua
1414 2355 1513 2409 vi-
2190 2363 2245 2405 ιι.
2270 2348 2364 2427 ⁵26.

427 2438 613 2494 ctoria
657 2440 907 2497 Idacius.
939 2441 1082 2498 Vide
1121 2444 1412 2500 Petavium
1437 2442 1509 2498 ad
2259 2440 2441 2496 Attila
2488 2441 2701 2498 Galliis
2743 2442 3022 2514 expulsus
3047 2441 3109 2499 in
3163 2442 3276 2498 Ita-

420 2524 479 2578 h.
508 2539 562 2580 a.
593 2526 694 2596 qui
724 2533 781 2582 et
812 2529 1075 2599 eclipsim
1107 2530 1260 2586 lunae
1287 2545 1351 2586 ex
1376 2531 1511 2586 lda—
2198 2526 2336 2583 liam
2397 2541 2558 2584 arma
2600 2530 2906 2587 convertit.

420 2611 513 2667 cio
569 2612 743 2670 refert
783 2621 1094 2685 spectatam
1122 2616 1211 2688 [26
1250 2620 1512 2688 Septem—

420 2698 564 2757 bris.

207 2821 355 2881 5465
498 2830 659 2900 Impp
712 2830 863 2887 Caass
908 2832 1352 2889 Valentinianus
1399 2833 1508 2888 Jun
1585 2828 1727 2889 4204
2013 2841 2080 2883 ιιι
2254 2830 2459 2886 Leonis
2508 2827 2577 2887 42
2604 2835 2661 2887 et
2711 2830 2798 2888 43.
3375 2827 3484 2889 452

214 2910 379 2988 ῶ43
426 2917 554 2990 Aug
594 2923 668 2974 tr.
702 2934 755 2990 p.
790 2917 880 2990 27,
912 2919 1004 2991 28,
1031 2935 1130 2978 cos
1163 2936 1259 2977 v11.
1584 2918 1725 2977 4205
2014 2928 2072 2971 Iv
2252 2917 2445 2974 Attila:
2468 2920 2960 2992 postAquileiam,
2981 2920 3273 2993 Ticinum,

202 3006 366 3082 946
496 3008 569 3063 Et
594 3009 919 3066 Marcianus
956 3010 1085 3083 Aug
1115 3016 1188 3067 tr.
1215 3026 1268 3081 p.
1306 3008 1343 3068 2
1366 3014 1422 3066 et
1449 3008 1505 3074 5,
2192 3012 2248 3062 et
2276 3008 2662 3065 Mediolanum
2695 3014 2947 3067 vastatas
2972 3010 3147 3067 urbes
3172 3011 3278 3067 Ro-

243 3098 297 3153 F
312 3098 362 3152 E
436 3110 554 3153 cos.
2195 3110 2340 3152 mam
2374 3098 2633 3154 tendenti
2656 3099 2766 3154 Leo
2788 3100 3027 3171 Magnus
3057 3110 3270 3177 occur-

165 3187 365 3243 Indict
423 3258 458 3272 ﬂ
603 3187 686 3272 If].
718 3189 1289 3272 Herculanustccid.
1419 3261 1431 3272 _

1824 3209 1875 3272 α
2199 3185 2295 3253 rit,
2317 3186 2486 3257 cujus
2507 3187 2780 3244 suasione
2820 3189 3038 3246 recedit
3058 3188 3274 3245 barba-

234 3272 290 3385 tv
419 3258 559 3314 Coss
606 3259 973 3386 Asgoracius,
1051 3258 1154 3319 seu
1201 3261 1512 3331 Sporacius

201 3345 231 3385 ε
294 3342 356 3385 v1
730 3346 777 3386 r.

1827 3258 1874 3272 “
2193 3288 2294 3330 rus
2320 3276 2519 3333 victor.
2544 3278 2657 3334 Hac
2677 3280 2979 3334 occasione
2992 3278 3060 3335 ad
3077 3283 3283 3334 aestua-

2194 3363 2274 3386 _.-
2310 3364 2699 3386 ---ι---μεωη
2720 3365 2845 3386 η-..
2873 3368 3132 3386 ..-_-..-_
3158 3378 3253 3386 η-

2194 3363 2280 3418 ria
2306 3364 2702 3438 confugientes
2720 3365 2848 3421 Itali
2873 3368 3136 3423 Venetias
3151 3378 3283 3423 con-

2192 3451 2359 3507 dunt.
2392 3454 2688 3510 Marcellin
2718 3453 2851 3509 Com
2890 3454 3123 3519 Cassiod
3161 3454 3276 3510 Mi-

2196 3538 2393 3595 scella.
2425 3540 2568 3596 Vide
2596 3544 2845 3609 Petavet
2874 3542 2987 3614 Pag
3007 3543 3118 3597 Jun
3141 3553 3280 3598 num

2194 3624 2264 3683 37
2297 3629 2357 3683 in
2385 3629 2442 3682 S.
2485 3631 2667 3687 Leone
2696 3644 2765 3686 ex
2801 3631 3097 3701 Prospero.

2268 3718 2377 3772 Pro
2415 3716 2734 3774 Chalcedon
2777 3717 3038 3775 Concilio
3058 3715 3281 3774 laborat

494 3419 550 3475 S.
606 3421 713 3476 Leo
762 3422 916 3491 epist
964 3418 1037 3478 52
1098 3424 1168 3479 ad
1214 3422 1286 3479 55
1318 3426 1375 3478 et
1420 3419 1510 3490 94,

424 3506 465 3562 l.
493 3520 556 3579 ιι,
609 3507 670 3563 C.
700 3508 771 3564 de
808 3509 1019 3566 Consul
1052 3515 1109 3566 et
1140 3523 1197 3566 n.
1245 3522 1415 3579 sparg
1444 3507 1514 3563 ab

424 3595 510 3651 eis
537 3609 719 3665 pecun
752 3602 809 3652 et
848 3597 889 3652 l.
924 3612 961 3652 χ
985 3598 1047 3653 C.
1071 3599 1143 3654 de
1180 3597 1374 3653 Advoc
1415 3596 1519 3652 di-

423 3696 553 3740 vers
580 3685 750 3741 Judic
779 3690 888 3754 etc,
913 3685 1065 3754 apud
1093 3685 1332 3741 Reland.

495 3774 750 3842 Inscript
784 3777 949 3829 vetus
980 3775 1041 3828 in
1071 3774 1129 3828 S.
1156 3772 1323 3830 Pauli
1353 3772 1521 3829 basi-

425 3859 544 3917 lica
594 3862 788 3915 Romae
840 3860 995 3932 subt,
1024 3865 1142 3917 tom
1190 3863 1256 3929 II,
1291 3876 1347 3932 p.
1393 3858 1521 3932 446,

425 3953 485 4004 et
537 3949 686 4004 Grut
718 3945 856 4004 4054
905 3947 961 4021 8,
1002 3953 1062 4006 at
1088 3950 1323 4006 Fabrett
1365 3950 1522 4006 inscr

426 4033 618 4108 p.757
664 4036 763 4093 ubi
813 4037 964 4094 Cons
1014 4038 1323 4095 Herculani
1358 4052 1524 4095 com-

430 4126 677 4197 ponitur
705 4140 836 4183 cum
889 4128 1078 4198 primo
1102 4128 1169 4183 D.
1217 4128 1292 4182 N.
1324 4127 1514 4184 Severi

427 4215 575 4287 Aug.

497 4304 973 4377 Carthaginensis
990 4306 1392 4379 Ecclesiafqua:
1421 4321 1520 4379 per

431 4406 615 4450 annos
632 4408 751 4451 λιιι
791 4408 861 4451 ex
908 4411 1023 4467 quo
1047 4399 1356 4468 captaferat
1384 4398 1517 4467 epi-

432 4496 607 4553 sc0po
655 4492 940 4556 caruerat,
974 4486 1032 4540 h.
1059 4500 1118 4542 a.
1156 4487 1271 4542 Deo
1302 4487 1519 4559 gratias

2203 3808 2551 3878 imperator:
2580 3810 2637 3864 et
2666 3821 2795 3879 quae
2824 3813 3025 3865 contra
3050 3806 3280 3864 Flavia-

2202 3911 2340 3955 num
2371 3901 2529 3970 gesta
2557 3902 2721 3955 erant
2744 3896 2948 3954 abolet.
2985 3896 3125 3953 Acta
3145 3896 3283 3953 Con-

2198 3987 2297 4044 cil.
2329 3986 2525 4043 Chalc.

2267 4076 2628 4133 Theodosius
2642 4075 3281 4134 monachusEudociam

2201 4169 2261 4223 in
2310 4166 2620 4223 Palaastiua
2665 4165 2853 4221 inficit
2882 4166 3147 4225 haeretica
3177 4181 3285 4238 pe-

2197 4259 2312 4313 ste:
2361 4253 2953 4325 Hierosolymitanum
3007 4253 3282 4311 thronum

2200 4351 2477 4418 occupat:
2511 4346 2813 4416 episcopos
2851 4341 3170 4400 catholicos
3199 4342 3285 4400 fu-

2200 4442 2316 4507 gat,
2340 4434 2489 4491 alios
2532 4432 2769 4504 occidit,
2821 4438 2877 4490 et
2932 4445 2965 4488 a
2993 4432 3284 4489 Marciano

432 4520 607 4582 “"1"”
655 4520 940 4556 “'"um’
975 4520 1032 4540 "'
1059 4520 1118 4585 “3
1156 4520 1271 4542 νυν
1302 4520 1519 4587 δ¹ῗ⁵¹⁶³³
1828 4530 1901 4601 D_
2202 4524 2551 4596 pertrahiad
2593 4537 2653 4581 se
2675 4524 2881 4594 Jussus
2900 4520 3072 4596 fugit.
3094 4521 3286 4578 Theo-

429 4583 765 4643 episcopum
822 4578 996 4630 creat.
1046 4575 1240 4631 Victor
1298 4575 1448 4632 Utic.
1898 4604 1905 4613 -
2200 4604 2437 4671 omnes.

2200 4627 2437 4685 pnanes.

205 4747 360 4807 5466
507 4749 665 4822 Impp
712 4752 865 4808 Caass
910 4753 1356 4810 Valentinianus
1408 4754 1519 4810 Jun
1595 4750 1736 4809 4205
1951 4739 2144 4811 Oli/mp
2275 4742 2484 4799 Leonis
2511 4739 2578 4797 43
2601 4746 2659 4798 ει
2689 4740 2776 4798 “-
3371 4732 3478 4793 ‘53

154 4846 253 4917 θ
278 4837 350 4896 44
428 4839 554 4912 Aug
584 4846 657 4896 tr.
684 4857 737 4912 p.
772 4841 863 4913 28,
897 4841 987 4914 29,
1017 4857 1134 4900 cos.
1160 4858 1262 4901 vn.
1595 4838 1736 4899 4206
1985 4827 2091 4887 307
2272 4831 2329 4886 S.
2350 4831 2589 4887 Joannis
2618 4831 2892 4900 Baptistae
2911 4832 3087 4898 caput
3113 4828 3287 4917 Eme-

135 4914 334 5011 647
507 4938 578 4994 Et
606 4940 935 4998 Marcianus
983 4942 1109 5014 Aug
1162 4946 1234 4999 tr.
1274 4957 1329 5014 p.
1360 4939 1417 5013 3,
1465 4939 1518 5012 4,

2014 4932 2068 4977 1v
2182 4934 2284 5013 ἐκ
2336 4925 2624 4991 repertum
2673 4918 2781 4975 sub
2814 4918 2908 4975 his
2936 4930 3065 4973 coss
3113 4914 3286 4972 refert

252 5032 302 5085 D
441 5041 560 5084 cos.
1075 5003 1106 5014 “’
1275 5003 1291 5014 ’
1404 5003 1416 5013 ’
1506 5003 1516 5012 ’
2023 5012 2077 5063 et
2184 5003 2390 5065 'Chron
2421 5007 2561 5062 Alex
2593 5020 2784 5062 mense
2822 5003 3059 5073 Peritio,
3094 5003 3152 5059 id
3194 5010 3284 5061 est

178 5115 384 5208 ινῑςέίεε
470 5151 609 5208 Coss
648 5118 1016 5208 Xletsmams
1043 5121 1172 5208 ,οτο

1988 5093 2097 5153 308
2204 5094 2367 5151 Febr.
2387 5095 2640 5165 alligans
2657 5093 2893 5165 epochae
2917 5093 3281 5208 SyLoniaced.

2026 5200 2042 5208 -
2195 5181 2303 5208 ηρο
2421 5184 2902 5208 “unauna...
2998 5180 3011 5195 ρ
3178 5184 3281 5208 ρ-..

250 5167 378 5242 π’
470 5167 609 5208 “oss
650 5167 1172 5261 Opilioué'cucvidfu
2025 5200 2043 5241 ι
2195 5181 2325 5250 763,
2407 5184 2907 5239 Antiochenorum
2980 5179 3107 5239 504.
3177 5184 3284 5241 Sed

172 5280 252 5331 et
280 5288 367 5329 vu
502 5275 697 5333 Concil
737 5279 1163 5352 Andegavense.
1221 5280 1397 5335 Vetus
1440 5279 1525 5335 in-
2209 5274 2342 5330 vide
2389 5272 2628 5344 Pagium
2666 5272 2795 5327 Sen.
2837 5276 2895 5327 et
2940 5272 3022 5328 du
3075 5272 3281 5344 Cange,

436 5365 620 5434 script
652 5367 712 5423 in
744 5374 947 5424 cosmet
972 5382 1005 5423 v
1028 5371 1168 5425 Nom
1188 5369 1325 5425 Rom
1342 5367 1519 5432 subt.,
2206 5364 2308 5433 qui
2352 5362 2423 5417 ad
2473 5374 2687 5418 annum
2717 5361 3075 5432 superiorem
3121 5375 3292 5419 revo-

439 5458 685 5525 tomoll,
730 5472 839 5530 pag
891 5455 1013 5525 474,
1056 5465 1112 5515 et
1154 5458 1229 5514 al.
1280 5458 1526 5528 inscript
2207 5458 2359 5507 cant.

435 5540 702 5601 Gudiana
758 5549 911 5618 apud
958 5548 1172 5604 Reland
1197 5553 1254 5603 et
1296 5548 1447 5617 epist
1467 5548 1523 5602 S.
2276 5540 2582 5597 Pulcheria
2618 5540 2745 5612 Aug
2793 5538 3044 5597 ωονίῑυν
3083 5553 3119 5595 Χ
3154 5542 3290 5613 sel“

440 5631 645 5689 Leonis
672 5633 743 5691 56
767 5642 823 5692 et
846 5652 1009 5709 seqq.
1038 5639 1106 5693 Et
1130 5635 1522 5693 Valentiniani
2209 5637 2428 5702 martyr
2465 5630 2627 5687 Rom.
2651 5628 2884 5687 Marcell
2913 5631 3105 5687 Chron
3123 5630 3284 5689 Alex.

441 5724 498 5773 et
526 5721 805 5781 Marciani
845 5726 1011 5798 Augg
1038 5740 1106 5782 ex
1139 5730 1255 5784 tom
1284 5725 1354 5781 1V
1372 5725 1528 5781 Con-
2012 5768 2019 5773 .
2278 5722 2554 5779 Dioscoro
2584 5720 2654 5779 ab
2675 5718 2815 5778 Alex
2838 5719 3174 5793 episcopatu
3196 5720 3291 5779 de-
