3906 6442
374 396 480 459 7m
1180 397 1275 454 AD
1308 397 1749 459 ANASTASIUM
1783 403 2305 467 PROLEGOMENA
2342 413 2518 468 EDIT.
2558 413 2994 473 ROM.—VATIC.

446 518 609 574 Anni
679 524 1060 590 Imperatores,
1091 519 1366 588 Consules,
1393 525 1671 580 Romano—
1776 527 1931 582 Anni

362 638 368 644 .
464 590 588 662 Per.
738 606 882 662 rum,
913 608 1000 648 res
1028 598 1190 661 gestae
1230 599 1279 648 et
1316 595 1654 650 documenta.
1811 598 1872 652 U.
1899 598 1957 653 Ο.

447 661 561 715 Jul.
596 665 650 716 et
872 661 877 662 “
1730 673 1856 723 ante
1903 672 1954 721 et

448 731 558 786 1nd
1699 745 1824 786 nnst
1856 740 1954 786 Pal

578 844 581 845 ⁷
665 856 827 1000 cilga‘t
874 857 1048 916 Noris
1093 859 1163 915 ad
1194 859 1327 917 Fast
1371 874 1511 919 cons
1533 861 1749 919 dissert

666 959 723 1000 ι).
824 985 839 1000 .

666 959 723 1014 p.
747 959 839 1000 O‘I.

448 1116 591 1177 5467
734 1124 895 1185 lmpp
957 1123 1108 1180 Caess
1153 1125 1596 1185 Valentinianus
1636 1130 1747 1185 Jun
1822 1126 1963 1185 4206

1823 1213 1962 1274 4207

734 1124 895 1193 lmpp
957 1123 1108 1180 Caess
1153 1125 1596 1185 Valentinianus
1636 1130 1747 1186 Jun

457 1212 530 1284 ﬁ
564 1206 633 1266 45
658 1210 785 1283 Aug
803 1216 875 1267 tr.
903 1226 957 1283 p.
989 1210 1080 1282 29,
1104 1210 1196 1283 30,
1230 1228 1327 1271 cos
1352 1229 1454 1271 vn.

444 1306 519 1380 ο
562 1307 630 1365 48
739 1314 809 1368 Et
853 1311 1188 1370 Marcianus
1216 1315 1345 1388 Aug
1394 1320 1466 1370 tr.
1498 1330 1553 1387 p.
1607 1312 1662 1388 4,
1688 1315 1743 1387 5,

510 1396 551 1451 C
655 1411 773 1452 cos.

510 1411 550 1451 υ
655 1411 773 1455 cos.

408 1484 593 1580 Infit.“
696 1522 833 1580 Coss
870 1489 1288 1580 ἒεῖἷιξξρθίῖίέέ
1354 1561 1371 1580 ι

484 1568 567 1610 vn
697 1561 833 1580 w”
874 1561 1137 1631 Studius,
1183 1561 1289 1617 alii
1338 1561 1605 1619 Asterius
1650 1562 1748 1619 Or.

425 1648 477 1700 et
495 1657 605 1703 VIII
728 1649 988 1719 Epistoia
1015 1651 1071 1705 S.
1102 1652 1306 1707 Leonis
1335 1652 1403 1707 ad
1446 1650 1741 1708 Iulianum

656 1737 929 1799 Coensem
956 1739 1204 1811 legatum
1237 1755 1427 1797 suum.
1456 1741 1599 1797 Vide
1622 1742 1742 1798 Bu-

657 1824 796 1882 cher
822 1826 894 1883 de
928 1828 1087 1899 cyclo
1140 1829 1268 1885 Vict
1300 1842 1408 1900 pag
1429 1825 1521 1883 84.

726 1917 863 1971 Item
895 1917 1154 1987 epistolae
1205 1914 1295 1988 70,
1341 1914 1432 1989 74,
1475 1914 1547 1973 72
1575 1919 1740 1987 ejus-

654 2003 782 2059 dem
826 2006 1052 2077 Leonis,
1104 2006 1223 2062 etl.
1275 2022 1378 2078 xu,
1437 2021 1490 2063 c.
1540 2006 1611 2062 de
1636 2007 1727 2063 SS.

651 2092 782 2148 Eccl
806 2094 1054 2166 aliaeque
1078 2097 1229 2165 apud
1261 2095 1384 2152 Rei.

722 2182 1166 2241 Valentinianus
1208 2199 1242 2241 a
1284 2190 1486 2255 stupro
1530 2185 1737 2242 uxoris

650 2270 886 2326 Maximi
915 2272 984 2327 ad
1007 2274 1217 2329 caedem
1250 2273 1405 2329 Aetii
1431 2279 1486 2329 et
1508 2273 1734 2329 Boethii

654 2358 997 2430 impellitur.
1023 2362 1231 2417 Marcel
1258 2363 1509 2419 Idacius.

723 2447 905 2506 Attila
948 2451 1169 2506 vomitu
1199 2451 1507 2523 sanguinis
1551 2450 1622 2507 ob
1652 2451 1736 2508 in-

656 2540 1091 2608 temperantiam
1121 2540 1292 2610 perit.
1307 2540 1735 2612 PagiusSenior

653 2639 714 2681 n.
762 2641 886 2699 vm,
936 2627 1110 2685 refert
1136 2629 1208 2685 ad
1247 2642 1466 2685 annum
1516 2642 1734 2699 praece-

644 2714 894 2775 dentem.

416 3052 559 3111 5468
728 3058 847 3127 Imp
880 3056 1001 3113 Caes
1028 3054 1474 3114 Valentinianus
1501 3056 1627 3129 Aug
1652 3059 1726 3128 tr,
1806 3052 1944 3111 4207

402 3146 477 3220 ᾗ»)
512 3140 579 3200 46
656 3158 709 3214 p.
770 3141 860 3214 30,
916 3141 979 3200 34
1035 3158 1153 3201 cos.
1212 3157 1339 3212 Vili,
1396 3150 1633 3202 necatur
1664 3146 1726 3201 in
1803 3140 1943 3201 4208

393 3238 470 3311 θ
512 3237 582 3297 49
655 3254 859 3311 campo
884 3242 1092 3297 Martio
1114 3255 1212 3312 per
1239 3243 1593 3312 Maximum;
1621 3243 1726 3313 qui

498 3331 544 3384 B
644 3329 958 3399 Imperium
1006 3330 1281 3386 invadens
1309 3331 1586 3388 Eudoxiae
1612 3331 1727 3386 vim

435 3418 618 3475 Indict
659 3417 855 3475 infert.
878 3421 1007 3476 Haec
1031 3433 1100 3476 ex
1137 3419 1332 3476 Africa
1353 3419 1729 3477 Gensericum

451 3521 558 3565 Vill
648 3513 844 3565 evocat
863 3510 967 3581 qui
985 3510 1163 3567 Roma
1183 3510 1401 3579 potitus
1416 3510 1726 3580 prmdatur,

428 3601 479 3653 et
508 3613 565 3655 ix
642 3603 701 3655 et
739 3598 977 3656 Iudaica
1026 3612 1160 3655 vasa
1200 3613 1271 3654 ex
1317 3598 1732 3669 Hierosolymis

647 3686 1005 3745 hucadvecta
1035 3688 1176 3745 olim
1201 3687 1726 3758 perVespasianum

648 3781 707 3835 et
724 3778 917 3835 Titum
950 3781 1013 3835 in
1043 3777 1295 3836 Africam
1321 3777 1617 3834 transfert.
1644 3778 1728 3832 Ex

650 3866 951 3938 Prospero,
987 3867 1197 3937 Idacio,
1225 3866 1589 3939 Theophane,
1616 3871 1723 3924 etc.

643 3954 787 4010 Vide
811 3956 1067 4025 Pagium.

715 4040 915 4096 Auitus
941 4042 1011 4097 ab
1039 4044 1296 4101 exercitu
1311 4045 1613 4103 Gallicano
1641 4056 1729 4098 ac-

645 4127 928 4187 clamatur
944 4130 1095 4204 Aug.

681 4254 820 4313 COSS
859 4221 1305 4307 Valentinianus
1345 4222 1472 4294 Aug
1510 4235 1633 4279 vni.

858 4293 1225 4352 Anthemius.

1138 4311 1225 4352 US.

710 4380 888 4439 Vetus
920 4382 1231 4450 inscriptio
1255 4382 1317 4438 in
1358 4379 1511 4438 hort.
1534 4378 1589 4435 S.
1615 4375 1726 4433 Sa-

641 4468 796 4525 binae
816 4468 968 4537 apud
994 4467 1273 4540 Gudium,
1302 4474 1359 4526 et
1379 4466 1593 4525 Relaud
1604 4480 1721 4523 um.

640 4542 914 4624 Epistulae
958 4554 1015 4610 s.
1060 4555 1267 4609 Leonis
1318 4553 1441 4625 442,
1497 4560 1605 4626 etc,
1653 4554 1726 4611 de

647 4641 867 4715 quibus
918 4642 1131 4712 Pagius
1162 4641 1271 4696 Seu
1305 4643 1364 4695 h.
1390 4656 1441 4697 a.
1490 4656 1628 4699 num
1658 4637 1726 4697 43

640 4730 939 4789 Victorius
971 4730 1030 4785 in
1078 4726 1286 4784 Praefat
1336 4728 1516 4784 Pasch
1548 4729 1718 4784 Festi.

719 4821 880 4891 lmpp
905 4818 1057 4875 Caess
1072 4816 1401 4873 Marcianus
1425 4816 1553 4888 Aug
1564 4820 1637 4872 tr.
1661 4832 1717 4888 p.
1796 4814 1938 4875 4208

1796 4904 1940 4965 4209

429 4816 574 4877 5469

393 4910 469 4985 ᾗ)
507 4906 575 4966 47
644 4908 698 4982 6,
751 4905 807 4980 7,
842 4923 960 4967 cos.

389 5002 463 5075 θ
530 4999 554 5056 4
703 5001 775 5056 Et
800 4999 1006 5056 Avitus
1041 5003 1170 5070 Aug
1217 5000 1288 5052 tr.
1342 5010 1397 5067 p.
1448 4992 1500 5066 4,
1525 4994 1583 5068 2,
1613 5011 1727 5053 cu—

426 5088 545 5146 AG
635 5091 735 5159 jus
780 5090 1121 5146 consulatus
1144 5100 1275 5144 cum
1302 5086 1565 5156 Eparcho
1599 5099 1723 5142 me—

413 5177 599 5233 Indict
650 5178 833 5233 moria
856 5184 1130 5247 superest
1162 5178 1223 5233 in
1269 5172 1308 5233 2
1361 5175 1517 5247 lapid
1556 5176 1717 5232 Rom.

458 5281 518 5323 ix
648 5266 791 5322 Vide
822 5266 1058 5322 Reland.

433 5359 548 5409 et:
683 5389 816 5411 η---
859 5357 1125 5411 Varanes.

681 5389 819 5444 αοεε
855 5389 1119 5481 ι’δὲίῆἶῖἕῖ

715 5512 889 5571 Vetus
930 5514 1239 5582 inscriptio
1287 5512 1439 5581 apud
1494 5510 1721 5569 Fabrett

646 5596 894 5666 lnscript
940 5613 1050 5672 pag
1086 5598 1215 5668 758,
1236 5602 1358 5668 post
1381 5600 1476 5655 hos
1526 5613 1640 5653 coss
1661 5614 1717 5653 υ.

651 5680 735 5732 Id.
778 5684 964 5752 Majar
1009 5689 1099 5744 die
1142 5687 1287 5743 Solis
1339 5687 1529 5755 posita
1580 5699 1731 5742 anno

868 6372 1115 6387 Ἐκ*-

959 6388 1115 6396 ~—

2042 572 2043 575 η
2058 526 2118 586 Α

1695 745 1824 810 post
1851 740 1974 794 Pal.

2043 3224 2093 3298 Ο

3697 426 3777 488 708

2254 534 2408 590 Anni
2463 538 2918 618 unﬁstianorum,
2942 544 3261 618 Iudaeorum
3284 552 3334 601 et
3387 550 3528 618 ﬁni-
3582 551 3727 606 Anni

2508 611 2759 693 timorum
2816 615 3152 693 populorum
3182 611 3517 693 _Pontt'ﬁces,
3597 625 3727 678 Erz

2495 682 2683 752 Reges,
2736 700 2821 738 res
2865 682 3028 752 geste
3071 694 3123 743 et
3160 682 3517 747 documenta:
3557 694 3759 751 Christi.

2185 604 2391 677 Olymp.

2227 3078 2270 3116 II

2228 3166 2294 3205 III

2224 4816 2290 4861 ιιι

2230 4905 2285 4949 ιν

2389 5689 2735 5750 Gensericus

2426 825 2615 893 posito
2647 826 2706 881 in
2730 827 2883 882 Conc
2901 829 3076 885 Chalc
3088 833 3346 890 succedit
3371 836 3519 892 Pro-

2423 913 2629 969 terius.
2662 914 2805 971 Vide
2857 918 2992 990 Pag.
3016 921 3125 978 Jun
3159 936 3214 978 n.
3249 921 3320 980 33
3367 924 3429 982 in
3456 926 3517 982 S.

2425 1001 2626 1057 Leone.

2502 1110 2711 1165 Leonis
2740 1108 2826 1181 44,
2850 1111 2936 1170 45.

2497 1198 2575 1252 De
2605 1199 2701 1254 die
2748 1202 3010 1261 Paschali
3067 1207 3335 1266 subortas
3362 1224 3512 1269 con-

2425 1289 2738 1345 troversias
2763 1305 2915 1349 anno
2946 1298 3293 1363 praesentiet
3323 1300 3515 1371 proxi-

2424 1387 2513 1429 me
2551 1380 2893 1445 prtecedenti
2925 1396 2991 1440 ac
3022 1387 3310 1456 sequenti.
3366 1390 3509 1448 Vide

2420 1464 2477 1517 S.
2511 1466 2716 1525 Leonis
2742 1471 3037 1545 epistolas,
3059 1479 3115 1531 et
3132 1476 3505 1551 Bucherium,

2424 1566 2643 1611 necnon
2697 1559 2977 1632 Pagium;
3013 1568 3070 1619 et
3094 1565 3347 1624 tabulam
3395 1581 3510 1625 no—

2422 1646 2598 1699 stram
2628 1646 2954 1705 Paschalem
2986 1666 3037 1721 p.
3078 1651 3198 1724 446,
3235 1654 3296 1710 in
3345 1658 3504 1714 notis

2421 1731 2492 1786 ad
2524 1732 2758 1789 Leonem
2781 1739 2852 1790 M.

2486 1820 2777 1877 Iuvenalis
2806 1823 3160 1898 Hierosolym
3183 1830 3491 1901 episcopus

2416 1907 2488 1964 ab
2534 1911 2727 1966 eodem
2790 1912 2843 1968 S.
2897 1914 3079 1971 Leone
3155 1918 3488 1975 admonitus

2418 1997 2761 2055 catholicam
2809 2002 2974 2057 iidem
2997 2004 3235 2061 collecta
3262 2008 3492 2077 Synodo

2417 2087 2690 2145 omnibus
2719 2089 3170 2160 amplectendam
3198 2096 3489 2167 preponit.

2414 2175 2647 2246 Append
2673 2179 2873 2235 Concil
2902 2180 3097 2238 Chalc.

2482 2265 2791 2323 Anatolius
2838 2269 2942 2324 CP.
2982 2271 3290 2342 episcopus
3315 2272 3497 2329 altius

2413 2353 2687 2410 attollens
2713 2368 2774 2411 se
2802 2369 2835 2411 a
2856 2357 2911 2412 S.
2927 2358 3111 2415 Leone
3134 2360 3493 2430 reprimitur,

2412 2455 2479 2497 ac
2519 2444 2807 2513 primatus
2855 2446 3054 2503 studio
3098 2448 3270 2521 cedit,
3307 2462 3397 2519 ep.
3426 2444 3489 2504 74

2409 2530 2463 2586 S.
2496 2532 2724 2587 Leonis.
2760 2535 2946 2591 Petav.

2479 2619 2687 2675 Gothis
2716 2622 3033 2692 Pannonia,
3050 2625 3294 2701 Gepidis
3320 2626 3496 2683 Dacia

2412 2707 2706 2778 assignata
2785 2709 3120 2766 Jornandes.
3174 2714 3315 2770 Vide
3380 2717 3498 2787 Pag

2405 2795 2513 2852 Sen
2543 2797 2615 2853 ad
2645 2796 2700 2851 h.
2735 2810 2790 2851 a.
2817 2809 2876 2851 n.
2903 2795 2959 2851 9.

2472 2885 2788 2942 Dioscorus
2811 2884 3118 2943 haereticus
3139 2888 3199 2944 h.
3229 2901 3280 2943 a.
3312 2889 3485 2959 perit.

2405 2972 2491 3030 lbi
2514 2987 2571 3029 n.
2607 2973 2695 3031 45.

2484 3063 2690 3119 Leonis
2723 3062 2790 3119 45
2810 3069 2866 3120 et
2901 3063 2988 3121 46.

2474 3153 2592 3222 Imp
2643 3154 2970 3210 Marcianus
2996 3153 3125 3227 Aug
3156 3160 3227 3211 tr.
3259 3170 3313 3225 p.
3344 3153 3399 3226 5,
3427 3156 3484 3212 6.

2405 3240 2512 3298 Cos
2537 3239 2755 3297 frustra
2800 3244 3167 3315 Legationem
3244 3245 3490 3301 adornat

2406 3330 2475 3386 ad
2513 3331 2887 3387 Gensericum
2915 3347 3017 3402 pro
3046 3332 3228 3388 Italiae
3260 3334 3491 3389 securi-

2409 3425 2543 3489 tate,
2573 3424 2630 3475 et
2654 3420 2922 3476 libertate
2948 3423 3365 3495 Augustarum.
3407 3423 3488 3478 De

2406 3508 2702 3565 Genserici
2718 3511 2906 3580 praeda
2934 3511 3123 3567 Roma:
3138 3511 3375 3567 collecta
3388 3525 3490 3580 per

2406 3598 2532 3654 dies
2562 3613 2679 3655 xxv.
2726 3600 2782 3654 S.
2818 3602 3000 3656 Leone
3028 3599 3248 3656 cladem
3277 3600 3490 3670 depre-

2406 3692 2571 3743 cante
2599 3696 2655 3744 et
2685 3689 2922 3745 saeviora
2939 3689 3166 3758 damna,
3200 3688 3329 3744 vide
3361 3689 3491 3745 Pro-

2408 3789 2514 3846 cop
2551 3778 2623 3833 de
2676 3776 2827 3833 bello
2868 3776 3027 3833 Vand
3079 3779 3261 3847 Evagr
3304 3775 3389 3832 lib
3420 3791 3487 3847 Il,

2406 3878 2459 3921 c.
2501 3862 2564 3919 7.
2601 3866 2851 3921 Ruinart
2888 3865 2961 3921 de
2988 3878 3116 3935 pers
3145 3865 3301 3921 Vand
3335 3879 3389 3935 p.
3422 3862 3480 3920 2.

2405 3967 2455 4008 c.
2506 3952 2560 4021 6,
2607 3968 2663 4009 n.
2705 3952 2758 4023 9,
2791 3958 2848 4008 et
2878 3966 2987 4024 pag
3012 3953 3119 4008 Sen
3144 3952 3212 4008 ad
3260 3953 3316 4008 h.
3348 3967 3403 4010 a.
3430 3965 3491 4011 et

2406 4046 2570 4097 notas
2619 4041 2771 4096 infra
2824 4056 2934 4111 pag
2977 4040 3100 4097 464.

2479 4129 2699 4184 Marius
2741 4129 3051 4199 episcopus
3090 4131 3485 4187 Aventicensis

2409 4216 2481 4272 ab
2508 4216 2563 4270 h.
2596 4229 2650 4271 a.
2701 4230 2873 4272 suum
2930 4217 3253 4287 Chronicon
3276 4220 3486 4290 auspi-

2404 4309 2589 4361 catur.

2469 4799 2677 4857 Leonis
2722 4797 2790 4859 46
2831 4804 2887 4859 et
2928 4798 3015 4857 47.

2461 4890 2790 4947 Marcianus
2820 4892 3054 4949 Avitum
3074 4891 3479 4963 imperatorem

2403 4981 2665 5053 agnoscit
2710 4986 3029 5037 consortem
3059 4982 3312 5053 imperii.
3344 4982 3482 5040 Ida-

2400 5070 2528 5127 cius
2548 5070 2609 5125 in
2653 5069 2853 5126 chron.

2473 5159 2817 5215 Gensericus
2835 5173 2947 5217 non
2961 5164 3183 5218 tantum
3197 5161 3258 5217 in
3282 5159 3481 5217 Africa

2399 5253 2455 5304 et
2499 5248 2720 5318 Sicilia,
2778 5262 2979 5306 verum
3020 5250 3191 5306 etiam
3223 5250 3284 5305 in
3314 5264 3481 5308 com-

2399 5336 2594 5406 plures
2667 5338 2995 5405 provincias
3063 5338 3380 5394 Orientalis
3420 5343 3479 5395 et

2397 5423 2787 5481 Occidentalis
2820 5428 3051 5495 imperii
3098 5435 3226 5497 post
3246 5427 3475 5485 obitum

2397 5512 2791 5571 Valentiniani
2868 5516 3199 5586 irrumpens
3261 5522 3467 5573 vastat.

2394 5601 2522 5658 Vict
2568 5603 2838 5661 Vitensis.

2797 5693 3123 5754 Catholicos
3174 5701 3337 5753 vexat
3412 5697 3476 5753 in

3611 1122 3714 1184 454

3616 3071 3722 3130 455
