3906 6454
98 434 196 494 709
712 431 717 436 ’
1060 432 1382 491 CHRONOL
1418 435 1466 490 A
1501 435 1557 491 S.
1597 435 1986 494 SYLVESTRO
2021 437 2118 494 AD
2153 438 2208 494 S.
2250 437 2459 494 GREG.
2500 441 2574 493 M.

136 562 300 640 ,4ηηί
380 564 764 633 Imperatores,
835 563 1123 640 Consules,
1184 567 1453 620 Romano-
1517 563 1686 640 41mg
1765 559 1827 619 A
1902 563 2061 640 Auni
2141 568 2597 630 Christianorum,
2625 570 2940 624 Iudaeorum
2971 575 3022 624 et
3048 574 3216 640 finiti-
3279 572 3442 627 Anni

161 633 275 706 Per.
478 651 623 706 rum,
658 650 746 689 res
799 641 963 704 gesta:
1002 642 1053 692 et
1086 637 1426 699 documenta,
1543 637 1615 690 U.
1648 633 1705 690 C.

129 705 219 758 Jul
259 710 309 761 et
612 705 617 706 “
1493 711 1620 761 ante
1671 709 1722 758 et

161 775 281 830 1nd.
1437 782 1564 848 post
1585 777 1708 832 Pal.

373 976 678 1047 sequenti:
762 975 803 1031 l.
848 974 940 1046 25,
971 977 1032 1031 C.
1082 976 1154 1032 de
1190 976 1361 1047 Episc
1412 980 1467 1031 et

373 1065 504 1121 Cler
530 1072 619 1121 etc
649 1066 799 1136 apud
834 1065 1071 1121 Reland.

446 1154 813 1210 Childericus
824 1159 1070 1225 quartus
1085 1155 1434 1210 Francorum

373 1243 494 1299 Rex
519 1244 574 1299 h.
608 1257 660 1300 a.
689 1246 945 1301 Meroveo
999 1249 1225 1301 mortuo
1268 1257 1476 1300 succe—

375 1329 485 1389 dit.
563 1333 925 1390 Theodosius
993 1333 1315 1391 Gothorum
1355 1334 1472 1388 Rex

375 1421 558 1478 Avitii
591 1425 968 1494 Imperatoris
999 1425 1233 1481 hortatu
1257 1424 1473 1493 Hispa—

375 1511 505 1567 nias
589 1513 920 1585 ingreditur
975 1513 1348 1570 Rechiarium
1397 1512 1468 1568 ad

378 1599 619 1658 ultimos
638 1603 926 1659 Gallaacize
953 1603 1097 1658 tlnes
1121 1602 1304 1674 fugat.
1328 1602 1472 1658 Bra-

377 1688 610 1746 charam
636 1693 810 1762 capit,
844 1696 902 1748 et
941 1705 1103 1748 sacra
1147 1691 1344 1748 omnia
1373 1690 1475 1746 di—

375 1778 538 1850 ripit,
573 1784 629 1834 et
667 1784 849 1837 morte
902 1780 1196 1837 Rechiarii
1251 1781 1474 1836 Suevo-

376 1881 502 1924 rum
533 1868 791 1940 Regnum
819 1871 881 1926 in
923 1870 1201 1941 Hispania
1241 1869 1476 1925 exstim-

376 1956 526 2026 guit.
570 1958 820 2015 Idacius.

157 2055 302 2115 5470
449 2065 570 2131 Imp
621 2064 759 2118 Caas.
792 2064 1121 2120 Marcianus
1150 2065 1279 2136 Aug
1309 2070 1383 2118 tr.
1416 2078 1471 2133 p.

114 2151 198 2222 θ
245 2145 316 2204 48
379 2145 436 2220 7,
467 2148 524 2220 8,
555 2165 657 2207 cos
693 2153 795 2222 qui
855 2153 980 2209 obit
1028 2154 1155 2223 prid
1189 2153 1291 2208 Kal
1333 2151 1469 2208 Maii

144 2235 228 2308 θ
286 2235 324 2293 2
379 2241 723 2296 succedente
749 2243 949 2311 Leone,
982 2243 1151 2312 cujus
1170 2243 1477 2298 accedente

200 2326 259 2380 F
368 2341 656 2385 consensu
747 2334 1103 2387 MAJORIANUS
1195 2331 1474 2386 Ravennae

123 2414 325 2469 Indict
382 2416 683 2489 Augustus
729 2420 1039 2478 salutatur.

218 2517 298 2597 ξ-
388 2540 527 2597 COSS
569 2509 1009 2597 Eonstantinus.

183 2579 241 2629 et
267 2589 325 2631 ιιι
389 2577 527 2597 W°°
565 2577 753 2635 Rufus

447 2667 507 2721 L.
558 2663 596 2720 8
623 2671 680 2722 et
729 2666 783 2738 9,
828 2667 888 2724 C.
921 2669 992 2726 de
1045 2670 1354 2728 haereticis.
1396 2673 1461 2728 S.

376 2756 485 2811 Leo
515 2757 667 2826 epist
689 2753 726 2812 7
769 2763 826 2813 et
855 2773 1015 2831 seqq.
1049 2765 1106 2816 et
1136 2760 1285 2831 lapis
1313 2763 1466 2832 apud

375 2843 606 2901 Fabrett
635 2859 745 2919 pag
771 2844 898 2919 577,
933 2848 1031 2905 ubi
1093 2854 1331 2907 notatur
1373 2849 1468 2905 his

377 2946 506 2991 coss
558 2940 728 2992 natus
801 2937 1146 2997 Paschasius
1203 2955 1302 3011 per
1344 2941 1471 2996 dies

383 3022 687 3081 Paschales
705 3027 833 3096 prid
859 3027 982 3084 Non
1002 3027 1226 3099 Aprilis
1251 3029 1348 3086 die
1371 3030 1476 3084 Jo-

378 3111 498 3167 vis.
536 3112 638 3168 Ais
663 3129 790 3170 coss
839 3117 1121 3173 Canonem
1148 3133 1318 3176 suum
1360 3119 1474 3174 Pa-

375 3201 625 3258 schalem
640 3205 770 3260 edid
781 3205 826 3262 it
842 3205 1057 3264 Victori
1068 3224 1104 3264 u
1117 3209 1328 3280 sAquit
1342 3221 1468 3265 com

379 3293 588 3360 putans
625 3307 658 3350 a
683 3295 914 3353 duobus
963 3297 1226 3356 Geminis
1255 3299 1324 3355 ad
1361 3299 1465 3354 hos

365 3393 495 3438 coss
517 3381 954 3442 Constantinum
977 3391 1033 3443 et
1053 3386 1268 3444 Rufum
1285 3400 1469 3443 annos

374 3479 611 3525 CCCCXXX
638 3471 887 3530 inclusis
917 3476 1212 3531 extremis.

443 3558 612 3614 Suevi
641 3563 1002 3618 Lusitaniam
1032 3564 1278 3636 ingressi
1306 3564 1480 3636 Ulys—

371 3646 631 3717 siponem
663 3655 971 3721 occupant.
1015 3653 1162 3708 Idae.

130 3943 290 4003 5474

99 4033 313 4110 ωιθ

447 3949 613 4018 Impp
631 3948 781 4006 Caess
811 3951 917 4008 Leo
938 3951 1070 4025 Aug
1087 3955 1158 4007 tr.
1191 3968 1245 4024 p.
1277 3950 1301 4008 4
1333 3958 1389 4010 et
1411 3951 1466 4011 2.

449 4038 521 4093 Et
544 4039 864 4108 Majoribus
887 4041 1014 4113 Aug
1054 4047 1130 4098 tr.
1167 4058 1221 4113 p.
1258 4040 1282 4098 4
1330 4047 1386 4101 et
1413 4041 1468 4102 2.

120 4133 234 4232 0.,
293 4131 330 4190 ³
361 4175 501 4232 Coss
537 4137 995 4232 ὲεῑίξίὲξξιξξξυις

171 4209 234 4262 Ε
361 4209 501 4232 W‘“
537 4209 896 4279 Majorianus
927 4211 1072 4283 Aug.

104 4298 322 4355 Indict
454 4300 654 4357 Novell
699 4301 1004 4371 Majoriani
1065 4299 1278 4359 tit7et
1306 4302 1344 4359 l.
1383 4302 1470 4374 45,

172 4401 247 4442 ιι
382 4388 450 4444 C.
483 4391 553 4446 de
593 4403 653 4446 re
683 4389 839 4447 milit
875 4390 1120 4462 aliaeque
1156 4391 1308 4462 apud
1359 4392 1476 4448 Re-

115 4480 177 4531 et
221 4489 320 4533 xu
381 4477 640 4536 landum.
699 4481 970 4550 Epistolaa
1019 4482 1206 4538 sancti
1267 4483 1474 4540 Leonis

378 4562 470 4633 77,
514 4567 652 4624 aliis
684 4567 806 4641 434,
844 4567 966 4642 432,
999 4576 1106 4630 etc.

446 4656 700 4727 Eclipsis
741 4659 893 4715 Solis
931 4660 1090 4716 vKal
1141 4661 1344 4718 Junias
1401 4661 1471 4718 ab

378 4745 564 4803 Idatio
616 4747 870 4806 indicata
921 4749 1185 4821 Feriatv,
1219 4750 1291 4806 ab
1334 4751 1473 4808 hora

382 4847 458 4904 ιν,
518 4836 586 4892 ad
618 4851 696 4907 γι,
749 4850 918 4909 quam
977 4839 1242 4896 Petavius
1282 4840 1474 4898 Romae

379 4923 532 4995 digit
560 4923 596 4978 8
627 4931 925 4996 supputat.

448 5013 815 5071 Childericus
845 5017 959 5073 Rex
979 5031 1011 5073 a
1029 5019 1268 5075 Francis
1297 5018 1474 5087 ejici—

380 5106 498 5174 tur,
525 5103 624 5174 qui
642 5103 936 5176 Egidium
960 5107 1278 5162 Romanum
1299 5105 1473 5162 comi-

380 5194 491 5246 tem
557 5192 784 5250 Militiaa
846 5193 1187 5266 Magistrum
1265 5194 1470 5265 Regem

381 5279 656 5339 salutant.
703 5282 788 5340 Ibi
845 5296 915 5340 ex
973 5282 1124 5357 Greg
1174 5283 1368 5339 Turon
1415 5288 1472 5339 et

381 5366 668 5428 Aimonio.

1551 2058 1689 2118 4209

1549 2149 1688 2208 42l0

1547 3953 1685 4014 4240

1550 4043 1680 4104 4244

1973 2134 2080 2193 308

1990 2239 2047 2280 IV

1959 2398 2069 2457 309

1922 635 2134 708 Olymp.
2223 657 2433 695 morum
2489 643 2838 710 populorum,
2912 635 3218 711 Pontiﬁces,

3417 441 3526 504 740

3331 648 3475 699 jErz

2221 714 2514 783 Reges,res
2557 719 2718 782 gesta:
2766 719 2815 767 et
2859 715 3206 769 documenta.
3295 715 3518 770 Christi.

2141 960 2355 1018 Africa.
2388 963 2584 1020 Victor
2612 965 2863 1021 Maximo
2881 964 3239 1021 Antiocheno

2145 1051 2416 1122 episcopo
2439 1059 2666 1109 mortuo
2692 1055 2955 1110 succedit
2982 1055 3236 1111 Basilius

2146 1138 2443 1197 Orthodox
2501 1143 2652 1212 epist
2711 1143 2980 1214 Syrorum
3057 1145 3126 1200 ad
3167 1145 3228 1200 S.

2150 1229 2413 1284 Leonem.

2219 1317 2504 1373 Jordanus
2524 1321 2676 1390 apud
2692 1322 2860 1376 Petav
2881 1322 2940 1376 h.
2983 1336 3038 1376 a.
3065 1321 3241 1379 refert

2149 1405 2566 1464 Theodoricum
2601 1409 2803 1464 Suevis
2852 1411 3237 1481 permississe,

2152 1498 2217 1549 ut
2263 1495 2452 1566 gentis
2509 1511 2628 1551 suae
2674 1497 2879 1568 Regem
2910 1497 3234 1569 eligerent:

2153 1584 2253 1652 qui
2295 1585 2772 1642 Remismundum
2803 1591 3102 1656 aptarunt.
3166 1575 3180 1584 ”

2237 2049 2443 2105 Leonis
2461 2047 2527 2105 47
2545 2055 2601 2105 et
2631 2046 2719 2106 48.

2222 2137 2571 2195 Gensericus
2596 2139 2914 2194 Eudoxiam
2946 2154 3076 2195 cum
3103 2140 3240 2196 Pla-

2158 2227 2314 2282 cidia
2340 2227 2462 2282 ﬁlia
2485 2226 2710 2298 Olybrii
2743 2230 2987 2300 conjuge
3015 2230 3242 2285 remisit

2153 2313 2384 2383 Theoph
2412 2316 2595 2387 Evagr
2621 2315 2656 2369 l.
2689 2330 2753 2386 ιι,
2787 2331 2837 2370 c.
2867 2313 2922 2370 7.

2226 2403 2431 2458 Avitus
2446 2405 2617 2459 lertio
2637 2417 2787 2460 anno
2804 2418 2973 2475 quam
3001 2421 3034 2462 a
3053 2407 3239 2464 Gallis

2153 2495 2209 2546 et
2239 2492 2447 2547 Gothis
2480 2493 2792 2562 imperator
2834 2493 3020 2550 factus
3044 2493 3235 2552 fuerat

2146 2579 3032 2639 Gothorumauxiliodestitutus
3072 2585 3243 2654 impe-

2151 2668 2240 2723 rio
2261 2673 2317 2723 et
2347 2670 2464 2725 vita
2495 2671 2687 2727 caruit
2713 2671 2952 2727 Idatius.
2988 2672 3060 2728 At
3103 2673 3242 2728 Ida-

2151 2755 2292 2819 tius,
2325 2757 2548 2828 aliique
2574 2773 2677 2815 nec
2701 2759 2992 2831 integrum
3022 2773 3238 2816 annum

2152 2844 2396 2915 imperio
2412 2847 2540 2916 ejus
2568 2847 2900 2906 attribuunt
2942 2849 3072 2904 Hist
3090 2849 3241 2905 Mis—

2154 2934 2262 2990 cell
2283 2935 2545 2991 eumdem
2578 2937 2882 2993 Placentiae
2904 2938 3241 3008 episcopum

2151 3029 2407 3081 creatum
2437 3030 2634 3082 narrat
2676 3027 2944 3084 abdicato
2990 3027 3238 3099 imperio

2153 3113 2340 3184 ‘Petav,

2220 3203 2471 3275 Egyptii
2495 3205 2751 3262 hieretici
2772 3205 3060 3263 Marciano
3079 3219 3242 3263 mor—

2152 3296 2251 3348 tuo
2293 3293 2967 3354 tumultuantur.Horum
2995 3295 3242 3367 signifer

2145 3380 2485 3440 Timotheus
2540 3384 2776 3442 Elurus
2831 3399 2899 3441 ex
2964 3385 3241 3442 Monacho

2147 3469 2450 3539 Presbyter
2470 3471 2899 3528 Alexandrinus
2922 3472 3240 3544 praestigiis

2150 3557 2280 3612 suis
2299 3558 2608 3614 Monachos
2629 3560 2687 3616 in
2721 3560 3044 3615 Proterium
3075 3573 3240 3614 com-

2151 3651 2356 3715 movet,
2388 3651 2446 3700 et
2472 3645 2735 3702 JElurum
2761 3647 2984 3704 intrudi
3013 3649 3232 3704 suadet.

2145 3734 2380 3803 Theoph
2434 3733 2756 3790 Liberatus.
2809 3735 2951 3791 Vide
3001 3736 3241 3808 Pagium

2150 3823 2210 3877 in
2240 3823 2395 3878 notis
2437 3823 2507 3878 ad
2532 3821 2588 3876 S.
2624 3824 2861 3878 Leonem
2894 3837 3032 3880 num
3072 3821 3159 3880 34.

2201 3929 2410 3986 Leonis
2442 3926 2510 3985 48
2534 3933 2590 3984 et
2612 3926 2700 3983 49.

2217 4020 2324 4073 Leo
2370 4019 2489 4088 imp
2547 4017 2618 4072 ab
2682 4018 2842 4087 episc
2872 4019 3033 4076 orbis
3065 4036 3240 4096 super

2149 4107 2566 4164 Chalcedodon.
2625 4106 2886 4164 Concilio
2928 4113 3243 4169 concordes

2153 4197 2368 4268 accipit
2437 4196 2731 4267 epistolas.
2810 4197 3041 4255 Marcell
3092 4201 3244 4257 Eva-

2156 4287 2321 4358 grius
2333 4326 2347 4340 .

2229 4375 2498 4433 Anatolio
2523 4377 2794 4448 episcopo
2822 4377 3242 4435 Constantino-

2150 4466 2410 4537 politano
2448 4466 2744 4524 decedenti
2791 4468 3049 4525 succedit
3083 4469 3240 4526 Gen—

2154 4556 2383 4613 nadius.
2424 4556 2614 4614 Theod
2674 4557 2805 4614 Lect
2838 4557 3019 4624 Caron
3050 4562 3108 4616 et
3129 4559 3244 4616 Pa-

2154 4646 2287 4718 gius
2311 4646 2419 4702 Sen
2451 4659 2505 4701 n.
2541 4645 2603 4702 8.

2221 4735 2568 4794 Anastasius
2607 4737 2670 4794 ﬁt
2715 4738 3241 4809 Hierosolymorum

2155 4826 2483 4897 episcopus.
2549 4827 2727 4897 Cyrill
2796 4835 2853 4884 et
2895 4827 3244 4897 Euthymius

2149 4916 2302 4986 apud
2345 4917 2529 4972 Petav.

2221 5003 2560 5060 Timotheus
2593 5004 2828 5061 1Elurus
2848 5003 3239 5061 Proteriumin

2151 5090 2498 5159 Baptisterio
2533 5097 2696 5148 necat
2725 5093 2911 5161 prima
2959 5093 3056 5148 die
3095 5094 3241 5150 Pas-

2151 5180 2357 5246 chatis,
2387 5184 2444 5234 et
2469 5180 2671 5249 Cyrilli
2699 5181 2917 5249 scripta
2947 5181 3239 5251 depravat.

2152 5268 2237 5324 Ibi
2263 5283 2332 5324 ex
2361 5268 2593 5338 Theoph
2627 5273 2682 5324 et
2711 5271 2894 5340 Evagr
2932 5270 2971 5326 l.
3001 5285 3063 5338 ιι,
3097 5287 3146 5327 c.
3179 5272 3235 5328 8.

2221 5357 2530 5414 Euthalius
2607 5359 2897 5415 Diaconus
2967 5361 3239 5434 primum,

2149 5447 2360 5504 deinde
2381 5447 2692 5518 episcopus
2716 5447 3015 5505 Sulcensis
3045 5451 3240 5509 editus

2151 5539 2355 5593 aLaur
2392 5537 2723 5608 Zaccagnio,
2775 5550 2922 5608 opus
2981 5554 3151 5596 suum
3180 5543 3241 5598 in

2161 5625 2439 5697 epistolas
2469 5625 2632 5683 Pauli
2665 5627 2773 5683 hoc
2795 5626 3117 5685 Consulatu
3149 5629 3243 5686 ab-

2156 5715 2371 5773 solvit:
2405 5716 2475 5772 ad
2504 5729 2673 5787 quem
2728 5722 2992 5775 numerat
3031 5717 3101 5775 ab
3130 5721 3243 5778 ad-

3330 2048 3436 2109 457
