3906 6474
127 395 228 456 743
1053 393 1396 451 CHRONOL.
1437 394 1483 448 A
1521 393 1574 450 s.
1617 394 2014 453 SYLVESTRO
2051 395 2146 450 Αι)
2183 397 2240 452 s.
2282 398 2492 454 GREG.
2535 400 2608 453 ιι.
3435 375 3553 457 7M

161 524 313 578 Anni
385 527 766 596 Imperatores,
800 523 1076 588 Consules,
1107 518 1700 606 Romanorum,"Afi‘mi
1780 518 1840 577 A
1925 516 2112 606 nAnni
2186 520 2644 606 Christianorum,
2676 522 2991 606 Iudaeorum
3026 525 3261 606 ﬁni—
3324 524 3482 606 4-ηηὶ

130 597 244 649 Per.
266 596 380 650 Jul.
465 585 483 596 ’
659 611 745 650 res
778 599 961 662 gesta,
982 600 1030 648 ct
1061 585 1401 647 documenta.
1493 585 1646 644 'U.C.
1921 585 2134 656 Olymp.
2247 595 2502 647 timorum
2539 585 2871 662 populorum
2944 585 3249 663 Pontiﬁces,
3324 597 3469 649 Era

160 672 209 722 et
241 667 369 723 1nd.
1561 665 1688 714 ante
1732 733 1738 735 _
2241 666 2432 735 Reges,
2461 681 2547 719 res
2578 670 2741 732 gesta
2790 670 2840 720 et
2866 665 3210 721 documenta.
3292 666 3518 721 Christi.

1527 738 1579 787 et
1616 733 1742 800 post

1543 803 1710 857 Palu.
2035 791 2092 840 θῐ
2112 799 2171 841 Χῐ

481 935 552 989 Et
591 932 796 989 Libius
829 932 1070 987 Severus
1115 934 1186 986 tr.
1235 945 1288 1000 p.
1341 927 1393 999 4,
1441 925 1496 984 2.
1735 1001 1738 1004 Α
2186 926 2341 984 lebre
2372 929 2573 986 condit
2595 932 2706 987 CP.
2739 932 2795 988 in
2821 947 2935 1004 quo
2950 933 3267 992 Acametas

413 1024 573 1079 Coss.
655 1024 762 1078 Leo
791 1022 1092 1091 Augustus
1126 1032 1192 1075 ιι.
2187 1017 2498 1074 monachos
2530 1020 2804 1077 transfert
2837 1037 2849 1076 :
2895 1022 2994 1078 ubi
3023 1024 3268 1079 Studita

657 1111 860 1166 Libius
885 1110 1126 1165 Severus
1153 1108 1299 1180 Aug.
2181 1103 2394 1162 deinde
2421 1107 2568 1164 dicti
2599 1115 2754 1167 sunt.
2783 1111 3037 1182 Theoph.

490 1203 666 1256 Vetus
712 1200 962 1268 inscript
999 1213 1072 1268 ap
1119 1197 1350 1253 Fabrett
1400 1209 1508 1267 pag
2255 1195 2562 1252 Antiochia
2613 1201 2852 1256 Isauria
2901 1206 3053 1258 terra
3095 1203 3272 1259 dehi—

413 1287 544 1344 757.
579 1288 687 1346 S.A
718 1288 899 1344 Hilari
930 1287 1081 1357 epist
1111 1302 1163 1356 v,
1197 1292 1254 1342 et
1283 1286 1504 1342 Leontii
2185 1290 2376 1339 scente
2427 1287 2730 1358 mergitur,
2786 1288 2904 1358 piis
2950 1291 3272 1361 aliquantis

419 1379 614 1434 Arelat
643 1377 712 1432 ad
746 1377 1005 1432 Hilarum
1037 1388 1260 1445 papam.
2190 1369 2432 1428 relictis.
2459 1374 2706 1431 Idatius.

491 1467 742 1537 Eclipsis
773 1468 945 1522 Luna
969 1481 1046 1521 v1.
1089 1466 1280 1520 Nonas
1309 1462 1505 1520 Martii
1613 1491 1690 1503 —

417 1555 524 1611 Fer
549 1556 796 1610 vi.ldat.
1462 1635 1487 1637 _
2427 1626 2438 1637 .

205 1638 350 1699 5476
493 1645 652 1714 Impp
681 1644 831 1699 Cass
862 1645 970 1698 Leo
1009 1642 1138 1714 Aug
1168 1646 1239 1696 tr.
1277 1655 1328 1711 p.
1363 1637 1419 1710 6,
1452 1635 1508 1709 7,
1588 1633 1728 1693 4245

2026 1639 2070 1677 ιι
2156 1647 2161 1652 τ
2259 1624 2666 1694 Hilarl26t3,
3367 1629 3472 1692 463

157 1736 234 1806 Θ
275 1729 347 1787 24
420 1747 568 1789 coss,
599 1731 653 1788 ρ,
1591 1723 1730 1782 4246
2020 1725 2083 1767 ιιι
2201 1802 2214 1806 _
2269 1715 2533 1771 Petavius
2563 1718 2852 1775 adnotans
2879 1720 3279 1792 Theophanem

168 1802 247 1893 δ
317 1819 355 1877 8
498 1823 566 1877 Et
638 1823 841 1880 Libius
918 1824 1158 1878 Severus
1236 1821 1364 1892 Aug
1441 1825 1514 1874 tr.

1831 1840 1884 1900 Β
2200 1802 2257 1900 li:
2316 1818 2408 1900 .a.‘
2447 1819 2768 1900 numerare
2841 1809 3042 1900 blandi
3113 1809 3275 1868 5956.

247 1913 296 1965 F
401 1926 456 1981 p.
477 1909 534 1982 2,
561 1909 622 1977 3,
656 1927 770 1968 cos.
1336 1889 1354 1892 ’
1835 1889 1884 1900 ”
2194 1890 2412 1982 Christi
2437 1889 2541 1949 456
2563 1937 2577 1962 ,
2608 1897 2709 1966 qui
2737 1904 2822 1953 est
2846 1898 2991 1954 Era
3017 1913 3284 1958 commu-

181 1977 419 2053 Indict'
522 1977 531 1982 I
600 2001 898 2057 Vivianus.

2198 1981 2293 2035 nis
2317 1977 2443 2051 463,
2473 1983 2653 2040 refert
2679 1985 2904 2042 Petrum
2949 1989 3279 2059 Cnapheum

216 2075 359 2124 ιειιι
433 2071 573 2127 Coss
612 2072 866 2162 Easilius
912 2073 1014 2142 qui
1053 2074 1110 2128 et
1157 2070 1238 2126 Fl.
1293 2068 1518 2162 Cacina
2199 2071 2419 2127 Zenone
2456 2073 2604 2129 duce
2631 2073 2892 2132 Orientis
2931 2077 3046 2133 sibi
3077 2080 3284 2134 conci-

614 2143 867 2198 Basilius

503 2232 670 2301 Apud
704 2233 879 2288 Sidon
912 2232 1075 2302 Apoll
1098 2231 1181 2287 lib
1212 2249 1252 2295 ι,
1274 2246 1361 2302 ep.
1390 2229 1444 2286 9.

509 2323 819 2390 Inscriptio
867 2323 1160 2378 Paschalis
1207 2321 1358 2392 apud
1410 2322 1520 2376 Fa-

437 2409 590 2465 brett
636 2407 743 2465 577
790 2417 846 2466 et
882 2412 1055 2466 Noris
1101 2411 1171 2466 ad
1222 2413 1351 2466 Fast
1394 2422 1522 2465 coss

438 2511 548 2568 pag
587 2496 658 2553 53
689 2512 758 2553 ex
788 2514 899 2569 qua
929 2500 1035 2554 hoc
1069 2512 1222 2554 anno
1260 2497 1522 2554 celebra—

436 2593 555 2642 tum
603 2593 690 2641 est
720 2588 932 2642 Pascha
980 2585 1043 2642 24
1098 2587 1340 2656 Aprilis.
1383 2585 1522 2641 Vide

436 2688 610 2743 supra
624 2676 694 2730 ad
713 2688 826 2731 ann
843 2671 966 2742 457,
989 2675 1030 2745 l,
1052 2674 1138 2737 42,
1155 2676 1212 2729 C.
1230 2675 1300 2729 de
1320 2674 1514 2730 advoc.

506 2764 802 2820 Victorius
898 2765 1228 2835 Aquitanus
1320 2769 1525 2834 rogatu

440 2852 623 2908 Hilari
694 2855 852 2924 Papa
885 2854 1138 2930 .Cyclum
1193 2852 1523 2908 Paschalem

441 2954 723 2998 annorum
750 2941 857 2999 532
877 2943 1016 2998 edit.
1051 2943 1191 2998 Vide
1208 2942 1519 2998 Petavium.

2199 2158 2360 2226 liato,
2390 2160 2838 2230 Apollinaristas
2861 2167 3136 2236 quosdam
3155 2181 3287 2223 con-

2199 2253 2288 2302 tra
2319 2251 2657 2320 Martyrium
2696 2252 3117 2311 Antiochenum
3137 2257 3284 2327 Epi-

2201 2349 2438 2406 scopum
2488 2341 2831 2397 concitasse.
2881 2345 3196 2414 Martyrius
3251 2358 3285 2401 a

2201 2425 2500 2483 Gennadio
2532 2427 2846 2486 honorifice
2866 2440 3141 2503 exceptus
3176 2434 3280 2489 CP.

2201 2515 2718 2574 Antiochiamdum
2736 2521 2905 2588 redit,
2927 2523 3284 2579 tumultuan-

2204 2609 2315 2658 tem
2356 2605 2632 2673 populum
2655 2609 2878 2677 videns,
2908 2610 3032 2665 sedi
3063 2623 3287 2666 renun-

2207 2693 2333 2747 tiat.
2389 2694 2588 2750 Petrus
2645 2697 2900 2765 ejusdem
2951 2699 3186 2756 invasor
3211 2699 3284 2755 ab

2203 2783 2326 2852 Imp
2358 2783 2418 2838 in
2448 2784 2719 2841 exsilium
2749 2786 3011 2857 pellitur.

220 3026 372 3086 5477
517 3033 677 3102 Impp
727 3033 876 3088 Cass
928 3033 1038 3088 Leo
1083 3033 1214 3104 Aug
1253 3037 1322 3086 tr.
1369 3046 1424 3102 p.
1469 3026 1523 3100 7,
1605 3025 1744 3085 4246

2031 3028 2095 3070 ιιι
2280 3016 2461 3072 Hilari
2504 3017 2538 3074 3
2563 3023 2622 3075 et
2647 3016 2700 3075 4.
3382 3019 3488 3081 464

180 3122 267 3195 Θ
322 3116 396 3175 25
446 3116 657 3186 8,coss
683 3119 738 3176 2,
1605 3114 1744 3174 4247
1849 3167 1897 3195 ﬁ
2039 3117 2096 3159 iv
2278 3105 2553 3176 Olybrius
2641 3110 2874 3167 Romam
2965 3111 3180 3168 missus
3255 3125 3290 3168 a

175 3167 266 3290 ὅ
322 3167 392 3272 ’2
449 3167 821 3276 V'Rtvljibius
844 3220 1085 3277 Severus
1121 3221 1249 3292 Aug
1283 3224 1357 3275 tr.
1381 3234 1434 3290 p.
1470 3216 1525 3288 3,
1615 3167 1735 3174 mu
1848 3167 1898 3232 C
2208 3167 2424 3292 Eon}?
2453 3198 2849 3292 Ιηῖνθῗθίθνθν-
2884 3201 3056 3292 ἀηθίᾳ
3110 3215 3292 3258 more

241 3307 298 3361 Ε
322 3309 373 3361 D
457 3304 512 3361 4,
556 3308 682 3364 eos,
1214 3283 1245 3292 ν
1383 3283 1398 3290 ’
1513 3283 1520 3288 ’
2208 3283 2488 3357 Placidia,
2523 3287 2797 3345 invitusa
2819 3290 3096 3348 Romanis
3119 3305 3293 3348 coro-

198 3395 394 3450 Indict
437 3437 440 3448 .
665 3400 960 3456 Rusticus.
2211 3378 2405 3428 natur.
2429 3375 2618 3431 Chron
2650 3377 2828 3433 Pasch
2851 3378 2920 3433 ad
2948 3378 3002 3432 h.
3037 3392 3091 3435 a.
3126 3386 3294 3436 retu-

279 3479 320 3521 ιι
443 3466 584 3523 Coss
657 3470 931 3542 Olybrius
958 3471 1138 3542 quiet
1165 3469 1248 3526 Fl.
1286 3469 1532 3526 Anicius
2214 3459 2287 3514 Ῑίῐ
2317 3475 2432 3518 una
2471 3478 2601 3520 num
2644 3466 2984 3522 Consulatu.
3032 3467 3136 3523 Sed
3179 3469 3297 3523 tri-

220 3542 277 3592 et
292 3551 354 3592 ιιι
650 3540 846 3613 Olybr.
976 3540 992 3542 “
2216 3553 2423 3604 mestre
2445 3551 2755 3620 Imperium
2772 3552 2997 3622 Olybrii
3020 3554 3301 3610 differen-

517 3630 691 3686 Vetus
736 3632 1048 3700 inscriptio
1095 3631 1153 3686 in
1202 3630 1256 3685 S.
1311 3628 1534 3684 Sabina
2213 3635 2351 3690 dum
2379 3643 2464 3692 est
2496 3639 2564 3693 ad
2588 3651 2700 3695 ann
2732 3638 2856 3695 472.
2887 3641 3028 3697 Vide
3063 3641 3237 3698 infra.

448 3718 701 3789 Fabrett,
736 3734 844 3791 pag
885 3716 1013 3775 567.
2286 3725 2502 3796 Beogor
2553 3727 2671 3782 Rex
2709 3729 3027 3786 ‘Alanorum
3061 3744 3093 3785 a
3139 3731 3304 3787 Rici—

518 3808 675 3863 Solls
723 3807 970 3862 defectio
1024 3807 1120 3862 die
1166 3805 1236 3863 20
1292 3807 1537 3876 Augusti
2221 3827 2371 3869 mere
2413 3815 2708 3872 occiditur
2748 3819 2899 3886 apud
2942 3819 3300 3890 Bergomum.

448 3897 960 3965 Constantinopoli
1024 3897 1177 3967 digit
1204 3895 1340 3965 {fere
1385 3895 1420 3951 6
1466 3895 1535 3950 ab
2219 3903 2546 3960 Cassiodor.
2576 3907 2636 3959 In
2668 3903 2962 3963 eodefecit
2992 3908 3303 3966 Alanorum

452 3986 646 4042 ldatio
699 3993 1068 4043 memorata:
1132 3987 1203 4042 de
1269 3999 1381 4056 qua
1436 3986 1546 4040 Pe—
2223 3992 2594 4064 Principatus
2618 3994 3036 4068 interLigerim
3061 4006 3118 4055 et
3148 3999 3312 4057 Rho-

452 4076 667 4131 tavius.
2227 4081 2463 4137 danum.

522 4165 892 4220 Childericus
956 4178 1056 4235 per
1125 4165 1458 4221 octennium
1516 4178 1549 4219 a
2299 4170 2613 4228 Obitus‘S.
2647 4174 2937 4230 Simeonis
2975 4175 3198 4246 Stylita
3253 4177 3313 4232 h.

466 4255 702 4310 Francis
750 4255 1032 4324 expulsus
1064 4255 1258 4327 Regno
1302 4267 1411 4310 suo
1452 4267 1552 4309 re—
2230 4275 2282 4318 a.
2311 4262 2579 4333 signatur
2608 4263 2846 4320 aChron
2883 4265 3088 4320 Pasch.

453 4345 750 4400 stituitur.
773 4345 912 4401 Vide
932 4346 1048 4417 Pag
1088 4345 1196 4400 Sen
1222 4345 1276 4400 h.
1313 4358 1367 4400 a.
1396 4357 1450 4400 ιι.
1489 4341 1545 4399 9.

219 4447 383 4507 5478
529 4452 692 4521 Impp
730 4451 879 4506 Cass
935 4453 1042 4508 Leo
1080 4450 1208 4523 Aug
1250 4456 1320 4508 tr.
1368 4465 1428 4521 p.
1490 4447 1546 4521 8,
1627 4445 1764 4505 1247
2007 4443 2182 4514 Olym.
2305 4444 2489 4500 Hilari
2523 4441 2556 4499 4
2593 4450 2651 4502 et
2676 4442 2734 4515 5,
2771 4446 2872 4517 qui
2899 4445 3315 4503 Concil-Roma
3407 4442 3514 4503 465

179 4548 268 4605 ξς)
327 4538 400 4596 26
453 4537 509 4608 9,
543 4554 672 4596 coss
708 4553 769 4594 li.
1623 4536 1765 4595 4248
1864 4554 1918 4618 D
2035 4531 2142 4590 340
2233 4533 2505 4590 celebrat.
2581 4535 2725 4591 Vide
2798 4541 2964 4594 notas
3023 4535 3176 4592 infra
3242 4536 3314 4593 ad

173 4637 271 4710 θ
337 4634 403 4694 40
531 4639 600 4693 Et
631 4638 733 4694 Lib
776 4639 1017 4695 Severus
1051 4639 1178 4712 Aug
1203 4643 1274 4695 tr.
1307 4655 1364 4710 p.
1405 4636 1458 4694 4.
1491 4635 1546 4705 5,

989 4655 1017 4695 s
1051 4639 1178 4712 Aug
1203 4643 1274 4695 tr.
1307 4655 1364 4710 p.
1405 4636 1458 4694 4.
1491 4635 1546 4705 5,
2067 4637 2153 4726 lli.
2233 4623 2525 4726 Hilarum...

297 4725 341 4780 c
457 4741 570 4782 cos
605 4729 708 4798 qui
760 4729 1072 4784 Ricimeris
1121 4729 1357 4785 Patricii
1415 4729 1550 4784 dolo
2017 4713 2153 4771 θέοι
2297 4715 2634 4782 Incendium
2709 4715 2808 4771 CP-
2876 4716 3044 4786 Juxta
3136 4717 3316 4773 chron

182 4815 400 4872 Indict
458 4831 674 4874 veneno
719 4817 1100 4874 interimitur.
1154 4821 1549 4891 Interregnum
2033 4887 2130 4906 Μ,
2231 4802 2484 4906 “cf...
2796 4894 2834 4906 η
2883 4893 2921 4906 ..
3226 4893 3239 4906 .

271 4918 348 4960 ιιι
461 4907 754 4976 postejus
788 4915 1024 4964 mortem
1066 4909 1205 4964 anni
1236 4913 1294 4964 et
1323 4887 1550 4978 aliquot

2032 4887 2130 4946 344
2300 4893 2566 4963 IEgidius
2585 4906 2773 4949 comes
2791 4893 3112 4950 Gothorum
3128 4906 3198 4948 ex
3224 4893 3324 4948 in-

218 4999 289 5049 ετ
332 5006 382 5047 ιν
457 5007 618 5050 mens
647 5009 713 5052 ex
748 4996 1005 5053 Cassiod,
2076 4993 2094 5034 1
2224 4980 2401 5036 sidiis
2440 4982 2710 5051 moritur,
2744 4983 2844 5052 qui
2889 4988 3017 5051 post
3049 4982 3177 5051 ejus
3209 4981 3318 5037 ob-

465 5119 606 5176 COSS
681 5085 760 5140 Fl.
793 5085 1132 5170 Basiliscus.

683 5158 1135 5213 Herminericus.

2234 5068 2381 5124 itum
2427 5068 2711 5125 Romanas
2752 5070 3022 5126 civitates
3062 5084 3320 5142 occupa-

2236 5162 2391 5212 runt.
2420 5156 2665 5212 Idatius.

767 5172 1135 5213 rminericus.
2236 5172 2304 5212 1⁵11

1123 5197 1135 5210 .
2236 5172 2391 5212 runt.
2421 5172 2664 5212 ιαῑιιιιιε.

536 5245 712 5302 Vetus
777 5247 1045 5316 inscript.
1126 5244 1381 5302 Fabrotti
1445 5240 1552 5301 567
2305 5245 2675 5301 Childericus
2707 5244 3032 5317 Andegavis
3081 5255 3319 5321 pugnat.

466 5333 756 5390 Montfauc
796 5336 939 5390 Diar
967 5334 1072 5390 Ital
1109 5349 1164 5404 p.
1202 5331 1325 5389 464.
1357 5333 1553 5388 Concil
2236 5333 2737 5391 Odovacriuscum
2774 5335 3100 5393 Saxonibus
3127 5338 3325 5394 Ande-

385 5466 396 5476 .
476 5423 615 5478 Rom
691 5429 746 5480 et
817 5424 1064 5495 epistola
1122 5423 1305 5478 Hilari
1369 5424 1552 5491 Papa.
2239 5438 2410 5493 gavos
2440 5423 2620 5485 venit,
2662 5430 2719 5479 et
2763 5437 2967 5493 magna
3005 5426 3167 5483 clade
3212 5443 3322 5498 po-

470 5511 612 5566 Vide
639 5518 804 5569 notas
842 5514 910 5568 ad
945 5515 1185 5568 Leonem
1212 5513 1285 5566 Ill.
2243 5514 2443 5582 pulum
2495 5512 2834 5570 devastavit.
2889 5513 2971 5568 Ex
3025 5515 3329 5574 historicis

542 5602 888 5658 Gensericus
935 5601 1129 5657 valida
1199 5602 1381 5657 classe
1431 5615 1560 5657 oras
2246 5603 2596 5657 Francorum
2652 5619 2665 5655 :
2717 5614 2966 5672 quorum
3023 5605 3329 5663 criterium

478 5690 658 5746 Italia
686 5697 744 5748 et
767 5692 1002 5748 Gracia
1029 5689 1360 5760 populatur.
1407 5691 1560 5762 Quin
2245 5691 2378 5749 vide
2422 5690 2573 5762 apud
2620 5692 2752 5762 Pag.
2797 5690 2904 5746 Sen
2963 5691 3021 5748 h.
3065 5707 3118 5751 a.
3151 5708 3214 5751 ιι.
3274 5710 3334 5753 x.

759 5792 994 5846 PATROL.
1051 5789 1320 5846 CXXVII.
3227 5793 3300 5852 23
