3906 6470
72 376 175 435 747
256 397 273 410 ·

1008 383 1353 441 CHRONOL.
1393 385 1441 441 A
1483 385 1540 442 S.
1581 380 1979 445 SYLVESTBO
2017 392 2110 446 AD
2146 392 2203 447 S.
2246 393 2457 449 GREG.
2498 396 2570 449 M.
2650 440 2657 443 _

3395 392 3505 456 748

28 524 29 527 ‘
134 510 296 566 Anni
359 514 745 584 Imperatores,
828 513 1108 587 Consules,
1172 518 1453 572 Romano—
1515 515 1673 571 Anni
1768 518 1829 579 A
1906 517 2075 594 Anni
2127 519 2586 583 Christianorum,
2636 522 2951 579 Judaeorum
2994 530 3047 580 et
3090 526 3215 594 ﬁni—
3301 525 3460 581 Anni

71 603 191 657 Per.
214 602 332 657 Jul.
430 618 577 667 rum,
603 618 691 658 res
714 608 880 673 gesta:
905 608 957 659 et
981 604 1328 661 documenta.
1566 607 1613 660 U
1633 606 1673 663 ϐ

102 696 157 746 et
180 692 315 748 Ind.
1543 698 1671 749 ante

1510 788 1567 838 et
1574 786 1704 854 post

1502 872 1674 929 Palil.

359 979 507 1036 lium
560 980 841 1037 mittitur.
914 980 1174 1038 Cassiod.
1236 978 1445 1036 Chron.

359 1070 565 1142 Sidon,
586 1071 757 1142 epist,
790 1068 846 1142 7,
874 1070 959 1127 lib
992 1069 1045 1126 4.

135 1243 290 1302 5482
434 1249 620 1320 Impp.
655 1250 826 1306 Caess.
858 1251 968 1307 Leo
1004 1251 1137 1322 Aug
1174 1254 1231 1306 tr
1255 1264 1309 1320 p.
1365 1245 1451 1320 42,
1531 1245 1671 1306 4222

242 1334 281 1392 2
379 1333 721 1395 43.603111.
1530 1334 1671 1395 4223

100 1433 180 1506 θ
222 1431 291 1490 44
434 1438 505 1492 Et
533 1436 880 1495 Anthemius
929 1439 1059 1512 Aug
1095 1444 1152 1496 tr
1181 1453 1236 1510 p.
1285 1436 1342 1510 2,
1392 1434 1447 1494 3.

196 1525 245 1577 E
352 1525 462 1582 Cos
493 1540 555 1582 ιι.

110 1613 305 1709 [gfx
382 1626 387 1631 θ
430 1652 568 1709 Coss
606 1619 899 1709 .mezL“,

172 1699 254 1740 vn
432 1690 568 1709 “"°°
606 1690 688 1745 Fl.
723 1690 1074 1748 Marcianus.

99 1775 153 1825 et
185 1783 297 1828 vm
436 1777 493 1831 L.
520 1774 612 1833 34.
639 1779 696 1834 C.
737 1780 807 1835 de
832 1782 1003 1851 Episc
1050 1784 1107 1837 et
1129 1779 1260 1837 Cler
1282 1778 1452 1835 aliaa-

363 1878 475 1935 que
504 1880 596 1936 ap.
632 1869 871 1925 Reland.

432 1957 691 2015 Isidorus
760 1960 820 2015 in
893 1960 1031 2016 hist.
1136 1960 1452 2017 Suevorum

360 2051 663 2118 postquam
683 2051 941 2105 narravit
970 2049 1450 2106 Remismundum

355 2135 673 2192 Suevorum
701 2139 905 2209 Regem
933 2139 1313 2196 Corimbriam
1347 2138 1450 2194 di-

360 2226 640 2297 ripuisse,
695 2233 751 2283 et
817 2228 1210 2298 Ulyssiponem
1270 2242 1450 2284 occu—

359 2326 546 2385 passe,
573 2314 748 2371 refert
845 2316 918 2372 ab
981 2318 1151 2387 Ajace
1201 2318 1447 2389 quodam

358 2403 595 2460 natione
663 2404 864 2462 Galata
932 2407 1147 2464 Ariana
1210 2408 1449 2477 perfidia

361 2491 617 2549 imbutos
675 2493 858 2551 fuisse
907 2497 1223 2553 Suevorum
1266 2500 1448 2568 Reges

356 2595 544 2652 usque
572 2583 642 2638 ad
670 2584 1135 2655 Tbeodemirum,
1167 2587 1294 2657 qui,
1345 2600 1446 2642 er—

357 2669 907 2743 roribusabjuratis,
928 2674 1263 2731 Catholicus
1283 2674 1399 2730 fuit
1424 2693 1440 2746 ;

358 2772 538 2830 quare
560 2760 814 2818 silentur
840 2776 1202 2820 successores
1230 2763 1446 2820 Remis-

358 2849 560 2905 mundi
596 2864 778 2921 usque
806 2853 874 2908 ad
908 2865 1021 2909 ann
1041 2851 1168 2925 560,
1197 2852 1272 2910 ab
1301 2852 1441 2909 bist.

115 2931 273 2992 5483
363 2937 527 3008 Hisp.
557 2941 698 2998 Vide
727 2943 965 3014 Pagium
992 2943 1122 2999 Sen.

89 3028 167 3100 Θ
214 3023 256 3082 3
401 3028 579 3101 Impp.
620 3030 797 3088 Cass.
859 3034 970 3090 Leo
1014 3032 1144 3105 Aug
1172 3039 1228 3091 tr
1281 3050 1332 3106 p.
1372 3031 1441 3090 43
1518 3030 1663 3090 4223

85 3114 165 3187 ο
189 3113 268 3174 45
353 3122 412 3176 et
440 3116 528 3178 44.
552 3121 656 3179 Cos
682 3136 770 3179 ιιι.
1526 3121 1667 3182 4224

164 3209 220 3262 D
442 3211 513 3266 Et
540 3210 884 3271 Anthemius
938 3213 1066 3288 Aug
1102 3220 1158 3272 tr
1204 3230 1259 3288 p.
1292 3213 1347 3287 3,
1388 3213 1441 3272 4.

109 3296 315 3353 Indict
379 3298 490 3356 Cos
512 3314 575 3357 ιι.

175 3400 283 3444 VIII
397 3425 535 3451 η---
573 3393 813 3451 Severus
835 3393 1034 3451 Occid.

124 3425 204 3514 εἰ
219 3425 286 3516 ὶὲ
397 3425 538 3484 οοδε
573 3425 978 3524 3⁷3ἔὲἓέἔὸἴῖ

125 3545 287 3604 5483
433 3552 496 3608 L.
533 3550 620 3609 44.
681 3556 743 3610 C.
775 3556 847 3612 de
878 3569 1028 3613 sacr.
1086 3555 1286 3613 Eccles
1336 3561 1446 3613 etc.

364 3644 515 3712 apud
545 3644 784 3702 Reland.
1315 3642 1329 3655 “

431 3731 923 3805 Chronographus
971 3736 1191 3793 Victori
1243 3737 1451 3793 Tunu—

361 3822 531 3878 nensi
557 3824 816 3880 insertus
863 3836 1160 3894 perperam
1218 3826 1453 3883 adscri-

357 3910 453 3967 bit
484 3911 624 3967 huic
655 3925 807 3969 anno
834 3912 1136 3971 Arelatum
1167 3920 1224 3971 et
1242 3916 1447 3972 Massi-

356 4001 502 4058 liam
531 4008 840 4072 occupatas
882 4018 915 4061 a
936 4004 1179 4076 Gothis;
1223 4019 1356 4062 cum
1384 4019 1454 4063 ex

358 4091 649 4149 Jornande
695 4094 765 4149 ad
820 4107 934 4151 ann
991 4091 1116 4167 477,
1173 4094 1455 4152 diﬂ'eren—

359 4179 490 4237 dam
529 4182 729 4238 Eurici
759 4183 1217 4241 dominationem
1249 4191 1454 4241 osten-

358 4269 463 4326 dat
492 4271 704 4344 Pagius
755 4287 813 4329 ιι.
843 4288 919 4331 xx
945 4274 1085 4331 anni
1114 4270 1238 4331 477.

136 4353 289 4413 5484
434 4360 615 4431 Impp.
656 4361 829 4419 Caess.
866 4364 970 4421 Leo
1009 4363 1137 4435 Aug
1167 4368 1221 4420 tr
1248 4379 1300 4435 p.
1353 4360 1443 4436 44,
1525 4361 1666 4422 4224

98 4449 180 4517 θ
218 4443 256 4502 4
371 4444 460 4504 45.
499 4448 609 4506 Cos
633 4464 709 4506 xv.
1523 4452 1665 4513 4225

87 4533 172 4606 θ
224 4532 298 4593 46
445 4538 515 4594 Et
546 4539 896 4599 Anthemius
941 4544 1071 4615 Aug
1108 4547 1162 4599 tr
1192 4559 1246 4615 p.
1300 4539 1354 4617 4,
1391 4542 1447 4602 5.

217 4624 261 4681 ο
368 4626 509 4687 Coss
533 4643 598 4687 ιι.

112 4715 308 4811 him
404 4755 548 4811 Coss
585 4722 851 4811 39.41.13
873 4738 932 4780 Π

190 4769 300 4843 ix"
404 4769 548 4813 υ⁰⁸³
585 4769 928 4853 ignarus:

142 4888 203 4941 et
224 4896 266 4939 ι
440 4881 652 4940 Charta
706 4886 1062 4944 Cornutiana
1096 4901 1167 4945 ex
1200 4888 1451 4947 Archivo

362 4972 698 5033 Tiburtino.
720 4975 863 5033 Vide
876 4977 1169 5051 Prolegom
1185 4993 1295 5051 pag
1305 4992 1471 5036 χχχιι

367 5069 424 5118 et
455 5061 495 5117 l.
532 5060 619 5119 43.
649 5065 710 5120 C.
741 5065 815 5122 de
849 5064 930 5123 oti
958 5074 1077 5125 rect
1114 5082 1253 5139 prov
1285 5066 1455 5124 aliie-

372 5165 487 5223 que
516 5153 669 5224 apud
702 5154 940 5212 Reland.

436 5245 575 5301 Item
628 5245 778 5319 lapis
797 5245 1041 5303 effossus
1088 5258 1241 5303 anno
1291 5243 1450 5314 4724,

363 5332 436 5389 ad
467 5333 524 5389 S.
552 5334 740 5392 Pauli.

136 5418 289 5478 5485
434 5423 597 5495 Impp
641 5426 762 5484 Caes
816 5429 925 5485 Leo
970 5427 1100 5500 Aug
1150 5430 1222 5483 tr.
1253 5441 1308 5497 p.
1361 5423 1449 5498 45,
1529 5424 1668 5485 4224

100 5514 182 5584 Θ
246 5511 283 5567 5
376 5511 462 5577 46,
497 5528 595 5571 cos
626 5529 701 5573 ιν.
1530 5515 1668 5575 4225

100 5606 187 5680 α
216 5602 283 5662 47
450 5607 519 5663 Ει
547 5606 894 5665 Anthemius
920 5607 1045 5681 Aug
1088 5611 1164 5664 tr.
1217 5621 1271 5680 p.
1305 5604 1359 5681 5,
1393 5606 1448 5679 6,

148 5698 276 5755 BA
383 5709 485 5755 cos
513 5710 552 5753 ιι

1767 4565 1824 4629 D

1893 587 2105 660 Olymp.

1887 1228 2098 1301 Olymp.

1922 1314 2021 1374 344

1963 1420 2019 1462 ιν

1962 1500 2014 1550 et

1945 1582 2052 1642 342

1983 1688 2001 1731 Ι

1957 4453 2018 4496 III

1958 5442 2023 5483 ΙΙΙ

1959 5531 2015 5574 Π

2235 595 2486 647 timorum
2550 597 2897 664 pOpulorum,
2944 599 3248 668 Pontiﬁces,
3326 601 3470 654 Era

2230 667 2416 732 Reges,
2447 681 2533 720 res
2552 672 2715 734 gestae
2755 672 2806 723 et
2841 669 3188 725 documenta.
3238 667 3241 668 ⁷
3286 668 3506 727 Christi.

2135 964 2468 1036 tin0polim.
2517 981 2551 1024 a
2578 970 2786 1026 Verina
2831 969 3091 1042 Augusta
3138 971 3223 1027 li-

2136 1052 2371 1115 beratus
2472 1057 2763 1129 relegatur
2857 1061 3213 1119 Perinthum.

2135 1144 2353 1217 Procop
2381 1147 2599 1219 Niceph
2626 1149 2665 1204 l.
2714 1146 2800 1219 45,
2834 1164 2886 1208 c.
2922 1148 3006 1207 47.

2210 1233 2505 1305 Simplicii
2541 1237 2564 1292 4
2610 1245 2666 1294 et
2689 1237 2744 1294 2.
3313 1241 3421 1301 469

2201 1322 2387 1393 Caput
2428 1327 2695 1383 Denzicis
2735 1329 3073 1389 Hunnorum
3102 1332 3221 1388 Re-

2155 1410 2247 1481 gis
2274 1412 2472 1469 Attilae
2519 1414 2626 1470 ﬁlii
2656 1416 3221 1489 Constantinopolim

2148 1505 2238 1555 est
2264 1500 2529 1559 allatum.
2567 1505 2892 1562 Marcellin.

2210 1589 2499 1647 Patricius
2520 1594 2759 1663 Asparis
2792 1595 2949 1652 ﬁlius
2981 1610 3015 1653 a
3038 1599 3221 1655 Leone

2132 1677 2322 1734 Caasar
2349 1680 2545 1738 dictus
2580 1683 2990 1742 Alexandriam
3022 1688 3219 1744 mitti-

2136 1772 2234 1824 tur
2265 1775 2331 1824 ut
2367 1770 2439 1825 ab
2462 1771 2590 1828 Arii
2623 1776 2816 1844 pravis
2844 1777 3216 1850 dogmatibus

2130 1855 2404 1928 Asparem
2458 1870 2763 1920 revocaret.
2853 1865 2937 1922 Ab
3013 1867 3211 1924 eodem

2136 1947 2407 2020 Principe
2425 1953 2572 2009 Zeno
2595 1968 2767 2025 gener
2802 1970 2933 2012 cum
2955 1958 3214 2014 exercitu

2135 2034 2195 2090 in
2218 2038 2522 2097 Thraciam
2548 2043 2765 2101 missus
2812 2044 3062 2102 feliciter
3090 2060 3216 2103 eva-

2132 2125 2222 2181 dit
2278 2129 2517 2199 Asparis
2584 2132 2866 2191 insidias:
2935 2149 3005 2192 ex
3091 2149 3207 2208 quo

2127 2215 2313 2286 Aspar
2356 2229 2661 2291 suspectus
2704 2225 2880 2281 Leoni
2928 2227 3212 2284 redditur.

2127 2305 2272 2361 Vide
2327 2309 2564 2381 Pagium
2617 2313 2825 2371 Senex
2873 2315 3217 2387 Theophane

2131 2395 2252 2452 haec
2322 2401 2682 2475 recitantem,
2742 2411 2799 2462 et
2852 2406 2922 2461 ad
2995 2420 3214 2464 annum

2128 2484 2282 2543 hunc
2314 2498 2672 2548 revocantem
2685 2492 2967 2551 Geiserici
2989 2497 3210 2556 cladem

2129 2588 2284 2632 anno
2315 2580 2611 2652 superiori.
2655 2596 2723 2640 ex
2777 2583 3213 2645 aliisChrono—

2132 2665 2372 2736 graphis
2402 2668 2662 2726 relatam.

2201 3005 2491 3078 Simplicii
2520 3007 2558 3087 2
2580 3018 2637 3068 et
2655 3010 2706 3068 3.

2207 3094 2703 3165 Quindecennalia
2753 3102 2960 3162 Leonis
3005 3107 3127 3178 Imp
3153 3107 3215 3167 b.

2135 3196 2189 3239 a.
2247 3189 2553 3262 consignat
2596 3191 2827 3265 Pagius,
2916 3194 3054 3252 licet
3093 3198 3221 3268 ejus

2135 3273 2513 3337 Consulatum
2562 3282 2633 3338 IV
2673 3296 2804 3349 eum
2829 3284 2968 3342 aliis
2999 3292 3220 3345 statuat

2133 3376 2284 3422 anno
2311 3371 2598 3440 sequenti.

2202 3454 2539 3516 Gennadius
2608 3460 3213 3538 Constantinopolita-

2137 3555 2247 3599 nus
2276 3546 2595 3618 EpiscOpus
2624 3550 2918 3609 Danielem
2950 3554 3214 3624 Prophe—

2136 3636 2252 3687 tam
2305 3647 2374 3690 ex
2406 3635 2633 3708 integro
2663 3640 2733 3694 ad
2781 3640 3019 3697 verbum
3068 3657 3218 3700 com-

2134 3727 2422 3781 mentatus
2467 3730 2573 3797 est,
2600 3731 2658 3781 et
2695 3728 2968 3787 homilias
3012 3733 3225 3790 multas

2134 3813 2499 3881 composuit:
2551 3821 2608 3871 et
2648 3818 2810 3874 Pauli
2846 3820 2998 3890 epist
3024 3834 3223 3878 omnes

2132 3904 2424 3971 exposuit.
2473 3904 2869 3982 Marcellinus,
2914 3914 2973 3967 et
2994 3925 3125 3968 cum
3156 3924 3225 3968 eo

2136 3990 2324 4047 Petav.

3310 3016 3418 3079 470

2209 4350 2498 4424 Simplicii
2529 4350 2564 4410 3
2594 4359 2651 4410 et
2678 4352 2731 4410 4.

2206 4440 2393 4512 Aspar
2412 4457 2542 4501 cum
2562 4444 2862 4503 Ardabure
2882 4451 2939 4504 et
2960 4449 3211 4509 Patricio

2138 4532 2321 4602 illius,
2353 4533 2456 4590 illo
2510 4535 2781 4609 Patricio,
2835 4536 2943 4596 hoc
2966 4541 3208 4613 Cresare,

2134 4637 2457 4697 generoque
2485 4625 2691 4684 Leonis
2722 4629 3012 4701 Principis
3034 4634 3224 4705 appel-

2134 4713 2251 4771 lato
2264 4715 2657 4773 Arianuscum
2682 4719 2898 4777 Ariana
2930 4723 3222 4794 prolespa-

2131 4803 2348 4862 donum
2368 4807 2611 4863 ensibus
2642 4808 2702 4864 in
2722 4810 2943 4868 Palatio
2957 4812 3222 4870 vulnera-

2134 4898 2232 4951 tus
2259 4895 2508 4952 interiit.
2524 4899 2607 4953 Ex
2621 4897 2945 4956 Marcellini
2965 4901 3145 4958 chron
3157 4906 3216 4957 et

2132 4982 2364 5053 Evagrii
2400 4984 2521 5043 hist
2555 4986 2597 5043 l.
2628 4985 2685 5058 2,
2716 5002 2768 5043 c.
2799 4986 2886 5046 45.
2919 4990 3209 5063 Petavius,

2136 5070 2372 5143 Pagius,
2397 5078 2456 5127 et
2481 5073 2698 5145 reliqui
2727 5074 3099 5149 Cbronologi.

2207 5160 2508 5219 Gennadio
2561 5162 3204 5236 Constantinopolitano

2133 5250 2418 5321 Episcopo
2447 5252 2744 5310 decedenti
2776 5255 3038 5313 succedit
3060 5258 3216 5317 Aca-

2134 5341 2283 5397 cius.
2306 5342 2489 5413 Evagr
2514 5342 2823 5414 Nicephor.

2204 5429 2498 5502 Simplicii
2526 5430 2560 5488 4
2588 5439 2645 5490 et
2662 5430 2717 5490 5.

2214 5519 2590 5589 Theophanes
2635 5522 2788 5579 hunc
2842 5537 3057 5582 annum
3106 5542 3219 5586 no-

2142 5614 2227 5665 tat
2258 5610 2458 5666 mundi
2490 5609 2653 5685 5964‘
2677 5628 2794 5685 quo
2847 5627 2998 5672 anno
3046 5617 3221 5676 refert

2148 5699 2441 5757 obsessam
2520 5703 3084 5776 ConstantinOpolim
3152 5708 3229 5766 ab

3309 4362 3409 4422 474

3311 5437 3420 5499 472
