3906 6440
95 404 196 463 724
1029 406 1377 466 CHRONOL.
1416 413 1461 468 A
1503 412 1558 469 S.
1600 413 1994 475 SYLVESTRO
2028 419 2127 475 AD
2161 420 2219 477 S.
2258 421 2471 479 GREG.
2574 463 2586 476 .
3422 417 3533 478 722

156 523 343 605 Αηῃὶ-
371 527 752 594 Imperatores,
824 526 1124 605 Consules,
1228 533 1488 585 Romano-
1556 536 1712 589 Anni
1783 538 1844 599 A
1935 538 2093 593 Anni
2157 541 2612 605 Christianorum,
2664 542 2983 597 Judworum
3029 546 3081 596 et

3114 544 3255 613 ﬁni-e-
3318 542 3474 597 Anni

95 596 361 684 Ρςςῖῐιει.
438 612 583 659 rum,
605 613 692 652 res
715 601 881 665 gestae
927 603 978 653 et
1025 599 1364 655 documenta.
1546 605 1604 658 U.
1784 596 1843 599 ﬁ
1915 609 2128 682 Olymp.
2172 596 2179 597 ⁷
2242 596 2515 668 timorum,
2546 596 2890 684 populorum,
2948 596 3252 684 Pontiﬁces,
3323 596 3472 670 :Eré

131 671 185 720 et
208 667 335 724 Ind.
1502 682 1699 801 “6:5;
1982 667 2006 680 ν
2067 667 2089 682 ⁵
2232 667 2419 754 Reges,
2449 667 2728 753 res‘géstae
2754 690 2805 739 et
2835 667 3251 741 documenti",
3303 667 3526 743 Cimbii.

1502 761 1554 800 et
1574 761 1673 800 ‘DOS

1503 763 1669 873 ‘15.“???

144 953 332 1009 Indict
390 954 490 1011 Kal
544 955 694 1026 Sept.
755 953 986 1012 Orestes
1042 954 1231 1013 ﬁlium
1302 971 1472 1014 suum
1753 977 1756 981 ’
2156 954 2320 1008 liscus
2377 953 2439 1008 in
2482 965 2683 1023 campo
2717 952 2907 1009 Caesar
2950 952 3243 1010 acclama-

191 1055 300 1097 xm
392 1044 771 1101 Aucusruum
802 1044 1119 1101 substituit
1152 1046 1472 1115 imperato—
2152 1048 2246 1098 tus
2304 1040 2507 1098 uxoris
2561 1041 2819 1112 impulsu
2874 1041 3237 1099 Timotheum

128 1134 181 1185 et
224 1145 343 1188 xtv.
387 1145 504 1187 rem
537 1133 666 1202 prid
711 1133 817 1189 Kal
844 1132 1203 1190 Novembris.
1257 1134 1466 1191 Chron.
2152 1130 2415 1188 Elurum
2451 1137 2697 1200 revocat,
2731 1144 2798 1186 ac
2836 1131 3066 1187 Petrum
3096 1131 3241 1187 Ful-

382 1220 681 1291 Cuspiani.
2151 1219 2338 1275 lonem
2394 1236 2409 1275 :
2466 1225 2525 1275 et
2564 1218 2838 1274 Acacium
2877 1219 2978 1275 CP.
3026 1234 3240 1291 urgens

454 1310 604 1366 Cons
633 1312 779 1367 Zeno
807 1311 937 1383 Aug
975 1324 1015 1366 ιι
1048 1311 1178 1368 sine
1226 1312 1465 1385 collega.
2151 1308 2219 1363 ad
2243 1308 2624 1363 damnandam
2655 1308 2946 1378 Synodum
2992 1308 3238 1365 Chalce—

385 1401 443 1454 L.
477 1397 550 1455 29
585 1399 645 1452 C.
679 1399 750 1455 de
781 1399 927 1455 inotf
963 1406 1115 1469 test.,
1176 1406 1265 1456 etc
1316 1405 1467 1473 apud
2149 1396 2286 1451 don.
2314 1412 2342 1450 a
2364 1396 2575 1465 populo
2597 1396 2935 1465 impeditur.
2956 1397 3237 1467 Evagrius

382 1487 596 1543 Reland
653 1496 708 1542 et
766 1487 1024 1556 Epistola
1095 1488 1151 1543 S.
1203 1489 1468 1560 Simplici
1588 1488 1595 1499 '
2150 1483 2252 1539 lib.
2290 1476 2451 1539 in.c.
2490 1482 2522 1539 4
2560 1484 2897 1540 Timetheus
2947 1485 3237 1555 Solopba-
3302 1490 3307 1497 '

386 1590 543 1646 papae
598 1577 666 1631 ad
717 1576 1093 1648 Florentium,
1153 1584 1285 1648 etc.,
1337 1580 1470 1636 data
2148 1573 2339 1630 ciolus
2367 1573 2714 1629 Alexandria
2743 1574 2917 1629 cedit.

386 1670 514 1735 post
543 1678 683 1720 cons
714 1666 920 1721 Leonis
944 1665 1073 1737 Aug
1095 1667 1266 1736 cujus
1304 1668 1467 1723 anti-
2221 1661 2556 1731 Ostrogothi
2595 1660 2890 1731 Illyricum
2938 1662 3237 1719 devastant

387 1768 564 1824 quum
590 1755 883 1824 exemplar
914 1756 973 1810 in
1017 1755 1121 1811 cod
1155 1764 1381 1812 monast
1408 1757 1466 1813 s.
2147 1750 2530 1807 Tbeodomire
2559 1764 2689 1822 rege
2713 1765 2844 1807 cum
2874 1751 3230 1809 Theodorico

381 1843 590 1899 Crucis
615 1844 688 1898 de
708 1844 875 1899 Urbe.
1783 1862 1837 1924 Β
2150 1841 2239 1897 ιιι.
2295 1854 2394 1897 eos
2444 1841 2709 1897 ducente.
2786 1842 2919 1913 Pag.
2978 1842 3109 1898 Sen.
3163 1856 3234 1898 ex
3272 1862 3291 1919 ι¹

453 1932 820 2002 Augustulus
850 1933 921 1989 ab
964 1934 1162 1990 Oreste
1189 1936 1358 1991 Patre
1395 1936 1466 1992 ad
2145 1930 2452 2002 Jornande,
2502 1930 2755 2001 aliisque
2783 1929 2841 1985 h.
2890 1943 2944 1987 a.
2985 1944 3041 1987 n.
3093 1929 3129 1987 6
3175 1938 3234 1988 et

385 2021 695 2090 imperium
730 2029 1027 2090 promotus
1051 2023 1274 2079 dicitur
1292 2025 1466 2080 etiam
2149 2032 2305 2090 seqq.

346 2109 664 2165 Momillus.
689 2110 959 2166 Jornand.

158 2211 311 2270 5489
456 2216 597 2283 Imp.
631 2214 769 2270 Caes.
819 2217 964 2271 Zeno
1004 2215 1147 2289 Aug.
1199 2224 1272 2273 tr.
1306 2234 1362 2289 p.
1406 2217 1461 2291 2,
1543 2218 1683 2277 4228

1972 2229 2036 2271 ιιι
2217 2214 2507 2284 Simplicii
2538 2212 2575 2271 8
2593 2220 2649 2272 et
2674 2214 2726 2272 9.
3343 2214 3448 2274 L76

169 2299 309 2377 $9
385 2300 439 2371 3,
468 2316 583 2358 cos.
624 2300 710 2357 44.
1539 2307 1681 2366 4229

1984 2319 2039 2360 ιν
2218 2305 2436 2360 Scribit
2454 2305 2795 2375 Simplicius
2818 2306 2888 2362 ad
2914 2306 3233 2376 imperato-

154 2389 235 2463 θ
273 2388 312 2446 2
457 2392 526 2446 Ει
572 2391 935 2462 Augustulus
978 2395 1201 2451 decimo
1238 2397 1468 2466 imperii
2150 2399 2331 2450 torem
2366 2394 2437 2450 de
2454 2394 2776 2451 cohibenda
2821 2395 3039 2452 Eluro.
3094 2395 3237 2452 Vide

147 2482 219 2534 D.
256 2480 314 2536 C.
379 2492 574 2534 mense
620 2481 899 2549 expulsus
942 2482 1014 2537 ab
1056 2482 1330 2552 Oooacas,
1367 2488 1466 2556 qui
2155 2490 2320 2538 notas
2341 2483 2408 2538 ad
2442 2483 2836 2552 Simplicium.

133 2568 334 2623 Indict
388 2582 450 2622 se
472 2569 654 2622 Italia:
683 2585 861 2637 regem
905 2572 1098 2627 vocari
1154 2573 1463 2630 mandavit.
2227 2573 2372 2627 Zeno
2388 2574 2614 2627 Petrum
2650 2572 2945 2629 Fullonem
2965 2572 3232 2629 Basilisci

186 2670 291 2712 xxv
383 2692 522 2748 COSS
561 2658 641 2712 Fl.
676 2658 999 2715 Basiliscus
1028 2674 1086 2715 ιι.
2152 2661 2431 2717 fautorem
2465 2662 2525 2715 in
2564 2663 2827 2717 ordinem
2887 2663 3123 2733 redigit,
3170 2674 3238 2717 ac
3342 2716 3351 2725 ,

132 2732 194 2782 et
233 2742 330 2784 xv.
563 2728 853 2784 Armatus.
2152 2750 2343 2784 nam...
2401 2749 2609 2784 solum!
2643 2768 2657 2782 .
2688 2751 3061 2784 ...ιιιομηηρροη
3097 2764 3239 2784 ,ηιιῇ
3286 2778 3293 2783 .

314 2766 330 2782 ’
396 2746 410 2748 ⁷
548 2746 853 2822 λῧτηῖδιιξδ·
904 2820 911 2822 ξ
2152 2750 2346 2820 Pityos
2401 2749 2657 2821 relegat:
2688 2751 3066 2820 unde'postea
3097 2764 3239 2822 pro-
3286 2778 3293 2783 -

454 2818 514 2914 ξ..
544 2815 635 2914 2S,
668 2819 725 2873 C.
775 2819 846 2875 de
891 2820 993 2889 jur
1043 2822 1144 2877 dot
1172 2829 1281 2878 etc.
1314 2825 1465 2894 apud
2151 2815 2321 2914 fugit.
2396 2815 2657 2897 Attamen
2713 2815 2955 2910 perfidia
3012 2815 3235 2901 Armati

382 2907 621 2963 Reland.

2154 2907 2420 3002 proditus
2464 2907 2780 2987 Basiliscus
2836 2930 2897 2985 in
2934 2930 3241 3000 Cappado-

453 2997 706 3054 Odoacer
735 2999 1078 3057 Herulorum
1122 3015 1220 3057 rex
1274 3018 1307 3058 a
1349 3003 1469 3058 Ne—

2156 2997 2305 3077 ciam
2330 3021 2641 3092 relegatus,
2684 3018 2834 3075 turri
2888 2997 3235 3089 includitur,

390 3085 872 3177 DOli_f3“t01‘ibllS
923 3090 980 3145 ίη
1033 3091 1253 3147 “aliam
1311 3091 1471 3147 θεοί-
2152 3085 3036 3177 ubifameperiitProcopIhist
3056 3085 3235 3165 Vand.

387 3175 739 3276 ξυεβοῐῐιξλ-πι
767 3176 1045 3276 omina”-
1073 3180 1465 3276 ᾼυὲυξῐυιιξφ
1766 3214 1815 3276 ο
2221 3175 2561 3255 Timotheus
2586 3175 2844 3253 IElurus
2865 3197 3132 3253 introsus
3174 3196 3236 3251 in

384 3265 446 3319 in
491 3265 804 3321 Lucullana
853 3270 1175 3337 Campaniae
1221 3270 1469 3326 Castello
1770 3265 1815 3276 ““

1770 3265 1815 3276 *
2154 3288 2428 3343 thronum
2451 3285 2589 3342 Alex
2605 3300 2638 3340 a
2657 3284 2961 3342 monachis
2979 3284 3236 3353 pellitur.

379 3353 578 3443 exsilii
613 3368 776 3423 poena
796 3354 1050 3411 damnat.
1086 3358 1169 3411 lta
1195 3359 1466 3414 Occiden-
2146 3374 2538 3443 Theophanes.
2571 3374 2879 3430 Liberatus
2899 3385 3025 3441 cap.
3060 3369 3129 3428 46
3155 3386 3241 3429 as-

380 3441 493 3495 tale
523 3443 780 3498 concidit
836 3444 1466 3513 imperium.Petavius
2150 3441 2319 3517 serio
2370 3461 2523 3517 hunc
2586 3461 2702 3517 sibi
2772 3474 2992 3515 veneno
3045 3473 3239 3516 necem

382 3542 451 3583 ex
475 3528 830 3586 Marcellino.

2146 3550 2520 3605 conscivisse.
2550 3548 2929 3605 Alexandrini
2956 3548 3015 3602 in
3047 3547 3235 3604 locum

452 3618 787 3674 Geisericus
818 3619 873 3673 h.
908 3632 961 3674 a.
1012 3626 1279 3677 mortuus
1300 3623 1470 3678 vide-
2147 3637 2332 3692 λΕιιπί
2384 3636 2614 3694 parum
2674 3639 2940 3707 Moggum
3010 3634 3242 3691 substi—
3319 3700 3325 3707 .

381 3713 500 3775 tur,
529 3720 660 3761 cum
703 3713 1001 3776 regnasset
1043 3722 1073 3762 a
1118 3714 1280 3778 capta
1324 3712 1469 3766 Car-

2150 3728 2367 3781 tuunt:
2404 3736 2573 3793 quem
2632 3725 2777 3779 Zeno
2818 3721 3051 3792 expulit,
3095 3728 3239 3780 teste

382 3794 623 3882 thagioe
671 3806 876 3882 annos,
903 3791 975 3849 39
1016 3794 1184 3863 iuxta
1229 3797 1465 3868 Procop.
2151 3791 2509 3868 Liberatoiac
2549 3810 2735 3869 Felice
2779 3791 2948 3881 papa.
3010 3810 3238 3882 Epist2

374 3881 647 3973 succedit
666 3880 1190 3973 Hunericus.lbid.
1226 3884 1330 3939 Sed
1360 3886 1471 3941 Pa-
2156 3903 2342 3957 Petav.
2400 3899 2681 3970 Pleraque
2749 3880 2822 3955 ex
2864 3880 2974 3955 his
3026 3880 3238 3973 Pﬁagius

381 3971 519 4041 gius
565 3969 693 4024 Sen.
756 3967 1075 4025 differenda
1124 3972 1241 4027 haec
1302 3980 1469 4044 putat

2148 3992 2354 4047 Senior
2385 3967 2682 4044 referenda
2729 3989 2957 4058 judicat
3002 3980 3073 4046 ad
3107 3967 3238 4047 van-

377 4058 446 4114 ad
495 4070 713 4113 annum
756 4064 1105 4128 sequente!"-
2152 4093 2288 4136 num
2313 4070 2573 4149 proxime
2601 4084 2957 4149 sequentem.
3290 4068 3299 4079 ’

137 4180 305 4240 5490
453 4185 592 4253 imp.
646 4184 785 4240 Caes.
829 4186 976 4241 Zeno
1005 4185 1133 4258 Aug
1164 4192 1234 4243 tr.
1292 4203 1350 4259 p.
1408 4186 1463 4260 3,
1542 4185 1679 4246 4229

1922 4189 2080 4258 Olym
2223 4185 2514 4255 Simplicii
2569 4183 2685 4241 9et
2726 4181 2815 4241 40.
3345 4182 3450 4245 ‘77

108 4279 201 4349 ω
273 4269 344 4329 40
382 4270 436 4339 4,
470 4286 586 4328 cos.
625 4270 711 4327 44.
1545 4276 1650 4336 423

1952 4274 2063 4334 343
2220 4274 2490 4330 Barnabze
2550 4274 2801 4345 apostoli
2858 4287 3069 4343 corpus
3134 4275 3237 4330 ln-
3324 4348 3330 4353 .

136 4361 228 4435 θ
264 4359 306 4418 3
451 4362 624 4431 Regis
651 4361 930 4419 Odoacris
979 4365 1039 4420 in
1082 4366 1250 4424 Italia
1280 4366 1302 4423 4
1347 4373 1405 4423 et
1430 4365 1467 4424 2
1975 4364 2042 4422 44
2179 4374 2409 4422 ventum
2446 4366 2504 4420 in
2527 4364 2710 4435 Cypro
2742 4377 2855 4419 una
2885 4377 3015 4419 cum
3048 4365 3238 4419 Evan-
3290 4406 3303 4437 η

184 4452 253 4506 Β.
377 4464 447 4505 ex
475 4450 548 4505 23
584 4453 855 4523 Augusti.
2149 4457 2302 4528 gelio
2345 4454 2599 4509 Matthaai
2654 4452 2867 4523 pectori
2920 4453 3230 4523 imposito:

110 4542 325 4597 Indict
451 4541 576 4595 Cos.
611 4542 838 4598 Nullus.
1777 4566 1833 4627 D
2150 4560 2263 4617 qua
2295 4544 2600 4599 occasione
2618 4543 2839 4613 Cyprus
2868 4542 3228 4600 Antiocheno

186 4643 268 4685 xv
454 4629 713 4698 Epistola
730 4630 1021 4700 Simplicii
1047 4635 1282 4702 papmad
1301 4637 1469 4692 Zeno-

161 4723 222 4774 et
253 4731 273 4774 ι
378 4730 505 4772 nem
529 4731 649 4772 νιιι.
677 4718 897 4775 Id.0ct.
925 4728 1164 4791 etvetus
1195 4723 1462 4794 inscript.

374 4806 543 4861 Grut.
582 4805 741 4876 4054,
773 4806 809 4863 6
859 4808 1028 4864 habet
1073 4811 1201 4866 Post
1248 4814 1464 4867 Consu—

379 4897 555 4951 latum
608 4898 818 4953 iterum
867 4898 1087 4954 Armati
1137 4918 1150 4954 :
1220 4900 1463 4958 fortasse

374 4985 678 5056 legendum
699 4992 825 5041 erat
853 4987 911 5040 P.
943 4988 1002 5042 C.
1037 4984 1326 5062 [Basilisci
1356 4991 1467 5046 de—

378 5074 495 5131 leto
521 5074 774 5150 nomine]
826 5090 1049 5133 neeum
1079 5085 1136 5133 et
1163 5079 1382 5134 Anium
1410 5085 1468 5135 et

376 5164 675 5221 Fleetvood
730 5179 836 5237 pag
887 5162 993 5222 378
1041 5167 1237 5222 eodem
1299 5167 1467 5224 modo

376 5255 650 5324 signatur
680 5255 719 5309 ι.
751 5251 807 5324 9,
840 5256 965 5310 cod.
1021 5255 1172 5310 unde
1219 5254 1296 5325 vi,
1330 5262 1465 5327 etc.,

372 5342 525 5412 apud
549 5342 670 5398 Bel.

447 5432 726 5488 Basilisco
778 5432 837 5488 in
908 5434 1170 5490 ordinem
1232 5433 1464 5491 redacto

371 5523 530 5576 circa
591 5535 839 5578 mensem
897 5526 1245 5595 Augustum,
1320 5524 1465 5580 Zeno

376 5611 693 5681 imperator
738 5612 944 5668 Urbem
981 5613 1217 5684 regiam,
1248 5618 1304 5667 et
1348 5613 1469 5668 im-

375 5702 605 5771 perium
640 5708 958 5771 recuperat.
1003 5703 1085 5757 Ex
1137 5700 1368 5772 Theoph
1406 5709 1465 5758 et

2148 4649 2217 4691 ex
2253 4633 2650 4704 patriarchatu
2690 4638 2952 4709 exempta
3011 4631 3125 4689 fuit
3180 4640 3239 4689 et

2145 4721 2789 4792 ConstantinOpolitano
2808 4720 3107 4777 attributa.
3141 4722 3237 4777 Ze-

2148 4826 2242 4875 no,
2280 4813 2530 4883 intrusis
2554 4826 2588 4866 a
2632 4810 2912 4866 Basilisco
2938 4809 3234 4879 episcOpis

2141 4900 2350 4971 pulsis,
2376 4900 2705 4956 Catholicos
2722 4897 2808 4952 vel
2828 4898 3039 4966 eiectos
3069 4898 3234 4953 resti-

2144 4989 2282 5050 tuit.
2335 4987 2423 5044 vel
2455 5000 2632 5043 novos
2671 4985 2933 5042 ordinari
2963 4983 3117 5041 fecit.
3167 4987 3230 5042 In

2148 5078 2355 5148 primis
2410 5077 2617 5131 Petrus
2670 5074 2973 5143 Cnapheus
3014 5075 3232 5132 Antio-

2145 5165 2278 5222 chia
2306 5172 2542 5221 exactus
2561 5169 2683 5218 est:
2716 5170 2771 5217 et
2795 5162 2853 5217 in
2880 5163 3007 5232 ejus
3036 5163 3227 5221 locum

2144 5257 2472 5325 Stephanus
2525 5252 2894 5323 subrogatus.
2946 5254 3115 5309 Petav
3159 5268 3231 5311 ex
3274 5246 3283 5261 ’

2143 5346 2397 5401 Cedreno
2428 5350 2485 5399 et
2538 5340 2883 5411 Theophane
2913 5343 3014 5413 qui
3062 5340 3229 5400 addit
3282 5366 3289 5377 ι

2144 5436 2493 5504 Stephanum
2541 5433 2599 5486 in
2653 5430 2971 5487 Laodiceno
3009 5433 3228 5502 synodo

2151 5526 2510 5579 innocentem
2556 5519 3002 5591 pronunciatum
3060 5522 3227 5591 quia

2142 5611 2394 5681 (:naphei
2438 5609 2788 5689 fautoribus,
2851 5609 3230 5668 insimulatus
3316 5636 3321 5643 ·

2144 5700 2331 5757 fuerat
2388 5699 2668 5755 haereseos
2717 5699 3088 5756 Nestorianae.
3119 5701 3232 5757 Pa-
