3906 6402
99 401 218 462 725

1043 405 1389 463 CHRONOL.
1430 407 1477 463 Α
1510 407 1568 465 8.
1611 407 2004 465 SYLVESTRO
2049 409 2143 466 AD
2179 412 2234 466 S.
2278 411 2495 469 GREG.
2540 413 2612 466 Μ.

3439 407 3552 470 726

176 527 348 602 Anni
419 531 797 597 Imperatores,
860 528 1137 590 Consules,
1208 531 1486 584 Romano-
1556 529 1713 602 Anni
1789 531 1849 592 A
1945 527 2104 602 Anni
2177 531 2632 594 Christianorum,
2682 533 2998 587 Judzcorum
3028 536 3079 586 et
3105 533 3243 602 ﬁni—
3314 529 3474 585 Anni

100 599 227 653 Per.
244 599 362 653 Jul.

173 602 362 724 ἷϊῖιᾶι.
506 616 653 664 rum,
683 617 769 656 res
799 606 962 670 gesta
999 607 1048 656 et
1078 602 1418 656 documenta.

245 686 284 724 η

139 684 193 724 ετ
211 684 284 724 ιη

474 955 799 1013 Hunericus
850 954 912 1010 in
967 952 1314 1018 Catholicos,
1383 954 1481 1010 sed

406 1046 590 1102 multo
621 1046 802 1118 magis
825 1045 885 1100 in
917 1058 1054 1101 suos
1079 1044 1334 1101 desaevit.
1377 1047 1484 1101 Vi—

398 1141 542 1192 ctor.
576 1135 670 1190 Vit
696 1133 779 1189 lib
801 1131 857 1188 2.

471 1225 719 1282 Moritur
746 1224 1114 1294 Chilpericus
1137 1223 1485 1281 Francorum

403 1314 522 1370 Rex
579 1317 747 1386 juxta
795 1316 906 1388 Pa'g
947 1316 1052 1372 Sen
1104 1315 1161 1370 h.
1216 1327 1267 1368 a.
1321 1327 1377 1368 ιι.
1429 1312 1480 1369 6.

181 1673 330 1731 5495
477 1677 596 1745 Imp
619 1674 739 1730 Caes
784 1676 930 1730 Zeno
959 1673 1087 1746 Aug
1125 1679 1200 1730 tr.
1255 1689 1309 1744 p.
1341 1672 1397 1745 8,
1424 1672 1478 1746 9,

151 1766 224 1837 Θ
260 1761 328 1819 45
388 1777 516 1819 coss
543 1778 630 1818 ιιι.

141 1862 220 1935 θ
278 1861 315 1918 8
507 1863 784 1920 Odoacris
814 1865 988 1936 Regis
1017 1863 1072 1934 6,
1107 1859 1171 1919 '7.

219 1953 350 2044 ί.-.
437 1988 574 2044 Coss
611 1954 944 2044 ἓῗῨῨῗῘ-ΠῊῨΣ

160 2023 350 2078 Indict
437 2023 574 2044 ""°°
611 2026 867 2080 Trocond
878 2041 965 2081 us.

245 2125 282 2167 ν
479 2115 644 2185 Epist
677 2111 1068 2184 44,Simp|icii
1101 2117 1280 2186 Papae,
1311 2117 1480 2185 cujus

179 2205 234 2254 et
262 2215 320 2255 vr
395 2203 604 2272 antiqu
634 2203 853 2273 exempl
890 2205 948 2258 in
980 2203 1211 2260 Bibioth
1261 2207 1483 2260 Monast

399 2292 452 2346 S.
483 2291 769 2347 Crucisde
800 2291 980 2348 Urbe:
1011 2298 1066 2348 et
1097 2293 1290 2349 Concil
1313 2295 1484 2348 Turo-

403 2391 578 2435 nense
624 2382 665 2434 Ι.
709 2381 849 2436 Vide
876 2383 988 2452 Pag
1019 2383 1075 2436 h.
1116 2396 1168 2438 a.
1204 2397 1339 2438 num
1387 2379 1476 2437 27.

469 2468 526 2522 S.
574 2469 882 2525 Severinus
913 2472 1085 2527 Noric
1114 2473 1294 2542 Apost
1320 2473 1376 2528 b.
1425 2485 1476 2527 a.

398 2554 550 2610 obiit
571 2557 781 2628 Pagius
807 2571 862 2613 ιι.
893 2556 984 2613 29.

178 3190 324 3249 5496
472 3196 588 3265 Imp
618 3195 736 3252 (ἓως
761 3196 906 3252 Zeno
958 3197 1168 3270 Augtr.
1207 3212 1262 3268 p.
1285 3194 1340 3269 9,
1375 3194 1461 3267 40,

149 3285 224 3357 Θ
261 3281 328 3340 46
391 3299 488 3343 cos
518 3300 599 3341 ιιι.

140 3378 217 3452 θ
276 3376 314 3432 9
466 3376 742 3431 Odoacris
763 3376 934 3446 Regis
959 3373 996 3430 7
1021 3382 1076 3431 et
1113 3375 1169 3431 8.

217 3469 261 3521 B
475 3465 583 3521 Cos
612 3465 858 3521 Faustus
887 3467 1014 3520 sine
1042 3466 1282 3536 collega.

163 3555 352 3612 Indict
477 3556 1136 3624 VetuslnscriptGruter
1159 3554 1316 3626 4062,
1345 3556 1400 3627 5,
1429 3568 1485 3614 et

216 3659 273 3701 v1
401 3643 621 3700 Nolana
641 3645 700 3699 in
724 3643 930 3698 Praefat
957 3645 1028 3699 ad
1057 3650 1274 3700 tomum
1305 3648 1344 3701 ι.
1382 3647 1480 3703 hu-

173 3741 225 3792 ετ
249 3750 326 3792 vu
391 3735 491 3804 jus
526 3735 649 3790 edit
675 3748 812 3789 num
844 3747 969 3804 qua:
999 3740 1055 3790 et
1097 3736 1246 3804 apud
1294 3736 1484 3792 Flect-

395 3823 541 3879 vood
568 3839 621 3892 p.
651 3821 777 3878 400.

475 3911 861 3968 Theodoricus
889 3913 1004 3968 Rex
1034 3911 1352 3969 Gothorum
1379 3916 1487 3970 Ze—

397 4005 571 4059 nonis
598 4005 727 4074 Aug
749 4004 1165 4059 muniﬁcentiis
1178 4017 1318 4074 pene
1332 4018 1488 4074 paca-

396 4101 514 4163 tus,
548 4095 934 4166 Magisterque
979 4097 1279 4164 przesentis
1318 4096 1485 4151 mili-

395 4189 493 4242 tiae
521 4186 727 4254 factus,
754 4195 808 4242 et
831 4202 928 4243 cos
943 4189 1172 4256 design.
1194 4188 1382 4243 Daciae
1411 4189 1486 4243 ri-

399 4279 594 4348 pensis
618 4285 674 4333 et
706 4279 916 4333 Mmsize
963 4285 1151 4349 partes
1193 4278 1308 4334 sibi
1334 4291 1482 4334 con-

399 4368 650 4424 creditas
681 4374 854 4423 tenet.
889 4368 1055 4424 Petav
1103 4369 1108 4371 ’

179 4723 323 4782 5497
467 4728 589 4796 Imp
629 4726 749 4782 Caes
798 4728 945 4782 Zeno
996 4726 1122 4800 Aug
1167 4734 1236 4784 tr.
1285 4746 1334 4800 p.
1391 4728 1477 4801 40,

150 4813 315 4889 ΘΠ
391 4813 479 4883 44,
535 4830 633 4871 cos
686 4831 771 4886 ιιι,
818 4818 920 4887 qui
997 4818 1271 4876 Caesarem
1321 4827 1477 4876 creat

143 4913 216 4988 θ
247 4913 314 4971 40
397 4917 746 4972 Basiliscum.

182 5008 228 5060 Α
263 5006 306 5062 G
449 5005 726 5063 Odoacris
753 5008 924 5079 Regis
947 5006 1002 5075 8,
1027 5015 1081 5064 et
1105 5005 1158 5062 9.

170 5099 350 5190 by?“
434 5133 572 5190 Coss
610 5097 1008 5190 ΞΡῩΫΞῘῩῙῨῨΜ
1075 5099 1208 5154 Rex‘

207 5183 287 5224 vn
435 5169 572 5190 Vw"
610 5169 949 5226 Venantius.

147 5266 191 5314 et
217 5272 316 5315 vm
457 5259 559 5314 Vet
611 5259 858 5328 inscript
930 5257 1080 5328 apud
1131 5259 1478 5331 Aringhium

391 5344 518 5412 449,
558 5348 617 5402 in
667 5347 816 5402 Basil
854 5348 910 5402 S.
967 5347 1125 5402 Pauli
1181 5348 1476 5406 Fleetvood

392 5450 500 5507 pag
532 5433 654 5503 456,
692 5439 851 5506 ιηίριδι
873 5436 1080 5492 Felicis
1113 5439 1202 5505 lll,
1237 5440 1305 5494 ad
1329 5440 1480 5494 Aca—

389 5529 549 5582 cium
579 5533 636 5582 et
681 5530 720 5581 ῐ.
773 5525 860 5582 40.
914 5527 973 5582 C.
1011 5526 1162 5582 unde
1215 5527 1270 5582 vi
1326 5530 1477 5598 apud

395 5617 633 5700 Relan'd.

466 5707 675 5764 Evarix
697 5707 1017 5764 Gothorum
1049 5707 1164 5764 Rex
1198 5708 1255 5763 in
1290 5709 1478 5766 Gallia

1585 600 1710 655 U.C

1578 677 1707 726 ante

1523 747 1576 797 et
1609 747 1732 798 post

1523 759 1692 869 ἵαῖἒῖῗ

1559 1671 1697 1730 4234

1560 1759 1698 1820 4235

1564 3195 1703 3255 4235
1803 3214 1852 3273 υ

1565 3285 1705 3345 4236

1558 4728 1698 4785 4236

1554 4817 1693 4876 4237

1933 599 2144 672 Olymp.

1991 3193 2032 3235 Il

1993 3283 2057 3325 lll

1995 4743 2056 4785 lll

2255 607 2511 658 timorum
2557 606 2906 674 populorum,
2959 606 3263 674 Pontiﬁces,
3305 605 3483 674 _Eras

2229 677 2415 744 Reges,
2465 672 2575 730 res
2599 672 2760 745 gestae
2784 681 2834 731 et
2895 672 3240 731 documenta.
3288 672 3516 731 Christi.

2163 921 2337 976 supra
2369 910 2705 978 carpentum
2739 907 2839 962 teli
2881 905 3150 964 acumine
3182 905 3261 960 ti-

2163 1010 2271 1051 xus
2293 997 2544 1052 interiit.
2571 995 2892 1052 Marcellin.

2234 1087 2469 1143 Perozes
2491 1089 2789 1142 Persarum
2839 1099 2938 1141 rex
2993 1084 3099 1140 hoc
3135 1084 3253 1140 cir-

2163 1175 2310 1234 citer
2352 1189 2506 1233 anno
2557 1177 2618 1232 in
2663 1175 3032 1246 expeditione
3051 1178 3255 1231 contra

2163 1265 2528 1334 Nephtalitas
2556 1266 2677 1321 sive
2695 1267 2929 1321 Hunnos
2961 1263 3136 1320 Albos
3165 1276 3252 1334 pe-

2169 1355 2267 1409 rit.
2298 1356 2412 1424 Pag
2439 1354 2569 1409 Sen.
2604 1368 2678 1408 ιι..
2715 1351 2770 1422 5,
2805 1367 2875 1408 ex
2904 1353 3153 1424 Agathia
3194 1357 3251 1410 et

2168 1443 2405 1512 Proc0p.
2469 1442 2794 1512 Stephanus
2832 1443 2940 1498 Sen
2997 1441 3246 1497 Antioch

2171 1533 2270 1602 Ep.
2300 1532 2425 1587 obit
2452 1531 2534 1586 ibi
2564 1545 2620 1586 ιι.
2648 1530 2700 1585 6.

2237 1638 2528 1708 Simplicii
2559 1635 2624 1692 44
2649 1643 2704 1693 et
2736 1636 2820 1692 45.

2235 1728 2526 1798 Simplicii
2562 1729 2712 1782 ritus
2761 1735 2815 1782 et
2841 1727 3069 1782 decreta
3097 1725 3154 1780 h.
3191 1739 3244 1782 a.

2162 1818 2304 1873 Vide
2325 1819 2382 1872 in
2401 1819 2556 1873 notis
2575 1817 2732 1888 Pagii
2755 1817 2824 1871 ad
2851 1815 3243 1886 Simplicium.

2235 1907 2485 1976 Stephan
2524 1907 2634 1962 Jun
2667 1906 3024 1962 Antiocheno
3053 1906 3246 1961 occiso

2164 1997 2514 2068 subrogatur
2562 1995 2834 2051 Calendio
2866 1995 3244 2051 orthodoxus.

2160 2088 2240 2142 Ex
2267 2087 2420 2156 epist
2460 2085 2752 2156 Simplicii
2804 2087 2966 2155 Papa:
3015 2085 3244 2156 Pagius,

2161 2184 2217 2232 et
2253 2177 2562 2233 ordinatur
2583 2174 3105 2244 Constantinopoli.

2231 2265 2592 2320 Theodorius
2618 2265 2876 2321 Volamer
2897 2264 3042 2338 [sive
3073 2264 3253 2319 Ama—

2163 2353 2279 2428 lus]
2359 2361 2666 2425 utramque
2743 2354 3133 2410 Macedoniam
3190 2359 3248 2410 et

2162 2444 2514 2500 Thessaliam
2535 2444 2940 2514 depopulatur,
2974 2449 3031 2499 et
3050 2444 3252 2499 Laris-

2166 2547 2289 2590 sam
2308 2533 2672 2603 MetrOpolim
2697 2533 3083 2603 deprmdatur.
3107 2534 3254 2587 Mar-

2168 2623 2366 2680 cellin.

3346 1632 3454 1692 482

2238 2713 2539 2770 Timotheo
2596 2711 3006 2782 Solophaciolo
3067 2711 3249 2782 episc,

2165 2803 2304 2860 Alex
2361 2804 2662 2859 demortuo
2707 2801 2968 2858 succedit
3008 2802 3253 2858 Joannes

2163 2892 2518 2955 Catholicus,
2553 2906 2722 2963 quem
2781 2890 2993 2962 expelli
3022 2890 3254 2947 mandat

2165 2984 2310 3038 Zeno
2338 2983 2673 3053 Imperator,
2707 2981 3089 3037 etHenoticon
3102 2980 3254 3058 evul-

2169 3079 2280 3142 gat.

2240 3179 2532 3249 Simplicii
2567 3177 2654 3250 45,
2691 3175 2776 3236 46.
2829 3181 3049 3238 Fsums
3071 3183 3166 3237 III.
3201 3196 3240 3238 ι.

2237 3270 2292 3324 S.
2321 3269 2796 3340 Simpliciusobit
2821 3271 2917 3326 die
2941 3270 2997 3340 2,
3031 3273 3245 3328 Martii.

2169 3359 2344 3413 Vacat
2367 3361 2539 3415 Sedes
2564 3359 2691 3414 dies
2711 3357 2767 3428 5,
2797 3360 3056 3430 Eligitur
3069 3363 3124 3417 S.
3157 3362 3252 3417 Fs-

2166 3460 2262 3500 th
2284 3447 2409 3516 ejus
2437 3449 2694 3506 nominis
2715 3450 2924 3506 tertius
2944 3451 3254 3508 ordinatus

2165 3535 2260 3590 die
2290 3537 2591 3593 Dominica
2612 3538 2893 3594 vaartii.
2927 3539 3066 3596 Vide
3089 3546 3253 3597 notas

2164 3623 2233 3678 ad
2265 3623 2662 3692 Simplicium.
3153 3631 3158 3636 ‘

2233 3715 2303 3768 Et
2326 3714 2493 3782 juxta
2514 3714 2748 3770 Bencini
2778 3719 2943 3772 notas
2963 3719 3248 3787 synodum

2165 3806 2355 3858 Roma:
2409 3803 2661 3857 celebrat
2715 3816 2822 3874 pag
2855 3803 2976 3868 482,
3014 3807 3073 3861 in
3136 3824 3251 3878 qua
3362 3797 3372 3804 ’

2167 3895 2370 3948 Petrus
2381 3894 2682 3963 Cnapheus
2693 3891 3066 3952 Antiochenze
3086 3899 3250 3955 Sedis

2167 3985 2398 4038 invasor
2411 3983 2721 4038 damnatur
2751 3991 2814 4039 ut
2856 3987 3253 4056 Eutychianus

2129 4081 2137 4089 '
2163 4091 2228 4132 ac
2251 4073 2688 4142 Theopaschita.

2236 4166 2436 4220 Petrus
2458 4162 3132 4232 MoggusAlexandrinus
3147 4171 3246 4240 Ep.

2161 4256 2438 4312 Henotico
2460 4261 2684 4324 recepto
2717 4254 2776 4310 in
2827 4254 2935 4310 ﬁde
2968 4262 3150 4327 nutat,
3196 4266 3252 4315 et

2168 4346 2232 4401 tit
2257 4343 2677 4413 Acephalorum
2710 4351 2876 4399 sectze
2907 4347 3155 4401 occasio.

2238 4435 2459 4490 Verinaa
2483 4434 2756 4505 Augustae
2778 4433 2991 4490 litteris
3012 4436 3249 4493 excitati

2169 4525 2494 4582 Orientales
2550 4525 2848 4581 Leontium
2875 4523 3005 4598 Aug
3032 4526 3254 4584 admit—

2172 4620 2322 4674 tunt.
2365 4615 2632 4672 Petavius
2657 4630 2725 4671 ex
2758 4617 3122 4688 The0phane.

2244 4726 2456 4784 Felicis
2483 4724 2664 4780 Tertii
2699 4737 2716 4778 ι
2756 4729 2811 4779 et
2839 4722 2894 4779 2.

2239 4816 2502 4888 Synodus
2531 4816 2602 4870 IlI
2631 4815 2883 4870 Romana
2913 4812 3022 4868 sub
3050 4813 3256 4872 Felice.

3349 4723 3456 4783 484

2073 4891 2080 4898 ’
2166 4907 2308 4962 Vide
2339 4912 2502 4960 notas
2544 4919 2652 4974 pag
2683 4899 2807 4971 487,
2840 4901 2959 4969 489,
3009 4899 3130 4972 494,
3163 4905 3254 4961 col

2163 4993 2218 5066 2,
2271 5000 2327 5048 et
2371 4994 2463 5046 Jo:
2517 4991 2768 5060 Talajam
2820 4989 3088 5045 Ecclesiae
3134 4994 3256 5050 No-

2160 5085 2304 5139 lana:
2355 5081 2611 5152 praeﬁcit.
2674 5081 2842 5135 Petav
2891 5092 2960 5134 ex
3001 5079 3254 5138 Liberat.

2164 5188 2214 5228 c.
2251 5170 2337 5226 48.

2232 5261 2424 5318 Chron
2474 5256 2652 5313 Pasch
2703 5257 2758 5312 h.
2811 5271 2862 5313 a.
2931 5260 3077 5315 Zeno
3131 5261 3250 5332 Imp

2160 5354 2436 5408 Caesarem
2470 5347 2686 5403 creavit
2718 5348 2939 5402 Armati
2975 5349 3241 5421 Magistri

2162 5441 2387 5497 Militia:
2420 5436 2803 5510 praesentialis
2833 5435 3018 5493 illium
3043 5440 3254 5494 Basili-

2158 5548 2328 5587 scum.

2239 5623 2427 5675 Mense
2455 5617 2630 5673 Junio
2680 5618 2775 5674 die
2803 5614 2895 5688 27,
2930 5619 3117 5674 Indict
3146 5632 3249 5692 vn,

2166 5710 2440 5766 Leontius
2503 5712 2776 5778 tanquam
2857 5710 2978 5778 Imp
3036 5708 3250 5765 Antio-
