3906 6406
154 395 282 456 733
1116 405 1461 464 CHRONOL.
1499 407 1548 463 Α
1583 407 1640 464 S.
1680 407 1696 463 ξ

2065 414 2075 458 l
2108 408 2203 466 AD
2240 410 2296 466 S.
2337 407 2548 467 GREG.
2588 410 2662 465 M.
3494 403 3607 465 734

197 521 365 608 ᾼηηέ
406 527 810 608 ‘Imperatores,
918 531 1175 608 Consules
1280 536 1557 590 Romano-
1621 534 1779 608 Anni
1865 538 1926 600 A
2012 538 2171 593 Anni
2240 539 2696 608 Christianorum,
2750 537 3065 592 Judaeorum
3111 541 3163 592 et
3207 537 3346 608 ﬁmi-
3395 535 3555 592 Anni

158 592 440 682 l’el'.'.hfl.
504 592 525 598 ’
552 617 697 665 rum,
727 617 813 657 res
837 610 1003 671 gestae
1033 610 1084 660 et
1096 606 1435 661 documenta.
1623 608 1690 663 U.
1719 607 1775 662 Ο.
1865 592 1926 600 η
2013 592 2226 682 ὀίιῃῂιρ.
2250 592 2577 665 “timor-tina
2625 592 3005 682 populorum,
3031 592 3341 679 Pontifices,
3371 611 3537 682 Δᾼῑυίιξω

205 669 259 719 ετ
288 667 413 722 Ιηάο
840 667 857 671 ’
1603 682 1814 804 εῗνὲἕπ
2080 667 2103 679 ⁷
2163 667 2185 682 ⁸
2308 685 2494 754 Reges,
2516 698 2603 736 res
2631 667 2806 750 ‘ge‘stae
2876 687 2926 736 et
2968 667 3580 736 documentaIChrz'sti.

1603 764 1653 803 ει
1689 765 1787 804 υοε

1618 765 1786 876 ῗιαίῗῧῗ

462 952 496 994 a
527 935 831 1009 faedil'rago
864 938 923 994 in
947 940 1212 996 convivio
1241 941 1550 1000 occiditur.
1745 979 1748 982 ~
2238 933 2581 1004 Zamasphes
2606 931 2830 989 Cabade
2859 929 3028 1002 pulso
3070 931 3328 1002 Regnum

466 1027 684 1096 Proc0p
715 1027 1040 1083 Cassiodor.
1074 1029 1378 1086 Jordanus.
2234 1028 2479 1094 occupat
2511 1037 2609 1093 per
2642 1022 3116 1093 quadriennium.
3155 1020 3260 1075 Ibi.

429 1161 458 1177 ,
535 1115 898 1169 Theodericus
920 1116 1100 1171 Italiae
1124 1118 1238 1172 Rex
1257 1119 1552 1178 Anastasii
2302 1113 2514 1169 Contra
2539 1114 2769 1168 Isauros
2795 1113 2979 1167 Duces
2998 1111 3070 1166 ab
3090 1113 3325 1166 Anasta-

460 1204 582 1273 Imp
613 1203 958 1272 amicitiam,
993 1210 1048 1259 et
1091 1205 1307 1277 Regum
1345 1209 1551 1277 proxi-
2232 1204 2321 1259 sio
2351 1203 2517 1258 missi
2551 1215 2821 1272 prospere
2846 1215 2878 1255 c
2918 1201 3187 1271 nlligunt,
3222 1200 3325 1255 in-

463 1305 687 1348 morum
737 1292 1002 1349 Clodovei
1062 1295 1282 1350 Fratris
1329 1296 1547 1353 Alarici
2233 1289 2472 1347 terfecto
2491 1293 2718 1346 tantum
2742 1291 2990 1358 Conone,
3026 1282 3128 1358 qui
3158 1287 3326 1342 miles

459 1381 691 1454 Wisgot
746 1386 803 1436 et
852 1383 1214 1453 Sigismundi
1271 1386 1544 1457 Burgund
2231 1393 2301 1435 ex
2322 1379 2604 1449 Episcopo
2628 1378 2865 1434 effectus
2894 1376 3104 1433 fuerat.
3129 1377 3320 1432 Petav.

459 1470 625 1540 petit.
674 1471 931 1526 Cassiod.
965 1473 1065 1542 Ep.
1099 1486 1115 1526 I
1147 1485 1216 1527 ex
1245 1474 1478 1531 Jordan.
2234 1482 2304 1525 ex
2345 1467 2709 1538 TheOpbane.
3179 1463 3185 1470 ’

241 1571 388 1631 5207
534 1577 658 1647 Imp
709 1577 826 1633 Caes
882 1577 1230 1634 Anastasius
1289 1578 1416 1652 Aug
1471 1585 1544 1637 tr.
1625 1580 1764 1639 4246

2079 1592 2098 1634 ι
2301 1574 2520 1630 Gelasii
2550 1573 2606 1641 2,
2640 1578 2695 1630 et
2724 1571 2778 1629 3.
3410 1566 3517 1627 494

214 1665 291 1738 Θ
334 1661 404 1719 27
465 1679 520 1734 p.
551 1663 606 1721 3.
640 1662 692 1735 4,
727 1680 845 1721 cos.
1632 1670 1756 1728 4247

2073 1680 2113 1722 ιι
2311 1665 2578 1736 Synodus
2607 1665 2880 1732 Romana,
2916 1663 2974 1717 in
3009 1677 3120 1734 qua
3148 1660 3324 1717 Gela-

219 1749 298 1822 θ
372 1748 396 1806 4
528 1753 835 1810 Thodorici
869 1754 1090 1827 Regisl
1126 1760 1182 1811 et
1210 1753 1263 1812 2.
2235 1755 2362 1810 sius
2406 1767 2536 1808 cum
2580 1766 2690 1808 Lxx
2736 1752 3036 1822 Episcopis
3065 1751 3325 1806 decernit

289 1840 335 1894 B
672 1844 938 1901 Asterius
959 1847 1059 1916 qui
1092 1846 1342 1902 Turcius
1363 1845 1550 1904 Rufus
1864 1866 1918 1927 Β
2235 1846 2306 1901 de
2350 1843 2520 1899 libris
2566 1843 2918 1912 recipiendis
2947 1856 2978 1896 a
3005 1841 3324 1896 Catholicis

215 1928 402 1984 Indict
457 1929 612 1987 (loss.
748 1933 1136 2003 Apronianus.
2231 1938 2335 1989 aut
2385 1932 2736 2002 rejiciendis.
2798 1931 2949 1986 Idem
3001 1930 3314 2000 Pelagium,

293 2031 335 2073 ιι
675 2023 1014 2079 Ριξξξείᾱὶιιε.

2228 2021 2576 2086 Caalestium,
2611 2025 2667 2074 et
2694 2019 2990 2075 lulianum
3036 2019 3323 2075 Eclanen-

234 2111 292 2161 et
319 2120 386 2163 ιιι
534 2109 710 2165 Vetus
740 2111 1046 2181 inscriptio
1075 2113 1133 2169 in
1161 2114 1254 2170 Tit
1281 2114 1336 2169 S.
1363 2115 1550 2172 Caeci—
2232 2125 2370 2180 sem,
2403 2121 2718 2178 eorumque
2765 2107 2946 2164 libros
2978 2107 3234 2179 conligit,
3266 2111 3324 2163 et

456 2197 572 2268 lite,
622 2205 680 2254 et
729 2201 880 2269 apud
934 2201 1161 2258 Fabrett
1209 2218 1264 2274 p.
1309 2201 1437 2274 738,
1492 2212 1549 2260 et
2228 2199 2820 2271 Semipelagianorum
2840 2198 3056 2267 scripta
3077 2193 3321 2270 [Cassia-

456 2287 574 2344 alia
607 2288 665 2343 in
697 2289 752 2344 S.
786 2290 972 2358 Pauli,
999 2299 1056 2347 et
1079 2293 1322 2362 epistola
1347 2295 1400 2349 S.
1430 2295 1549 2350 Ge—
2231 2291 2291 2346 ni
2325 2294 2381 2345 et
2409 2290 2606 2344 Fausti
2640 2285 2924 2362 Rejensis]
2961 2287 3154 2355 rejicit
3184 2293 3324 2342 tan-

460 2374 594 2431 Iasii
625 2379 785 2446 Papa:
810 2379 1015 2435 iisdem
1044 2395 1173 2438 coss
1196 2383 1351 2437 data.
1374 2384 1550 2439 Aste—
2231 2393 2402 2451 quam
2443 2377 2790 2448 apocrypha,
2832 2378 3015 2432 Baron
3055 2381 3112 2431 et
3147 2377 3322 2432 Noris

462 2465 537 2518 rii
568 2465 841 2521 Consulis
866 2470 1289 2539 autographum
1320 2473 1378 2526 in
1406 2473 1550 2527 Vir-
2230 2469 2351 2524 bist
2379 2466 2548 2539 Pelag
2577 2467 2660 2522 lib
2702 2481 2738 2522 ll
2774 2480 2878 2537 cap
2926 2463 3010 2521 47.
3044 2466 3148 2521 Sed
3183 2479 3332 2522 con-

457 2554 601 2626 gilio
641 2557 893 2612 Mediceo
938 2558 1008 2613 de
1039 2573 1154 2628 quo
1200 2561 1340 2616 Card
1373 2563 1546 2618 Nor-is
2227 2555 2314 2612 fer
2342 2571 2472 2612 cum
2503 2556 2796 2612 adnotatis
2827 2554 2897 2608 ab
2925 2556 3122 2610 eodem
3148 2555 3316 2610 Card.

456 2643 631 2699 Cenot
656 2645 752 2700 Pis
780 2645 995 2702 dissert
1027 2662 1082 2702 lv
1114 2649 1146 2720 §
1178 2648 1226 2704 4.
2225 2643 2460 2700 Norisio
2485 2645 2554 2698 ad
2586 2644 2779 2699 Cenot.
2815 2643 2912 2698 Pis
2941 2643 3066 2697 diss
3095 2655 3170 2712 lv,
3203 2641 3235 2712 §
3263 2642 3315 2711 4,

527 2732 843 2790 Clodoveus
885 2737 1232 2793 Francorum
1282 2741 1540 2812 Regnum
2227 2747 2336 2806 pag
2381 2729 2506 2801 445,
2548 2735 2604 2786 et
2645 2745 2677 2786 ἃ
2720 2731 2896 2802 Pagio
2932 2731 2999 2785 ad
3054 2731 3110 2785 h-
3158 2744 3212 2786 a-
3255 2732 3318 2786 In

449 2821 769 2893 Sequanam
804 2839 986 2896 usque
1013 2827 1242 2884 dilatat.
1277 2830 1443 2886 Petav
1473 2845 1544 2887 ex
2224 2823 2328 2879 cod
2362 2825 2526 2877 vetus
2552 2823 2774 2876 Monast
2799 2820 2852 2874 S.
2883 2819 3087 2875 Crucis
3112 2819 3319 2890 signa—

450 2909 766 2982 Sigeberto.
2229 2917 2327 2968 tur
2361 2913 2661 2965 Decretum
2692 2909 2920 2965 Asterio
2950 2913 3006 2964 et
3036 2909 3316 2964 Praesidio

2223 3001 2335 3057 VV.
2367 2999 2466 3054 CC.
2499 3013 2647 3054 coss.

231 3119 380 3179 5208
522 3129 643 3198 Imp
692 3127 813 3185 Cas
879 3128 1224 3188 Anastasius
1278 3130 1407 3205 Aug
1458 3137 1534 3189 tr.
1615 3131 1754 3190 4247

2057 3125 2097 3167 ιι
2297 3107 2514 3164 Gelasii
2545 3104 2581 3162 3
2609 3111 2666 3162 et
2692 3103 2745 3161 4.
3092 3193 3107 3205 Ὦ
3148 3193 3162 3205 Ω
3399 3104 3507 3163 495

188 3215 269 3286 ﬁt
313 3215 386 3275 28
446 3231 502 3287 p.
531 3213 584 3285 4,
610 3193 672 3287 3,
701 3231 816 3274 cos.
1372 3193 1404 3205 υ
1615 3220 1730 3278 424ι

1853 3201 1902 3262 C
2043 3213 2109 3256 ιιι
2293 3198 2556 3270 Synodus
2606 3197 2859 3251 Romana
2909 3196 2974 3266 II,
3026 3193 3311 3251 celebrata

195 3283 278 3378 ὸ
350 3303 388 3362 2
448 3283 465 3287 “
517 3283 856 3361 Theodorici
926 3307 1099 3378 Regis
1156 3309 1218 3364 in
1285 3310 1454 3366 Italia
1501 3309 1539 3368 2

2049 3302 2112 3345 ιιι
2224 3285 2286 3341 Id
2341 3286 2500 3353 Maii,
2566 3284 2625 3338 in
2687 3298 2799 3354 qua
2858 3283 3113 3338 Misenus
3171 3283 3311 3340 olim

273 3395 329 3450 Α
451 3398 508 3449 et
534 3390 589 3448 3.
617 3430 634 3444 .
1010 3372 1037 3378 ⁷
2221 3374 2567 3446 Apostolicae
2593 3373 2756 3428 Sedis
2789 3374 3052 3445 Legatus,
3086 3375 3142 3427 et
3160 3372 3315 3426 Aca-

199 3485 397 3577 Incitat
452 3521 608 3577 COSS.
671 3484 1018 3577 Q;Y'i:at9_rl
1041 3485 1200 3555 (aliis
1229 3486 1436 3559 solus.)
2220 3462 2731 3577 (communi-one
2753 3461 3003 3516 infectus
3027 3459 3314 3530 ptenitens

265 3571 333 3612 ιιι
452 3551 608 3577 ’Νη
673 3551 1056 3610 Emilianus.
1419 3551 1429 3559 '

1419 3551 1429 3559 '
2220 3551 2651 3607 reconciliatur.

226 3651 282 3702 et
312 3659 370 3704 tv
519 3645 840 3714 Utrumque
885 3643 1146 3700 nominat
1186 3644 1225 3700 l.
1267 3643 1322 3715 2,
1363 3647 1424 3702 C.
1465 3647 1537 3704 de
2289 3637 2342 3692 S.
2368 3639 2664 3707 Eugenius
2684 3635 3161 3706 Carthaginensis
3186 3637 3317 3707 Epi-

448 3734 634 3790 bonor
701 3747 928 3803 possess
989 3738 1154 3787 contr
1209 3734 1306 3789 tab
1364 3735 1539 3792 libert
2219 3740 2429 3797 scepus
2451 3739 2554 3796 pro
2580 3725 2690 3782 ﬁde
2709 3725 2871 3781 exsul
2896 3726 2956 3779 in
2982 3722 3172 3780 Gallia
3192 3725 3317 3782 obit

449 3822 788 3878 observante
814 3821 1088 3876 Relando.
1117 3823 1256 3878 Acta
1285 3824 1532 3880 Concilii
2218 3819 2436 3886 Gregor
2465 3818 2586 3871 Tur
2628 3816 2749 3871 bist
2787 3816 2968 3870 Franc
3001 3814 3039 3869 I.
3077 3827 3137 3882 ll,
3172 3829 3222 3871 c.
3254 3813 3308 3872 3.

447 3911 690 3966 Romani
736 3912 805 3980 II,
851 3910 960 3965 sub
990 3911 1220 3967 Gelasio
1265 3915 1347 3967 F1.
1396 3915 1539 3968 νία-
2290 3907 2648 3976 Euphemius
2711 3904 3319 3975 ConstantinOpolita-
3347 3965 3356 3970 ..

445 4005 559 4055 tore
597 4001 658 4056 V.
697 4001 750 4056 C.
798 4000 895 4054 Cos
927 4005 982 4055 et
1011 4001 1162 4069 epist
1190 4000 1433 4057 Gelasii.
2218 4012 2331 4054 nus
2347 3996 2604 4052 Antistes
2624 3994 2696 4049 ab
2717 3994 3024 4051 Anastasio
3047 3996 3315 4068 Principe

518 4088 833 4145 Clodoveus
884 4089 1232 4145 Francorum
1291 4092 1410 4146 Rex
1468 4091 1539 4147 de
2218 4090 2279 4143 in
2303 4087 2563 4142 ordinem
2589 4085 2854 4140 redactus
2873 4091 2932 4140 et
2953 4085 3012 4141 in
3035 4087 3310 4143 exsilium

443 4179 784 4234 Alamannis
812 4178 998 4234 victor
1033 4178 1282 4234 Clotilde
1317 4181 1533 4251 Regina
2219 4177 2444 4249 pulsus.
2500 4175 2647 4231 Huic
2698 4175 3068 4232 Macedonius
3124 4175 3307 4232 suile-

445 4269 722 4324 suadente
760 4281 792 4323 a
821 4269 875 4323 S.
911 4269 1173 4340 Remigio
1203 4270 1534 4340 baptizatur
2216 4274 2346 4324 ctus
2371 4271 2476 4336 est,
2503 4267 2603 4336 qui
2638 4265 2910 4318 Henotico
2935 4264 3303 4334 subscripsit.

443 4372 574 4414 cum
627 4359 920 4414 militibus
973 4365 1062 4414 ter
1111 4359 1269 4414 mille
1315 4361 1535 4430 Gregor
2217 4355 2535 4412 Marcellin.
2609 4352 2917 4422 Tbe0pban
2975 4353 3310 4410 Theodorus

445 4448 528 4505 lib
586 4462 646 4515 ιι,
706 4463 755 4503 c.
809 4447 863 4519 3,
916 4454 973 4504 et
1027 4449 1335 4507 Aimoinus
1393 4451 1433 4505 l.
1487 4464 1530 4522 I,
2217 4448 2435 4514 Lector,
2489 4450 2547 4500 et
2607 4444 2918 4514 Cedrenus,
2983 4443 3227 4500 indicati
3273 4456 3310 4500 a

445 4552 550 4610 cap
578 4536 664 4609 49,
696 4539 847 4609 apud
885 4541 1049 4594 Petav
1082 4540 1138 4594 h.
1169 4554 1222 4596 a.
1853 4553 1906 4613 ι)
2220 4537 2448 4592 Petavio
2474 4534 2546 4591 ad
2580 4534 2733 4591 hunc
2765 4547 3002 4590 annum.

223 4645 370 4704 5209
517 4650 637 4719 Imp
668 4647 786 4704 Cass
825 4649 1166 4705 Anastasius
1198 4649 1326 4722 Aug
1369 4653 1439 4706 tr.
1473 4665 1529 4722 p.
1610 4647 1751 4706 4248

2041 4659 2104 4702 ιιι
2293 4644 2507 4701 Gelasii
2541 4640 2574 4698 4
2603 4649 2660 4699 et
2688 4642 2742 4713 5,
2777 4644 2877 4714 qui
2912 4644 3037 4700 obit
3069 4641 3155 4699 49.
3193 4644 3315 4698 Nov
3405 4635 3513 4696 496

189 4740 266 4813 ω
315 4740 340 4798 l
449 4739 504 4811 5,
534 4737 586 4809 6,
624 4752 741 4794 cos.
1612 4735 1731 4796 teis

2041 4749 2096 4794 Iv
2207 4753 2337 4795 cum
2385 4734 2632 4791 sedisset
2675 4747 2788 4788 ann
2847 4747 2925 4803 tv,
2976 4747 3135 4788 mens
3179 4745 3304 4801 vur,

201 4831 279 4905 ο
314 4829 351 4887 3
520 4827 863 4885 Theodorici
905 4828 1074 4901 Regis
1103 4827 1138 4884 3
1167 4833 1224 4885 et
1252 4826 1303 4883 4.
2216 4829 2343 4884 dies
2376 4825 2462 4897 48,
2495 4831 2557 4880 ιιι
2589 4826 2648 4878 in
2677 4823 2948 4894 pluribus
2980 4821 3302 4877 codicibus.

207 4921 272 4978 G.
299 4922 361 4976 F.
526 4919 634 4975 Cos
699 4917 913 4974 Paulus
965 4918 1128 4974 solus
1184 4919 1284 4991 qui
1338 4921 1536 4977 Frater
2215 4918 2297 4972 Ex
2328 4919 2504 4972 Anast
2527 4914 2779 4984 aliisque
2804 4927 2837 4968 a
2868 4912 3038 4977 Pagio
3067 4912 3176 4966 Jun
3209 4925 3310 4964 re—

204 5012 395 5068 Indict
448 5008 842 5080 Imperatoris,
877 5013 983 5063 etc.
2215 5005 2431 5060 citatis.
2467 5002 2789 5071 Deponitur
2807 5000 2957 5070 apud
2983 5001 3037 5054 S.
3075 5001 3306 5056 Petrum

198 5115 257 5159 ιν
282 5106 335 5157 et
361 5112 397 5155 v
519 5101 578 5154 L.
611 5097 699 5166 46,
729 5097 788 5152 C.
812 5097 882 5152 de
907 5102 1212 5153 testament
1238 5097 1393 5152 milit
1422 5103 1528 5153 etc.
2212 5094 2310 5149 die
2327 5091 2418 5148 24.
2451 5090 2749 5145 Novembr.
2782 5089 3038 5159 Eligitur
3061 5089 3308 5145 Succes-

443 5191 595 5260 apud
634 5187 870 5243 Reland.
906 5187 1024 5242 Alii
1057 5186 1353 5256 appellant
1379 5187 1535 5244 hunc
2215 5196 2312 5238 sor
2353 5183 2698 5236 Amsrnsms
2737 5177 2866 5246 ejus
2909 5191 3039 5233 nom
3087 5179 3155 5245 Il,
3209 5179 3307 5234 die

443 5291 660 5336 annum
707 5279 837 5332 Post
877 5277 1220 5330 consulatum
1268 5278 1533 5345 Victoris,
2215 5269 2516 5327 Dominica
2547 5267 2854 5322 ordinatus
2878 5264 2969 5321 24.
2998 5267 3303 5324 Novembr.

447 5379 511 5425 ut
560 5367 712 5437 apud
754 5366 810 5421 S.
855 5366 1083 5420 Petrum
1127 5365 1400 5421 inventus
1444 5367 1536 5422 la—
2218 5361 2359 5416 Vide
2391 5363 2555 5414 notas
2583 5357 2653 5411 ad
2683 5355 3001 5411 Gelasium.

448 5458 559 5528 pis,
598 5462 654 5511 et
684 5471 715 5511 a
754 5455 1039 5510 Schelestr
1079 5453 1294 5510 relatus
1338 5455 1397 5510 in
1423 5456 1537 5511 Fa—
2287 5449 2451 5506 India
2499 5445 2804 5502 Anastasio
2862 5447 3119 5516 Principi
3167 5448 3305 5505 Ele-

446 5548 557 5604 stis
584 5545 862 5619 (antiquit
892 5543 1019 5598 Eccl
1047 5544 1181 5598 Tom
1210 5543 1270 5614 ι),
1301 5551 1356 5600 et
1382 5545 1532 5616 apud
2219 5541 2494 5611 phantum
2527 5541 2584 5590 et
2620 5535 2767 5589 duas
2801 5536 3298 5605 Camelopardales

447 5636 743 5693 Fleetvood
778 5635 838 5689 in
869 5633 1095 5704 SyIIOge
1126 5647 1234 5705 pag
1263 5630 1386 5688 424.
2217 5644 2320 5701 pro
2353 5639 2587 5682 munere
2629 5624 2827 5679 mittit.
2865 5624 3184 5682 Marcellin.

514 5724 776 5792 Quatuor
823 5723 931 5780 ﬁlii
985 5723 1302 5780 Gunderici
1362 5725 1536 5797 Regis
2283 5719 2337 5775 S.
2381 5715 2744 5788 Epiphanius
2786 5715 3115 5772 Ticinensis
3154 5717 3300 5789 Epi-
