3906 6444
348 364 457 426 735
1144 372 1241 429 AD
1276 373 1713 433 ANASTASIUM
1750 377 2269 436 PROLEGOHBNA
2309 380 2486 449 sorr.
2528 380 2962 438 ROM.-VATIC.
3612 364 3639 372 ⁷
3668 389 3758 448 736

408 483 592 578 ﬁngi,
632 493 1009 568 Imperatores,
1085 502 1352 578 Consules_
1446 505 1723 558 Romano—
1784 499 1941 578 411ῃί
2030 506 2090 568 Α
2157 501 2327 578 Anni
2395 506 2852 570 Christianorum,
2894 505 3213 560 Judzorum
3252 513 3303 563 ct
3343 512 3487 578 ﬁni—
3553 507 3709 561 Anni

354 554 610 649 Pff;jgl-
674 554 727 617 η’
772 582 917 639 rum,
934 554 1020 626 re's
1059 554 1650 640 ρὲέτὲέῑᾶοουῇιεηια.
1803 568 1931 649 U43.
2030 554 2090 568 "
2144 554 2354 645 om}.
2400 554 2729 649 "1mg.
2744 554 3475 649 "aspalaaa'iogziﬁzgg,
3553 554 3700 633 ὶίεξῖεξ

386 624 581 685 ·⁶⁸¹⁷²ἀ’
1059 624 1625 640 om"
1735 645 1927 781 “me;
2476 624 3475 716 ὶὶἓᾱέεῖὶεεὲ’ᾶέὲὶῖεϊάδοὶλῆέῆῑᾶῖ
3514 624 3719 707 0&7.-

1770 783 1932 838 Palil.

632 874 1107 945 Burgundiorum
1150 876 1303 934 inter
1330 894 1392 937 se
1419 882 1720 943 dimicant.

635 964 739 1019 Vid
762 976 856 1033 ap.
890 965 986 1019 Pet
1015 965 1072 1019 h.
1103 978 1157 1020 a.

703 1052 1129 1111 Guntabundus
1154 1057 1271 1113 Rex
1301 1060 1453 1115 Vand
1476 1062 1599 1119 obit
1623 1061 1713 1119 24.

632 1138 768 1209 Sept
808 1143 891 1196 Ex
937 1144 1159 1212 append
1208 1147 1277 1201 ad
1323 1149 1503 1205 chron
1544 1152 1722 1222 Prosp

630 1228 801 1285 Noris
827 1229 949 1285 hist
978 1231 1070 1286 Pel
1098 1232 1183 1288 lib
1208 1235 1275 1303 ll,
1309 1250 1356 1291 c.
1386 1234 1477 1291 24.
1505 1238 1722 1294 Succe-

632 1315 723 1372 dit
764 1319 1198 1377 Trasamundus
1246 1336 1345 1392 per
1393 1338 1577 1382 annos
1621 1324 1714 1397 26,

633 1417 853 1461 menses
880 1406 936 1477 8,
968 1408 1094 1463 dies
1123 1406 1175 1464 ι.
1208 1410 1317 1466 Ibi.

699 1494 822 1563 Imp
861 1495 981 1550 Caes
1012 1496 1354 1555 Anastasius
1391 1501 1520 1575 Aug
1550 1508 1622 1559 tr.
1656 1519 1710 1575 p.

414 1573 558 1634 5240
630 1578 685 1650 6,
715 1578 770 1652 7,
802 1596 902 1639 cos
932 1597 993 1639 ιι.

1791 1504 1931 1563 4249

1789 1593 1928 1653 4250

383 1666 457 1739 ὢ
520 1669 558 1729 2
698 1670 1042 1728 Theodorici
1075 1674 1247 1746 Regis
1276 1673 1311 1732 ι
1339 1683 1395 1733 et
1422 1677 1475 1735 5.

382 1759 457 1832 θ
520 1757 555 1815 4
697 1760 823 1815 Cos.
882 1760 1225 1820 Anastasius
1282 1766 1411 1839 Aug
1460 1782 1525 1840 II,
1584 1771 1712 1827 sine
1830 1804 1838 1813 ι

455 1850 507 1904 Ε
624 1848 871 1918 Collega.

370 1937 570 1993 Indici.
620 2027 665 2081 Β
787 1936 844 2009 9,
872 1938 932 1994 C.
964 1940 1035 1996 de
1078 1943 1359 2016 repudiis,
1392 1951 1525 2019 etc.,
1555 1948 1707 2019 apud

461 2039 497 2078 v
670 2039 700 2081 e
729 2068 741 2080 .

408 2118 460 2168 et
488 2128 545 2170 v1
692 2117 770 2171 Eo
807 2130 906 2172 cos
932 2117 1085 2176 Solis
1127 2119 1386 2179 defectus
1415 2128 1707 2196 apparuit,

620 2202 952 2275 bellumque
995 2210 1312 2266 Isauricum
1357 2220 1517 2268 sexto
1557 2228 1707 2271 anno

619 2292 900 2348 sedatum.
923 2295 1345 2368 Athenodorus,
1380 2302 1504 2356 sive
1523 2303 1707 2358 Ante-

617 2381 872 2437 nodorus
891 2386 1218 2441 Isaurorum
1239 2391 1461 2457 primus
1483 2391 1541 2446 in
1557 2393 1707 2447 Isau-

617 2470 704 2525 ria
726 2479 947 2541 captus,
977 2473 1411 2547 decollatusque
1431 2486 1534 2534 est.
1563 2483 1708 2536 Mar-

615 2558 790 2615 cellin
833 2565 890 2614 et
933 2574 1000 2616 ex
1048 2575 1114 2617 eo
1158 2563 1381 2635 Lydiat.
1428 2567 1532 2623 Sed
1574 2569 1706 2624 vide

614 2646 855 2717 Pagium
905 2650 1009 2704 Sen
1059 2664 1208 2707 anno
1258 2656 1520 2724 sequenti
1572 2653 1697 2726 498,

613 2736 711 2790 cui
755 2735 812 2791 in
849 2738 1062 2807 Eclipsi
1104 2739 1256 2797 Solis
1293 2755 1360 2796 ex
1401 2743 1697 2799 Marcellin

614 2822 910 2895 signanda:
940 2829 1235 2883 contestis.
1272 2830 1457 2886 Petav.

683 2912 736 2967 S.
771 2913 1140 2971 Eleutherius
1169 2918 1549 2977 Tornacensis
1585 2921 1704 2991 epi-

612 3013 824 3070 sc0pus
865 3002 1169 3073 plusquam
1210 3004 1277 3060 xr
1315 3006 1501 3063 millia
1544 3009 1599 3063 h.
1644 3021 1698 3064 a.

613 3089 685 3143 ad
749 3089 1046 3145 Christum
1104 3106 1377 3149 conversa
1442 3097 1702 3167 exemplo
1818 3132 1823 3135 »

606 3178 877 3234 Clodovei
930 3180 1199 3249 baptizat.
1260 3184 1372 3255 Pag
1423 3184 1491 3240 ad
1540 3184 1596 3239 h.
1642 3200 1694 3241 a.

612 3280 672 3322 ιι.
706 3264 759 3322 4.

685 3355 1025 3413 Ambrosius
1066 3359 1341 3417 Aurelius
1382 3363 1698 3420 Britanno-

612 3458 738 3500 rum
778 3458 875 3500 rex
908 3447 1156 3502 moritur
1204 3450 1530 3517 proditione
1559 3452 1692 3507 ﬁlii.

610 3533 879 3589 Succedit
922 3536 1152 3589 Utherus
1190 3535 1366 3594 frater
1393 3553 1462 3594 ex
1501 3540 1694 3597 Flori-

613 3618 757 3691 lego.
795 3622 1003 3693 Pagius
1036 3623 1116 3678 ibi
1149 3638 1205 3679 η.
1236 3623 1291 3681 5.

394 3707 532 3767 5244
687 3714 807 3782 Imp
834 3714 956 3769 Caes
984 3714 1328 3773 Anastasius
1370 3716 1498 3790 Aug
1527 3724 1604 3774 tr.
1637 3734 1692 3790 p.

393 3802 466 3872 Θ
499 3803 535 3861 3
605 3796 663 3871 7,
692 3798 747 3863 8.
781 3816 898 3857 cos.
934 3815 993 3858 ιι.

401 3892 475 3964 ο
510 3890 549 3948 5
688 3890 1028 3945 Theodorici
1062 3891 1233 3964 Regis
1261 3890 1297 3949 5
1323 3898 1379 3949 et
1406 3893 1461 3951 6.

443 3982 562 4068 Qu
609 4013 749 4068 Coss
784 3977 1229 4068 33-_§.°_Y_‘.'_‘an9’-

374 4051 563 4105 Indict
609 4049 749 4068 “‘“’°
786 4049 1067 4105 Paulinus
1095 4050 1226 4108 Occ.

432 4151 488 4193 vx
684 4136 740 4191 L.
775 4136 829 4207 4,
855 4136 916 4192 C.
942 4139 1014 4195 de
1043 4138 1289 4211 legitim.
1331 4143 1494 4199 tutel.
1541 4145 1694 4214 apud

384 4232 437 4282 et
454 4239 531 4283 vn
600 4225 728 4281 .Rel.

680 4316 883 4372 Festus
926 4321 1162 4389 quidam
1207 4321 1445 4377 Senator
1481 4322 1697 4377 Roma-

609 4420 724 4462 nus
766 4419 798 4460 a
839 4408 988 4477 Rege
1016 4407 1373 4465 Theodorico
1400 4410 1472 4464 ad
1515 4410 1697 4465 Anast

610 4497 732 4562 Imp
767 4494 983 4548 missus
1013 4508 1143 4547 cum
1178 4495 1515 4564 imperatori
1546 4498 1694 4554 clam

615 4579 980 4651 promisisset
1056 4579 1393 4638 effecturum
1471 4599 1549 4654 se,
1630 4595 1696 4643 ut

606 4669 951 4726 Anastasius
978 4670 1124 4737 Papa
1146 4670 1420 4726 Henotico
1446 4674 1697 4730 subscri-

610 4760 971 4829 beret;cum
1024 4758 1084 4813 in
1132 4760 1325 4817 reditu
1373 4762 1442 4818 ad
1488 4762 1691 4822 Urbem

610 4850 959 4920 percepisset
1032 4849 1252 4905 obiisse
1334 4852 1689 4927 Pontiﬁcem,

609 4941 904 5009 corruptis
944 4940 1186 5010 pecunia
1230 4942 1629 5013 compluribus
1661 4961 1694 5002 e

608 5027 771 5082 Clero
810 5037 1006 5084 contra
1048 5031 1446 5101 Symmachum
1493 5033 1695 5105 legiti-

609 5130 765 5169 mum
792 5130 1175 5174 successorem
1199 5120 1338 5191 eligi
1365 5130 1530 5178 curat
1561 5126 1697 5181 Lau-

610 5204 881 5259 rentium.
913 5208 1078 5263 Pacis
1104 5222 1277 5264 causa
1306 5225 1395 5266 res
1420 5214 1488 5267 ad
1517 5213 1693 5270 Theo-

607 5294 870 5350 doricum
894 5294 1157 5366 refertur,
1180 5300 1331 5353 unde
1348 5302 1511 5371 origo
1530 5318 1692 5358 usur-

392 5375 536 5434 5242
608 5383 904 5453 pationum
937 5386 1320 5441 saecularium.
1358 5390 1497 5446 Vide
1527 5398 1691 5448 notas

396 5468 471 5538 θ
510 5470 544 5526 6
606 5476 676 5530 ad
707 5470 1125 5540 Symmachum.

392 5557 469 5628 θ
572 5608 577 5611 .
675 5565 801 5626 Imp
835 5557 956 5608 Caes
991 5558 1330 5619 Anastasius
1364 5567 1495 5639 Aug
1523 5575 1593 5622 tr.
1630 5584 1685 5638 p.

466 5645 505 5693 ι)
609 5648 663 5716 8,
698 5644 758 5714 9,
790 5654 913 5696 cos.
946 5654 1009 5693 ιι.

1773 3719 1912 3779 4250

1772 3807 1902 3867 4254

1765 5565 1897 5623 4254

1762 5653 1904 5712 4252
1940 5669 1949 5675 '

2159 1499 2332 1568 Olym.

2396 892 2575 949 copus
2611 878 2750 933 obit.
2797 878 3118 935 Ennodius.
3148 879 3484 940 Conversioo

2395 973 2525 1023 nem
2572 966 2835 1022 Clodovei
2868 966 2939 1021 ad
2983 966 3279 1024 Christum
3313 971 3370 1025 h.
3421 989 3477 1027 a.

2396 1056 2698 1126 consignat
2758 1055 2969 1127 Pagius
3007 1074 3020 1110 :
3060 1071 3231 1126 quam
3307 1060 3479 1117 Petav

2397 1143 2599 1200 retulit
2644 1157 2795 1199 anno
2842 1146 3131 1214 superiori
3186 1152 3244 1202 et
3291 1148 3475 1206 Baron

2396 1239 2523 1302 post
2547 1232 2884 1287 triennium.
2914 1232 3055 1289 Vide
3081 1241 3245 1291 notas
3264 1236 3333 1292 ad
3360 1238 3478 1294 Ge-

2395 1321 2626 1379 lasium.
2668 1356 2683 1367 .

2462 1499 2753 1555 Anastasii
2787 1501 2852 1566 II,
2892 1498 2915 1554 4
2952 1506 3008 1556 et
3034 1498 3090 1556 2.

2464 1588 2703 1643 Sedente
2746 1589 3050 1645 Anastasio
3093 1592 3141 1645 II
3186 1591 3332 1662 Papa
3378 1592 3475 1648 in-

2226 1690 2280 1732 Iv
2365 1675 3460 1750 felixconstitutioeratPrincipatuum,

2397 1778 2541 1834 quos
2568 1764 2836 1835 regebant
2868 1765 3160 1836 Principes
3186 1767 3462 1837 haeretici,

2388 1859 2453 1908 ut
2474 1853 2815 1909 Anastasius
2840 1856 2961 1924 Imp
2985 1854 3118 1909 talis
3144 1861 3329 1924 postea
3357 1869 3465 1911 co—

2390 1943 2607 2013 gnitus,
2634 1942 3023 1999 Theodoricus
3053 1944 3112 1998 in
3143 1944 3244 1999 Ital
3265 1944 3463 1999 Alari—

2391 2044 2495 2086 cus
2519 2032 2719 2102 Visgot
2740 2032 2799 2085 in
2828 2032 3037 2101 Gallia,
3060 2032 3468 2088 Gundebaldus

2391 2121 2451 2175 in
2482 2121 2751 2190 Burgund
2783 2121 3008 2189 Ariani,
3041 2130 3098 2177 et
3126 2123 3315 2191 Suevi,
3339 2127 3394 2176 et
3416 2121 3468 2176 si

2388 2208 2491 2279 qui
2513 2208 2619 2264 alii
2650 2210 2709 2264 in
2741 2210 3035 2278 Hispania.
3068 2212 3132 2265 In
3162 2209 3468 2266 Germania

2386 2304 2597 2368 autem,
2621 2305 2677 2353 et
2706 2298 3002 2353 Britannia
3023 2299 3215 2355 adhuc
3240 2298 3466 2369 Pagani.

2388 2389 2465 2442 De
2505 2388 2628 2443 solo
2665 2386 2944 2442 Clodoveo
2985 2387 3275 2456 baptizato
3312 2387 3465 2441 Ana—

2387 2477 2603 2529 stasius
2629 2474 2909 2545 gratulari
2945 2475 3153 2541 potuit.
3186 2476 3328 2529 Vide
3362 2487 3473 2530 no-

2383 2570 2472 2617 tas
2496 2562 2565 2617 ad
2598 2562 2981 2616 Anastasium.
3014 2562 3252 2630 Legatos
3280 2569 3473 2616 tamen

2382 2650 2543 2705 misit
2568 2651 2636 2704 ad
2670 2652 2788 2717 Imp
2831 2650 2885 2703 S.
2925 2651 3274 2705 Germanum
3317 2649 3469 2717 Epi—

2386 2753 2619 2809 scopum
2639 2740 2992 2809 Capuanum,
3013 2744 3070 2793 et
3088 2737 3467 2793 Cresconium

2379 2832 2782 2896 Tudertinum,
2862 2835 2928 2883 ut
2999 2839 3204 2882 nomen
3263 2826 3462 2881 Acacil

2382 2920 2708 2990 abrogaret.
2734 2919 2898 2971 Petav
2930 2916 2998 2970 ad
3033 2915 3088 2968 h.
3123 2927 3176 2969 a.

2450 3011 2673 3064 Mortuo
2693 3004 3010 3061 Athanasio
3034 3002 3304 3071 episc0po
3325 3000 3467 3056 Ale—

2377 3098 2663 3155 xandrino
2723 3093 2993 3149 haeretico
3046 3089 3325 3146 sutfectus
3373 3095 3462 3144 est

2374 3190 2618 3243 Joannes
2661 3185 2852 3240 eadem
2898 3181 3023 3236 labe
3063 3178 3329 3234 infectus.
3376 3178 3462 3234 Ibi

2377 3290 2446 3331 ex
2501 3274 2786 3329 Liherato.
2831 3271 2971 3326 Vide
3018 3275 3076 3323 et
3127 3270 3240 3339 Pag
3296 3268 3349 3321 h.
3404 3280 3458 3321 a.

2343 3380 2400 3422 n.
2432 3363 2483 3420 3.

2447 3698 2741 3755 Anastasii
2788 3698 2857 3766 II,
2905 3694 2942 3753 2
2988 3703 3045 3751 et
3086 3692 3140 3764 3,
3193 3694 3296 3764 qui
3337 3692 3463 3749 obit

2375 3789 2472 3843 die
2512 3784 2575 3841 47
2632 3786 2716 3840 vel
2758 3782 2826 3839 48
2868 3782 3116 3840 Novemb
3155 3783 3463 3838 Successor

2374 3876 2747 3947 Symmachus
2768 3873 3074 3929 ordinatur
3096 3868 3168 3925 22
3188 3869 3456 3927 Novemb.

2375 3965 2516 4020 Vide
2549 3970 2713 4019 notas
2742 3963 2810 4017 ad
2844 3960 3267 4032 Symmachum.

2447 4058 2651 4124 Ingens
2698 4051 2910 4107 seditio
2957 4047 3454 4118 Constantinopoli

2374 4150 2433 4198 et
2479 4142 2649 4196 multi
2702 4140 2760 4195 in
2824 4153 2890 4194 ea
2944 4140 3098 4193 caesi.
3157 4139 3317 4192 Petav
3380 4149 3455 4191 ex

2374 4232 2555 4287 chron
2629 4229 2769 4284 Alex
2830 4230 3143 4297 Imperator
3194 4238 3461 4281 nummos

2373 4320 2636 4380 Follares,
2684 4331 2829 4387 quos
2869 4316 3109 4372 Romani
3158 4317 3461 4368 Teruntia-

2374 4424 2470 4463 nos
2514 4414 2736 4475 vocant,
2786 4407 2922 4461 usui
2964 4404 3227 4477 populari
3270 4403 3453 4459 cudit.

2372 4499 2455 4556 lbi
2486 4512 2555 4553 ex
2586 4496 2900 4551 Marcellin.

2443 4587 2812 4643 Macedonius
2839 4586 3145 4655 episcopus
3173 4585 3455 4639 Constan-

2360 4672 2791 4747 ‘tluopolitanus
2862 4674 3034 4729 Urbis
3108 4674 3457 4729 Monasteria

2256 4762 2261 4767 ’
2372 4781 2498 4838 quae
2526 4767 2597 4821 ab
2616 4766 2742 4834 ejus
2767 4764 3171 4820 communione
3200 4774 3456 4817 recesse—

2197 1586 2304 1643 348

2223 1770 2274 1819 et

2025 1833 2079 1894 B
2191 1850 2302 1909 349

2239 1957 2259 1998 ι

1997 3150 2047 3212 C

2211 3806 2253 3844 II

2009 4489 2063 4550 D

2203 5589 2245 5627 II

2187 5678 2251 5716 ῙῙῙ

2371 4862 2501 4913 rant
2521 4869 2649 4910 cum
2668 4855 2939 4910 Henotico
2960 4851 3327 4909 subscribere
3346 4850 3456 4906 de-

2372 4950 2702 5011 trectarent,
2751 4942 2967 4999 frustra
2993 4941 3108 4997 sibi
3140 4941 3457 5011 adjungere

2372 5042 2537 5094 curat
2560 5037 2729 5105 jussu
2759 5032 3148 5103 Imperatoris.
3172 5027 3456 5085 Praacellit

2372 5126 2695 5183 constantia
2722 5124 3050 5194 Virginum,
3074 5121 3368 5185 Matronae,
3399 5124 3459 5173 et

2372 5216 2616 5287 Sophim.
2648 5215 2731 5270 Ibi
2762 5229 2829 5269 ex
2859 5212 3109 5281 Theoph.

2438 5305 2695 5361 Palladio
2737 5302 2983 5358 Antioch
3027 5303 3184 5371 episc
3226 5304 3454 5355 mortuo

2370 5395 2627 5451 succedit
2658 5395 2980 5450 Flavianus.
3017 5390 3123 5446 lbi.

2438 5571 2758 5641 Symmachi
2784 5570 2806 5627 4
2838 5579 2894 5627 et
2912 5570 2966 5629 2.

2429 5661 2613 5733 Synod
2624 5677 2689 5718 us
2710 5663 2961 5718 Romana
2984 5664 3025 5734 Ι,
3053 5660 3163 5717 sub
3183 5661 3453 5731 Symma-

3555 3690 3669 3750 498

3544 5564 3656 5623 499
