3906 6404
137 369 245 431 737

141 570 262 624 Per.
304 568 418 622 Jul.

200 643 265 693 ἐἰ
287 639 413 694 1nd.

530 583 674 631 rum,
699 583 787 622 res
820 572 982 634 gesta
1024 572 1075 621 et
1099 568 1439 621 documenta.

189 850 375 906 Indict
497 846 844 905 Theodorici
883 846 1058 918 Regis
1086 844 1121 901 6
1149 851 1205 903 et
1226 843 1290 902 7.

244 953 369 1032 '35--
423 975 565 1032 Coss
607 935 1107 1032 {9%9325.-9‘bb“s
1139 932 1244 1009 [ειι-
1304 935 1513 1012 some-3

187 1015 239 1066 et
269 1025 370 1067 vm
424 1010 565 1032 “"°°
603 1010 928 1079 Asclepius.

494 1101 557 1156 L.
588 1097 679 1169 25,
701 1101 762 1155 C.
789 1100 861 1155 de
912 1113 1088 1155 excus
1141 1102 1233 1155 tut
1279 1102 1337 1154 et
1366 1098 1405 1153 Ι.
1456 1096 1512 1166 5,

424 1188 486 1244 C.
515 1189 586 1244 de
614 1189 885 1244 silentiar
908 1194 1223 1259 utrumque
1247 1200 1377 1244 coss
1404 1201 1517 1243 ex-

429 1277 630 1334 hibent
650 1283 752 1334 not
776 1278 991 1334 Reland
1026 1278 1216 1334 solum
1239 1278 1511 1333 Joannem

424 1367 603 1423 chron
640 1368 822 1423 Pasch
847 1372 904 1423 et
931 1366 1251 1423 Marcellin.
1297 1364 1515 1422 Conci-

428 1455 573 1513 lium
613 1469 747 1512 vero
803 1456 1145 1518 Romanum,
1203 1460 1262 1511 et
1313 1468 1404 1523 ep.
1457 1453 1509 1509 4.

425 1546 751 1615 Symmachi
784 1546 946 1615 Papa:
978 1545 1133 1600 hunc
1163 1557 1379 1599 annum
1423 1543 1518 1597 si-

428 1639 605 1704 gnant
666 1635 786 1688 Post
848 1633 1205 1689 Consulatum
1260 1631 1507 1685 Paulini.

209 1719 354 1778 5243

191 1814 265 1886 Θ
314 1809 351 1867 5
426 1808 511 1874 40,
556 1826 746 1869 costi.

208 1899 283 1972 θ
308 1895 344 1955 7
494 1902 835 1958 Theodorici
862 1902 1018 1974 regis
1043 1898 1078 1956 7
1098 1907 1155 1957 et
1172 1899 1228 1955 8.

217 1990 373 2083 PA.
426 2026 564 2083 Coss
606 1992 760 2083 £393
766 1992 917 2083 95.9.9"

187 2060 373 2115 Indict
426 2060 564 2096 VU”
606 2064 908 2132 Hypatius.

221 2161 327 2203 vni
504 2151 571 2205 L.
638 2147 728 2217 43,
778 2151 843 2206 C.
908 2151 981 2208 de
1027 2155 1327 2219 transact.,
1377 2153 1510 2219 etc.,

206 2240 261 2290 et
290 2250 350 2293 ιχ
423 2240 577 2308 apud
613 2239 851 2296 Reland.
875 2240 1057 2296 Ambo
1087 2255 1216 2296 coss
1240 2239 1515 2296 Orienta—

428 2326 538 2382 les.
575 2327 763 2397 Quare
792 2330 850 2385 in
880 2328 1055 2385 Occid
1089 2332 1357 2401 signatur
1403 2340 1516 2383 an—

428 2429 540 2471 nus
574 2436 586 2471 :
622 2420 822 2472 lterum
837 2424 964 2488 post
982 2420 1328 2473 consulatum
1355 2418 1515 2470 Pau-

428 2503 550 2556 lini.
586 2506 760 2560 Vetus
787 2507 1097 2575 inscriptio
1120 2507 1177 2561 in
1206 2506 1390 2575 pavim
1417 2505 1514 2559 Ba-

428 2591 503 2647 sil
520 2592 577 2647 S.
612 2593 777 2648 Pauli
801 2608 970 2664 quam
995 2593 1166 2650 refert
1183 2593 1510 2664 Aringhius

422 2680 562 2736 Rom
591 2681 746 2737 subt.
780 2682 918 2738 Tom
945 2679 994 2750 l,
1030 2697 1085 2752 p.
1124 2678 1251 2752 447,
1282 2686 1341 2737 et
1364 2681 1508 2738 Rei—

415 2780 514 2825 nes
543 2783 598 2839 p.
628 2767 755 2841 964,
785 2776 843 2825 et
869 2770 1112 2827 Reland.

493 2858 889 2917 Theodoricus
945 2864 1286 2917 cunctorum
1357 2860 1511 2915 votis

425 2949 716 3018 expetitus
766 2951 1000 3006 Romam
1033 2951 1289 3021 advenit,
1318 2951 1420 3008 ubi
1447 2952 1504 3007 S.

420 3036 477 3092 S.
508 3037 572 3107 Q.
601 3039 665 3093 R.
704 3040 1164 3097 muniﬁcentiam
1196 3042 1506 3108 demeruit,

421 3132 481 3182 et
524 3134 735 3185 certam
787 3130 857 3185 ad
916 3130 1257 3187 reficiendos
1313 3144 1511 3187 muros

426 3218 727 3285 pecuniam
746 3219 1041 3275 attribuit.
1068 3220 1327 3276 Cassiod.
1351 3220 1513 3277 Com-

425 3304 621 3375 plures
639 3306 853 3379 ﬂgiina)
885 3309 946 3364 in
976 3310 1146 3365 tectis
1173 3310 1361 3367 eccles
1388 3307 1506 3365 Urb

427 3393 679 3466 aliisque
725 3396 998 3452 aediﬁciis
1046 3399 1357 3469 signantur
1408 3413 1510 3451 re—

422 3489 628 3550 gnante
703 3486 770 3539 D.
846 3487 917 3542 N.
1004 3486 1266 3539 Theodor.
1354 3486 1511 3540 Felix

428 3573 617 3627 Roma.
649 3573 755 3629 Vid
784 3573 987 3643 Ciamp
1013 3574 1083 3629 de
1108 3586 1205 3629 sac
1228 3573 1334 3629 ted.
1365 3587 1416 3629 c.
1446 3571 1501 3645 9,

498 3751 620 3818 Imp
648 3750 773 3807 Caes
810 3750 1154 3807 Anastasius
1191 3758 1319 3824 Aug
1348 3758 1422 3807 tr.
1447 3767 1501 3823 p.

429 3835 517 3908 40,
549 3836 636 3908 44,
673 3853 771 3896 cos
801 3854 865 3897 ιι.

201 3924 352 3984 5244
497 3928 843 3985 Theodorici
872 3931 1044 4002 Regis
1063 3926 1101 3986 8
1119 3934 1178 3987 et
1203 3926 1258 3985 9.

216 4021 291 4092 θ
323 4016 360 4073 6
614 4018 923 4088 Pompeius
946 4021 1042 4075 0r.

203 4105 281 4179 θ
316 4103 356 4161 8
425 4106 580 4164 Coss.
615 4108 870 4164 Avienus
948 4108 1123 4164 Occid
1171 4108 1273 4181 qui
1325 4106 1513 4165 Rufus

256 4196 303 4252 G
606 4198 849 4268 Magnus
923 4200 1173 4254 Faustus
1232 4197 1509 4253 Avienus.

190 4284 384 4341 Indict
502 4285 683 4343 Vetus
738 4288 989 4358 inscript
1044 4288 1284 4360 Lugdun
1361 4287 1513 4357 apud

251 4387 309 4430 ix
430 4376 643 4431 Reland
673 4382 729 4431 et
758 4376 1056 4451 Fleetvood
1090 4392 1144 4448 p.
1168 4374 1275 4433 495
1294 4381 1351 4433 et
1374 4377 1515 4434 Acta

227 4467 280 4519 et
302 4477 341 4519 χ
428 4465 638 4536 Synodi

429 4554 756 4626 Symmachi
785 4558 947 4627 Papa:
981 4556 1186 4613 iisdem
1219 4570 1367 4613 coss.

499 4644 685 4719 Codex
719 4645 909 4716 legum
951 4645 1453 4717 Burgundicarum
1482 4658 1517 4702 a

430 4733 808 4789 Gundebaldo
838 4735 986 4806 Rege
1013 4733 1072 4788 in.
1096 4747 1147 4790 a.
1176 4733 1515 4806 promulga-

431 4828 525 4877 tus
541 4822 710 4891 juxta
739 4824 978 4895 Pagium
1009 4837 1067 4879 η.
1122 4821 1179 4893 3,
1202 4823 1304 4895 qui
1331 4829 1388 4879 et
1420 4836 1518 4879 re-

431 4911 797 4968 stitutionem
845 4912 1090 4968 Cabadis
1146 4912 1206 4967 in
1259 4913 1515 4983 Regnum

429 4999 730 5071 Persarum
776 5015 846 5058 ex
886 5001 1165 5067 Procopio
1190 5005 1247 5056 et
1289 5012 1524 5056 excur-

430 5089 652 5146 sionem
679 5089 1058 5161 Bulgarorum
1093 5085 1324 5163 [nomen
1349 5091 1517 5144 antea

433 5176 787 5253 inauditum]
826 5180 885 5234 in
906 5177 1207 5248 Illyricum
1238 5182 1296 5233 et
1326 5176 1517 5232 Thra-

425 5265 574 5322 ciam
603 5267 742 5324 huic
770 5280 924 5323 anno
950 5266 1231 5337 assignat.

710 4468 851 4523 Rom
924 4467 981 4522 h.
1036 4481 1069 4524 a
1132 4472 1191 4523 et
1240 4466 1515 4537 Epistolte
1560 4533 1567 4541 _

1628 567 1689 621 U.
1717 565 1774 620 Ο.

1609 642 1735 691 ante

1563 708 1771 833 θὲἐὲἳῗί

497 1725 619 1793 Imp
642 1724 763 1779 Caes
820 1723 1002 1778 Anast
1053 1723 1183 1793 Aug
1211 1727 1285 1776 tr.
1344 1734 1396 1789 p.
1454 1717 1509 1789 9,
1587 1717 1730 1776 4252

499 1854 511 1866 .
556 1826 656 1866 cos
676 1826 746 1866 ιι.
1587 1806 1728 1866 4253

1825 1820 1880 1882 Β

1583 3749 1724 3833 1253

1583 3837 1724 3900 4254

2019 1711 2085 1753 III

2039 1800 2094 1842 IV

1964 3705 2139 3776 Olym.

1997 3792 2104 3851 349

2031 3898 2088 3940 ιν

2013 3979 2067 4029 et

1080 366 1435 424 CHRONOL.-
1466 368 1513 423 A
1548 367 1604 424 S.
1647 365 2038 426 SYLVESTRO
2073 370 2170 426 AD
2206 372 2262 428 S.
2300 371 2509 431 GREG.
2552 377 2627 431 M.

208 496 368 550 Anni
434 497 818 565 Imperatores,
917 495 1175 550 Consules
1247 496 1520 549 Romano-
1596 494 1756 548 Anni
1827 497 1886 553 A
1967 494 2126 549 Anni
2187 494 2644 561 Christianorum,
2692 501 3006 555 Iudaeorum
3053 506 3103 555 et

208 583 262 619 'r.
304 568 418 619 Jul.
530 583 674 619 rum.
699 583 787 619 res
822 572 982 619 uesta:
1024 572 1075 619 et
1099 568 1439 619 documenta.
1628 567 1689 619 U.
1717 565 1774 619 Ο.
1962 563 2173 619 Oltmm.
2295 572 2551 619 timorum
2578 573 2926 619 nonulm'um-
2955 573 3103 619 Ponti

2028 581 2173 637 Wp-

2295 572 2551 624 timorum
2572 573 2927 641 populorum,
2949 573 3177 643 Pontiﬁc

3366 340 3379 353 ”
3463 374 3575 437 738

3128 503 3268 571 ﬁni—
3328 497 3486 558 Anni

3194 588 3269 643 es,
3350 574 3506 643 Em

2295 643 2487 709 Reges,
2510 658 2596 697 res
2624 648 2787 711 gestae
2818 647 2869 697 et
2910 644 3250 699 documenta.
3298 642 3522 700 Christi.

2199 834 2308 891 cho
2335 835 2613 894 adversus
2652 836 2940 896 ambitum
2969 838 3288 895 Pontiﬁca-

2195 929 2291 979 tus
2314 922 2416 980 Kal
2445 928 2609 981 Mart.

2263 1013 2611 1085 Anastasius
2639 1014 2868 1087 aliquot
2913 1015 3135 1074 tributa
3164 1031 3289 1074 sus-

2194 1100 2352 1169 tulit,
2386 1103 2538 1159 inter
2567 1119 2694 1175 quae
2710 1105 3162 1178 Chrysargyrum
3185 1122 3200 1160 :
3226 1112 3282 1162 et

2190 1191 2525 1247 venationes
2567 1193 3081 1262 amphitheatrales
3137 1193 3287 1251 abo-

2192 1275 2367 1332 levit:
2402 1285 2457 1334 et
2488 1281 2861 1353 Magistratus
2903 1282 3133 1339 venales
3160 1294 3286 1339 esse

2193 1366 2398 1420 vetuit.
2476 1368 2639 1423 Petav
2702 1382 2773 1424 ex
2822 1370 3169 1440 Theophane
3221 1376 3279 1426 et

2196 1453 2443 1523 Evagrio
2488 1453 2574 1510 lib
2603 1469 2667 1526 ιι,
2708 1471 2760 1511 c.
2818 1453 2910 1526 39,
2940 1470 3162 1515 necnon
3214 1470 3284 1513 ex
3314 1452 3365 1467 ”
3456 1446 3467 1459 ³

2192 1539 2299 1597 Ced
2310 1554 2448 1598 reno
2463 1582 2477 1596 .

2266 1700 2591 1772 Symmachi
2624 1702 2660 1760 2
2687 1709 2744 1762 et
2770 1703 2807 1761 3

2275 1790 2567 1862 Synodum
2645 1795 2692 1849 li
2785 1797 3097 1852 Romanam
3172 1795 3283 1853 sub

2201 1877 2539 1949 Symmacho
2590 1882 2934 1940 celebratam
2986 1882 3169 1941 fuisse
3222 1884 3278 1939 h.

2197 1980 2230 2023 a
2290 1969 2500 2040 Pagius
2552 1971 2717 2027 docet
2746 1985 2814 2028 ex
2862 1973 3160 2030 Theodoro
3191 1973 3282 2029 le-

2196 2061 2355 2112 ctore
2381 2077 2395 2128 ;
2420 2065 2477 2114 et
2495 2060 2794 2131 Anonymo
2825 2060 3131 2119 Valesiano
3157 2079 3171 2116 :
3221 2063 3281 2119 in

2196 2159 2309 2216 qua
2354 2146 2503 2203 facta
2549 2162 2658 2219 pax
2685 2150 2837 2206 inter
2877 2151 3281 2221 Symmachum

2193 2240 2249 2289 et
2280 2237 2651 2294 Laurentium
2674 2245 2981 2310 antequam
3015 2240 3284 2296 Theodo—

2200 2324 2360 2380 ricus
2386 2326 2619 2381 Romam
2641 2328 2887 2384 veniret.

2265 2413 2321 2468 S.
2359 2415 2703 2487 Fulgentius
2733 2418 2964 2474 Romam
3006 2418 3167 2475 venit
3208 2417 3279 2474 ad

2203 2499 2409 2557 limina
2486 2504 2919 2576 Apostolorum,
2976 2506 3143 2562 Petav
3206 2520 3277 2562 ex

2190 2590 2352 2645 Actis
2370 2592 2520 2660 apud
2540 2592 2798 2663 Surium,
2818 2593 3084 2650 Saraceni
3108 2594 3281 2651 Phoe-

2193 2679 2360 2735 nicen
2391 2686 2448 2735 et
2484 2680 2707 2751 Syriam
2754 2682 3080 2739 incursant.
3119 2685 3277 2741 Idem

2190 2780 2260 2823 ex
2289 2768 2649 2838 Theophane.

2265 3707 2589 3776 Symmachi
2617 3706 2739 3764 3.et
2767 3705 2820 3762 ι.

2267 3796 2457 3851 Romae
2478 3796 2743 3865 Synodus
2771 3795 2967 3852 habita
2997 3797 3058 3852 in
3092 3809 3269 3880 causa

2195 3883 2532 3940 schismatis
2556 3898 2588 3940 a
2621 3885 2932 3942 Laurentio
2960 3886 3259 3957 concitati,

3359 3709 3469 3769 504

2193 3985 2365 4045 quam
2386 3975 2680 4029 contraxit
2695 3972 2970 4033 brevibus
2983 3989 3049 4032 ac
3069 3976 3276 4034 nitide.
3384 4022 3389 4029 .

2198 4062 2470 4119 Petavius
2494 4062 2552 4117 h.
2594 4075 2648 4119 a.
2704 4062 3072 4121 Indicendam
3105 4066 3278 4122 duxit

2193 4151 2590 4208 Theodoricus
2618 4152 2690 4208 de
2712 4164 3001 4210 consensu
3020 4155 3277 4223 ejusdem

2193 4241 2541 4313 Symmachi,
2575 4241 2678 4313 qui
2709 4240 2864 4297 ultro
2892 4241 3094 4298 subire
3116 4244 3282 4301 vole—

2196 4330 2291 4387 bat
2326 4331 2641 4401 judicium.
2695 4332 2904 4387 Verum
2952 4331 3146 4388 Patres
3190 4333 3275 4389 nil

2195 4422 2435 4477 delinirc
2487 4422 2615 4478 ausi
2674 4420 2875 4492 prima:
2938 4421 3104 4477 Sedis
3158 4420 3285 4478 An-

2195 4510 2385 4566 tistite
2432 4509 2684 4567 subinde
2748 4510 3274 4580 schismaticorum,

2104 4640 2107 4645 .
2196 4605 2263 4655 ut
2288 4599 2537 4667 videtur,
2573 4597 2826 4655 factione
2853 4598 3139 4670 impediti,
3169 4613 3279 4656 ur—

2197 4693 2363 4761 gente
2411 4689 2641 4746 tandem
2687 4689 2836 4760 Rege
2906 4701 2943 4744 x
3008 4688 3113 4744 Kal
3162 4690 3282 4745 Nov

2194 4778 2468 4834 damnato
2562 4778 2875 4836 Laurentio
2961 4778 3280 4833 secundum

2196 4865 2596 4936 Symmachum
2678 4865 3021 4921 sententiam
3109 4863 3286 4920 dixe-

2201 4957 2360 5009 runt.
2391 4953 2535 5009 Vide
2565 4956 2733 5009 notas
2753 4952 2827 5008 ad
2855 4953 3279 5022 Symmachum.

2200 5039 2416 5111 Pagius
2446 5040 2737 5110 Synodum
2757 5039 2828 5095 ad
2868 5035 2977 5095 503
3003 5038 3287 5098 diiieren-
3356 5086 3361 5097 .

2200 5129 2331 5185 dam
2372 5128 2601 5184 statuit.

2270 5214 2768 5285 Constantinopoli
2803 5216 2862 5273 in
2899 5217 3155 5275 tumultu
3183 5219 3286 5276 lu-

2202 5306 2407 5361 dorum
2431 5302 2803 5360 theatralium
2826 5318 3000 5361 causa
3028 5307 3142 5363 tria
3160 5309 3286 5365 mil-

2203 5392 2283 5449 lia
2304 5391 2518 5447 civium
2544 5392 2757 5447 occisa.
2786 5393 3105 5449 Marcellin.

2272 5480 2412 5536 Cum
2467 5477 2760 5536 Arabibus
2819 5483 3119 5538 Saracenis
3175 5498 3285 5555 pax

2201 5569 2273 5626 ab
2294 5568 2600 5625 Anastasio
2627 5567 2795 5626 facta.
2829 5576 2887 5627 et
2938 5571 3081 5643 Reip
3118 5581 3287 5631 tran-

2202 5656 2472 5730 quillitas
2499 5657 2789 5716 restituta.
2809 5658 3139 5733 TheOpban.
