3906 6438
354 350 461 410 739
1161 357 1253 411 AD
1291 355 1728 412 ANASTASIUM
1766 358 2284 419 PROLEGOMENA
2323 364 2494 418 EDIT.
2538 363 2966 419 ROM.-VATlC.
3682 371 3770 432 710

370 476 528 561 fiunt:
579 477 994 561 ,Imperatores,
1031 481 1286 561 Consules
1319 484 1592 536 Romano-
1798 481 1955 561 ᾼῃηξ
2042 487 2104 544 Λ
2159 485 2345 561 Δᾼηηὶ
2406 485 2854 555 Christianorum,
2905 490 3225 543 Iudaeo-rum
3264 497 3315 545 et
3343 496 3485 561 ﬁni—
3561 497 3718 552 Anni

347 546 610 633 Ρ
691 546 836 617 him;
868 571 955 609 ⁷⁸88
983 546 1147 622 gesta?
1175 555 1585 610 ϐίίίοοαῖηεηίαο
1819 553 1955 633 U-_C
2145 555 2352 627 (Ny-mp.
2474 561 2722 633 timorum
2761 546 3112 628 populorum,
3168 546 3474 633 Pontifices,

381 621 432 673 et
461 616 592 670 Ind.
983 616 1006 622 ⁷
1737 698 1787 748 et
1815 629 1947 749 antet
2210 616 2233 626 ⁷
2294 616 2314 627 ⁸
2466 632 2652 700 Reges,
2679 616 2949 699 res‘gZ'stm
2987 638 3038 686 et
3086 616 3474 690 documenta:
3516 616 3740 699 Ch—rjist'i.

1822 711 1920 749 nos
1953 734 1967 748 .

1737 709 1787 748 ει
1822 709 1967 749 υοεε.

1782 711 1787 741 ε
1821 711 1967 763 ροει.

1782 767 1947 821 Palil.
3167 806 3169 808 .

413 864 559 923 5215
707 869 828 936 Imp
855 865 977 922 Caes
1005 863 1350 924 Anastasius
1374 867 1501 940 Aug
1555 874 1627 926 tr.
1663 885 1716 941 p.
1797 869 1935 929 4254

2242 856 2260 894 ι
2458 843 2778 913 Symmachi
2810 843 2842 900 4
2865 851 2920 901 et
2947 844 3004 900 5.
3593 852 3707 912 502

404 960 476 1031 Θ
517 953 554 1013 7
633 954 719 1024 44,
751 931 837 1011 42.
871 969 969 1010 cos
1004 969 1065 1009 ιι.
1467 931 1497 940 ν
1663 931 1679 941 ’
1795 959 1935 1019 4255
2235 940 2273 983 ιι
2470 931 2664 1031 Roma:
2679 934 2942 1031 Synod-us
2958 941 3169 1031 quarta
3196 937 3305 1031 sub
3331 938 3489 1009 Sym-

407 999 480 1116 ὅ
642 999 1246 1117 Ηυξ-ιςξὸάνξξίέῖῃθὲίε
1271 1045 1306 1101 9
1341 1052 1397 1102 et
1424 1045 1510 1103 NL
1804 999 1935 1019 ww
2396 1021 2596 1117 macho
2634 999 2908 1117 Palmaris
2939 999 3097 1080 dicta
3127 999 3477 1098 celebratur,

445 1106 492 1189 ir
815 1133 1054 1189 probus.
1159 1106 1190 1117 ν
2397 1106 2594 1179 inqua
2625 1112 2903 1169 Odoacris
2961 1117 3251 1184 quondam
3311 1117 3484 1189 Regis

390 1223 575 1278 Indict
632 1259 770 1294 ρΜ,
848 1223 1101 1278 Avienus
1118 1224 1226 1278 Jun
1253 1224 1352 1294 qui
1383 1225 1585 1281 Ruﬁus
1606 1227 1716 1280 Ma-

2392 1197 2736 1256 Herulorum
2764 1204 2990 1259 sanctio
3020 1205 3315 1277 abrOgata,
3355 1221 3482 1277 quae

469 1259 573 1278 που.
632 1259 774 1316 Cos3
848 1259 1716 1294 ηνιυιιυουυιιιιυ.ιιυυυοιιιι-
2666 1291 2677 1301 ⁸
3363 1259 3477 1277 τη-

469 1309 506 1350 χ
781 1299 794 1312 ο
923 1309 1072 1366 gnus
1131 1295 1396 1350 Faustus.
1459 1297 1712 1352 Avienus
2395 1294 2592 1342 contra
2639 1290 2962 1347 libertatem
2986 1293 3300 1350 electionis
3338 1297 3478 1352 Rom

407 1388 458 1438 et
495 1397 552 1438 χι
917 1384 1144 1439 Junior.

2398 1377 2690 1444 pontiﬁcis
2738 1379 2851 1435 lata
2902 1381 3107 1438 fuerat.
3140 1386 3281 1440 Vide
3313 1391 3478 1441 notas

699 1474 759 1526 L.
792 1470 878 1540 10,
906 1472 965 1527 C.
993 1474 1065 1527 de
1086 1473 1521 1538 collationibus,
1543 1474 1713 1530 aliaa-
2390 1465 2459 1518 ad
2487 1466 2887 1535 Symmachum
2917 1471 3016 1526 ubi
3043 1474 3476 1544 PagiusJunior

624 1575 737 1632 que
779 1562 928 1632 apud
972 1563 1185 1618 Reland
1219 1563 1315 1618 ubi
1349 1570 1405 1618 et
1446 1564 1715 1633 Symma-.
2392 1554 2583 1620 patrui
2613 1560 2954 1613 sententiam
2976 1562 3244 1631 sequitur
3265 1563 3478 1618 distin-

624 1652 722 1706 chi
755 1654 915 1721 Papae
949 1653 1121 1722 epist.
1169 1653 1352 1708 Probo
1399 1655 1458 1708 ν.
1515 1653 1574 1707 c.
1611 1667 1708 1709 cos
2389 1643 3274 1719 suentishuiusannisynodum
3298 1665 3471 1721 quam

620 1745 679 1795 θι
705 1741 840 1796 Acta
863 1742 1072 1811 synodi
1117 1743 1256 1797 Rom
1302 1743 1515 1797 Avieno
1547 1743 1610 1797 ν,
1644 1743 1704 1797 ο,
2390 1739 2550 1785 vocat
2579 1734 2849 1802 Tertiam,
2878 1751 2912 1792 a
2967 1746 3165 1808 quarta
3218 1740 3463 1794 Palmari

619 1830 731 1884 Jun
759 1845 856 1886 cos
894 1831 1221 1900 etinscript
1266 1833 1472 1887 Reines
1513 1847 1565 1902 p.
1601 1830 1699 1887 961
2023 1819 2077 1879 Β
2387 1817 2494 1871 SUb
2552 1821 2886 1889 Symmacho
2931 1839 3096 1894 quam
3151 1825 3340 1880 diﬂ‘ert
3390 1828 3461 1882 aut
3863 1819 3874 2090 Ι

622 1921 830 1974 recitat
866 1927 1031 1976 antea
1061 1921 1282 1975 editum
1318 1921 1388 1975 ab
1418 1922 1704 1991 Aringhio
2386 1919 2597 1963 annum
2630 1913 2954 1979 PPOXimum
2988 1933 3000 1968 =
3028 1914 3173 1968 nihil
3200 1919 3454 1968 moratus

619 2009 754 2064 Tom
783 2011 825 2077 Ι,
857 2010 992 2065 Rom
1033 2009 1166 2066 sub;
1200 2025 1252 2080 ρ,
1467 2011 1705 2079 Εμειο..
2385 1995 2743 2056 characteres
2766 2017 2893 2057 coss
2924 2003 3137 2073 quibus
3163 2005 3456 2074 signatur;

622 1921 830 1974 recitat
866 1927 1031 1976 antea
1061 1921 1282 1975 editum
1318 1921 1388 1975 ab
1418 1922 1704 1991 Aringhio
2386 1919 2597 1963 annum
2630 1913 2954 1979 PPOXimum
2988 1933 3000 1968 =
3028 1914 3173 1968 nihil
3200 1919 3454 1968 moratus

617 2009 754 2064 Tom
783 2011 825 2077 Ι,
857 2010 992 2065 Rom
1033 2009 1166 2066 subt
1200 2025 1252 2080 p.
1467 2011 1705 2079 Episto—

2385 1995 2743 2056 characteres
2766 2017 2893 2057 coss
2924 2003 3137 2073 quibus
3163 2005 3455 2074 signatur;

617 2096 731 2152 lam
762 2099 1085 2168 Symmachi
1135 2100 1316 2154 probo
1365 2113 1461 2153 cos
1514 2100 1703 2154 datam
2385 2099 2512 2142 cum
2535 2103 2728 2146 errore
2753 2091 3144 2148 Librariorum
3171 2093 3225 2148 id
3250 2091 3462 2147 factum

619 2111 731 2152 iam
762 2111 1085 2168 bymmacnt
1135 2111 1316 2154 ιιι-000
1365 2113 1461 2153 cos
1514 2111 1703 2154 datam

619 2187 731 2258 Pag
763 2186 936 2242 refert
959 2203 1094 2244 num
1135 2204 1190 2256 x,
1223 2203 1337 2242 ann
1364 2187 1486 2244 513.

2385 2111 2512 2142 cum
2535 2111 2728 2146 CI'I'UI'B
2753 2111 3144 2148 LIDI'EII'IOI'llm
3171 2111 3225 2148 ια
3250 2111 3462 2147 laetum

2389 2183 2566 2246 putet.
3867 2111 3873 2292 l

2458 2266 2777 2292 Q-.—._n-l.£
2815 2269 2842 2292 Β
2882 2276 2928 2292 ..Α
2962 2269 2993 2292 Ω
3563 2269 3677 2292 (no

394 2271 543 2329 5216
696 2277 814 2344 Imp
835 2276 954 2331 Caes
975 2277 1319 2332 Anastasius
1358 2277 1486 2348 Aug
1515 2281 1587 2332 tr.
1642 2293 1696 2348 p.
1777 2274 1917 2334 1255

2206 2274 2247 2317 ιι
2457 2266 2778 2337 Symmachi
2811 2269 2846 2325 5
2876 2276 2931 2326 et
2961 2269 3015 2326 6.
3557 2269 3676 2327 503

391 2367 466 2437 (ᾖ
513 2362 550 2418 3
628 2361 713 2434 42,
745 2362 834 2434 43,
864 2379 963 2421 cos
988 2380 1050 2421 ιι,
1777 2364 1916 2424 4255
2202 2365 2264 2407 ιιι
2450 2356 2641 2412 Romae
2666 2361 2929 2430 Synodus
2969 2361 3256 2417 celebrata
3288 2374 3460 2432 quam

395 2452 469 2524 θ
496 2449 562 2509 40
687 2455 1032 2510 Theodorici
1064 2457 1235 2527 Regis
1270 2453 1335 2510 40
1365 2459 1421 2510 et
1454 2452 1512 2509 11
2381 2443 2647 2502 Pctavius
2693 2449 2978 2518 quintam,
3026 2451 3235 2519 Pagius
3282 2464 3470 2520 quar-

434 2545 482 2597 E
612 2537 752 2604 ’ρηη
829 2543 1276 2600 DexicratesOr.

2382 2537 2492 2586 tam
2519 2535 2826 2589 Palmarem
2857 2537 3126 2604 appellat.

434 2579 481 2597 μ
829 2579 1155 2600 “summes
1179 2579 1242 2600 υ.
1263 2585 1276 2598 .
2384 2579 2492 2586 -_-_
2519 2579 2537 2586 -
2558 2579 2826 2589 _.......-...
2857 2579 3127 2604 “Hm”.-.

378 2615 564 2669 Indict
616 2579 773 2635 6055'
828 2615 1180 2672 Volusianus
1204 2617 1333 2671 Occ.
2448 2619 2794 2677 Anastasius
2821 2623 3132 2693 imperator
3164 2624 3460 2695 ingentem

433 2717 493 2758 ιιι
689 2705 864 2760 Vetus
898 2706 1142 2776 inscript
1182 2705 1411 2761 Fabrett
1457 2721 1510 2776 p.
1559 2701 1688 2774 757,
2375 2711 2688 2766 exercitum
2748 2719 2946 2768 contra
2998 2714 3196 2768 Persas
3269 2713 3456 2783 misit,

388 2797 441 2848 et
467 2807 548 2849 xu
619 2798 676 2848 et
725 2793 1018 2851 Fleetvood
1055 2810 1106 2865 p.
1155 2793 1261 2850 500
1291 2801 1347 2852 et
1384 2796 1590 2852 Reines
1638 2810 1692 2866 p.
2377 2799 2707 2854 concredita
2741 2806 2992 2870 quatuor
3027 2802 3287 2857 Ducibus
3311 2802 3451 2857 belli

610 2881 738 2939 991.
2374 2899 2595 2941 summa
2628 2888 2901 2960 Patricio,
2941 2891 3203 2960 Hypatio,
3249 2890 3456 2960 Celeri,

682 2975 748 3028 Ili
773 2988 900 3030 coss
917 2975 1118 3031 omissi
1143 2975 1201 3030 in
1227 2975 1523 3031 chronicis
1547 2975 1694 3030 Cas-
2371 2982 2426 3028 et
2451 2976 2790 3034 Areobindaa
2820 2997 2832 3032 ε
2871 2994 3116 3049 quorum
3163 2980 3459 3036 discordia

614 3064 857 3132 siodori,
888 3071 943 3120 et
985 3066 1374 3132 Tununensis,
1411 3065 1694 3135 quemad—
2373 3069 2500 3132 post
2551 3067 2772 3135 priores
2811 3068 3088 3124 victorias
3125 3068 3450 3138 Rempubli.

612 3154 843 3209 modum
869 3161 922 3208 et
954 3155 1209 3224 ipsorum
1239 3167 1427 3209 annus
1467 3156 1525 3209 in
1555 3154 1691 3208 Jor—
2004 3169 2054 3231 ο
2372 3165 2494 3207 cam
2528 3154 2607 3209 ita
2638 3157 2889 3224 vexavit,
2934 3163 2997 3213 ut
3024 3171 3216 3227 pacem
3248 3171 3280 3211 a
3312 3159 3457 3212 Bar-

611 3241 750 3297 dani
780 3242 1120 3298 Annalibus.
1153 3244 1370 3314 Lydiat.
2373 3240 2531 3298 baris
2554 3245 2834 3300 redimere
2878 3247 2957 3301 sit
2982 3252 3198 3302 coacta.
3234 3247 3454 3301 Proco-

2377 3331 2508 3399 pius
2548 3333 2619 3388 de
2651 3333 2799 3388 bello
2832 3336 2965 3390 Pers
3007 3350 3057 3390 c.
3107 3333 3161 3404 8,
3210 3335 3263 3406 9,
3296 3334 3456 3389 Mar-

2374 3419 2568 3475 cellin.
2592 3422 2848 3492 Theoph.

387 3506 531 3567 5217
680 3511 799 3581 Imp
827 3511 947 3567 Caas
970 3511 1312 3567 Anastasius
1352 3511 1473 3579 Ang
1501 3515 1571 3566 tr.
1623 3525 1678 3581 p.
1766 3509 1906 3568 1256
2195 3518 2258 3560 ut
2440 3510 2763 3579 Symmachi
2795 3512 2830 3568 6
2855 3519 2911 3568 et
2937 3509 2988 3567 7.
3558 3511 3676 3570 504

388 3601 460 3674 ᾗ)
501 3599 538 3656 9
615 3597 701 3670 43,
734 3598 819 3664 45,
852 3615 949 3656 cos
979 3616 1042 3655 ιι.
1766 3597 1903 3661 4257

2214 3607 2268 3649 1v
2448 3599 2638 3654 Romae
2664 3606 2823 3656 sexta
2872 3600 3152 3671 Synodus,
3215 3616 3341 3672 quae
3395 3606 3452 3656 et

381 3691 535 3765 Q11
679 3690 1019 3747 Theodorici
1048 3686 1302 3762 Regis“
1337 3692 1392 3744 et
1420 3686 1508 3744 12.
2370 3693 2656 3754 postrema
2717 3690 2825 3746 sub
2879 3689 3238 3760 Symmacho,
3291 3689 3449 3745 cele—

396 3784 437 3836 D
465 3781 504 3835 C
672 3780 779 3836 Cos
801 3780 1082 3849 Cethegus
1126 3778 1303 3834 solus.
2371 3773 2534 3832 brata
2558 3784 2755 3833 contra
2778 3779 3314 3834 Ecclesiasticorum
3342 3779 3454 3834 bo-

370 3870 551 3926 Indict
676 3871 739 3924 In
768 3869 1230 3938 antiquacbarta
1255 3867 1570 3923 Ravennati
1593 3881 1688 3938 ap.
2370 3876 2574 3920 norum
2642 3874 3035 3938 occupatores.
3097 3868 3236 3924 Vide
3286 3873 3451 3923 notas

425 3971 506 4012 xu
611 3958 848 4014 Lambec
897 3957 1021 4012 Bibl
1081 3959 1335 4015 Caesarea
1403 3966 1518 4014 tom
1571 3958 1688 4013 VIII
2367 3951 2436 4006 ad
2469 3955 2886 4023 Symmachum.

370 4053 423 4104 et
450 4059 558 4104 xm
611 4051 666 4103 et
695 4047 970 4103 Mabillon
1005 4048 1083 4102 rei
1121 4049 1276 4118 displ
1311 4061 1418 4118 pag
1450 4045 1577 4104 458.
2438 4042 2789 4099 Incrementa
2821 4046 3242 4115 persecutionis
3261 4045 3450 4099 Thra-

677 4137 1255 4196 Theodoricusvictis
1281 4137 1546 4208 Bulgaris
1573 4135 1689 4191 Sir—
2371 4143 2487 4184 sam
2500 4134 2646 4188 undi
2677 4134 2734 4188 in
2765 4134 2981 4203 Africa,
3012 4150 3124 4204 qua
3150 4140 3445 4189 constante

605 4229 902 4300 miensem,
926 4230 1279 4286 Pannoniam
1316 4227 1432 4283 sibi
1479 4224 1684 4294 subje—
2365 4220 2670 4275 exsulibus
2737 4223 3030 4292 episcopis
3079 4222 3448 4293 Symmachus

600 4318 700 4374 cit.
735 4317 1060 4375 Cassiodor.
2362 4307 2510 4376 Papa
2524 4309 2784 4365 subsidia
2803 4312 2933 4366 vitae
2947 4313 3259 4382 quotannis
3273 4317 3460 4366 trans-

2363 4396 2564 4451 mittit.
2591 4399 2731 4454 Vide
2756 4406 2940 4471 notas,
2976 4401 3117 4455 ibid.

385 4493 530 4554 5218
671 4497 796 4563 Imp
822 4496 944 4550 Caes
988 4493 1332 4550 Anastasius
1358 4491 1484 4561 Aug
1514 4495 1585 4546 tr.
1622 4505 1676 4560 p.
1756 4485 1894 4547 1257
1991 4509 2046 4571 D
2143 4479 2318 4571 Qlynt.
2429 4486 2752 4555 Symmachi
2785 4487 2818 4544 7
2844 4495 2900 4544 et
2933 4488 2988 4544 8.
3563 4491 3675 4550 505

381 4592 447 4662 ξξι
477 4584 544 4642 40
602 4583 690 4653 44,
725 4580 813 4651 45,
841 4596 940 4637 cos
971 4595 1031 4636 Il.
1755 4575 1895 4634 1258

1992 4567 2034 4571 ”
2163 4567 2269 4626 320
2430 4574 2586 4630 Bello
2633 4577 2862 4633 Persico
2915 4592 3016 4648 per
3066 4579 3332 4635 inducias
3374 4579 3446 4635 ad

370 4681 532 4756 012
664 4678 1006 4736 Theodorici
1039 4679 1211 4749 Regis
1237 4675 1305 4733 12
1333 4684 1386 4732 et
1414 4673 1499 4730 13.
2203 4673 2256 4756 IV
2365 4667 2726 4756 septennium
2760 4668 2817 4722 h.
2863 4682 2915 4723 a.
2951 4674 3276 4724 contractas
3309 4668 3444 4724 ﬁnis

436 4776 481 4829 B
601 4809 735 4829 η---
817 4769 1168 4826 Sabinianus
1194 4768 1290 4823 Or.
2185 4753 2237 4803 et
2365 4751 2675 4825 indicitur,
2705 4757 2929 4812 Cabade
2954 4759 3102 4829 Rege
3131 4759 3312 4813 variis
3331 4757 3445 4812 cla-

367 4809 549 4903 ιηῖῑίοι
598 4809 764 4865 (³0⁵⁵·
811 4809 1362 4900 ῗὶἓὸὶὶῖιῖὶιζοὶὶιὶά.
2159 4836 2257 4895 324
2351 4841 2528 4898 dibus
2560 4809 2934 4913 ρετόἔιέἷέηὶ
2954 4809 3450 4914 asseram}.

398 4949 508 4991 xm
675 4935 733 4990 L.
789 4930 876 5002 19,
927 4933 986 4987 C.
1041 4931 1112 4986 de
1131 4929 1378 4999 Episcop
1417 4927 1674 4984 audient.
2201 4942 2219 4984 ι
2352 4929 2504 5001 dam,
2540 4934 2772 5004 aliaque
2817 4937 3029 5006 oppida
3080 4939 3439 4994 restituente.

368 5030 418 5078 et
436 5039 534 5081 xxv
591 5029 721 5093 etc.,
755 5022 905 5092 apud
952 5021 1164 5077 Reland
1199 5032 1416 5076 necnon
1464 5026 1678 5076 veteres
2358 5021 2440 5074 Ex
2467 5022 2826 5092 Theophane.
2995 5097 3000 5100 η

599 5113 866 5181 inscript.
897 5109 1176 5165 Gudianaa
1205 5109 1358 5178 apud
1389 5109 1674 5165 eumdem.
2425 5112 2641 5168 Joanne
2717 5115 3116 5171 Alexandrino
3175 5117 3447 5187 episcopo

669 5199 787 5256 Sub
861 5197 970 5254 hoc
1049 5205 1277 5268 tempus
1360 5197 1676 5253 Clodoveus
2356 5206 2584 5256 mortuo
2615 5203 2888 5260 suffectus
2913 5209 3002 5260 est
3027 5207 3275 5262 Joannes
3331 5207 3448 5263 Ni-

597 5290 831 5346 hortatu
853 5286 1119 5357 conjugis
1146 5301 1267 5342 suae
1284 5286 1465 5342 eccles
1498 5286 1556 5342 in
1581 5285 1678 5340 ho-
2355 5295 2559 5344 ceotes.
2591 5291 2894 5348 Liberatus
2922 5295 3287 5352 Machaeotem
3337 5309 3445 5352 vo—

595 5390 790 5433 norem
843 5375 934 5428 SS.
993 5378 1172 5444 Apost
1224 5376 1373 5430 Petri
1407 5379 1462 5429 et
1511 5373 1671 5430 Pauli
2355 5384 2446 5432 cat
2506 5379 2789 5435 Petavius.

596 5463 747 5538 [quae
796 5475 951 5517 nunc
996 5464 1054 5516 S.
1126 5461 1440 5530 Genovefaa]
1497 5462 1675 5531 cmpit
2425 5465 2778 5523 Sabinianus
2801 5472 3004 5526 consul
3038 5477 3237 5528 contra
3265 5475 3446 5529 Mun—

590 5559 910 5610 exstruere.
943 5548 1106 5606 Petav
1137 5565 1204 5606 ex
1235 5551 1563 5607 Hincmaro.
2353 5553 2558 5609 donem
2619 5558 2815 5612 Getam
2879 5561 3166 5617 dimicans
3228 5560 3439 5619 {tedam

2347 5641 2565 5700 cladem
2597 5647 2839 5717 accepit.
2867 5649 3182 5707 Marcellin.
