3906 6470
75 416 170 484 745
988 430 1331 492 CHRONOL.
1369 433 1418 492 A
1451 433 1512 494 S.
1547 432 1939 496 SYLVESTRO
1973 437 2068 496 AD
2105 440 2158 496 S.
2204 442 2416 501 GREG.
2458 447 2533 502 Μ.

129 556 268 633 4ηηὶ
348 558 730 628 Imperatores,
806 560 1083 633 Consules,
1146 563 1424 618 Romano-
1482 563 1640 618 Anni
1735 571 1796 633 Α

1481 637 1546 690 U.
1577 634 1636 690 C.

1473 711 1602 761 ante
1627 710 1679 761 et

1410 783 1540 850 post
1553 777 1717 835 Pam.

137 628 249 681 Per.

139 700 242 754 Jul.

120 776 165 827 et
180 771 277 828 Ind

405 646 530 686 rum
557 647 644 687 res
669 635 853 703 gestae,
884 637 935 687 et
990 632 1324 692 documenta.

342 971 607 1030 Clodovei
641 979 880 1031 mortem
897 973 1036 1031 huic
1060 987 1210 1032 anno
1231 975 1434 1048 alligat

344 1063 577 1134 Pagius.
631 1065 773 1121 Vide
799 1065 868 1120 ad
911 1079 1125 1122 annum
1155 1061 1285 1121 544.

414 1154 741 1210 Concilium
795 1154 1212 1211 Aurelianense
1260 1155 1322 1210 h.
1375 1168 1427 1211 a.

349 1243 610 1299 habitum
657 1244 1016 1301 demonstrat
1050 1245 1257 1317 Pagius
1287 1257 1432 1300 con-

349 1339 437 1388 tra
475 1333 769 1390 Cointium
795 1348 864 1390 ex
899 1340 1030 1390 nota
1062 1334 1427 1391 consulatus:

353 1436 515 1492 quem
540 1424 671 1480 vide
703 1423 756 1479 h.
809 1437 860 1479 a.
893 1437 948 1480 n.
1007 1421 1092 1495 44,
1139 1431 1195 1481 et
1219 1424 1288 1480 ad
1320 1437 1433 1480 ann

351 1509 476 1583 507,
516 1527 572 1568 n.
601 1511 668 1569 40
704 1519 762 1570 et
789 1529 950 1585 seqq.

423 1602 620 1658 Comes
646 1602 974 1659 Vitalianus
1025 1617 1155 1660 cum
1186 1602 1438 1658 Patricio

353 1691 567 1762 Nepote
594 1691 889 1749 Anastasii
933 1697 990 1750 et
1018 1695 1146 1765 Mag
1168 1691 1267 1750 Mil
1295 1703 1441 1747 con-

356 1795 589 1852 gressus
641 1785 901 1839 eumdem
954 1783 1145 1840 vivum
1191 1781 1346 1852 cepit
1375 1794 1443 1837 ac

357 1872 650 1930 distraxit.
679 1875 902 1945 Lydiat.

139 1975 288 2035 5225
431 1984 552 2053 Imp
584 1983 704 2039 Caes
733 1983 1079 2040 Anastasius
1107 1980 1233 2053 Aug
1260 1982 1333 2036 tr.
1367 1993 1428 2050 p.
1515 1972 1656 2032 4264

150 2075 224 2147 ᾤ
250 2069 316 2128 47
358 2070 448 2138 24,
472 2071 562 2142 22,
599 2087 696 2129 cos
729 2087 813 2128 Ill.
1519 2064 1659 2123 4265

136 2168 214 2242 θ
238 2168 308 2227 49
434 2172 777 2228 Theodorici
807 2173 979 2243 Regis
1012 2167 1100 2242 49,
1132 2174 1188 2226 et
1212 2166 1302 2226 20.
1388 2222 1390 2224 ,

137 2261 190 2315 Α
226 2261 276 2317 G
404 2297 540 2318 η---
582 2261 797 2318 Paulus
838 2261 1031 2318 Occid.

137 2297 190 2315 η
226 2297 269 2346 ‘f
403 2297 545 2354 Coss
584 2297 797 2345 “"“‘f°
839 2297 1031 2318 """'“'

128 2334 316 2389 Indzct
584 2335 917 2390 Muscnanus
936 2334 1033 2390 0r.

173 2436 210 2476 v
441 2423 501 2479 L.
543 2421 632 2493 32,
656 2423 715 2476 C.
744 2425 811 2479 de
859 2422 1266 2478 donationibus.
1309 2419 1452 2477 Vide

133 2516 188 2567 et
211 2524 278 2566 v1
371 2513 484 2584 Pag
505 2513 561 2568 h.
589 2526 642 2568 a.
684 2513 916 2568 Dicitur
935 2513 1106 2568 etiam
1137 2511 1232 2566 hic
1262 2523 1452 2565 annus

367 2608 498 2672 post
545 2602 914 2657 consulatum
965 2600 1174 2656 Felicis
1206 2601 1266 2655 in
1316 2597 1448 2669 epi-

367 2691 513 2746 stola
537 2691 864 2762 Symmachi
891 2704 1068 2761 papae.

439 2781 591 2837 Gens
610 2780 920 2836 Erulorum
951 2781 1011 2836 in
1061 2780 1450 2836 Romanorum

369 2885 535 2944 agros
575 2877 633 2928 et
671 2872 937 2928 civitates
958 2873 1128 2942 jussu
1154 2866 1449 2926 Anastasii

374 2967 597 3032 recepta
627 2967 732 3019 est.
786 2961 1084 3018 Marcellin
1141 2960 1242 3032 qui
1287 2959 1344 3013 h.
1395 2971 1449 3013 a.

371 3051 522 3108 Solis
542 3050 824 3108 defectum
852 3052 1136 3109 accidisse
1157 3055 1451 3107 memorat.
1558 3045 1629 3120 ζῇ

375 3144 640 3199 Petavius
665 3150 835 3216 negat
862 3144 1124 3214 eclipsim
1173 3143 1231 3199 in
1260 3150 1458 3202 nostro

377 3233 639 3304 hemisph
661 3237 1000 3308 contingere
1027 3235 1300 3306 potuisse.
1323 3234 1459 3290 Cal-

378 3323 788 3381 visiicalculus
804 3327 1065 3396 assignat
1089 3325 1308 3398 digitxn
1328 3364 1342 3395 ,
1366 3324 1463 3381 die

380 3409 452 3468 29
471 3414 626 3483 Juni,
647 3414 751 3471 hor
777 3429 818 3486 I,
841 3421 973 3471 ante
997 3415 1466 3472 meridConstan-

381 3502 646 3572 tinopoli.

452 3593 598 3649 Dani
651 3606 887 3666 regnum
937 3592 1279 3649 Theodorici
1316 3589 1471 3647 infe—

384 3689 604 3740 stantes
624 3684 696 3738 ab
729 3683 907 3752 hujus
935 3681 1057 3738 filio
1081 3680 1471 3738 Theodeberto

383 3773 547 3829 clade
574 3771 1060 3842 afﬁciunturipso
1085 3771 1233 3842 Rege
1257 3770 1471 3829 occiso.

385 3864 539 3934 Greg
560 3860 644 3917 lib
673 3857 727 3924 3,
759 3874 806 3917 ο.
838 3859 893 3918 3.

140 3971 306 4032 5226
468 3973 610 4040 Imp.
661 3969 781 4025 Caes
803 3967 1148 4024 Anastasius
1194 3966 1339 4039 Ang.
1399 3969 1474 4022 tr.
1552 3963 1692 4023 4265

157 4068 237 4140 ﬁ)
280 4061 358 4120 48
389 4077 442 4133 p.
476 4058 567 4130 22,
594 4057 685 4114 23.
726 4059 882 4115 Coss.
918 4071 1004 4116 III.
1557 4053 1696 4113 4266

140 4163 225 4236 θ
282 4162 310 4219 4
461 4160 804 4218 Theodorici
843 4159 1015 4229 Regis
1043 4153 1114 4216 20
1139 4161 1196 4214 et
1244 4153 1336 4213 24.

158 4257 203 4310 F
414 4289 546 4310 η---
601 4250 1015 4307 Clementinus.

126 4289 340 4382 πλέες.
413 4289 570 4346 οοεε·
602 4289 1006 4380 Batavis";

197 4430 266 4473 vx
468 4415 526 4470 L.
575 4411 658 4469 44.
712 4414 768 4469 C.
802 4413 873 4468 de
903 4409 999 4467 off.
1035 4413 1248 4467 rector.
1312 4420 1473 4479 prov.

105 4513 163 4562 et
195 4519 296 4563 vn
367 4508 424 4561 et
453 4508 563 4560 vet.
599 4503 866 4572 inscript.
902 4502 960 4557 in
987 4500 1111 4556 Bas.
1150 4501 1206 4556 S.
1260 4498 1442 4555 Pauli.

393 4595 596 4666 Aring.
659 4608 715 4664 p.
767 4589 890 4647 420.
943 4591 1170 4646 Reines.
1230 4603 1284 4660 p.
1345 4584 1473 4645 984.

395 4683 727 4740 Fleeotvood
749 4697 800 4753 p.
828 4678 932 4738 453
952 4687 1008 4737 et
1033 4680 1268 4736 Reland.
1294 4679 1476 4750 Hujus

391 4773 562 4830 Probi
627 4771 945 4830 Consulatu
995 4768 1320 4842 Symmachi
1379 4782 1479 4824 re-

392 4877 605 4935 sponsa
652 4864 721 4920 ad
770 4863 825 4918 S.
857 4860 1168 4918 Caesarium
1229 4859 1476 4932 signata,

392 4966 615 5011 necnon
633 4952 861 5009 litteras
881 4951 952 5008 ad
973 4950 1324 5007 Galliarium
1351 4949 1481 5020 Epi-

392 5057 599 5116 scopos
626 5056 799 5114 super
841 5041 1131 5099 divisione
1161 5038 1480 5096 Provinciae

391 5133 740 5190 Viennensis
798 5137 856 5188 et
897 5129 1251 5187 Arelatensis
1291 5128 1480 5185 docet.

131 5219 318 5281 5227
395 5224 608 5295 Pagius
665 5236 721 5280 n.
772 5220 906 5279 6ad
944 5221 998 5276 h.
1051 5233 1103 5276 a.

119 5413 372 5490 02'

197 5507 262 5562 Ε

111 5595 352 5653 Indici
1607 5627 1610 5630 ~

157 5698 268 5741 vn
459 5683 612 5753 Imp.
650 5681 790 5740 Caes.
820 5678 1163 5738 Anastasius
1200 5676 1348 5750 Aug.
1399 5681 1474 5734 tr.
1555 5675 1694 5733 4266

85 5782 149 5833 et
185 5783 332 5830 vm
398 5786 454 5843 p.
485 5768 578 5842 23,
633 5767 724 5827 24.
770 5770 897 5828 Cos.
948 5781 1036 5827 III.
1571 5760 1711 5823 4267

398 5879 637 5936 PATROL.
671 5878 941 5939 CXXVII.

1751 1907 1806 1970 Β

1887 583 1931 638 Α
1943 586 2045 640 nni

1870 653 2082 729 Olymp.

1945 1979 2008 2024 III

1952 2075 2010 2116 IV

1909 3962 2102 4034 Olymp

1954 4049 2061 4108 322

1919 4155 2058 4197 -lV

1943 4272 2050 4377 3s

3383 443 3494 508 746

2107 586 2562 667 Christianorum,
2593 594 2908 651 Iudaeorum
2958 601 3009 651 et
3059 599 3198 667 Ῑίηἰ-
3262 598 3418 654 Anni

2159 663 2413 742 timorum
2469 667 2819 739 populorum,
2860 663 3196 742 _Pontiﬁces,
3270 673 3416 726 Ere

2138 733 2324 804 Reges,
2362 751 2450 792 res
2469 733 2692 810 'gestae,
2725 745 2776 796 et
2808 733 3194 798 documénta.’
3259 743 3486 798 Christi.

2111 967 2387 1025 exsilium
2407 970 2572 1040 pellit
2590 972 2930 1030 renitentem
2943 974 3201 1046 signatas

2113 1055 2184 1112 ab
2234 1057 2540 1118 Anastasio
2595 1062 2823 1121 tabulas
2898 1064 3199 1122 catholicae

2111 1145 2268 1203 Fidei
2311 1149 2369 1204 in
2420 1153 2523 1207 sua
2571 1154 2962 1225 coronatione,
3014 1168 3078 1215 ac
3139 1155 3199 1211 in

2112 1235 2281 1291 altari
2332 1239 2625 1309 depositas
2682 1243 2935 1314 reddere,
3014 1251 3070 1301 et
3140 1247 3199 1301 in

2113 1325 2240 1394 ejus
2283 1327 2470 1384 locum
2515 1337 2680 1388 curat
2726 1334 2948 1390 intrudi
3002 1336 3204 1392 Timo-

2114 1413 2311 1471 theum
2334 1430 2364 1472 a
2397 1433 2510 1489 quo
2537 1421 2766 1478 chartas
2791 1424 3086 1493 depositas
3113 1439 3200 1481 re-

2118 1505 2281 1574 cipit.
2333 1507 2414 1563 Ex
2438 1508 2799 1582 Theophane,
2844 1517 2900 1568 et
2934 1514 3199 1586 Evagrio.

2119 1594 2260 1651 Vide
2291 1597 2457 1654 Petav
2490 1598 2542 1654 h.
2587 1613 2640 1656 a.
2672 1606 2730 1658 et
2784 1601 3018 1675 Pagium
3068 1617 3125 1660 n.
3170 1600 3206 1661 3

2119 1688 2177 1740 et
2200 1698 2358 1758 seqq.

2189 1971 2514 2043 Symmachi
2549 1972 2634 2047 44,
2658 1982 2714 2034 et
2736 1975 2820 2052 45,

2189 2062 2532 2122 Anastasius
2591 2068 2712 2138 Imp
2806 2069 3202 2129 Sidoniensem

2127 2153 2625 2226 pseudosynodum
2665 2164 2864 2216 contra
2889 2161 3206 2220 Chalcedo-

2126 2257 2355 2300 nensem
2383 2245 2577 2302 haberi
2605 2250 2880 2306 mandans
2904 2249 3054 2323 (vide
3094 2268 3208 2310 no-

2131 2338 2216 2389 tas
2242 2347 2350 2407 pag
2372 2333 2497 2408 225)
2529 2335 2845 2396 frustratur
2867 2345 3212 2413 expectatio-

2133 2437 2202 2479 ne
2225 2441 2238 2490 ;
2264 2437 2391 2480 nam
2425 2425 2847 2486 EliasPatriarc
2873 2431 3206 2505 Jerosolym.

2133 2513 2466 2570 Flavianum
2518 2516 2962 2590 Antiochenum,
3026 2523 3214 2581 alios-

2135 2617 2245 2675 que
2269 2603 2341 2659 ab
2373 2605 2553 2675 impio
2576 2620 2722 2664 ausu
2764 2615 2828 2665 ut
2856 2610 3215 2670 abstinerent

2134 2692 2324 2749 efﬁcit.
2350 2696 2538 2752 Iratus
2567 2710 2632 2753 ea
2656 2697 2727 2753 de
2772 2713 2831 2755 re
2860 2701 3214 2761 Patriarchis

2133 2784 2447 2852 Imperator
2497 2785 2758 2855 placatur
2822 2788 3108 2861 legatione
3157 2795 3214 2850 S.

2131 2871 2348 2929 Sabbae.
2396 2873 2713 2932 Orthodoxi
2761 2891 2940 2936 novos
2995 2883 3222 2941 tumul-

2141 2966 2237 3018 tus
2264 2967 2464 3020 contra
2495 2966 2894 3037 Imperatorem
2938 2972 3214 3046 excitant,

2139 3052 2239 3123 qui
2297 3053 2561 3124 deposito
2589 3056 2913 3115 diademate
2964 3061 3227 3135 alloqui—

2144 3146 2238 3198 tur
2285 3144 2581 3217 populum,
2628 3147 2861 3220 sibique
2891 3152 3187 3209 conciliat.

2213 3233 2578 3292 Areobindus
2633 3238 2983 3297 acclamatus
3042 3243 3236 3313 Impe-

2145 3328 2302 3380 rator
2340 3323 2509 3397 fugit.
2547 3327 2875 3386 Vitalianus
2906 3345 3135 3403 quoque
3155 3333 3228 3388 ad

2147 3413 2456 3481 Imperium
2505 3417 2784 3484 poscitur.
2817 3418 2960 3474 Vide
2991 3421 3228 3492 Pagium

2153 3498 2208 3553 h.
2241 3513 2378 3556 a.ex
2409 3501 2642 3559 Marcell
2663 3506 3024 3576 Theophane,
3056 3507 3224 3564 aliis-

2153 3602 2264 3658 que
2311 3588 2710 3660 Scriptoribus
2777 3595 2896 3652 haec
2943 3597 3231 3654 ordinan-

2161 3682 2293 3750 tem,
2323 3680 2423 3749 qui
2455 3681 2627 3737 etiam
2667 3683 2726 3739 h.
2781 3699 2835 3741 a.
2867 3684 3098 3756 pulsum
3132 3701 3229 3744 re-

2156 3764 2265 3822 fert
2291 3767 2347 3822 in
2378 3769 2656 3827 exsilium
2682 3771 3040 3846 Flavianum,
3059 3781 3116 3831 et
3139 3777 3227 3833 in-

2155 3858 2382 3912 trusum
2408 3857 2702 3916 Severum.

2233 3963 2557 4034 Symmachi
2602 3963 2669 4024 45
2696 3975 2752 4024 et
2802 3966 2884 4038 46,
2929 3970 3030 4040 qui
3060 3971 3243 4030 Hera-

2160 4051 2438 4109 cleensem
2480 4055 2772 4126 Synodum
2819 4057 3050 4117 indicit.
3102 4062 3242 4119 Vide

2163 4147 2327 4198 notas
2367 4156 2476 4215 pag
2503 4141 2612 4199 227

2235 4234 2296 4288 In
2339 4233 2535 4290 Sedem
2586 4233 2999 4292 Antiochenam
3036 4237 3236 4295 intru-

2157 4323 2322 4378 ditur
2350 4325 2591 4382 Severus
2645 4325 2813 4396 pulso
2849 4327 2905 4382 in
2952 4327 3228 4384 exsilium

2160 4411 2452 4482 Flaviano,
2487 4429 2706 4472 necnon
2760 4417 2918 4474 Elias
2963 4418 3240 4475 Hieroso-

2160 4501 2480 4574 lymitanus
2506 4508 2656 4577 quod
2671 4507 2896 4578 Synodo
2914 4507 3237 4565 Chalcedon

3289 1982 3397 2042 542

3340 3971 3448 4031 543

2045 4671 2054 4682 ⁸
2161 4595 2462 4652 anathema
2534 4597 2726 4654 dicere
2811 4598 2988 4656 nollet
3041 4599 3246 4656 iterato

2165 4683 2533 4754 Imperatoris
2585 4687 2813 4744 decreto
2874 4689 3036 4760 (Vide
3081 4694 3244 4746 notas

2164 4787 2217 4844 p.
2241 4773 2368 4846 225')
2406 4778 2575 4846 cujus
2603 4777 2662 4832 in
2692 4777 2878 4835 locum
2910 4777 3239 4835 intruditur

2158 4862 2915 4935 JoannesSeveroaddictus,
2945 4865 3042 4922 sed
3065 4879 3238 4936 Opera

2160 4953 2216 5008 S.
2270 4954 2467 5010 Sabba:
2515 4955 2878 5024 postmodum
2930 4955 3235 5012 rediturus

2160 5042 2230 5098 ad
2262 5042 2820 5099 FidemCatholicam
2851 5043 3080 5112 publice
3104 5059 3232 5114 pro-

2165 5131 2793 5202 fitendam.Cyrillusin
2821 5132 2945 5187 Vita
2963 5132 3017 5188 S.
3046 5133 3243 5191 Sabbae

2164 5227 2220 5278 et
2248 5235 2316 5278 ex
2343 5235 2407 5278 eo
2438 5223 2625 5277 Petav.
2659 5221 2887 5292 Pagius,
2915 5228 3024 5278 etc.

2235 5312 2487 5368 Cabades
2516 5312 2813 5368 Persarum
2849 5326 2945 5369 rex
2968 5313 3248 5372 Christia-

2168 5415 2370 5458 norum
2388 5407 2720 5473 potestatem
2737 5401 3249 5476 admiratussupra

2167 5492 2470 5556 damonis.
2507 5492 2746 5549 liberam
2786 5493 2936 5564 apud
2961 5507 3022 5550 se
3055 5509 3238 5567 agen-

2163 5581 2225 5637 di
2256 5583 2479 5652 copiam
2526 5583 2743 5639 nostris
2770 5582 3065 5640 attribuit.

2235 5673 2558 5744 Symmachi
2604 5669 2689 5744 46,
2721 5675 2820 5745 qui
2867 5673 3113 5732 obitdie
3142 5673 3229 5748 49,
3331 5673 3440 5734 544

2169 5762 2314 5819 Julii
2349 5763 2405 5819 h.
2429 5778 2482 5821 a.
2505 5763 2650 5821 Vide
2678 5769 2845 5822 notas
2876 5778 2930 5835 p.
2961 5760 3088 5822 243.

3093 5871 3166 5931 24
