3906 6438
79 375 182 436 749
1034 377 1379 456 CHRONOL.
1419 377 1467 436 Α
1501 379 1557 435 S.
1601 378 1992 438 SYLVESTRO
2033 384 2126 440 AD
2163 383 2218 438 S.
2258 386 2466 442 GREG.
2509 389 2579 442 Μ.

148 503 297 581 Anni
347 505 725 573 Imperatores,
752 502 1008 581 Consules
1046 506 1431 581 Romanorum,
1510 503 1698 581 Apnt'__
1769 503 1828 563 A
1917 508 2082 581 _Anni
2147 507 2602 573 Christianorum,
2652 509 2966 564 Judmorum
3014 516 3066 566 et
3104 514 3243 581 ﬁni—

151 577 266 630 Per.
544 590 630 629 res
651 579 814 642 gestae
860 579 910 629 et
969 575 1312 631 documenta.

149 647 255 700 Jul.
1506 651 1634 700 ante
1678 647 1728 699 et

133 723 182 773 et
203 717 328 773 Ind.
1406 722 1538 788 post
1590 715 1738 772 Pam

363 876 419 933 p.
465 860 586 919 450.
620 861 994 918 Anastasium
1037 859 1094 916 h.
1127 873 1180 916 a.
1231 860 1462 916 Consu-

366 951 476 1008 lem
509 966 622 1008 non
655 951 839 1010 fuisse
877 953 1203 1024 Augustum
1237 949 1460 1020 probat.

364 1041 633 1110 Ejusdem
679 1041 894 1112 duplex
915 1042 972 1096 di
985 1041 1231 1112 ptychon
1252 1039 1464 1095 Consu-

371 1130 490 1186 lare
541 1131 762 1186 editum
816 1145 848 1186 a
898 1131 1232 1187 Vilthemio.
1283 1129 1469 1185 Unius

374 1221 596 1276 iconem
621 1221 890 1278 dedimus
925 1221 984 1276 in
1017 1221 1330 1292 Prolegom.
1366 1217 1466 1274 fol.

373 1324 552 1366 XXVII.

447 1399 712 1469 Synodus
782 1400 1145 1470 Epaunensis
1219 1400 1276 1455 h.
1351 1411 1467 1455 cos.

378 1488 519 1544 Vide
543 1490 716 1545 Neris
749 1488 869 1545 hist
892 1490 1063 1561 Pelag
1088 1489 1170 1546 lib
1192 1486 1228 1544 2
1255 1501 1360 1560 cap
1380 1485 1471 1545 23.

155 1664 295 1724 5234
435 1669 555 1738 Imp
606 1668 726 1723 Cass
791 1668 1136 1725 Anastasius
1193 1667 1320 1738 Aug
1401 1670 1474 1721 tr.
1549 1660 1686 1720 4270

124 1759 206 1830 ξῇ
267 1753 340 1812 23
380 1772 433 1826 p.
465 1754 554 1825 27,
583 1755 676 1828 28,
713 1759 809 1829 qui
848 1758 1098 1814 moritur
1125 1772 1180 1813 χι
1230 1755 1473 1826 Aprilis.
1553 1750 1682 1810 4274

114 1844 202 1917 θ
276 1844 311 1901 6
372 1847 634 1901 Jusrmus
687 1847 875 1902 Thrax
927 1860 1242 1917 purpuram
1297 1844 1481 1900 sumit

213 1934 259 1990 G
377 1936 518 1991 Julii
550 1935 604 2005 9,
641 1937 736 1991 Ind
764 1951 844 2008 ιιι,
878 1951 1030 1993 anno
1072 1935 1322 1992 Antioch
1352 1931 1480 1990 566.

137 2025 332 2081 Indict
391 2027 505 2080 Chr
533 2027 709 2081 Pasch
727 2068 740 2081 .

204 2127 265 2169 xx
450 2115 794 2171 Theoderici
822 2116 994 2187 Regis
1039 2113 1111 2171 25
1140 2121 1195 2171 et
1229 2113 1320 2170 26.

157 2208 214 2259 et
236 2215 322 2258 xu
453 2204 564 2259 Cos
611 2205 851 2275 Magnus
881 2204 1099 2276 absque
1138 2205 1374 2276 collega.

466 2293 725 2363 Epistola
745 2295 959 2349 Justini
987 2297 1105 2364 imp
1130 2294 1198 2349 ad
1223 2292 1487 2350 ilormis-

395 2382 526 2437 dam
560 2387 673 2437 tom
707 2383 774 2439 IV
805 2381 991 2438 concil
1039 2383 1156 2438 Gen
1220 2396 1328 2454 pag
1353 2379 1492 2439 4469

397 2470 530 2525 data
563 2470 666 2524 Kal
696 2471 841 2541 Aug.

469 2558 817 2618 Vitalianus.
864 2560 964 2629 qui
1003 2565 1202 2615 contra
1245 2559 1494 2615 Anasta-

399 2649 1492 2718 siumsteteratproCatholicis,Justini

398 2737 793 2792 amicissimus
822 2738 1019 2804 instat,
1043 2745 1100 2794 ut
1123 2739 1495 2809 Imperatoris

394 2825 564 2896 jussu
632 2826 811 2894 impio
878 2827 1084 2883 Severo
1136 2827 1495 2884 Antiocheno

402 2915 602 2987 lingua
630 2916 998 2986 praecidatur.
1033 2919 1084 2972 Is
1115 2915 1267 2988 fugit
1294 2917 1353 2972 in
1395 2917 1498 2971 1E—

403 3012 656 3078 gyptum,
690 3019 929 3077 eamque
962 3007 1322 3077 provinciam
1355 3006 1497 3068 inti-.-

403 3097 486 3151 cit
509 3096 726 3152 erroris
770 3097 1136 3168 contagione.

479 3190 538 3243 In
574 3188 702 3258 ejus
748 3186 937 3244 locum
995 3187 1207 3244 Paulus
1255 3187 1499 3262 eligitur

403 3277 650 3350 EpiscOp
674 3278 940 3334 Antioch.

159 3384 328 3446 5232
481 3387 604 3457 Imp
637 3386 718 3443 Fl.
757 3385 878 3442 Caes
905 3385 1051 3442 Anic
1075 3385 1343 3441 Justinus
1372 3385 1493 3443 Au-

110 3568 220 3640 θ
281 3562 318 3622 7
396 3581 448 3636 p.
479 3563 515 3620 2
544 3579 660 3622 cos.

226 3659 282 3713 Ρ
473 3655 816 3712 Theodorici
853 3655 1028 3726 Regis
1056 3650 1152 3720 26,
1195 3648 1288 3708 27.

119 3747 353 3807 Indict
626 3744 897 3800 Justinus
926 3745 1072 3815 Aug.

196 3850 293 3895 xu
395 3836 536 3892 Coss
610 3833 966 3890 Eutharicus
1063 3830 1292 3903 Cillica,
1387 3831 1504 3889 Go-

117 3935 204 3988 et
237 3939 352 3984 xm
699 3922 856 3979 thus.

483 4017 544 4072 L.
575 4010 634 4082 7,
665 4011 722 4067 C.
754 4012 825 4068 de
864 4011 1093 4068 natural
1128 4009 1212 4067 lib
1237 4015 1326 4068 etc
1352 4012 1506 4082 apud

410 4103 648 4160 Reland.
709 4103 810 4158 Vet
841 4103 1091 4172 inscript
1137 4101 1275 4158 olim
1311 4101 1369 4157 in
1405 4115 1513 4172 pa-

413 4195 550 4250 vim.
612 4193 669 4250 S.
727 4191 1037 4248 Clementis
1087 4191 1297 4260 Romze,
1355 4205 1511 4248 nunc

417 4284 479 4339 in
523 4285 669 4340 Mus.
722 4281 865 4338 Card
913 4280 1056 4337 Alex
1103 4281 1331 4349 Albani,
1383 4297 1512 4354 quae

417 4371 569 4443 apud
637 4372 865 4428 Fabrett
928 4371 1176 4441 inscript
1224 4386 1332 4443 pag
1383 4369 1510 4428 207.

416 4465 568 4521 Grut
612 4459 769 4518 4053.
827 4462 1033 4518 Reines
1098 4459 1221 4518 900.
1283 4463 1511 4519 Litterae

416 4552 754 4616 Hormisdas,
777 4551 1020 4623 ejusque
1043 4552 1380 4623 Legatorum
1413 4549 1502 4623 40,

493 4731 608 4785 Hoc
647 4743 760 4786 ann
825 4730 1162 4786 institutum
1197 4731 1254 4786 in
1281 4731 1518 4788 Britan-

423 4820 521 4876 nia
561 4820 816 4892 Regnum
847 4820 1356 4894 West-Saxonum,
1393 4824 1516 4878 sive

420 4911 709 4967 Saxonum
767 4907 1228 4967 Occidentalium
1283 4923 1316 4966 a
1371 4911 1514 4967 Cer-

420 5000 556 5056 dico
594 4999 807 5056 asserit
835 4999 1046 5073 Pagius
1076 5012 1132 5056 n.
1177 4996 1250 5056 22
1276 5013 1346 5057 ex
1396 5000 1515 5058 hist

420 5089 591 5148 Angl.

420 5105 507 5148 An
551 5105 591 5146 ι.

110 5197 349 5270 5233
497 5105 618 5270 ιῗιιι)
645 5197 915 5256 Justinus
939 5195 1070 5270 Aug
1119 5200 1176 5254 tr
1217 5211 1273 5268 p.
1315 5193 1353 5254 2
1378 5199 1436 5254 et
1460 5195 1516 5270 3,

301 5287 532 5381 35°08;

27 5372 182 5472 ὅ
307 5377 345 5436 8
491 5377 835 5472 Theoderici
862 5372 1134 5472 Regis27
1164 5379 1220 5433 et
1247 5372 1340 5434 28.

93 5468 196 5546 Ε
273 5473 337 5528 1)
411 5505 554 5546 an“
594 5468 1046 5546 VitalianusAOr.

62 5505 375 5621 17.472:
411 5505 554 5562 0°55
593 5505 660 5596 "li
669 5505 1056 5597 ῖὲίιῖὶιῒοῖιὲ.

143 5659 210 5706 ι
233 5652 266 5696 ι
289 5647 340 5689 ιι
438 5632 567 5702 ,Vet
626 5630 784 5686 inscr
812 5630 868 5687 in
925 5629 1114 5703 pavim
1147 5630 1252 5686 Bas
1282 5628 1336 5686 S.
1370 5629 1526 5686 Pau-

55 5748 158 5804 ει
217 5735 372 5791 xw
428 5720 496 5780 li.
526 5721 925 5794 EpistJustini
951 5721 1022 5780 ad
1051 5720 1411 5780 Hormisdam
1429 5732 1523 5779 xv.

1531 575 1601 652 U.
1660 574 1698 627 ϐ
1718 647 1726 652 Δ
1902 578 2095 652 Olymp

1795 1841 1850 1902 B

1575 3381 1705 3440 4274

117 3485 216 3552 θ
290 3473 365 3533 24
404 3482 610 3548 gustus
652 3483 726 3534 tr.
778 3492 832 3550 p.
893 3475 916 3532 4
967 3483 1024 3532 et
1060 3489 1128 3532 ex
1172 3473 1228 3530 9.
1279 3474 1373 3531 Jul
1426 3479 1499 3532 tr.
1578 3471 1718 3531 4272
2009 3495 2073 3537 ιιι

2021 5192 2087 5238 ιιι

2043 5283 2097 5327 ιν

1593 5195 1735 5257 4272

1595 5284 1736 5345 4273

2215 813 2354 868 Dira
2400 814 2723 884 persecutio
2759 814 2816 871 in
2847 814 3010 886 Syria
3040 823 3239 875 contra

2114 902 2482 972 -catholicos,
2537 905 2854 974 praesertim
2908 907 3236 977 monachos,

2146 1007 2179 1050 a
2245 994 2449 1049 Severo
2521 995 2880 1051 Antiocheno
2958 1004 3236 1054 movetur.

2147 1085 2445 1141 Maronitae
2480 1099 2594 1154 prze
2640 1086 2866 1141 caeteris
2908 1092 3240 1144 constantes

2151 1176 2490 1245 martyrium
2526 1175 2796 1230 subeunt.
2830 1178 3033 1232 Baron.
3077 1179 3242 1234 Petav

2155 1267 2284 1336 Pag.

2222 1358 2306 1412 Jo.
2351 1355 2537 1426 Episc.
2595 1355 2756 1410 Alex.
2805 1355 2948 1411 obit.
2992 1358 3248 1429 Eligitur

2151 1447 2466 1502 Dioscorus
2491 1446 2623 1500 Jun.
2649 1446 2838 1502 Noris.
2885 1447 2956 1503 de
2995 1450 3126 1520 Syn.
3178 1451 3242 1506 V.

2156 1551 2282 1608 pag.
2311 1532 2346 1591 7
2389 1549 2457 1592 ex
2489 1537 2635 1591 Vict.
2677 1535 2886 1592 Chron.

2228 1644 2545 1700 Hormisdze
2567 1642 2601 1699 4
2631 1650 2686 1700 et
2709 1643 2764 1701 5.

2224 1735 2446 1805 Impius
2470 1735 2811 1791 Anastasius
2843 1736 2983 1806 Imp.
3025 1737 3189 1794 Feria
3214 1753 3248 1794 ν

2164 1825 2402 1896 majoris
2427 1824 2794 1880 hebdomade:
2831 1826 2960 1882 visu
2989 1829 3249 1898 territus,

2168 1916 2308 1984 sive,
2337 1922 2402 1970 ut
2422 1915 2528 1970 alii
2551 1923 2818 1970 asserunt
2843 1913 3089 1972 fulmine
3107 1918 3255 1974 ictus

2167 2005 2332 2062 obit:
2366 2005 2672 2060 decedente
2719 2005 2892 2061 etiam
2937 2005 3256 2078 Timotheo,

2169 2095 2359 2164 Episc.
2387 2093 2827 2165 Constantinop.
2852 2095 3096 2152 Joannes
3124 2096 3263 2166 Cap-

2173 2184 2355 2255 padox
2383 2182 2576 2240 fautor
2617 2185 2916 2241 catholica:
2943 2185 3102 2242 Fidei
3146 2186 3263 2242 eli—

2173 2275 2332 2347 gitur
2361 2275 2418 2329 in
2471 2274 2658 2330 locum
2697 2275 3006 2345 Timothei,
3057 2280 3114 2332 et
3170 2275 3266 2331 die

2174 2364 2346 2420 tertia
2394 2363 2690 2420 Paschatis
2723 2364 3045 2421 Pontificiis
3086 2378 3265 2421 orna-

2177 2454 2387 2509 mentis
2417 2453 2722 2510 induitur:
2750 2454 3156 2525 quiSynodum
3186 2456 3269 2510 in~

2176 2543 2322 2600 dicit
2377 2542 2903 2614 Constantinopoli,
2932 2549 2990 2600 et
3018 2543 3270 2600 celebrat

2178 2635 2238 2690 in
2261 2648 2372 2705 qua
2389 2634 2440 2690 S.
2462 2634 2728 2705 Synodus
2763 2635 3266 2706 Chalcedonensis,

2176 2729 2233 2781 et
2259 2724 2313 2779 S.
2335 2723 2542 2780 Leonis
2569 2725 2730 2794 Papze
2751 2737 2816 2779 ac
2843 2725 3158 2782 Macedonii
3178 2740 3274 2782 no-

2180 2815 2336 2870 mina
2367 2813 2552 2870 sacris
2578 2813 2875 2884 diptychis
2906 2814 3266 2874 inseruntur.

2254 2907 2390 2961 Item
2406 2905 2614 2976 Synod.
2643 2906 2701 2961 in
2728 2905 3029 2963 Palaestina
3046 2908 3115 2964 ad
3135 2909 3278 2966 reci-

2185 2995 2449 3066 piendam
2474 2995 2778 3066 epistolam
2809 2996 2998 3069 degm.
3042 3000 3097 3054 S.
3127 2999 3276 3056 Leo-

2183 3086 2296 3156 nis,
2315 3092 2371 3141 et
2392 3085 2613 3142 Concil.
2641 3085 2909 3143 Chalced.
2939 3088 3080 3147 Vide
3110 3095 3276 3147 notas

2183 3175 2252 3232 ad
2284 3176 2670 3233 Hormisdam.

2254 3389 2572 3446 Hormisda:
2597 3388 2633 3447 5
2660 3394 2716 3447 et
2737 3388 2791 3447 6.

2256 3478 2559 3535 Hormisda
2600 3480 2858 3550 quinque
2903 3479 3118 3552 legatos
3165 3481 3280 3552 By-

2188 3568 2446 3624 zantium
2481 3568 2682 3635 mittit,
2730 3568 2991 3625 turbatas
3017 3570 3089 3625 ab
3119 3569 3280 3626 Ana-

2188 3657 2368 3714 stasio
2398 3670 2491 3714 res
2513 3657 2962 3726 composituros.
3002 3659 3144 3715 Vide
3172 3674 3284 3716 no-

2189 3755 2276 3804 tas
2299 3760 2425 3818 pag.
2451 3744 2558 3803 235
2587 3743 2788 3814 et237,
2813 3753 2868 3803 et
2901 3749 3092 3805 Noris.
3140 3748 3276 3807 hist.

2189 3837 2376 3908 Pelag.
2411 3835 2515 3892 lib.
2545 3833 2600 3906 2,
2634 3851 2684 3892 c.
2731 3832 2816 3892 48.

2263 3925 2526 3982 Monachi
2598 3924 2820 3996 Scytha:
2871 3941 3001 3984 cum
3056 3927 3283 3988 Victore

2190 4016 2441 4072 Diacono
2469 4014 2629 4070 litem
2661 4014 2947 4073 intentant
2979 4017 3050 4075 de
3070 4020 3192 4075 Uno
3221 4020 3281 4076 in

2191 4104 2476 4160 Trinitate
2508 4115 2693 4174 passo,
2745 4108 2802 4158 et
2827 4103 2900 4160 de
2922 4104 3124 4162 haeresi
3156 4107 3281 4163 Eu-

2194 4193 2462 4266 tychiana
2485 4199 2542 4250 et
2570 4193 2889 4265 Pelagiana.
2922 4196 2997 4250 Ea
3027 4193 3286 4253 defertur

2193 4284 2262 4340 ad
2293 4282 2550 4340 tribunal
2576 4283 2910 4340 Hormisdte.
2951 4283 3091 4341 Vide
3122 4291 3286 4342 notas

2199 4373 2371 4432 infra.

2266 4461 2531 4518 Dioscori
2586 4468 2846 4529 mortem,
2894 4468 2951 4518 et
2995 4461 3282 4520 Timothei

2199 4553 2620 4609 successionem
2672 4552 2731 4607 in
2805 4552 2966 4609 Cath.
3034 4553 3288 4611 Alexan-

2199 4643 2370 4700 drina
2421 4641 2559 4699 huic
2612 4655 2763 4700 anno
2817 4643 3022 4715 alligat
3080 4645 3287 4716 Pagius

2201 4746 2360 4790 num.
2404 4729 2495 4800 20,
2562 4746 2733 4803 quam
2802 4739 2987 4790 tamen
3050 4732 3287 4790 biennio

2201 4827 2329 4893 post
2378 4821 2696 4895 contigisse
2741 4822 2910 4880 docet
2967 4823 3160 4880 Noris.
3215 4823 3288 4880 de

2195 4913 2328 4982 Syn.
2353 4910 2418 4968 V.
2443 4925 2568 4982 pag.
2592 4908 2648 4969 7.

2268 5177 2583 5234 Hormisdte
2603 5174 2638 5233 6
2655 5181 2711 5233 et
2727 5171 2784 5231 7.

2292 5267 2660 5324 Justinianus
2705 5264 2977 5337 Magister
3034 5267 3290 5326 Militum

2204 5357 2479 5429 regnandi
2520 5356 2841 5413 ambitione
2869 5354 3035 5413 tidem
3083 5357 3294 5415 formi—

2203 5447 2449 5504 dandam
2517 5445 2842 5518 infringens
2925 5447 3292 5507 Sacramento

2206 5537 2436 5594 Domini
2494 5543 2762 5606 suscepto
2824 5536 3036 5608 datam,
3076 5551 3297 5596 consu-

2210 5626 2317 5682 lem
2380 5625 2732 5683 Vitalianum
2782 5627 3016 5683 occidit.
3061 5629 3294 5699 Procop.

2216 5717 2352 5773 hist.
2385 5731 2501 5774 arc.
2536 5733 2590 5790 p.
2641 5714 2732 5776 30.
2782 5715 2902 5773 Alii
2947 5731 3078 5775 cum
3107 5719 3300 5777 Theo-

3415 387 3524 450 750

2249 514 2602 573 istianorum,
2652 514 2966 564 Judmorum
3014 516 3066 566 et
3104 514 3243 581 ﬁni—
3302 514 3458 568 Anni

2249 583 2505 656 timorum
2541 582 2889 656 pepulorum,
2927 584 3236 652 Pontiﬁces,
3323 589 3464 641 zErae

2252 655 2442 720 Reges,
2473 667 2559 707 res
2573 659 2736 721 gesta
2760 655 2811 708 et
2850 655 3190 710 documenta.
3270 656 3477 715 Christi

3343 1647 3451 1705 548

3367 3390 3478 3453 549

3374 5179 3484 5241 520
