3906 6432
413 383 521 444 755
1230 385 1322 442 AD
1360 386 1792 445 ANASTASIUM
1830 391 2342 450 PROLEGOMENA
2380 396 2554 452 EDIT.
2597 396 3027 456 ROM.-VATIC.
3738 411 3827 471 756

497 509 651 598 ᾒηηι
728 506 1105 572 Inqrratm-es,
1151 509 1432 598 ‘Cou‘sul'es
1475 514 1753 598 Bomgno-
1843 517 2003 598 Anni
2086 513 2146 572 A
2187 517 2368 598 Λᾼηηὶ
2473 519 2929 598 Christianorum.
2973 524 3281 598 Iudaeorum
3325 538 3373 581 er
3420 532 3560 598 ﬁni—
3623 533 3781 588 Anni

791 591 918 631 rum
948 594 1034 634 res
1054 585 1234 647 gestae,
1256 586 1306 635 et
1343 582 1677 638 documenta.
1847 587 1925 670 υ..
1966 585 2026 670 C.‘
2180 585 2391 658 Olymp.
2485 573 2492 574 ⁷
2533 573 2788 670 {imorum
2827 573 3541 670 pepu'zéiuhfioﬁuﬂés',

502 646 620 737 {uls
1061 646 1068 647 7
1222 646 1226 647 ⁷
1827 659 2077 737 alliget“,-
2247 646 2269 656 ⁷
2332 646 2352 658 ⁵
2532 664 2719 736 Reges,
2755 646 2854 720 re;
2882 646 3054 735 gesta
3075 646 3180 723 ’ἔῖ
3206 646 3545 729 dealing};
3597 646 3811 732 οῗτίίξτί.

447 719 498 771 et
511 717 637 772 1nd.
1781 732 1910 797 post
1932 724 2077 783 Palii

699 890 835 934 ann.
869 879 1162 952 superiori
1211 883 1582 942 statuendum
1628 884 1795 942 docet

2538 875 2853 950 Dionysius
2878 880 3136 953 Exiguus
3164 881 3222 938 h.
3250 896 3300 952 a,
3331 885 3555 955 cyclum

700 980 758 1023 n.
793 964 848 1023 6.
2469 979 2639 1022 suum
2688 969 2909 1024 condit.
2944 971 3109 1026 Petav
3131 971 3200 1028 ad
3226 972 3283 1027 h.
3306 986 3360 1028 a.
3387 982 3443 1031 et
3473 976 3557 1031 lib

2470 1068 2574 1124 xu,
2612 1070 2663 1111 c.
2692 1053 2746 1112 3.

488 1160 632 1220 5240
782 1165 900 1235 Imp
950 1165 1069 1221 Cms
1114 1168 1383 1224 Justinus
1419 1169 1547 1241 Aug
1601 1178 1674 1226 ιιι,
1735 1187 1789 1241 ρ,
1869 1166 2008 1226 1279
2319 1174 2360 1216 ll
2542 1164 2752 1221 Felicis
2782 1166 2984 1236 Quarti
3029 1164 3554 1229 letexl2Julii2.
3651 1172 3759 1232 327

463 1257 535 1329 {.3
609 1250 642 1308 4
715 1250 750 1308 9
799 1260 854 1309 et
905 1251 990 1324 4ο,
1051 1270 1181 1311 coss
1253 1271 1316 1326 ιι,
1369 1258 1470 1327 qui
1524 1259 1799 1315 Kalendis
1875 1258 2012 1316 4280
2298 1263 2361 1306 ιιι
2541 1254 2808 1311 Justinus
2832 1259 3564 1331 annislmperiilx,men—

458 1349 531 1421 ο
599 1347 666 1407 45
719 1349 946 1421 Aprilis
998 1355 1299 1409 coronavit
1341 1355 1666 1427 Augustum
1695 1359 1800 1412 Ju-

2476 1356 2537 1398 se
2570 1340 2620 1413 4,
2650 1352 2705 1399 et
2729 1345 2935 1402 diebus
2956 1348 3182 1419 aliquot
3203 1353 3418 1406 exactis
3436 1367 3563 1408 mo-

546 1438 586 1493 C
714 1452 1016 1495 summum
1075 1441 1353 1511 collegam
1403 1445 1624 1500 sororis
1679 1460 1798 1501 sua:

2477 1432 2636 1488 riens
2678 1434 2804 1490 Kal.
2857 1437 3002 1509 Aug.
3033 1439 3427 1497 Iustinianum
3460 1457 3563 1498 so—

471 1527 659 1583 lndict
708 1527 918 1593 ﬁlium.
956 1535 1013 1584 et
1046 1528 1151 1584 Kal
1191 1530 1437 1603 Augusti
1471 1534 1800 1605 migravite
2479 1523 2597 1578 lum
2644 1524 2790 1595 Aug-
2821 1527 3083 1600 reliquit.
3122 1531 3220 1599 qui
3259 1531 3565 1601 imperavit

533 1629 568 1670 γ
696 1618 833 1673 vita.
2476 1613 2647 1668 annis
2707 1612 2797 1680 38.
2858 1630 3016 1673 mens
3070 1615 3155 1687 Η,
3229 1632 3296 1675 ex
3344 1620 3555 1678 Chron.

496 1709 547 1761 et
575 1718 632 1762 Vl
781 1706 903 1779 Imp
928 1708 1296 1766 Justinianus
1341 1710 1470 1784 Aug
1522 1716 1591 1767 tr.
1646 1727 1700 1782 p.
1750 1725 1792 1780 ι,
2471 1701 2638 1757 Alex.

709 1810 777 1902 ex
835 1797 934 1854 dic
995 1799 1098 1855 Kal
1163 1799 1328 1872 April
1380 1801 1548 1873 juxta
1603 1802 1794 1860 Chron
2115 1840 2168 1902 Β

2115 1840 2168 1902 Β
2549 1793 2688 1861 Ejus
2726 1798 2911 1850 tamen
2947 1795 3184 1853 initium
3211 1811 3278 1854 ex
3308 1798 3402 1854 die
3423 1813 3560 1870 par-

707 1885 848 1943 Alex
861 1927 875 1942 .
2115 1881 2168 1902 “'
2480 1881 2582 1937 tici
2592 1883 2709 1952 pati
2727 1886 2804 1938 Im
2815 1885 2958 1954 perii
2975 1886 3100 1942 Kal.
3120 1887 3281 1958 April
3298 1890 3562 1946 desumi-

781 1976 1102 2034 Amalarici
1175 1978 1327 2052 regis
1404 1990 1445 2052 ι,
1512 1985 1570 2038 ει
1642 1995 1710 2038 εχ
1761 1980 1799 2038 2
2479 1975 2576 2027 tur
2627 1972 2685 2027 in
2735 1974 2860 2044 ejus
2905 1976 3157 2048 Novella,
3201 1982 3265 2034 ut
3307 1980 3562 2037 ostendit

706 2066 842 2139 Sept
891 2065 948 2123 2,
2477 2060 2622 2117 Card
2645 2063 2817 2120 Noris
2841 2064 2911 2120 de
2940 2067 3052 2137 Syn
3094 2067 3155 2122 V.
3192 2081 3298 2140 pag
3324 2065 3416 2126 85.

781 2158 889 2214 Cos
919 2157 998 2214 Fl.
1037 2159 1352 2218 Mavortius
1395 2160 1523 2218 sine
1556 2162 1797 2236 collega.

2550 2151 2726 2224 Remp
2773 2155 3013 2224 Optimis
3057 2156 3282 2229 legibus
3339 2165 3561 2229 tempe—

783 2249 844 2304 L.
890 2247 946 2321 5,
983 2264 1032 2306 c.
1066 2251 1136 2306 de
1175 2249 1300 2307 ofﬁc
1336 2253 1462 2324 Mag
1487 2250 1706 2309 oﬂicior
1743 2259 1800 2309 et

2477 2245 2585 2310 rat,
2643 2243 2802 2299 Fidei
2847 2245 3165 2314 catholica},
3214 2254 3270 2303 et
3300 2248 3563 2304 Ecclesiae

713 2337 772 2394 in
822 2344 913 2396 vet
965 2339 1213 2411 inscript
1267 2343 1420 2413 apud
1471 2342 1678 2400 Reines
1731 2357 1800 2400 ex
2477 2330 2750 2402 dignitati
2784 2335 3107 2391 consulens.
3135 2337 3275 2394 Vide
3318 2339 3482 2394 Petav
3508 2344 3564 2394 et

709 2427 945 2498 Cujacio
991 2434 1048 2485 el
1070 2429 1209 2486 aliis
1251 2445 1304 2501 ρ,
1352 2427 1476 2502 442,
1520 2433 1802 2504 θιαίριγ..
2395 2416 2400 2422 ⁷
2477 2420 2733 2477 Cassiod.
2771 2424 3145 2492 Epistolasab
3184 2441 3250 2483 eo
3282 2428 3567 2484 iudicatas

709 2518 858 2574 chon
932 2519 988 2574 s,
1041 2521 1343 2578 Maximini
1390 2534 1481 2592 ap,
1518 2521 1801 2578 wmhel-
2479 2508 2536 2563 h.
2587 2522 2637 2563 a.
2671 2511 3042 2569 Athalaricus
3069 2527 3261 2584 pacem
3297 2517 3568 2588 impetrat

713 2621 870 2664 mum
898 2607 958 2663 in
1004 2609 1148 2665 Leod
1189 2624 1239 2681 p.
1270 2607 1326 2680 5,
1371 2609 1471 2668 ubi
1498 2611 1803 2682 componi-
2475 2609 2508 2652 ἃ
2530 2597 2880 2656 Justiniano-
2905 2601 3010 2656 Ibi.

717 2701 815 2753 tur
865 2696 961 2752 hic
1000 2710 1191 2755 anuus
1221 2712 1282 2756 ιιι
1316 2699 1396 2757 Id.
1429 2702 1644 2760 Ianuar
1667 2715 1799 2760 cum

716 2785 818 2843 Iud
872 2798 930 2842 v.

497 2907 634 2969 52M
787 2913 907 2984 Imp
950 2913 1034 2969 Fl.
1073 2915 1440 2975 Justinianus
1469 2917 1599 2990 Aug
1633 2921 1709 2975 tr.
1742 2933 1797 2990 p.
1876 2915 2015 2975 4280
2301 2923 2367 2968 ιιι
2547 2909 2757 2966 FeliCiS
2778 2908 2816 2967 2
2843 2916 2901 2969 et
2918 2909 2970 2968 3.
3663 2915 3777 2976 528

467 3004 542 3078 ﬁ)
609 2999 646 3058 5
722 3001 775 3073 1,
801 2999 855 3069 2,
880 3017 979 3060 cos
1016 3017 1079 3060 ιι.
1875 3005 2007 3064 4284
2312 3013 2369 3058 tv
2545 3001 2912 3058 Justinianus
2943 3000 3069 3057 Kal.
3093 3003 3325 3059 Januar.
3355 3004 3456 3060 Ind
3487 3019 3566 3063 γι.

462 3099 536 3173 θ
576 3097 644 3158 46
786 3101 1108 3160 Athalarici
1142 3104 1297 3178 regis
1317 3102 1356 3161 2
1382 3109 1438 3162 et
1465 3103 1518 3162 3.

2483 3093 2696 3146 tantam
2712 3091 2825 3146 vim
2844 3091 3100 3161 pecuniae
3127 3092 3363 3164 sparcit,
3391 3108 3567 3163 quan-

499 3191 545 3244 B
583 3191 636 3246 A
780 3190 887 3247 Cos
909 3193 1279 3251 Justinianus
1301 3195 1429 3266 Aug
1450 3208 1513 3264 ll,
1546 3193 1727 3251 solus.
2113 3182 2164 3246 Ο
2476 3185 2596 3237 tum
2640 3180 2837 3236 "unus
2866 3181 3022 3238 alius
3064 3183 3205 3251 ImP-
3249 3182 3311 3237 in
3351 3197 3571 3240 Consu-

470 3278 658 3336 Indict
788 3281 952 3338 Praef.
997 3283 1110 3339 Cod
1133 3289 1299 3340 const
1329 3297 1370 3353 l,
1392 3288 1450 3339 et
1490 3283 1620 3338 aliae
1649 3283 1799 3354 apud

2479 3270 2622 3328 latu.
2667 3271 2808 3326 Vide
2857 3270 2993 3326 Chr.
3047 3271 3244 3326 Pasch.
3304 3272 3360 3326 h.
3403 3286 3456 3327 a.
3509 3277 3568 3328 et

543 3381 602 3424 v1
719 3370 818 3426 Rel
868 3371 925 3426 h.
979 3386 1032 3428 a.
1083 3385 1249 3443 quem
1293 3372 1541 3442 epistola
1594 3371 1804 3429 Felicis
2479 3358 2741 3416 Malalam
2773 3374 2826 3430 p.
2874 3358 2996 3416 453.
3031 3361 3181 3417 Idem
3215 3361 3427 3418 Tzatho
3458 3363 3570 3418 La-

504 3463 645 3516 etvn
725 3474 882 3531 papa:
915 3461 986 3516 ad
1025 3461 1336 3518 Caesarium
1371 3462 1567 3519 Arelat
1595 3461 1648 3520 3.
1679 3464 1802 3522 Non

2480 3447 2702 3505 ziorum
2774 3448 2946 3520 Regi'
2983 3463 3016 3506 a
3092 3450 3282 3506 Persis
3338 3464 3569 3522 agresso

715 3551 860 3607 Febr
909 3551 1162 3622 appellat
1226 3570 1239 3607 ι
1280 3553 1409 3608 Post
1462 3555 1807 3611 consulatum
2482 3538 2782 3607 suppetias
2811 3537 3013 3594 mittit-

715 3642 994 3698 Mavortii.
1028 3641 1170 3698 Vide
1208 3643 1381 3700 Noris
1421 3644 1541 3702 hist
1579 3646 1671 3702 Pel
1719 3645 1802 3702 lib
2552 3627 2763 3682 Gethes
2805 3627 3113 3683 Erulorum
3162 3628 3278 3684 Rex
3319 3628 3388 3684 ad
3447 3628 3569 3684 Ro-

715 3728 770 3794 2,
816 3745 864 3787 ο,
899 3730 990 3802 22,
1034 3733 1408 3791 Marcellinus
1436 3748 1649 3792 annum
1688 3749 1806 3792 nu-
2485 3731 2683 3773 manos
2715 3717 2923 3772 transit
2953 3735 2968 3786 ;
2999 3717 3213 3789 quibus
3252 3717 3421 3773 etiam
3455 3716 3570 3772 fa:-

719 3827 896 3877 merat
950 3823 1122 3896 regia;
1168 3823 1343 3882 Urbis
1379 3825 1628 3883 condita;
1679 3821 1802 3894 498,
2483 3807 2721 3863 deratur
2768 3807 2974 3862 Boazes
3026 3807 3567 3896 viduallunnorum

723 3918 894 3967 recte.
1025 3895 1033 3896 ⁷⁷
2485 3896 2656 3967 Regis
2702 3896 2913 3964 stipata
2959 3910 3010 3950 c.
3048 3895 3312 3952 millibus
3340 3895 3574 3951 bellato-

2487 4001 2635 4054 rum,
2680 3985 2895 4040 Cordas
2934 3986 3270 4042 Hunnorum
3315 3987 3429 4040 Rex
3457 3986 3575 4042 Bo-

2488 4075 2766 4146 sphorum
2819 4073 3201 4130 accolentium
3262 4075 3573 4130 Romanam

2491 4164 2708 4235 pariter
2750 4163 3105 4236 Religionem
3151 4173 3208 4220 et
3231 4165 3573 4221 Societatem

2489 4253 2714 4310 colunt.

511 4354 656 4416 5242
800 4363 923 4433 Imp
941 4363 1061 4417 Cas
1093 4361 1464 4416 Justinianus
1484 4359 1614 4429 Aug
1652 4361 1725 4412 tr.
1755 4373 1808 4429 p.
1886 4359 2017 4417 4284
2273 4362 2428 4431 Olym
2555 4361 2766 4417 Felicis
2795 4361 2829 4418 3
2854 4367 2910 4418 et
2939 4359 2988 4417 4.
3680 4361 3792 4420 529

488 4451 553 4521 (τῇ)
615 4445 651 4504 6
719 4446 776 4505 2.
803 4449 857 4519 3,
891 4463 990 4505 cos
1018 4462 1077 4501 ιι.
1891 4449 2028 4507 1282
2294 4450 2401 4508 826
2553 4453 2668 4508 Hoc
2685 4453 3162 4508 annoJustiniani
3195 4452 3382 4509 Codex
3399 4451 3579 4508 abso—

484 4544 556 4617 θ
587 4541 652 4600 47
797 4543 1118 4600 Athalarici
1147 4544 1300 4613 regis
1325 4542 1359 4599 3
1387 4549 1444 4598 et
1473 4539 1528 4598 4.
2125 4550 2181 4610 D
2325 4555 2380 4598 ιν
2491 4541 2651 4598 lutus
2668 4550 2771 4612 est,
2791 4543 3107 4614 jussusque
3122 4550 3207 4598 est
3229 4545 3341 4598 vim
3370 4541 3579 4598 habere

566 4633 610 4688 G
792 4633 898 4688 Cos
923 4631 1150 4700 Decius,
1185 4632 1366 4701 solus,
1407 4632 1503 4702 qui
1528 4640 1584 4687 et
1607 4633 1816 4692 Decius
2245 4637 2296 4688 et
2348 4629 2452 4689 327
2491 4647 2522 4688 a
2552 4646 2644 4688 χνι
2679 4632 2915 4687 Kalend.
2939 4633 3075 4689 Maii
3116 4633 3290 4702 hujus
3318 4645 3574 4702 prensan—

489 4723 670 4779 Indict
713 4723 844 4777 Jun.
2495 4725 2571 4780 tis
2603 4722 2788 4778 lndict
2823 4737 2898 4777 νιι
2926 4723 3051 4778 cod.
3087 4724 3234 4778 Just.
3279 4728 3335 4776 et
3364 4722 3577 4776 Chron.

555 4824 633 4865 Vll
815 4807 1022 4866 Praefat
1059 4807 1162 4862 cod
1203 4813 1368 4863 const
1401 4805 1455 4878 2,
1484 4813 1540 4864 et
1579 4809 1617 4864 l.
1647 4809 1734 4882 44,
1762 4828 1811 4870 c.
2495 4813 2695 4869 Pasch.
2739 4814 2822 4869 Jo.
2875 4812 3080 4868 Malala
3109 4813 3176 4868 ad
3210 4812 3580 4868 consulatum

495 4905 546 4953 et
594 4912 693 4954 Vlll
735 4901 804 4956 de
862 4899 1034 4969 Episc
1111 4901 1168 4951 et
1231 4897 1415 4952 Cleric
1480 4914 1623 4969 quas
1689 4905 1818 4959 vide
2491 4903 2807 4960 Iustiniani
2853 4915 2892 4956 ιι
2940 4902 3268 4957 absolutum
3303 4902 3424 4956 Ind.
3466 4915 3567 4955 vn.

735 4991 908 5044 etiam
950 4985 1100 5055 apud
1126 4986 1220 5042 Bel
1246 4993 1300 5042 et
1340 4989 1489 5058 apud
1522 4992 1650 5064 Pag.
1675 4993 1816 5048 Vide
2498 5008 2620 5066 pag.
2660 4991 2762 5048 456
2806 5000 3066 5048 numerat
3106 5005 3288 5047 annos
3317 4990 3388 5045 ab
3420 4991 3484 5045 U.
3517 4991 3576 5045 C.

735 5077 931 5132 Concil
959 5077 1199 5133 Vasense
1222 5092 1285 5147 ll,
1319 5084 1373 5134 et
1394 5080 1809 5138 Arausicanum
2499 5081 2636 5138 4280
2666 5087 2722 5136 et
2751 5095 2781 5136 a
2810 5080 3313 5150 Constantinopoli
3345 5081 3582 5135 condita

739 5182 806 5235 ll,
848 5168 1072 5236 signata
1119 5181 1150 5222 a
1192 5169 1245 5223 S.
1273 5170 1518 5226 Caesario
1547 5171 1652 5228 hoc
1681 5187 1795 5228 cos.
2498 5171 2620 5229 499.
2663 5172 2805 5227 Vide
2835 5179 3000 5227 notas
3043 5171 3111 5226 ad
3158 5171 3423 5226 eumdem
3454 5171 3586 5224 Ma-

735 5257 800 5312 In
845 5269 910 5310 eo
952 5256 1200 5315 concilio
1229 5260 1412 5316 Araus
1454 5262 1720 5333 dogmata
1745 5263 1816 5318 de
2498 5263 2690 5319 lalam.

734 5343 932 5399 Gratia
974 5345 1126 5401 etlib
1146 5347 1392 5404 arbitrio
1428 5355 1626 5405 contra
1653 5350 1818 5422 Pelag
2565 5353 2714 5410 Idem
2788 5351 3155 5407 Justinianus
3211 5349 3583 5405 Antiochiam

735 5441 792 5489 et
827 5433 1144 5509 Semipelag
1173 5438 1393 5495 sancita
1441 5440 1606 5511 juxta
1637 5441 1814 5511 Capi-
2498 5441 2802 5510 instaurat,
2831 5445 2885 5494 et
2933 5439 3270 5508 Theopolim
3302 5436 3582 5509 appellat.

739 5524 858 5578 tula
898 5539 928 5580 a
980 5527 1159 5583 Felice
1203 5530 1289 5596 IV,
1349 5531 1688 5585 transmissa
1753 5531 1810 5584 S.
2494 5529 2918 5586 Alamandurus
2949 5530 3360 5585 Saracenorum
3385 5528 3588 5599 Regu-

735 5612 1046 5684 Augustini
1093 5619 1436 5674 sententiam
1484 5619 1819 5688 approban—
2503 5619 2596 5675 lus
2662 5620 2882 5690 Syriam
2943 5621 3188 5691 primam
3244 5618 3584 5689 populatur,

739 5701 820 5756 tia
855 5719 867 5756 :
903 5705 1116 5776 quibus
1139 5707 1433 5763 diuturnae
1463 5705 1825 5762 contentioni
2501 5714 2700 5765 contra
2749 5723 2913 5780 quem
2951 5708 3316 5767 moventibus
3360 5708 3588 5764 Roma—
