3906 6414
159 354 276 417 757
1123 365 1464 426 CHRONOL.
1508 369 1556 426 Α
1591 371 1648 427 S.
1688 370 2077 452 SYLVESTRO
2115 375 2207 431 AD
2243 377 2298 434 S.
2338 375 2546 434 GREG.
2589 383 2661 437 M.
3504 395 3613 454 758

227 484 390 586 ἦ)ηηὶ
441 487 852 586 Imperatores,‘
883 487 1144 586 Con‘szsles
1189 494 1571 586 Romanorum,
1630 502 1785 586 {inriti
1868 500 1922 557 A
1991 501 2196 586 mAmu‘
2253 505 2705 586 Christianorum,
2751 512 3064 569 Iudaeorum
3105 522 3156 572 et
3201 521 3323 586 ﬁni-
3386 523 3544 578 Anni

1556 557 1564 560 ν
2751 557 3064 569 πωπω...
3105 557 3152 572 υν
3445 557 3458 576 ι
3513 567 3516 570 .

238 557 365 660 ξες.
591 575 682 614 res
730 565 899 628 gestae
950 567 1001 616 et
1027 563 1370 621 documenta.
1632 573 1703 660 Π.¹
1729 573 1810 660 C.‘
1983 573 2196 645 Olymp.
2312 581 2566 660 timorum
2618 557 2966 652 populorum.
3019 557 3303 660 Pontifices
3386 557 3535 650 ἓξὲξ

2049 629 2073 642 ν
2136 629 2192 645 ,κ
2661 629 2681 635 ν
2733 629 2966 646 πων...
3019 629 3301 646 ιυηιημω
3438 629 3532 649 πω

239 629 380 723 Jul.)
1608 648 1736 723 ante
1761 651 1814 723 et
2309 651 2499 719 Reges,
2556 629 2641 707 res
2681 629 2845 723 gestas
2897 663 2948 712 et
2975 629 3320 719 documenta.
3355 629 3576 722 CXLII-isti.

186 702 239 753 et
271 699 399 755 Ind.
1520 719 1643 782 post
1670 717 1833 770 Palil.

455 856 741 902 annorum
800 861 856 903 c.
917 847 1052 905 ﬁnis
1093 848 1404 921 impositus
1440 861 1546 911 est.

2235 859 2438 902 norum
2462 848 2742 907 Exarchis
2762 852 3020 928 profugit
3045 847 3228 929 usque
3260 862 3317 917 in

461 933 641 991 Baron
677 941 733 991 et
758 937 1026 994 Sirmond
1057 945 1165 1010 etc,
1200 943 1344 1012 spud
1378 945 1551 1002 Noris

2088 967 2091 969 ›
2229 935 2473 992 Indiam.
2547 940 2714 996 Petav
2766 957 2834 999 ex
2899 947 3129 1018 Theoph
3215 953 3313 1021 qui

460 1021 578 1079 his:
609 1025 776 1098 pelag
813 1026 851 1081 ι,
900 1025 953 1096 2,
984 1043 1087 1100 cap
1126 1027 1224 1086 23,
1264 1033 1406 1090 Vide
1437 1048 1549 1091 ηο.
2230 1027 2401 1082 etiam
2432 1029 2641 1086 scribit
2672 1033 2948 1093 adversus
2978 1037 3179 1096 Persas
3209 1041 3317 1098 Be-

463 1115 549 1167 tas
578 1115 648 1170 ad
674 1115 919 1172 Felicem
946 1118 1037 1173 1v,
2229 1114 2496 1173 lisarium
2539 1117 2790 1183 feliciter
2848 1125 3166 1194 profectum
3211 1133 3321 1188 Sa-

2230 1207 2574 1264 maritarum
2667 1214 2998 1281 proditione
3095 1219 3314 1278 detecta

2227 1294 2443 1366 legatos
2489 1298 2734 1356 istorum
2767 1305 2836 1359 ad
2877 1307 3078 1363 Persas
3129 1310 3317 1368 inter-

2227 1385 2469 1458 cepisse,
2515 1393 2571 1444 et
2626 1391 2818 1448 scelus
2859 1395 3154 1455 confessos
3210 1415 3316 1457 ne-

2223 1488 2404 1533 casse.

223 1555 380 1615 5243
525 1561 646 1630 Imp
692 1560 811 1617 Caes
865 1564 1240 1624 Justinianus
1289 1566 1419 1641 Aug
1466 1573 1539 1627 tr.
1618 1560 1758 1632 4282

2061 1578 2079 1621 1
2298 1566 2508 1624 Felicis
2552 1567 2670 1626 4et
2698 1569 2734 1628 5
2776 1574 2877 1644 qui
2923 1573 3048 1632 obit
3093 1579 3190 1635 die
3239 1577 3311 1638 25
3399 1580 3505 1641 530

229 1651 305 1723 ﬁ)
355 1654 392 1712 7
455 1673 508 1729 p.
541 1657 594 1726 3,
631 1657 682 1728 4,
717 1675 846 1717 coss
888 1676 956 1716 ιι.
1618 1668 1757 1729 4283

2065 1670 2104 1712 11
2226 1657 2376 1727 Sept.
2411 1660 2603 1714 Vacat.
2629 1662 2800 1717 Sedes
2823 1663 3031 1722 diebus
3056 1665 3106 1723 3.
3147 1669 3310 1726 Bom-

222 1746 299 1818 θ
327 1743 394 1802 48
521 1747 841 1806 Athalarici
875 1752 1026 1824 regis
1058 1749 1091 1808 4
1119 1759 1175 1809 et
1197 1751 1251 1810 5.

2226 1760 2422 1803 FACIUS
2441 1749 2684 1821 eligitur
2707 1758 3008 1812 suctessor
3035 1758 3131 1814 die
3161 1757 3232 1815 28
3257 1767 3313 1818 et

276 1857 326 1910 F
453 1888 589 1931 ρης,
671 1859 1038 1931 Lampadius.
1853 1837 1908 1900 B
2226 1838 2535 1931 ordinatur
2581 1842 2850 1912 Episcop.
2899 1846 2996 1901 die
3046 1846 3118 1905 29
3160 1850 3310 1922 Sept.

849 1888 855 1889 ί
1854 1888 1908 1900 ,,
2232 1888 2522 1894 --_---_-_-
2585 1888 2620 1895 _
2669 1888 2850 1912 ωυρμ.
2900 1888 2996 1901 ,ην
3047 1890 3055 1903 .

204 1888 401 1984 Ιηᾶσίοε
453 1888 589 1948 C053
669 1888 1038 1987 6?;2?§§'"°'
2228 1925 2371 1982 Vide
2403 1935 2569 1986 notas
2593 1888 2662 1986 ad
2699 1933 2933 1990 felicem
2967 1937 3055 1992 IV.

249 2029 356 2071 Vill
531 2023 550 2042 '
579 2021 679 2076 Vet
724 2021 972 2090 inscript
998 2022 1056 2076 in
1103 2022 1254 2078 Basil
1285 2023 1340 2078 S.
1374 2024 1537 2080 Pauli
2300 2019 2485 2075 Persa:
2515 2034 2644 2076 cum
2692 2023 2965 2082 Romanis
2990 2030 3314 2102 conﬂigen—

225 2109 282 2159 εἰ
306 2120 365 2160 Ix
442 2111 594 2178 apud
619 2110 842 2181 Aringh
864 2113 997 2166 Tom
1026 2109 1078 2180 2,
1106 2109 1307 2183 p.444,
1343 2118 1396 2168 et
1421 2114 1536 2170 alia
2221 2111 2307 2164 tes
2340 2109 2446 2165 hoc
2476 2124 2626 2167 anno
2656 2112 2748 2170 bis
2778 2114 3123 2175 funduntur.
3159 2123 3310 2179 Ruﬁ-

451 2198 509 2252 in
550 2200 605 2253 s.
656 2200 893 2272 Agnetis
923 2208 1082 2257 extra
1126 2202 1239 2257 Urb
1283 2210 1338 2257 et
1369 2203 1403 2258 ι.
1439 2202 1528 2275 26,
2219 2211 2332 2254 nus
2368 2202 2594 2257 tandem
2644 2205 2712 2260 ad
2765 2219 2953 2275 pacem
3005 2224 3135 2266 cum
3188 2212 3310 2269 illis

444 2299 496 2340 ο,
561 2288 630 2342 de
679 2289 770 2343 ss,
846 2291 1040 2346 Eccles
1086 2291 1332 2363 alimque
1384 2293 1533 2363 apud
2220 2291 2575 2348 tractandam
2632 2295 2846 2352 missus
2877 2312 2937 2353 re
2969 2299 3180 2357 infecta
3209 2316 3310 2358 re—

445 2376 659 2432 Reiand
689 2380 1013 2449 etepistola
1048 2380 1330 2438 Bonifacii
1356 2397 1531 2453 papae.
2217 2381 2484 2438 vertitur.
2541 2385 2751 2442 Narses
2801 2390 2859 2442 et
2904 2388 3146 2446 Ararius
3190 2391 3306 2448 fra-

447 2465 587 2520 Vide
616 2474 780 2523 notas
810 2469 877 2523 ad
915 2470 1155 2525 Felicem
1189 2471 1277 2526 IV.
2219 2476 2334 2527 tres
2380 2486 2412 2527 a
2466 2473 2657 2530 Persis
2687 2475 3005 2535 deﬁciunt:
3057 2496 3303 2551 quorum

512 2554 758 2610 Fabrett.
815 2557 1080 2628 inscript.
1147 2555 1254 2614 327
1298 2567 1353 2616 et
1401 2558 1526 2617 398.
2215 2562 2377 2631 prior
2405 2563 2530 2618 Dux
2563 2567 3014 2623 strenuissimus
3033 2572 3234 2627 evasit.

438 2643 668 2698 Gruter.
699 2641 824 2700 459.
853 2649 1002 2716 Spon
1033 2649 1173 2703 Misc
1207 2645 1327 2705 460.
2283 2650 2616 2708 Hildericus
2659 2669 2756 2710 rex
2800 2657 3184 2715 Vandalorum
3239 2661 3300 2719 in

509 2734 760 2790 Mundus
789 2735 1020 2806 Illyrico
1065 2737 1378 2795 Praefectus
1406 2740 1525 2796 Ge-
2206 2738 2402 2796 Africa
2439 2755 2470 2796 a
2496 2743 2776 2800 Gilimere
2818 2746 3168 2805 consobrino
3200 2765 3299 2806 re-

439 2826 532 2877 tas
561 2823 618 2878 in
661 2825 852 2880 eadem
890 2827 1188 2895 provincia
1227 2834 1283 2884 et
1311 2830 1524 2902 Bulga—
2208 2841 2320 2900 gno
2392 2829 2673 2899 privatur.
2725 2833 2972 2891 Gilimer
3020 2850 3297 2896 recusans

435 2925 529 2968 ros
559 2913 619 2968 in
677 2915 918 2971 Thracia
965 2915 1175 2975 fundit.
1227 2920 1524 2978 Marcelli-
2207 2918 2332 2987 eius
2383 2921 2810 2988 restitutionem
2874 2938 2907 2980 ει
2963 2925 3294 2986 Iustiniano

433 3015 562 3058 nus.
2205 3009 2504 3078 quaesitam
2531 3010 2749 3068 bellum
2773 3014 3050 3072 minatur.
3079 3018 3294 3090 Proc0p

2203 3109 2243 3154 1.
2276 3097 2453 3154 Vand.
3211 3131 3213 3133 ι

207 3176 360 3236 5244
505 3184 626 3254 Imp
675 3183 796 3240 Caes
865 3187 1235 3244 Justinianus
1281 3188 1409 3264 Aug
1459 3195 1514 3247 tr
1589 3188 1731 3249 4283

2034 3199 2074 3242 11
2203 3139 2243 3170 ⁸,
2277 3139 2560 3246 Ponifacii
2591 3187 2616 3246 4
2653 3195 2709 3246 et
2736 3189 2788 3248 2.
3381 3199 3482 3260 534

200 3275 276 3347 Θ
335 3279 373 3337 8
432 3296 540 3354 pag
564 3280 614 3353 4,
645 3282 720 3339 5:
753 3298 850 3340 cos
878 3300 917 3342 11
1590 3288 1729 3349 4284

2021 3289 2083 3332 ιιι
2268 3277 2603 3336 Bonifacius
2623 3282 2902 3350 approbat
2932 3291 3087 3356 gesta
3109 3301 3288 3357 syno—

195 3370 273 3443 θ
304 3369 372 3427 49
501 3375 815 3433 Athaltrici
847 3378 1001 3449 regis
1030 3376 1065 3433 5
1089 3382 1146 3433 et
1175 3376 1234 3434 6;

2196 3366 2354 3422 dalia
2375 3369 2564 3425 conci]
2592 3369 2778 3427 Araus
2809 3387 2873 3442 ιι,
2901 3388 3093 3430 mense
3123 3383 3281 3434 sexto

240 3463 294 3516 Ε
498 3465 630 3521 post
678 3468 1043 3525 consulatum
1099 3467 1396 3539 Lampadii
1462 3475 1518 3525 et
2202 3469 2235 3511 a
2269 3463 2494 3525 peracta
2529 3460 2767 3528 synodo.
2801 3461 2943 3518 Vide
2968 3466 3140 3520 Noris
3164 3466 3286 3523 hist

171 3551 366 3607 Indict
422 3551 664 3611 Orestis.

2197 3546 2368 3618 Pelag
2414 3547 2496 3604 lib
2555 3546 2610 3618 2,
2665 3564 2717 3604 c.
2761 3548 2852 3623 23,
2909 3565 3018 3624 pag
3067 3551 3166 3610 334
3202 3562 3286 3614 -θι

164 3655 226 3697 1x
261 3648 314 3698 et
347 3658 386 3700 ι
496 3647 580 3701 Ita
608 3646 874 3718 signatur
910 3647 1006 3702 hic
1046 3660 1236 3703 annus
1265 3647 1324 3703 in
1370 3649 1514 3705 anti-

1177 3663 1236 3703 us
1265 3647 1324 3703 in
1370 3649 1514 3705 anti-
2196 3649 2354 3740 539‘}:
2465 3725 2505 3740 ﬁ
2564 3725 2653 3740 Mi
2708 3727 2719 3740 .

421 3750 535 3806 qua
580 3737 738 3792 inscr
778 3739 1093 3793 Veronensi
1153 3739 1209 3794 S.
1254 3738 1514 3797 Valentis

2265 3725 2420 3781 Idem
2465 3725 2801 3784 Bonifacius
2830 3729 3082 3788 celebrat
3101 3747 3283 3804 syno—

416 3826 592 3896 Episc
624 3825 801 3880 relata
829 3839 860 3881 a
889 3826 1166 3882 Panvinio
1200 3827 1258 3882 in
1301 3829 1507 3897 Fastis,
2193 3816 2329 3872 dum
2391 3815 2725 3881 Romanam.
2782 3817 2838 3874 in
2897 3835 3010 3925 qua
3032 3913 3045 3925 ‘
3075 3830 3277 3925 contra

417 3921 475 3970 et
517 3913 650 3968 alia;
691 3915 839 3984 apud
912 3914 1160 3982 Fabreu,
1215 3929 1322 3987 pag
1366 3913 1510 3990 757;
2191 3919 2438 3962 canones
2465 3920 2852 3965 successorem
2871 3911 2986 3967 sibi
3014 3913 3280 3987 designat

413 4002 714 4058 Fleetvood
770 4001 899 4072 499,
948 4007 1005 4060 et
1034 4004 1159 4059 Gud
1192 4007 1345 4074 apud
1397 4007 1512 4062 Re—
2191 3996 2473 4068 Vigilium
2527 3997 2875 4072 diaconum;
2934 4005 3029 4060 sed
3102 4008 3272 4077 paulo

416 4091 549 4147 land
599 4105 818 4149 necnon
866 4092 948 4148 lib
1006 4107 1184 4149 xcvm
1236 4095 1293 4149 C.
1329 4095 1399 4152 de
1428 4097 1498 4151 E-
1869 4111 1872 4114 ’
2195 4087 2522 4159 postaltera
2553 4087 2793 4144 collecta
2816 4096 3032 4162 synodo
3064 4099 3275 4155 rescin-

419 4183 546 4252 pisc
576 4190 632 4238 et
659 4183 847 4240 Cleric
871 4185 1126 4256 aliisque
1160 4187 1311 4257 apud
1340 4201 1512 4243 eum—-

2185 4178 2275 4234 dit
2317 4177 2438 4247 ipse
2483 4175 2738 4246 pontifex
2768 4193 2938 4236 suum
2966 4183 3273 4256 chirogra-

415 4272 563 4327 dem.
2190 4269 2389 4337 phum.
2463 4267 2607 4322 Vide
2658 4273 2845 4324 tamen
2929 4277 3093 4327 notas
3170 4275 3270 4332 ubi
3366 4343 3383 4354 -

486 4361 850 4419 Amalaricus
906 4363 964 4419 in
1010 4364 1150 4436 Hisp
1220 4379 1317 4422 rex
1378 4371 1507 4437 post

2188 4357 2363 4413 etiam
2431 4357 2668 4412 tertium
2730 4359 3043 4417 Romanum
3125 4375 3271 4420 con—

412 4463 597 4506 annos
622 4467 655 4506 v
679 4454 838 4524 regni
865 4466 898 4508 a
924 4454 1159 4509 Francis
1187 4456 1494 4514 occiditur.
1811 4515 1858 4524 _
2186 4447 2397 4503 θίιίιιῐιι
2463 4454 2814 4505 memoratur
2893 4450 3153 4508 habitum
3208 4454 3267 4510 in

410 4541 583 4597 Petav
631 4555 700 4598 ex
730 4515 897 4614 ἑτι-ες.
944 4544 1137 4599 Turon
1169 4544 1251 4600 lib
1287 4559 1370 4616 ιιι,
1395 4561 1500 4618 cap
1811 4515 1867 4579 D

1811 4515 1867 4579 D
2186 4551 2357 4593 causa
2409 4537 2682 4609 Stephani
2727 4538 3084 4599 Larissensis
3111 4544 3269 4615 episc

367 4667 375 4675 -
416 4630 506 4700 40,
539 4638 594 4688 et
614 4633 851 4705 Procop,
887 4633 970 4689 lib
992 4651 1031 4705 1,
1060 4634 1197 4692 belli
1230 4637 1398 4695 Goth.

783 4647 851 4705 ip,
887 4633 970 4689 lib
992 4651 1031 4705 1,
1060 4634 1197 4692 belli
1230 4637 1398 4695 Goth.
2183 4626 2234 4683 h.
2272 4639 2325 4683 a.

481 4721 808 4778 Amalarico
879 4724 1133 4782 Theudis
1197 4728 1499 4786 successit.

410 4811 554 4866 Vide
594 4813 886 4868 Petavium
920 4814 977 4870 h.
1011 4828 1060 4870 a.

184 4895 337 4956 5245
484 4902 604 4970 Imp
650 4901 771 4957 Caes
821 4903 1188 4962 Justinianus
1235 4906 1362 4979 Aug
1417 4912 1491 4963 tr.
1572 4905 1712 4964 4284
2002 4927 2068 4968 ιιι
2249 4911 2529 4969 Bonifacii
2583 4913 2639 4984 2,
2700 4918 2800 4986 qui
2858 4917 2982 4974 obit
3035 4917 3072 4973 8
3126 4923 3266 4979 Nov.
3358 4921 3468 4984 532

181 4987 254 5056 ﬁt)
313 4989 348 5047 9
409 5004 519 5063 pag
545 4989 597 5058 5,
635 4990 704 5060 6;
734 5006 832 5048 cos
863 5007 925 5048 11.
1569 4997 1711 5057 4285

2017 5015 2071 5056 1v
2180 5002 2422 5056 Joannes
2507 5013 2885 5076 cognomento
2961 5009 3266 5067 Mercurius

173 5080 250 5152 θ
314 5079 336 5135 4
477 5080 801 5137 Athalarici
837 5083 991 5154 regis
1019 5082 1052 5138 6
1078 5088 1136 5139 et
1161 5080 1216 5140 7.
2177 5090 2453 5146 succedit.

184 5173 234 5224 1)
293 5169 333 5224 C
479 5171 691 5227 Iterum
749 5177 876 5241 post
931 5172 1295 5229 consulatum
1320 5175 1491 5231 Lam—
2247 5180 2748 5252 ConstantinOpoli
2780 5187 3264 5250 menseJanuario

156 5259 347 5315 Indict
407 5249 565 5330 padii
615 5268 671 5317 et
700 5262 923 5318 Orestis
953 5263 1220 5334 signatur
1268 5264 1362 5319 hic
1387 5278 1492 5322 an-
2177 5269 2482 5326 vehemens
2537 5249 2751 5327 seditio
2830 5275 3121 5333 excitatur
3193 5249 3264 5338 ob

147 5365 183 5406 ιι
219 5356 274 5404 et
308 5364 365 5406 ιιι
408 5364 519 5407 nus
557 5351 614 5406 in
665 5358 756 5406 vet
790 5353 1034 5422 inscript
1065 5353 1133 5407 ad
1178 5354 1232 5407 S.
1264 5354 1491 5412 Petrum
2177 5359 2456 5415 factiones
2474 5361 2626 5416 Circi
2655 5379 2667 5416 :
2697 5361 2756 5418 in
2791 5379 2901 5434 qua
2925 5367 3205 5437 Hypatius
3229 5386 3262 5429 a

409 5441 467 5495 in
503 5441 781 5511 vinculis,
811 5456 980 5513 quam
1003 5442 1206 5498 videin
1235 5444 1389 5500 notis
1417 5447 1486 5504 ad
2175 5449 2388 5519 populo
2431 5450 2784 5507 acclamatur
2821 5454 2890 5510 ad
2928 5455 3258 5533 imperium,

403 5528 786 5586 Bonifacium.
830 5533 969 5587 Item
1005 5531 1154 5602 leges
1173 5530 1264 5588 50.
1305 5530 1394 5588 53.
1425 5535 1481 5594 C.
2176 5545 2400 5608 postera
2449 5539 2546 5596 die
2576 5546 2780 5610 captus
2818 5549 2874 5599 et
2905 5546 2974 5601 ad
3008 5528 3264 5617 impera;

401 5618 472 5673 de
504 5618 674 5688 Episc
703 5625 760 5675 et
781 5619 1042 5689 Clericis,
1072 5620 1316 5693 aliaeque
1336 5624 1487 5696 apud
2173 5636 2350 5684 torem
2385 5629 2699 5698 perductus
2729 5630 3097 5689 interﬁcitur.
3134 5638 3260 5696 Pro-

405 5706 528 5763 Rel.
2173 5717 2375 5786 copius
2415 5717 2554 5774 libi
2603 5718 2674 5774 de
2702 5718 2852 5778 bello
2898 5724 3146 5786 Persico.
3200 5734 3258 5786 et
