3906 6446
121 378 214 439 764
1038 387 1382 448 CHRONOL.
1419 390 1467 449 A
1504 393 1560 452 S.
1599 393 1988 456 SYLVESTRO
2024 398 2118 457 AD
2155 400 2212 458 S.
2252 401 2463 459 GREG.
2504 401 2579 457 M.
3440 405 3550 466 762

189 507 343 604 τιρηί
429 512 1103 604 Imperatoregﬂonsutes
1158 518 1522 604 Romanorum
1574 521 1732 604 Anni
1802 519 1858 578 A
1934 527 2111 604 Δᾼηηὶ
2180 529 2636 590 Christianorum,
2684 531 2997 586 Judworum
3044 539 3094 588 et
3135 536 3263 604 ﬁni-
3327 534 3486 588 Anni

221 580 339 677 fer;
589 599 675 638 res
716 591 880 652 gestae
925 591 976 640 et
1005 588 1348 644 documenta.
1922 580 2132 669 Olymp.
2186 580 2502 677 "tangant
2909 580 3244 676 ᾜὸηὶξβξέξ,

156 651 336 776 Ῑῖἵξὰθί
1456 668 1726 776 Νξζξςξηξεο
1987 651 2011 666 ν
2072 651 2092 669 ⁸
2278 675 2466 745 Reges,
2496 651 2582 731 r3;
2610 651 2772 748 gesta
2815 651 3246 733 eidecuméntaz
3284 678 3504 733 Christi.

217 723 311 777 nd.
1451 740 1575 805 post
1587 737 1708 790 Pal.

185 859 325 918 5248
472 868 593 938 Imp
638 868 759 924 Caes
813 847 1181 928 Justinianus
1229 871 1357 945 Aug
1412 879 1482 930 tr.
1565 873 1703 932 4287

2006 863 2047 905 ιι
2245 855 2482 912 Joannis
2510 855 2547 913 2
2576 861 2632 913 et
2660 855 2714 922 3,
2750 859 2849 929 qui
2899 857 3021 915 obit
3051 857 3147 912 die
3174 869 3256 945 vi,
3350 853 3456 912 535

194 954 258 1023 ᾗ)
298 951 366 1009 42
404 971 459 1026 p.
493 955 547 1026 8,
581 955 634 1025 9,
668 971 766 1013 cos
799 972 875 1012 ιν.
1325 941 1349 945 ⁷
1563 962 1704 1022 4288

1991 951 2056 994 ιιι
2167 941 2294 998 Kal.
2333 944 2492 1000 Junii
2539 961 2670 1002 cum
2699 948 2945 1004 sedisset
2981 959 3163 1001 annos
3200 942 3253 1013 2,

183 1047 254 1119 θ
302 1045 336 1102 4
481 1047 756 1102 Τῃθοίιδιῑ
792 1048 946 1119 regis
978 1047 1002 1104 4
1038 1053 1093 1105 ει
1121 1047 1175 1105 2,
2171 1044 2393 1088 menses
2423 1031 2474 1104 4,
2497 1035 2626 1092 dies
2647 1035 2700 1092 6.
2729 1038 2809 1091 Ex
2833 1036 2988 1092 Catal
3011 1034 3256 1090 Lucensi

237 1135 282 1191 G
471 1140 580 1191 cos
606 1136 929 1193 Belisarius
959 1138 1121 1194 solus
1145 1138 1240 1194 Or.
2169 1126 2283 1178 tom
2335 1125 2379 1178 Π
2426 1125 2482 1179 in
2536 1126 2660 1195 ιηὀι
2711 1125 2789 1182 fol
2834 1141 2952 1196 xxx,
3003 1126 3258 1195 aliisque

147 1225 345 1280 Indict.
467 1227 786 1282 Justiniani
829 1228 1027 1283 Novell
1073 1228 1120 1296 ι,
1161 1228 1216 1299 3,
1249 1227 1301 1296 ιι,
1333 1226 1390 1300 7,
1430 1228 1484 1302 9,
2167 1213 2318 1281 apud
2367 1214 2602 1284 Pasium
2626 1215 2694 1302 ii-
2727 1231 2780 1272 a-
2812 1215 3069 1272 Cessavit
3112 1215 3256 1284 Epi-

203 1328 310 1369 XIII
398 1319 528 1381 etc.,
554 1316 704 1384 apud
735 1315 970 1371 Reland.
1001 1319 1060 1372 In
1082 1318 1255 1374 Occid
1283 1300 1489 1389 appelé
2171 1305 2444 1389 θαρρειξιε
2475 1303 2601 1358 dies
2624 1300 2680 1358 7-

169 1411 219 1459 et
249 1417 343 1459 xxv
406 1403 558 1460 latur
588 1405 763 1459 etiam
799 1405 894 1460 hic
923 1419 1112 1463 annus
1135 1413 1256 1476 post
1283 1386 1488 1463 consu-
2237 1387 2342 1441 Die
2366 1386 2401 1443 3
2428 1389 2587 1445 Junii
2635 1391 2941 1446 ordinatur
2982 1390 3259 1445 ΑελΡίτυε

401 1493 572 1547 latum
621 1495 849 1548 Paulini
897 1497 1144 1552 Junioris
1195 1499 1258 1553 V.
1312 1497 1369 1552 Ο.
1422 1503 1488 1554 ut.

2169 1489 2519 1534 successor:
2571 1479 2671 1550 qui
2717 1493 2750 1535 a
2792 1481 3081 1535 Theodato
3131 1492 3259 1550 rege

398 1581 459 1637 in
511 1583 671 1638 Actis
720 1583 960 1640 concilii
1008 1585 1373 1656 Avernensis,
1416 1587 1488 1644 de
2167 1565 2487 1656 90mm“!
2521 1568 2581 1623 in
2613 1568 2958 1640 legationem
2998 1569 3257 1625 (ίίτθθίυδ

400 1685 514 1743 quo
597 1673 808 1744 pagius
887 1674 984 1730 hic
1066 1680 1123 1731 ει
1201 1677 1272 1733 ad
1349 1654 1480 1734 ann.
2167 1654 2729 1744 Constantinopolim
2773 1659 2928 1715 venit
2981 1659 3037 1715 h.
3083 1671 3134 1714 a.
3191 1662 3254 1714 ut

396 1759 522 1818 544,
684 1743 699 1744 ί
2171 1743 2341 1800 habet
2374 1746 2667 1803 Marcellin
2705 1749 2765 1804 in
2797 1748 2998 1804 chron.

471 1852 710 1908 Initium
742 1852 879 1909 belli
905 1853 1136 1911 Gothici
1169 1855 1237 1912 ad
1261 1856 1488 1913 Italiam
1804 1855 1857 1916 B
2171 1923 2184 1934 _
2214 1835 2605 1934 Epiphanius
2626 1839 2942 1934 Episcopus
2966 1838 3136 1934 regiae
3157 1836 3256 1893 Ur-

400 1943 850 2012 recuperandam
880 1944 1041 2015 (Vide
1071 1947 1242 2002 Noris
1274 1947 1344 2001 de
1373 1947 1486 2018 Syn

2170 1923 2262 1979 bis
2280 1930 2413 1979 ante
2435 1925 2739 1982 adventum
2764 1928 3004 1983 Romani
3036 1941 3251 1997 praesu-

399 2032 466 2087 V.
503 2047 556 2101 p.
597 2028 686 2102 26)
722 2033 820 2102 qui
852 2012 920 2088 ad
948 2033 1209 2090 Siciliam
1249 2012 1491 2107 recup'e-
2171 2012 2248 2107 iis
2286 2014 2540 2107 Florum
2581 2033 2593 2069 ε
2639 2017 2808 2086 cuius
2859 2018 3254 2087 ePiSCOPan

401 2122 638 2178 randam
727 2121 944 2179 missus
1033 2133 1318 2194 postremo
1388 2102 1486 2183 'sui
2169 2102 2480 2160 Anthimus
2506 2110 2705 2161 contra
2735 2120 3003 2176 canones,
3035 2107 3255 2175 Trape—

400 2211 742 2267 consulatus
790 2213 887 2268 die
945 2212 1256 2284 Syracusas
1305 2217 1488 2272 νίειοιι
2169 2194 2412 2284 Ζιιιιῐίιιει
2443 2194 2698 2252 Ecclesia
2740 2196 2960 2264 relicta,
3007 2195 3248 2251 invadit.

402 2298 753 2369 ingreditur.
803 2281 1017 2372 Procop
1047 2303 1116 2359 de
1147 2304 1295 2360 bello
1332 2304 1482 2362 Goth
2169 2281 2278 2338 Ibi-

400 2387 439 2442 ι,
493 2386 542 2458 4,
595 2403 649 2444 η,
693 2387 745 2444 4,
795 2390 935 2447 Vide
981 2371 1145 2450 ξιοωδ
1183 2395 1252 2451 ad
1300 2397 1480 2452 “an-
2242 2371 2573 2429 Bonifacius
2613 2373 2784 2430 Carth
2828 2375 2999 2445 Episc
3036 2387 3066 2429 e
3111 2373 3258 2430 vivis

400 2479 622 2533 nemn,
2167 2463 2412 2518 excedit.
2476 2465 2793 2534 Reparatus
2851 2465 2903 2521 ei
2973 2463 3250 2520 sutfectus

2167 2551 2483 2608 concilium
2533 2553 2796 2623 generale
2839 2552 3048 2608 Africa:
3100 2553 3256 2608 cele—

2171 2638 2298 2695 brat
2348 2658 2360 2695 :
2415 2641 2510 2696 cui
2566 2641 2848 2713 Agapitus
2904 2641 3252 2714 gratulatur.

2168 2729 2309 2785 Vide
2339 2729 2607 2786 Ruinart.

174 2829 324 2888 5249
467 2836 588 2906 Imp
617 2835 738 2892 Caes
766 2835 1137 2895 Justinianus
1164 2839 1292 2912 Aug
1321 2843 1394 2896 tr.
1423 2855 1479 2912 p.
1560 2839 1700 2898 4288

1992 2849 2056 2891 ιιι
2238 2835 2471 2907 Agapiti
2509 2833 2558 2905 4,
2602 2837 2702 2908 qui
2733 2843 2950 2894 remoto
2980 2837 3253 2893 Anthimo
3347 2833 3453 2894 536

177 2925 254 2996 fa
294 2921 358 2980 l3
395 2923 448 2996 9,
485 2923 570 2993 40,
604 2939 702 2982 cos
733 2939 810 2980 ιν.
1558 2929 1698 2990 4289

1989 2938 2045 2980 1v
2156 2925 2415 2982 Mennam
2445 2928 2601 2997 episc
2627 2927 2940 2985 constituit
2962 2927 3059 2984 die
3091 2942 3131 2983 ιι
3171 2928 3245 2985 Id.

161 3007 249 3090 ’θ
285 3015 322 3074 5
464 3015 738 3072 Theodati
774 3016 926 3089 regis
955 3014 1010 3087 2,
1039 3014 1094 3089 3,
1126 3019 1228 3090 qui
1255 3011 1485 3077 occid’i-
2163 3017 2330 3071 Mart.
2374 3017 2514 3072 Vide
2558 3018 2690 3074 card
2737 3019 2908 3074 Noris
2936 3018 3006 3074 de
3053 3032 3167 3074 uno
3196 3018 3254 3073 in

169 3110 216 3163 F
253 3107 303 3162 Ε
391 3111 504 3172 tur,
540 3106 880 3162 succedente
917 3109 1119 3177 Vitige.
2163 3105 2354 3161 Trinit
2378 3120 2544 3176 passo
2574 3121 2678 3178 cap
2706 3104 2791 3177 40,
2817 3111 2942 3165 obit
2965 3108 3254 3164 Constan—

129 3196 349 3254 Indici.
469 3197 602 3252 Post
632 3197 996 3254 consulatum
1028 3198 1317 3256 Belisarii.
1797 3203 1848 3266 α
2167 3195 2413 3266 tinopoli
2464 3194 2536 3252 22
2580 3196 2804 3268 Aprilis
2853 3212 2966 3270 qua
3014 3198 3250 3254 colitur.

194 3299 300 3341 xxv
471 3287 553 3341 Ita
601 3286 868 3358 signatur
911 3287 1008 3343 hic
1057 3302 1246 3345 annus
1286 3289 1411 3347 Act.
1458 3293 1482 3348 1
2163 3283 2387 3354 Corpus
2416 3286 2653 3342 Romam
2697 3287 2940 3345 relatum
2975 3287 3256 3357 sepelitur

169 3380 224 3432 et
245 3388 321 3431 xv
399 3375 634 3431 concilii
666 3377 1087 3447 Constantinop
1111 3385 1166 3434 et
1195 3379 1254 3435 in
1286 3379 1480 3436 Novell
2167 3385 2248 3427 XII
2283 3373 2386 3428 Kal
2418 3374 2542 3430 Oct.
2595 3374 2899 3431 Liberatus
2945 3375 3004 3430 in
3034 3376 3171 3430 Brev
3203 3383 3259 3431 et

391 3465 712 3521 Iustiniani
749 3464 835 3538 46,
872 3464 959 3538 48,
1001 3473 1134 3537 etc.,
1183 3469 1334 3538 apud
1369 3470 1486 3525 ne.
2163 3459 2407 3516 Anastas
2438 3469 2492 3518 et
2525 3464 2843 3520 Marcellin.
2886 3465 3055 3519 Vacat
3096 3463 3260 3518 sedes

394 3553 548 3610 land.
609 3555 842 3612 Dicitur
893 3557 1067 3612 etiam
1118 3559 1318 3611 iterum
1359 3563 1485 3627 post
2163 3548 2290 3604 dies
2308 3547 2398 3605 28.
2430 3551 2734 3607 SILVEBIUS
2763 3565 3063 3608 successor
3084 3551 3253 3608 ordi-

393 3646 739 3700 consulatum
785 3646 1011 3700 Paulini
1057 3647 1117 3700 in
1160 3647 1323 3718 antiq
1368 3647 1481 3718 lap.
2165 3644 2340 3693 nam?
2384 3639 2480 3694 die
2532 3641 2834 3696 Dominica
2862 3638 2899 3695 8
2939 3641 3071 3696 Jun.
3118 3640 3259 3697 Vide

391 3735 545 3806 apud
579 3735 804 3806 Aringh
834 3735 1009 3790 Tomo
1041 3737 1108 3804 II,
1143 3750 1197 3805 p.
1230 3734 1356 3792 693.
2167 3730 2332 3782 notas
2362 3727 2432 3783 ad
2467 3728 2800 3799 Agapitum.

464 3822 642 3879 Gothi
682 3823 920 3891 Vitigem
962 3836 1147 3894 regem
1180 3830 1394 3896 creant,
1428 3831 1484 3883 et

2239 3817 2298 3871 In
2346 3817 2574 3887 Synodo
2615 3817 3098 3889 ConstantinOpol
3145 3819 3253 3876 da-

387 3913 751 3967 Theodatum
802 3912 1095 3968 occidunt.
1153 3916 1366 3986 Procop
1415 3917 1484 3974 de

2165 3913 2439 3962 mnantur
2468 3907 2728 3978 Severus,
2763 3908 2965 3964 Petrus
3009 3908 3257 3980 Apame-

390 3999 547 4057 bello
592 4000 740 4055 Goth
788 3999 872 4056 lib
920 3999 969 4072 4,
1023 4015 1159 4058 num
1210 3999 1296 4059 42,
1348 4003 1484 4062 Vide
2164 4008 2294 4062 nus,
2344 3997 2536 4067 Zoras,
2583 4001 2640 4051 et
2686 3996 2998 4054 Anthimus
3047 3999 3144 4055 die
3186 3996 3250 4055 2|

394 4092 512 4162 Pag
547 4090 603 4144 h.
637 4104 688 4146 a.
727 4104 782 4145 ιι.
815 4088 868 4146 2.
2164 4085 2323 4140 Maii.
2359 4086 2499 4142 Vide
2542 4085 2839 4142 Norisium
2871 4089 2942 4145 de
2969 4089 3154 4160 Synod
3188 4090 3252 4160 V,

467 4179 785 4236 Belisarius
802 4179 1169 4252 Campaniam
1191 4185 1482 4242 transiens
2163 4173 2295 4231 ΟΕΟ·
2331 4189 2434 4246 cap
2463 4174 2517 4230 9·

396 4269 695 4339 Neapolim
768 4275 971 4329 vastat.
1048 4274 1366 4331 Marcellin.
1426 4281 1484 4331 et

2236 4263 2690 4333 Euphratensem
2733 4262 2977 4319 limitem
3017 4265 3251 4337 ingres—

396 4373 592 4416 mense
649 4361 924 4418 Decembr
997 4364 1229 4421 Romam
1308 4380 1482 4422 νεου-
2164 4365 2228 4408 sa
2280 4365 2354 4408 xv
2417 4352 2603 4408 millia
2669 4353 3082 4409 Saracenorum
3143 4352 3250 4409 sub

389 4456 570 4521 perat.
629 4452 771 4509 Vide
827 4453 1064 4526 Pagium
1122 4456 1193 4512 ad
1251 4469 1364 4512 ann
1412 4469 1513 4529 seq
2165 4439 2554 4498 Alamundaro
2585 4442 2656 4499 ob
2687 4441 2972 4499 defectum
3007 4455 3256 4514 pascuo—

397 4552 535 4595 num
567 4536 601 4595 4
1800 4555 1853 4616 D
2167 4545 2295 4588 rum
2331 4545 2443 4602 pra:
2481 4532 2748 4589 siccitate
2796 4533 2856 4589 in
2893 4534 3121 4590 Perside
3149 4546 3257 4589 ex—

2167 4626 2413 4692 pertum,
2447 4621 2738 4679 industria
2768 4623 2990 4679 Ducum
3025 4623 3255 4679 limita—

2167 4723 2402 4767 neorum
2447 4715 2720 4768 arcentur
2759 4726 2792 4769 a
2828 4712 2978 4770 bello
3026 4713 3122 4770 cui
3152 4713 3252 4768 in—

2168 4799 2426 4857 hiabant.
2463 4801 2782 4858 Marcellin.

163 4895 318 4954 5250
468 4897 587 4968 Imp
615 4897 734 4954 Caes
766 4898 1135 4957 Justinianus
1162 4899 1290 4974 Aug
1321 4904 1390 4958 tr.
1419 4917 1476 4973 p.
1557 4900 1696 4960 4289

1925 4907 2117 4978 Olymp
2237 4908 2471 4964 Silverii
2509 4907 2532 4963 4
2570 4914 2626 4965 et
2649 4907 2705 4965 2.
3343 4903 3448 4964 537

166 4991 244 5061 ﬁ)
286 4982 354 5042 44
398 4984 483 5056 40,
521 4985 606 5058 44,
641 5002 739 5044 cos
769 5002 847 5043 ιν.
1557 4991 1696 5050 4290

1963 4995 2070 5052 328
2231 4997 2514 5053 Silverius
2543 4998 2914 5068 imperatoris
2940 4998 3113 5067 jussu
3143 4997 3251 5053 de—

165 5083 246 5156 θ
309 5081 345 5138 6
454 5079 670 5151 Vitigis
704 5080 857 5152 regis
888 5075 910 5134 4
947 5083 1003 5135 et
1035 5076 1089 5134 2.
1986 5099 2042 5141 1v
2154 5085 2395 5156 ponitur
2437 5085 2510 5141 ab
2535 5087 2869 5156 episcopatu
2900 5085 2996 5141 die
3031 5083 3098 5141 49
3127 5088 3250 5142 No-

218 5175 269 5227 D
467 5172 684 5226 Iterum
737 5177 866 5240 post
909 5167 1276 5226 consulatum
1322 5167 1481 5225 Beli-
1993 5180 2042 5230 et
2152 5174 2348 5232 vembr
2403 5175 2633 5246 (Pagius
2683 5173 2857 5231 refert
2911 5176 2980 5232 ad
3031 5173 3140 5246 22),
3198 5182 3256 5233 et

148 5261 344 5319 Indict
395 5260 560 5317 sarii.
1967 5261 2073 5319 329
2171 5263 2411 5332 Vigilius
2457 5261 2743 5318 diaconus
2784 5264 2842 5319 in
2894 5265 3020 5332 ejus
3059 5264 3250 5321 locum

204 5363 282 5406 xv
458 5347 830 5404 Justinianus
875 5347 1029 5404 Auth
1073 5347 1194 5405 Coll
1229 5363 1280 5419 v,
1315 5349 1388 5405 tit
1417 5347 1470 5421 2,
2008 5367 2025 5409 I
2161 5353 2508 5423 intruditur,
2566 5352 2872 5409 ordinatus
2936 5353 3246 5424 episcopus

191 5445 246 5496 et
281 5452 298 5494 I
392 5436 567 5494 Novel
595 5433 685 5509 47,
716 5451 868 5494 anno
898 5439 1078 5495 altero
1108 5443 1236 5508 post
1255 5452 1476 5496 consu-
2161 5442 2257 5497 die
2285 5439 2357 5498 22
2384 5442 2503 5497 Nov
2524 5440 2772 5497 biblioth
2803 5441 2862 5497 in
2889 5442 3108 5513 Vigilio
3134 5450 3253 5500 sect

386 5525 570 5582 latum
599 5525 890 5596 Belisarii,
921 5540 1089 5598 quem
1117 5527 1326 5584 asserit
1355 5541 1480 5586 esse
2166 5528 2287 5588 404.

390 5615 624 5686 imperii
687 5618 780 5674 sui
841 5618 1233 5689 undecimum,
1299 5625 1357 5675 et
1409 5633 1478 5676 ex
2234 5619 3251 5680 DecennaliaJustinianih.a.com-

393 5704 499 5761 Kal
547 5705 771 5776 Aprilis
817 5721 902 5764 χιι
953 5705 1215 5766 futurum
1268 5710 1509 5798 statuit.
2158 5709 2310 5781 pleta
2342 5709 2610 5766 observat
2635 5709 2846 5782 Pagius
2873 5710 2983 5768 Sen
3029 5723 3087 5767 n.
3118 5711 3154 5769 6
3185 5713 3245 5770 in
