3906 6406
161 405 275 466 765
1107 408 1454 468 CHRONOL.
1494 412 1540 471 Α
1577 415 1632 472 S.
1676 415 2068 478 SYLVESTRO
2104 421 2198 478 AD
2233 423 2285 479 S.
2330 424 2537 482 GREG.
2583 428 2655 482 M.

257 607 382 732 ξειὶ.
562 607 565 608 ⁷
605 625 690 665 res
719 615 909 678 gestae,
942 614 994 664 et
1025 611 1372 667 documenta.

297 695 332 731 α
365 720 376 730 .

297 695 376 731 αι.

528 983 853 1041 Consilium
885 985 1164 1042 Romanis
1184 992 1308 1042 erat
1344 987 1550 1045 Ostro-

457 1074 664 1144 gothos
694 1075 898 1130 Piceno
921 1074 1223 1144 expellere.
1257 1077 1356 1131 llis
1376 1077 1550 1132 Theo-

457 1162 728 1218 debertus
758 1165 1103 1219 Francorum
1124 1164 1238 1220 Rex
1256 1167 1546 1235 superatis

454 1250 721 1320 Alpibus,
745 1259 1079 1324 vastataque
1119 1253 1356 1320 Liguria
1388 1257 1553 1312 auxi-

456 1340 602 1396 lium
677 1339 910 1411 ferebat,
969 1342 1064 1397 sed
1126 1342 1342 1398 litteris
1397 1343 1550 1400 Beli—

466 1431 609 1486 sarii
656 1445 867 1486 suasus
922 1433 981 1487 in
1027 1432 1324 1488 Franciam
1377 1434 1582 1514 redit._

458 1520 667 1592 Pagius
692 1535 761 1576 ex
794 1523 1091 1592 Procopio.

239 1627 390 1687 5253
534 1631 654 1699 Imp
689 1630 808 1684 Caes
842 1630 1210 1686 Justinianus
1236 1628 1365 1702 Aug
1387 1635 1460 1686 tr.
1492 1646 1544 1701 p.

232 1723 307 1795 Θ
347 1726 412 1784 47
473 1727 559 1798 43,
592 1725 677 1797 44,
711 1741 917 1783 cos1v.

227 1817 305 1890 ο
365 1816 400 1873 9
535 1818 760 1874 Ararici
812 1818 983 1890 Regis
1037 1816 1189 1874 Goth
1239 1815 1288 1889 4,
1343 1818 1548 1875 Totilae

241 1908 299 1961 A
346 1907 391 1963 G
463 1907 635 1980 Regis
669 1903 717 1962 4.

234 1998 426 2052 Indict
532 1998 638 2053 Cos
684 1996 953 2053 Justinus
1007 1997 1214 2053 Junior
1270 1996 1369 2054 0r.
1421 1997 1547 2054 sine

279 2100 345 2142 ιιι
459 2087 697 2158 collega.

237 2181 297 2230 et
327 2189 382 2230 IV
527 2177 846 2232 Justiniani
879 2176 1074 2232 Novell
1101 2175 1172 2232 98
1197 2181 1254 2232 et
1286 2178 1546 2248 Pragmat

464 2271 646 2320 sanet.
706 2273 761 2322 et
809 2266 1066 2334 epistolae
1122 2267 1328 2337 Vigilii
1385 2267 1546 2336 Papae

462 2354 608 2410 data:
643 2355 746 2410 hoc
773 2369 870 2410 cos
897 2369 968 2409 xv
994 2355 1093 2410 Kal
1126 2355 1338 2412 Octobr
1380 2355 1550 2411 Noris

475 2445 545 2499 de
579 2444 691 2514 Syn
725 2446 786 2513 V,
819 2460 870 2514 p.
903 2444 958 2499 8.
987 2446 1218 2501 Dicitur
1247 2446 1420 2500 etiam
1457 2445 1552 2500 hic

459 2546 646 2589 annus
675 2535 865 2589 sexies
908 2536 967 2588 P.
999 2536 1039 2588 C
1073 2535 1300 2590 Paulini
1342 2536 1450 2590 Jun
1486 2548 1544 2590 ιι.

459 2625 583 2679 Non
639 2625 853 2680 Januar
897 2625 956 2679 in
995 2638 1205 2694 papyro
1242 2625 1398 2680 Vatic
1441 2638 1540 2695 ap.

466 2711 727 2768 Maffeum
759 2713 882 2784 dipl
917 2728 1023 2785 pag
1068 2711 1189 2769 458.

532 2801 649 2858 Sub
703 2802 808 2858 hoc
857 2802 1172 2859 Consulatu
1200 2801 1419 2858 Justini
1449 2802 1549 2857 Ju-

464 2891 653 2948 nioris
704 2893 893 2948 Indict
943 2907 1006 2949 ιιι
1057 2893 1246 2949 Chron
1279 2891 1552 2948 Paschale

463 2989 726 3040 numerat
754 2982 1147 3054 Olympiadem
1179 2995 1411 3038 cccxxx.

536 3074 913 3129 Hildebaldus
982 3087 1134 3129 anno
1208 3074 1394 3143 primo
1454 3072 1548 3128 sui

465 3163 644 3236 Regni
674 3164 985 3220 occiditur.
1021 3164 1136 3220 Rex
1157 3163 1380 3220 dicitur
1398 3162 1552 3218 Ara-

467 3253 646 3309 ricus.

534 3342 800 3398 Salomon
828 3355 859 3397 a
887 3341 1218 3398 Justiniano
1243 3341 1458 3397 missus
1490 3341 1550 3397 in

464 3431 716 3488 Africam
761 3438 961 3488 contra
1018 3433 1246 3487 Mauros
1301 3430 1550 3486 feliciter

461 3523 748 3579 dimicans
822 3521 1169 3578 rebelliones
1227 3520 1541 3590 perturbat.

462 3613 844 3669 Continuator
881 3609 1224 3666 Marcellini.
1271 3609 1411 3665 Vide
1443 3611 1553 3666 Pa—

460 3703 626 3775 gium
655 3701 710 3756 h.
744 3715 796 3757 a.
831 3714 886 3754 ιι.
926 3696 1014 3754 43.

228 3845 388 3907 5254
536 3849 658 3915 Imp
681 3841 1188 3900 Caeslustinianus
1231 3841 1357 3913 Aug
1385 3845 1458 3896 tr.
1494 3856 1546 3912 p.

229 3947 300 4014 Θ
341 3942 410 4001 48
470 3941 557 4012 44,
591 3939 678 4008 45,
705 3941 905 3996 Costv.
1069 3937 1072 3940 ’

217 4037 294 4110 θ
328 4031 400 4092 40
539 4031 741 4086 Τοίίιω
771 4030 924 4102 regis
955 4027 1006 4083 4.

294 4127 352 4182 F
535 4125 555 4145 ¹
599 4122 708 4176 Cos
751 4119 1002 4176 Basilius
1048 4118 1256 4174 Junior
1302 4115 1398 4172 0r.
1428 4115 1554 4173 sine

210 4215 412 4272 Indict
467 4211 706 4284 collega,
739 4217 795 4266 et
841 4210 1194 4281 privatorum
1230 4214 1557 4278 postremus

273 4319 335 4361 tv
461 4302 562 4374 qui
619 4301 864 4373 gesserit
943 4298 1333 4356 consulatum.
1414 4297 1555 4354 Vide

239 4399 293 4451 et
321 4405 360 4447 ν
461 4391 698 4446 Panvin.

463 4484 483 4504 '
511 4483 684 4536 Vetus
716 4479 1024 4549 inscriptio
1045 4477 1432 4549 Sedaignuchi
1466 4491 1561 4532 cu—

465 4570 742 4626 bicularii
772 4571 926 4641 regis
941 4569 1283 4624 Theodorici
1316 4568 1426 4637 dep
1457 4567 1558 4621 Ra-

467 4674 662 4716 venna:
709 4674 780 4715 IV.
817 4661 897 4715 ld.
933 4659 1172 4715 Martias
1202 4657 1419 4714 Basilio
1443 4658 1553 4712 Jun

464 4751 538 4806 V.
590 4751 650 4806 C.
685 4753 854 4806 Cons.
887 4749 1212 4806 lndictione
1243 4754 1473 4820 quarta,
1501 4752 1560 4803 et

462 4840 660 4897 Concil
683 4839 859 4895 Aurel
891 4838 979 4902 IV,
1008 4839 1079 4894 de
1109 4852 1223 4909 quo
1250 4838 1462 4910 Pagius
1482 4837 1552 4892 ad

463 4944 575 4986 ann
607 4927 734 4992 545,
768 4943 900 4984 num
933 4926 988 4984 9.

528 5022 666 5076 Item
715 5018 1036 5074 Iustiniani
1070 5017 1320 5073 Novella:
1352 5030 1384 5071 a
1428 5012 1551 5086 407,

463 5109 530 5166 ad
565 5105 690 5180 446,
727 5123 819 5179 ap.
879 5108 1001 5163 Bel.
1059 5109 1140 5161 Ex
1173 5107 1300 5174 ejus
1323 5105 1556 5161 Novella

460 5197 580 5268 405,
614 5198 855 5254 deducit
884 5196 1093 5268 Pagius
1125 5209 1359 5250 causam
1402 5208 1548 5248 con-

461 5289 692 5344 sulatus
731 5289 802 5344 de
849 5294 1054 5343 czetero
1110 5299 1221 5340 non
1262 5285 1341 5340 ita
1383 5283 1553 5340 facile

465 5379 712 5448 privatis
755 5375 1102 5433 decernendi
1169 5379 1401 5444 propter
1449 5388 1557 5429 ex—

467 5482 670 5539 pensas
713 5482 744 5522 a
777 5465 1056 5536 Proc0pio
1097 5463 1386 5520 iudicatas
1433 5463 1552 5518 hist

464 5558 650 5614 Arcan
681 5573 728 5612 c.
756 5554 847 5613 26.

540 5648 845 5704 Araricum
877 5660 910 5702 a
937 5643 1143 5715 Rugis,
1171 5642 1274 5714 qui
1306 5657 1436 5700 cum
1459 5643 1565 5699 Go-

474 5737 595 5794 this
639 5745 824 5809 erant,
855 5735 1102 5794 electum
1145 5747 1333 5808 regem
1385 5734 1559 5792 Gothi

1625 617 1686 670 U.
1718 615 1775 670 C.

1587 691 1715 740 ante
1745 692 1796 741 et

211 753 265 804 et
301 750 432 806 Ind.
1525 759 1832 826 postPalil.

1989 620 2202 694 Olymp.

2056 1622 2120 1664 ΠΙ

2053 1711 2108 1753 ιν

1625 1629 1765 1689 4292

1625 1729 1765 1787 4293
1879 1777 1884 1782 .

1629 3840 1770 3899 4293

1631 3937 1770 3996 4294

2015 3858 2170 3925 Olym

2044 3944 2150 4002 329

2063 4049 2116 4090 ιν

2066 4130 2116 4180 et

2044 4212 2152 4271 330

2231 964 2492 1021 mittitur
2526 967 2595 1023 ad
2646 967 3065 1023 Iustinianum.
3100 970 3316 1040 Procop

2231 1053 2314 1108 lib
2362 1069 2398 1110 ιι
2431 1055 2500 1110 de
2531 1056 2686 1112 Bello
2728 1058 2877 1113 Goth
2924 1073 3029 1128 cap
3054 1055 3141 1114 28.
3180 1059 3321 1114 Vide

2230 1143 2344 1214 Pag
2395 1145 2461 1200 ad
2513 1159 2624 1200 ann
2669 1144 2794 1209 540,
2844 1161 2979 1202 num
3015 1163 3089 1202 x1.
3135 1148 3308 1204 Gorhi

2232 1231 2633 1289 Hildebaldum
2685 1235 2799 1290 sibi
2852 1250 3034 1308 regem
3093 1239 3321 1292 consti-

2233 1325 2428 1376 tuunt.
2458 1323 2672 1393 Procop
2693 1331 2748 1380 et
2773 1327 2880 1396 Pag
2909 1325 3012 1379 ibi.

2306 1411 2681 1468 llildebaldus
2703 1420 2829 1482 post
2858 1414 3104 1484 Vitigem
3129 1428 3195 1469 ex
3224 1416 3322 1470 Ve—

2236 1513 2388 1556 ronae
2440 1501 2585 1556 duce
2619 1515 2714 1557 rex
2739 1502 3060 1559 Gothorum
3100 1503 3315 1559 dictus.

2306 1611 2508 1681 Vigilii
2545 1608 2580 1666 2
2610 1616 2665 1666 et
2694 1609 2747 1667 3.

2306 1699 2500 1754 Parthi
2531 1701 2752 1771 Syriam
2792 1702 3037 1773 ingressi
3097 1703 3310 1758 multas

2233 1787 2404 1844 urbes
2431 1789 2794 1846 subvertunt.
2847 1793 3154 1848 Antiochia
3190 1807 3319 1849 ma-

2228 1891 2336 1948 gna
2363 1878 2679 1935 demolitur
2705 1895 2737 1936 a
2768 1882 2973 1937 Persis.
2998 1883 3316 1938 Marcellin.

2231 1966 2418 2022 Chron
2468 1968 2672 2024 Malala
2726 1969 2892 2025 addit
2951 1970 3318 2027 Antiochiam

2232 2062 2455 2125 captam
2485 2071 2672 2114 mense
2701 2060 2830 2115 Jun.
2872 2060 3060 2115 Indict
3081 2058 3133 2116 3.

2299 2147 2660 2203 Theodosius
2701 2150 2859 2218 episc
2895 2150 3320 2206 Alexandrinus

2231 2249 2359 2292 cum
2387 2237 2640 2306 recipere
2664 2239 2841 2294 nollet
2860 2241 3138 2310 synodum
3161 2240 3322 2295 Chal-

2232 2326 2630 2395 cedonensem,
2686 2342 2717 2384 a
2756 2330 2973 2399 Vigilio
3004 2343 3145 2400 papa
3173 2341 3320 2385 ana-

2235 2415 2482 2471 themate
2512 2418 2846 2486 percellitur
2869 2425 2924 2474 et
2949 2421 3322 2476 aJustiniano

2235 2505 2477 2575 pellitur
2526 2505 2584 2561 in
2644 2508 2939 2565 exsilium.
3013 2511 3185 2565 Noris
3251 2510 3322 2567 de

2237 2608 2339 2666 syn
2371 2610 2402 2650 v
2431 2610 2538 2668 pag
2564 2594 2620 2652 8.

2319 3851 2522 3925 Vigilii
2545 3849 2580 3906 3
2607 3856 2664 3907 et
2689 3848 2742 3906 4.

2311 3943 2412 3997 His
2460 3956 2586 3997 coss
2644 3955 2716 3996 xv
2763 3941 2865 3996 Kal
2895 3940 3061 4011 April
3093 3942 3328 4000 Novella

2239 4033 2430 4088 Justin
2485 4043 2658 4085 cxxxx
2712 4032 3026 4087 secundum
3076 4047 3141 4089 ea
3198 4048 3327 4104 quze

2237 4123 2478 4179 definita
2531 4127 2670 4177 sunt
2718 4135 2748 4176 a
2777 4123 3148 4179 sanctissimo
3177 4126 3324 4194 Papa

2241 4213 2458 4284 Vigilio
2513 4225 2656 4267 nova
2688 4212 3028 4280 Metropolis
3060 4213 3328 4269 Ecclesiae

2241 4302 2586 4358 Justinianae
2621 4301 2818 4370 prima:
2847 4301 3117 4371 erigitur,
3145 4303 3328 4357 Thes-

2241 4392 2695 4449 salonicensium
2755 4392 3001 4446 Primate
3043 4392 3328 4462 antiquis-

2239 4483 2386 4538 sima
2432 4481 2846 4552 jurisdictione
2888 4482 3129 4551 privato.
3189 4481 3331 4537 Vide
3425 4531 3439 4548 κ

2238 4572 2410 4628 Noris
2439 4572 2509 4627 de
2530 4571 2717 4642 Synod
2758 4571 2822 4639 V,
2847 4585 2894 4626 c.
2942 4567 2994 4641 4,
3027 4587 3080 4642 p.
3105 4568 3196 4627 34.

2313 4661 2527 4718 Paulus
2565 4661 3080 4718 Tabennositarum
3128 4663 3333 4716 Mona—

2237 4752 2477 4808 chorum
2509 4752 2852 4820 praepositus
2869 4765 2902 4806 a
2923 4749 3329 4806 defensoribus

2236 4841 2449 4910 Synodi
2471 4841 2791 4895 Chalcedon
2822 4839 3130 4896 ordinatur
3161 4839 3330 4908 Episc

2241 4929 2379 4983 Alex
2408 4942 2538 4982 cum
2562 4928 2943 4996 Theodosius,
2987 4933 3044 4982 et
3071 4928 3326 4995 Gajanus

2243 5017 2396 5086 pulsi
2439 5023 2629 5072 essent
2656 5017 2712 5070 in
2744 5015 3012 5071 exilium.
3057 5015 3138 5071 Ibi
3185 5031 3239 5086 p.
3290 5016 3327 5071 8

2241 5120 2309 5161 ex
2333 5106 2459 5160 Vict
2477 5105 2683 5159 'l‘unun
2710 5105 2985 5173 aliisque.

2309 5196 2386 5249 Ex
2431 5193 2598 5247 Italia
2645 5200 2941 5248 revocatus
2962 5193 3033 5248 ab
3073 5197 3331 5264 Impera-

2241 5289 2364 5338 tore
2416 5282 2732 5336 Belisarius
2779 5283 3114 5352 Byzantium
3151 5286 3328 5341 venit.

2241 5372 2326 5429 lbi
2368 5373 2628 5429 traducta
2665 5371 2880 5442 hyeme,
2919 5374 3152 5430 ineunte
3181 5390 3328 5444 vere,

2241 5463 2540 5535 Augustus
2597 5460 2763 5516 illum
2819 5463 3094 5519 adversus
3147 5463 3333 5520 Chos—

2246 5567 2381 5610 roen
2413 5555 2726 5620 Persasque
2756 5551 2920 5607 misit
2949 5565 3176 5608 summo
3200 5568 3330 5611 cum

2242 5643 2493 5713 Imperio
2525 5638 2685 5709 belli,
2737 5653 2850 5696 una
2879 5654 3010 5696 cum
3044 5642 3324 5712 Ducibus,

2247 5733 2350 5804 qui
2375 5734 2567 5805 ipsum
2599 5731 2784 5786 secuti
2813 5729 3043 5788 fuerant
3067 5745 3136 5790 ex
3163 5734 3331 5791 Italia

3499 431 3606 491 766

240 536 402 628 enni
473 537 1534 628 ImperatoresigConsnrlesRomqnorum,
1608 543 1765 628 A'nn‘i
1868 549 1923 607 A
2000 551 2179 628 Αᾼηηὶ
2253 554 2708 616 Christianorum.
2741 557 3051 611 Judaaorum
3089 564 3140 612 et
3171 562 3305 628 ﬁni-
3381 560 3537 614 Anni

2315 629 2567 700 timorum
2599 629 2944 698 populorum,
2990 631 3291 700 Pontiﬁces,
3371 636 3513 686 [Era

2296 699 2482 766 Reges,
2528 715 2613 754 res
2650 707 2812 768 gestae
2855 706 2904 754 et
2948 701 3287 757 documenta.
3331 703 3537 758 Christi

3396 1700 3508 1760 540

3416 3852 3515 3911 541
