3906 6456
412 369 519 432 775
1239 370 1334 427 AD
1370 369 1817 430 ANASTASIUM
1857 370 2369 432 PROLEGOMENA
2411 375 2586 430 EDIT.
2628 374 3058 432 ROM.-VATIC.

436 501 592 556 Anni
654 501 1034 569 Imperatores,
1109 501 1385 570 Consules,
1456 503 1718 557 Romano-
1800 500 1957 554 Anni

481 572 604 625 Per.
735 587 878 626 rum.
913 589 998 626 res
1023 580 1204 626 aestae.
1233 579 1281 626 et
1333 574 1672 626 documenta.
1818 573 1880 626 U.
1959 570 1998 625 C

467 572 642 698 JPelr.t
735 587 878 643 rum,
913 589 998 628 res
1021 580 1204 641 gestae,
1233 579 1281 629 ct
1333 574 1672 629 documenta.

502 659 539 696 u
590 659 617 698 e

502 659 617 698 ute

768 892 1044 949 Romanis
1074 891 1368 948 Cumas‘ac
1399 892 1624 964 reliqua
1663 907 1774 962 op—

707 982 836 1053 pida
864 981 1362 1051 recuperantibus.
1388 983 1622 1053 Procop.
1643 982 1783 1038 Vide

703 1072 816 1142 Pag
846 1071 913 1125 ad
947 1071 1001 1125 h.
1033 1084 1084 1125 a.
1133 1085 1190 1125 ιι.
1223 1070 1305 1139 40,
1353 1068 1411 1126 44
1451 1079 1506 1127 et
1539 1069 1632 1128 46.

765 1159 1044 1230 Agathias
1073 1173 1140 1214 ex
1183 1159 1239 1214 h.
1286 1173 1338 1214 a.
1393 1162 1782 1215 narrationem

699 1248 931 1304 inchoat
963 1249 1031 1303 de
1081 1247 1250 1303 rebus
1281 1249 1527 1303 Persicis
1551 1247 1649 1302 ubi
1681 1248 1788 1303 de-

699 1337 803 1394 siit
830 1337 1166 1406 Procopius-
1197 1336 1282 1391 lbi
1309 1350 1444 1392 num
1480 1333 1567 1391 43.

480 1443 624 1501 5266
768 1446 888 1512 Imp
938 1444 1056 1498 ραις
1101 1443 1468 1499 Justinianus
1526 1443 1653 1513 Aug
1709 1449 1780 1500 tr.
1866 1439 2004 1499 4305

1862 1530 2000 1587 4206

451 1537 524 1608 (ᾖ
592 1531 628 1588 2
699 1547 751 1604 p.
784 1531 874 1601 26,
908 1529 998 1600 27,
1028 1547 1123 1587 cos
1169 1545 1245 1586 IV.

442 1621 516 1694 θ
588 1622 624 1679 3
765 1623 911 1692 Tejaa
928 1623 1149 1692 primus
1165 1628 1219 1678 et
1238 1628 1556 1692 postremus
1570 1627 1689 1678 tum
1711 1621 1794 1693 ip-

522 1713 570 1766 E
690 1712 838 1782 sius,
873 1720 992 1768 tum
1035 1712 1512 1784 Ostrogothorum
1563 1712 1623 1767 in
1668 1714 1791 1768 Ita-

456 1801 640 1856 Indict
700 1800 799 1856 lia.

547 1904 562 1945 ι
770 1890 1087 1946 Duodecies
1119 1891 1175 1944 P.
1207 1889 1264 1944 C.
1294 1889 1495 1945 Basilii
1539 1889 1650 1944 Jun

479 1985 530 2034 et
577 1993 617 2035 ιι
764 1982 904 2034 Acta
951 1979 1161 2049 Synodi
1240 1995 1290 2033 v.
1338 1979 1449 2033 OEc
1502 1979 1792 2033 Constan-

697 2070 862 2138 tinop
908 2070 956 2123 ιι
979 2069 1370 2124 etJustiniani
1400 2067 1645 2123 Novellte
1668 2063 1790 2138 445,

763 2246 926 2315 Tejas
957 2244 1172 2301 frustra
1207 2245 1450 2300 invitato
1490 2245 1560 2301 ad
1593 2245 1787 2301 socie-

693 2343 863 2393 tatem
919 2335 1056 2391 belli
1089 2334 1486 2391 Theodebaldo
1533 2336 1788 2391 Franco—

696 2439 822 2482 rum
880 2438 1007 2494 rege
1055 2437 1087 2478 a
1133 2424 1406 2478 Romanis
1451 2437 1624 2494 prope
1669 2425 1791 2480 Cu-

697 2527 818 2570 mas
848 2511 1015 2568 fusus
1046 2513 1340 2568 occiditur
1367 2513 1524 2568 circa
1557 2512 1798 2569 Februa-

701 2602 877 2657 rium.
900 2602 1111 2669 Procop
1131 2601 1190 2656 in
1219 2601 1331 2656 ﬁne
1356 2601 1441 2656 lib
1465 2599 1520 2671 3,
1549 2603 1619 2656 de
1639 2600 1790 2658 bello

699 2689 851 2745 Goth
883 2694 939 2743 et
959 2687 1162 2758 Agath.

479 2793 623 2854 5267
776 2797 895 2864 Imp
920 2795 1039 2850 Caes
1063 2795 1432 2851 Justinianus
1459 2795 1586 2868 Aug
1630 2801 1700 2852 tr.
1735 2811 1789 2867 p.

449 2893 519 2962 (ᾗ
605 2883 641 2942 3
697 2881 901 2956 27,28,
946 2897 1128 2940 costv

445 2975 518 3047 θ
612 2973 647 3030 4
775 2975 907 3029 Post
944 2974 1092 3029 Cons
1121 2973 1327 3030 Basilii
1356 2973 1464 3029 Jun
1493 2979 1578 3030 ter
1605 2979 1661 3030 et
1687 2973 1796 3030 de-

540 3065 587 3118 D
715 3064 858 3118 cies.

466 3153 644 3212 Indict
760 3152 1152 3208 Constitutum
1211 3151 1412 3223 Vigilii
1466 3165 1566 3222 pro
1624 3152 1796 3207 dam-

537 3257 578 3298 ιι
711 3243 941 3297 natione
971 3241 1168 3296 Trium
1197 3240 1592 3310 Capitulorum
1621 3246 1676 3296 et
1705 3255 1799 3310 ap-

488 3338 536 3388 ει
560 3347 623 3388 ιιι
705 3332 1041 3402 probatione
1062 3331 1308 3386 Concilii
1338 3331 1533 3386 datum
1558 3344 1660 3385 vu.
1694 3329 1796 3384 Kal

703 3421 894 3476 Martii
931 3422 1052 3490 imp
1076 3421 1142 3474 D.
1173 3419 1391 3475 Justini
1436 3435 1504 3475 no
1537 3421 1636 3474 PP.
1671 3419 1799 3490 Aug

696 3523 846 3566 anno
875 3505 946 3564 27
999 3515 1054 3564 et
1081 3508 1216 3563 P.C.
1246 3509 1447 3564 Basilii
1481 3510 1544 3563 V.
1575 3507 1615 3562 C
1641 3521 1792 3562 anno

703 3597 789 3670 43,
821 3613 889 3654 ex
921 3597 1042 3653 edit
1082 3597 1326 3653 Baluzii.
1382 3597 1519 3653 Vide
1552 3596 1791 3669 Pagium

700 3689 758 3745 h.
789 3704 842 3743 a.
867 3701 922 3743 ιι.
955 3687 1008 3743 4.

772 3775 1208 3833 Theodebaldus
1274 3777 1624 3832 Francorum
1674 3777 1792 3830 Rex

700 3869 964 3923 moritur.
1021 3867 1316 3922 Hlotarius
1356 3872 1598 3936 patruus
1628 3866 1794 3934 ejus-

701 3959 826 4013 dem
888 3958 1075 4012 Patris
1105 3964 1158 4012 et
1214 3958 1471 4028 Regnum
1529 3955 1694 4011 illius
1740 3960 1795 4010 et

701 4059 934 4102 uxorem
967 4047 1200 4116 accipit,
1223 4060 1390 4117 quam
1420 4045 1667 4102 subinde
1687 4045 1795 4100 Sa—

701 4135 995 4191 cerdotum
1026 4137 1250 4193 monitu
1267 4135 1518 4192 dimisit.
1547 4134 1630 4190 lbi
1657 4147 1792 4190 num

701 4221 820 4282 7et
846 4224 901 4280 8.

769 4318 932 4390 Agile
954 4318 1100 4387 Rege
1123 4317 1314 4372 occiso
1339 4314 1792 4387 Athanagildum

699 4407 991 4478 Visigothi
1030 4409 1087 4460 in
1113 4407 1255 4475 Hisp
1287 4413 1483 4462 creant
1509 4405 1718 4462 Isidor.

483 4514 627 4574 5268
773 4517 892 4582 lmp
920 4514 1040 4567 Caes
1066 4513 1432 4570 Justinianus
1459 4513 1588 4584 Aug
1631 4519 1703 4567 tr.
1737 4527 1788 4582 p.

453 4611 523 4681 (ξ)
568 4602 602 4659 4
695 4601 786 4670 28,
819 4598 910 4670 29,
945 4614 1042 4655 cos
1072 4613 1148 4654 ιν.

450 4695 594 4768 05
763 4693 894 4746 Post
960 4685 1334 4743 Consulatum
1413 4686 1615 4741 Basilii
1686 4687 1795 4742 Jun

547 4787 586 4842 C
708 4785 910 4855 quater
938 4783 993 4833 et
1021 4774 1233 4832 decies.

470 4873 652 4929 Indict
779 4871 1006 4926 Veteres
1038 4861 1258 4919 nummi
1288 4861 1436 4930 apud
1464 4861 1618 4934 Cang
1645 4861 1795 4918 Con-

526 4975 589 5016 ιιι
701 4952 1117 5024 stantinopolis
1183 4949 1379 5004 Christ
1433 4950 1547 5005 Tab
1599 4949 1688 5020 26,
1736 4955 1793 5006 et

489 5056 540 5104 et
579 5063 635 5104 ιν
709 5044 860 5116 apud
894 5040 1118 5098 Mediob
1149 5041 1383 5112 signant
1410 5040 1465 5096 h.
1500 5055 1552 5097 a.
1603 5041 1794 5098 Justi—

704 5132 864 5191 niani
897 5145 1050 5186 xxix.

774 5222 888 5274 Hoc
940 5226 1190 5289 tempore
1249 5219 1500 5276 Saxones
1573 5220 1784 5276 iterum

705 5309 964 5365 Hlotario
1015 5309 1374 5378 rebellantes,
1433 5323 1560 5366 cum
1608 5309 1678 5363 ab
1727 5320 1791 5361 eo

705 5404 1031 5469 peterentur
1104 5399 1418 5470 hostiliter,
1472 5401 1642 5468 eique
1694 5408 1795 5466 pro

700 5485 1091 5544 satisfactione
1111 5487 1418 5544 dimidium
1445 5501 1634 5544 rerum
1667 5498 1795 5541 sua-

705 5588 832 5630 rum
908 5576 1192 5646 oﬁ‘errent,
1271 5577 1444 5648 idque
1500 5576 1798 5633 exercitus

700 5663 1045 5725 Francorum
1073 5667 1332 5727 refutans
1355 5679 1424 5721 ex
1451 5667 1634 5722 invito
1683 5677 1799 5734 Pu‘

1821 647 1947 698 ante
1973 647 2022 696 et

499 715 608 770 Ind
1789 720 1909 785 post
1943 713 2065 768 Pal.

2113 1837 2167 1899 B

1869 2793 2009 2853 4306

1868 2883 1890 2941 4
1901 2881 2006 2942 307

1868 4506 2007 4567 4307
2115 4535 2170 4596 D

1868 4596 2008 4656 4308

2107 502 2165 560 Α
2231 520 2402 594 ⁸ᾼηηί
2467 522 2916 588 Christianorum,
2965 523 3281 578 Iudaeorum
3332 527 3382 578 et
3422 527 3563 594 ﬁni—
3640 525 3789 580 Anni

2213 591 2423 662 Olymp.
2540 597 2793 650 timorum
2836 597 3185 666 populorum,
3237 591 3544 666 Pontiﬁces,
3627 598 3764 651 JErz

2541 669 2726 738 Reges,
2773 684 2859 723 res
2897 675 3059 737 gesta:
3103 673 3152 722 et
3205 668 3550 724 documenta.
3596 669 3808 725 Christi.

2538 865 2938 922 Armeniorum
3015 879 3127 922 aera
3185 879 3297 938 qua
3388 867 3560 925 hodie

2473 960 2717 1010 utuntur
2741 956 2795 1011 h.
2829 969 2882 1011 a.
2927 957 3101 1027 cmpit
3130 970 3197 1012 ex
3234 954 3269 1011 9
3296 955 3442 1032 Julii
3476 955 3560 1013 fer

2473 1040 2523 1098 3.
2568 1045 2708 1100 Vide
2731 1046 2842 1116 Pag
2875 1045 2931 1101 b.
2965 1060 3042 1117 a.,
3075 1060 3213 1102 num
3252 1043 3342 1102 23.

2268 1419 2423 1487 Olym
2550 1420 2752 1492 Vigilii
2787 1418 2853 1477 45
2879 1418 3044 1477 θι46.

2283 1506 2390 1564 532
2549 1509 2836 1565 Collatior
2890 1511 3094 1580 synodi
3126 1511 3171 1567 V
3214 1524 3420 1567 tecum.
3454 1510 3565 1566 ha—

2302 1610 2357 1652 iV
2486 1596 2652 1653 betur
2705 1599 2801 1655 die
2831 1597 2862 1654 4
2909 1600 3067 1656 Maii.
3100 1601 3352 1672 Vigilius
3395 1613 3566 1656 suum

2325 1692 2375 1742 et
2483 1689 2859 1745 constitutum
2917 1691 3039 1746 edit
3097 1687 3162 1745 44
3211 1691 3369 1745 Maii.
3424 1691 3568 1746 Vide

2280 1773 2386 1832 333
2482 1783 2664 1848 notas,
2725 1793 2777 1848 p.
2810 1775 2916 1834 284
2971 1787 3028 1835 et
3071 1777 3194 1835 285.
3247 1779 3449 1835 Octava
3506 1782 3567 1832 et

2332 1880 2348 1922 ι
2489 1871 2771 1936 postrema
2821 1868 3056 1924 collatio
3104 1868 3420 1924 celebratur
3465 1867 3566 1922 die

2484 1969 2537 2010 iV
2577 1959 2765 2013 Nonas
2813 1958 3020 2014 Julias.
3079 1959 3216 2015 Vide
3272 1957 3569 2015 Norisium

2481 2059 2548 2100 ex
2580 2059 2684 2117 pag
2712 2045 2781 2102 65
2803 2048 2871 2103 ad
2905 2046 2992 2102 69.

2552 2136 2806 2206 Vigilius
2840 2137 3133 2207 paulisper
3171 2142 3476 2192 cunctatus
3507 2135 3568 2190 in

2481 2226 2894 2294 approbatione
2919 2233 3173 2282 actorum
3195 2226 3431 2282 concilii
3463 2225 3580 2279 de—

2479 2315 2760 2370 cernenda
2829 2317 2986 2372 illam
3041 2317 3267 2371 tandem
3317 2313 3580 2386 signavit

2479 2419 2629 2461 anno
2677 2406 2961 2478 sequenti.
2991 2405 3130 2460 Vide
3177 2410 3341 2459 notas
3372 2404 3442 2458 ad
3465 2403 3586 2458 Vi—

2481 2495 2707 2565 gilium.

2326 2793 2343 2835 ι
2549 2775 2753 2847 Vigilii
2790 2775 2856 2833 46
2893 2779 2950 2832 et
2982 2771 3064 2830 47.

2304 2883 2346 2926 ιι
2553 2866 2809 2938 Vigilius
2865 2867 3005 2921 licet
3032 2878 3159 2920 cum
3215 2861 3439 2919 caeteris
3469 2877 3588 2932 pa-

2482 2957 2758 3013 triarchis
2787 2971 2898 3013 non
2929 2953 3288 3011 interfuisset
3317 2965 3583 3022 apppro—

2484 3047 2627 3104 bans
2659 3053 2816 3117 gesta
2866 3044 3136 3110 Concilii,
3177 3044 3411 3098 damnat
3438 3042 3582 3097 Tria

2479 3138 2762 3209 Capitula,
2793 3143 2849 3193 et
2873 3136 3229 3208 permittitur
3257 3133 3476 3204 regredi
3518 3133 3580 3188 in

2483 3229 2729 3284 Italiam.
2773 3228 2978 3284 Verum
3029 3227 3086 3280 in
3127 3224 3386 3279 Siciliam
3443 3237 3579 3277 cum

2485 3318 2856 3389 pervenisset,
2887 3315 3085 3372 dolore
3128 3312 3428 3368 calculiad
3481 3325 3580 3366 ex-

2485 3414 2726 3463 tremum
2742 3405 3196 3462 vitteadducitur
3212 3402 3320 3458 sub
3337 3401 3576 3456 initium

2483 3497 2620 3552 anni
2671 3497 2987 3566 sequentis.
3051 3494 3194 3550 Vide
3225 3498 3388 3549 notas
3419 3488 3578 3545 infra

2484 3587 2552 3643 ad
2586 3586 2889 3658 Vigilium.

2553 3675 2998 3745 Quiescentibus
3047 3673 3237 3730 Persis
3285 3669 3580 3726 Justinia-

2481 3779 2593 3822 nus
2629 3767 2859 3822 Justino
2900 3764 3170 3820 Germani
3220 3762 3340 3818 ﬁlio
3380 3761 3580 3832 regio-

2485 3870 2583 3911 nes
2612 3855 2937 3911 Colchicam
2978 3859 3034 3910 et
3076 3853 3407 3908 Armeniam
3441 3863 3573 3905 cum

2485 3946 2652 4016 pleno
2714 3946 2957 4015 imperio
3017 3943 3216 4010 tradit,
3284 3954 3428 4011 quas
3475 3938 3572 3994 ille

2449 4041 2615 4090 vexat
2665 4048 2764 4104 per
2814 4035 3082 4089 Joannem
3140 4030 3340 4086 Afrum
3402 4027 3574 4084 duris

2483 4123 2901 4181 exactionibus.
2957 4121 3255 4195 Agathias.

2329 4532 2371 4574 ιι
2549 4516 2753 4589 Vigilii
2789 4513 2854 4572 47
2879 4523 2934 4573 et
2956 4517 3170 4588 Pelagii
3203 4516 3442 4586 primus.

2307 4621 2369 4663 ιιι
2558 4605 2810 4676 Vigilius
2879 4607 3178 4676 Syracusis
3246 4607 3305 4660 in
3373 4602 3575 4658 Sicilia

2485 4697 2734 4752 moritur
2775 4696 2872 4751 die
2914 4709 2975 4751 ιιι
3011 4695 3290 4751 Januarii.
3325 4695 3428 4748 Die
3458 4695 3576 4748 Do-

2485 4786 2700 4841 minica
2735 4783 2802 4840 48
2847 4785 3069 4856 Aprilis
3099 4785 3407 4840 ordinatur
3444 4784 3576 4853 epi—

2481 4889 2690 4944 scopus
2736 4887 3034 4930 successor
3089 4875 3377 4928 PELAGIUS.
3433 4872 3572 4927 Vide

2480 4970 2644 5021 notas
2677 4963 2744 5018 ad
2798 4963 3110 5035 Pelagium,
3151 4963 3249 5018 ubi
3281 4963 3478 5033 agitur
3507 4961 3575 5017 de

2482 5055 2858 5124 usurpatione
2883 5067 2914 5108 a
2937 5052 3266 5108 Justiniano
3297 5057 3576 5106 attentata

2478 5148 2536 5199 et
2574 5144 2807 5199 inducta
2852 5141 3111 5210 exemplo
3159 5141 3480 5198 Gothorum
3517 5143 3572 5195 in

2481 5233 2759 5288 electione
2844 5235 3084 5290 Romani
3165 5231 3481 5303 pontiﬁcis.
3541 5243 3574 5284 a

2484 5337 2595 5393 qua
2653 5322 2960 5378 Ecclesiam
3035 5323 3336 5379 liberatam
3392 5320 3572 5378 fuisse

2485 5418 2710 5468 constat
2747 5420 3019 5485 regnante
3048 5414 3319 5484 Pippino.

3735 373 3824 433 776

3686 2766 3773 2828 55,
