3906 6472
361 379 470 437 ’779

1168 382 1259 436 AD
1296 381 1728 440 ANASTASIUM
1765 383 2283 442 PROLEGOMENA
2326 386 2502 442 EDlT.
2544 387 2970 446 ROM.-VATIC.

396 504 552 556 Anni
623 505 1004 574 Imperatores,
1037 509 1310 577 Consules,
1342 510 1935 586 Romanorumtftnni
2025 511 2084 566 A
2149 507 2308 586 Anni
2379 511 2830 586 Christzanorum,
2883 515 3197 586 Jttdworum
3249 520 3301 570 et
3335 519 3476 586 ﬁni—
3540 519 3699 574 Anni

359 575 616 651 Per._Ju_l.
891 594 979 633 res
1011 585 1174 648 gestae
1213 586 1262 634 et
1292 575 1630 638 documenta.
1726 575 1880 634 'U.C.
2139 577 2350 651 Olymp.

394 650 444 698 et
479 645 606 700 Ind.
1016 645 1029 648 ⁷
1789 655 1918 708 ante
1953 657 2004 709 et

1713 727 1838 796 post
1880 727 2003 783 Pal.

649 823 789 882 Vide
812 825 1049 898 Pagium
1083 826 1138 883 h.
1166 842 1219 884 a.

429 981 573 1040 5273

393 1075 466 1147 ζῇ
535 1071 570 1128 9
639 1070 728 1144 33,
751 1071 840 1130 34.
873 1089 972 1132 cos
1005 1091 1079 1130 ιν.

391 1169 464 1242 θ
494 1168 561 1226 40
704 1173 838 1229 Post
867 1188 1006 1230 cons
1034 1175 1237 1232 Basilii
1262 1179 1370 1234 Jun
1403 1193 1525 1234 xix.

425 1261 472 1314 D
504 1259 545 1315 ϐ
706 1262 924 1318 Bellum
973 1264 1368 1322 Britannicum
1422 1267 1481 1322 in
1512 1266 1726 1324 Armo—

409 1351 590 1404 Indict
641 1351 762 1407 rica
809 1357 1032 1423 gestum
1068 1354 1122 1408 h.
1173 1368 1224 1410 a.
1257 1354 1460 1425 probat
1490 1357 1722 1429 Pagius,

444 1453 548 1495 vm
643 1454 701 1495 ιι.
734 1439 770 1497 3
798 1443 936 1498 anni
963 1440 1088 1498 564.

402 1533 453 1582 et
485 1543 572 1584 ιχ.
699 1531 1024 1588 Concilium
1073 1534 1418 1592 Bracarense
1463 1538 1523 1593 in
1581 1539 1722 1610 Hisp

633 1620 978 1678 celebratur.
1049 1624 1188 1680 Vide
1235 1625 1348 1698 Pag
1397 1627 1466 1683 ad
1498 1627 1561 1682 h.
1627 1643 1718 1700 a.,

636 1724 699 1766 n.
753 1707 804 1779 4,
838 1717 895 1768 et
935 1712 1006 1768 ad
1037 1726 1151 1768 ann
1178 1712 1304 1786 563,
1340 1729 1394 1771 ιι.
1433 1713 1486 1786 4,
1529 1725 1585 1772 et
1609 1719 1717 1775 Ba-

634 1813 739 1856 ron
763 1801 832 1856 ad
853 1815 967 1857 ann
991 1803 1110 1858 sed.

417 1902 559 1961 5274

380 1998 453 2070 {va
490 1993 556 2052 40
629 1994 718 2067 33,
742 1994 830 2066 35,
857 2012 973 2054 cos.
1010 2015 1084 2056 IV.

387 2093 458 2165 ἃ
487 2091 544 2148 44
699 2097 830 2152 Post
861 2111 1018 2154 cons.
1054 2100 1259 2157 Basilii
1290 2103 1400 2158 Jun
1430 2116 1526 2159 xx.

472 2185 517 2238 B
698 2185 910 2244 Octava
959 2191 1425 2261 quinquennalia
1476 2193 1708 2264 imperii

395 2272 576 2328 Indict
625 2287 658 2330 a
693 2275 1026 2334 Justiniano
1076 2279 1302 2338 vivente
1343 2282 1576 2340 Justino
1603 2299 1712 2341 su-

456 2376 515 2418 ιχ
625 2366 804 2434 scepti
851 2367 1136 2424 celebrata
1167 2371 1365 2444 arguit
1402 2387 1458 2428 ιι.
1521 2371 1543 2428 4
1602 2376 1711 2430 Pa—

411 2457 461 2506 et
485 2467 538 2507 χ.
619 2453 753 2525 gius
783 2470 851 2511 ex
898 2457 1274 2517 Circensibus
1306 2474 1340 2516 a
1365 2461 1710 2532 Theophane

625 2545 976 2601 memoratis.

695 2631 986 2689 Clotarius
1029 2635 1378 2694 Francorum
1415 2653 1514 2694 rex
1560 2640 1704 2696 obit.

622 2720 854 2790 Pagius,
908 2736 964 2776 ιι.
997 2737 1076 2791 χι,
1125 2731 1182 2780 et
1211 2726 1608 2785 Henschenius
1634 2729 1706 2786 de

623 2806 818 2864 tribus
843 2809 1206 2881 Dagobertis,
1242 2827 1352 2886 pag
1394 2812 1480 2872 43.

403 2999 546 3058 5275
687 3005 810 3073 Imp
853 3005 974 3063 Cass
1007 3008 1378 3068 Justinianus
1406 3011 1534 3086 Aug
1563 3021 1616 3070 tr
1639 3030 1689 3086 p.

373 3097 442 3168 ᾧ
480 3089 539 3146 44
619 3090 708 3164 35,
737 3093 826 3166 36,
855 3111 952 3154 cos
978 3112 1052 3155 ιν.

373 3189 444 3260 θ
480 3187 548 3244 42
694 3195 826 3250 Post
853 3210 994 3252 cons
1019 3197 1221 3254 Basilii
1251 3200 1360 3255 Jun
1392 3214 1511 3256 χχι.

445 3281 498 3333 Α
579 3291 586 3297 ’
681 3283 1026 3342 Francorum
1093 3301 1330 3359 regnum
1388 3289 1695 3360 quadrifa-

365 3370 548 3424 Indc'ct
607 3371 751 3427 riam
771 3374 1051 3431 divisium
1082 3377 1234 3433 inter
1259 3379 1412 3436 ﬁlios
1429 3380 1692 3436 Clotarii.

445 3474 483 3516 x
606 3461 940 3532 Sigebertus
984 3465 1696 3538 Austrasiam,Gunthra-

393 3554 444 3603 et
473 3563 530 3604 χι
608 3563 718 3607 nus
746 3552 1139 3624 Burgundiam
1180 3556 1422 3613 obtinet.

678 3641 1064 3698 Cassiodorus
1093 3645 1248 3701 circa
1281 3647 1399 3702 haec
1439 3653 1694 3718 tempora

605 3728 992 3787 Bibliothecas
1021 3733 1281 3805 insignes
1331 3736 1610 3792 instruxit
1637 3737 1696 3792 in

607 3819 978 3877 Monasteriis
1006 3822 1355 3894 Scyllacensi
1385 3839 1418 3880 a
1450 3839 1512 3882 se
1549 3840 1698 3884 con—

607 3911 848 3970 structo.
913 3914 970 3966 et
1023 3912 1082 3967 in
1146 3913 1494 3971 Vivariensi.
1557 3915 1698 3973 Vide

609 3995 789 4052 Baron
822 4003 878 4053 et
910 4001 1022 4072 Pag
1051 4003 1120 4058 ad
1155 4003 1212 4057 h.
1242 4018 1296 4060 a.

388 4097 533 4156 5276
675 4104 798 4174 Imp
825 4105 944 4162 Czcs
969 4107 1336 4168 Justinianus
1371 4111 1502 4185 Aug
1533 4118 1586 4169 tr
1633 4129 1688 4184 p.

356 4192 427 4266 ξς)
465 4187 534 4244 42
606 4188 695 4264 36,
729 4191 822 4264 37,
847 4209 944 4252 cos
977 4211 1052 4254 IV.

373 4286 446 4358 θ
473 4283 540 4342 43
684 4293 816 4350 Post
841 4295 992 4353 Cons
1013 4299 1214 4357 Basilii
1239 4302 1350 4358 Jun
1384 4315 1524 4358 χχιι.

447 4376 493 4430 G
671 4381 846 4439 Vetus
874 4384 1186 4456 inscriptio
1232 4389 1292 4444 in
1319 4397 1504 4463 crypt.
1529 4391 1694 4448 Vatic

371 4463 554 4519 Indict
608 4482 778 4538 quam
814 4471 988 4528 habes
1019 4473 1168 4530 infra
1197 4477 1256 4532 in
1287 4481 1440 4536 notis
1466 4495 1527 4550 p.
1565 4477 1692 4534 299.

429 4567 486 4606 χι
599 4557 782 4613 Locus
829 4559 1082 4616 Marcelli
1110 4563 1452 4622 subdiaconi
1497 4566 1696 4636 regio-

395 4644 536 4696 ctxu
613 4645 707 4699 nis
753 4651 926 4700 sextae
973 4662 1207 4705 concess
1263 4663 1296 4704 a
1355 4654 1694 4710 Beatissimo

606 4733 753 4802 Papa
793 4734 1028 4806 Joanne,
1057 4741 1146 4792 etc
1171 4737 1282 4805 dep
1307 4738 1364 4791 P.
1399 4741 1454 4794 α.
1488 4740 1690 4797 Basilii

605 4823 667 4876 V.
701 4821 762 4876 C.
797 4836 910 4878 ann
957 4838 1106 4880 χχιι.
1149 4825 1342 4880 Indict
1367 4841 1446 4896 χι,
1485 4824 1693 4898 [legen-

608 4910 746 4966 dum
797 4909 905 4985 χιι]
950 4913 1257 4968 undecimo
1295 4913 1398 4970 Kal
1429 4917 1686 4988 Januari,

607 4998 814 5069 Torrig
855 5013 965 5072 pag
1009 4998 1081 5055 93
1117 5005 1174 5057 et
1215 5001 1412 5074 Ciamp
1451 5006 1522 5060 de
1565 5018 1693 5062 sacr

610 5083 752 5140 aadif
787 5101 840 5155 p.
873 5085 999 5144 404.

365 5315 435 5386 iiii!
473 5309 540 5366 43
683 5324 804 5395 Imp
831 5327 948 5384 Caes
975 5331 1340 5394 Iustinianus
1370 5337 1497 5410 Aug
1518 5343 1588 5394 tr.
1625 5355 1678 5411 p.

365 5394 438 5461 ἐξ
470 5381 537 5461 14
607 5409 678 5461 37
735 5413 820 5461 sua
864 5432 959 5461 nnc
1011 5436 1064 5461 ιν

393 5409 537 5515 ξὲθ
607 5409 712 5515 3Ἱᾷ
735 5413 822 5484 38;
864 5432 959 5476 cos
1011 5436 1083 5478 ιγ.

373 5492 558 5588 indici:
663 5502 804 5588 Eost
832 5507 978 5566 Cons
997 5513 1200 5570 Basilii
1231 5517 1339 5572 Jun
1373 5531 1540 5574 χχιιι.

425 5579 548 5660 xii”
663 5579 835 5641 Vetus
863 5589 1106 5664 inscript
1131 5595 1318 5652 Romae
1342 5598 1492 5666 apud
1525 5600 1680 5657 Pan-

356 5681 406 5730 ct
441 5683 546 5728 xm
585 5667 686 5725 vin
741 5671 937 5737 Fastos
1014 5683 1070 5738 h.
1127 5697 1178 5740 a.
1240 5688 1296 5739 et
1352 5684 1558 5743 Reines
1616 5703 1672 5758 p.

715 986 838 1056 Imp
859 987 981 1044 Caes
1017 988 1387 1048 Justinianus
1407 991 1535 1065 Aug
1558 999 1629 1050 tr.
1656 1008 1716 1065 p.
1802 993 1940 1052 4342

715 1115 728 1142 ,
751 1071 840 1130 34.
873 1089 972 1132 cos
1005 1091 1079 1130 ιν.
1803 1081 1940 1142 4343

1773 3011 1912 3072 4344

1773 3103 1912 3163 4345

1771 4113 1914 4174 4345

1769 4203 1910 4262 4346

1759 5339 1898 5400 4346

1759 5429 1896 5487 4347

2009 3197 2059 3262 C

2227 987 2291 1029 Ill

2235 1075 2292 1116 ιν

705 1911 825 1978 Imp
853 1909 972 1965 Cas
1017 1911 1712 1987 JustinianusAugtr.p.
1792 1915 1932 1974 4343
2034 1863 2086 1923 Β
2174 1902 2329 1971 Οιιινη

1791 2004 1929 2062 4344
2197 1989 2304 2048 334

2459 585 2711 638 timorum
2765 585 3112 656 populorum,
3152 585 3473 660 Pontiﬁces,
3559 593 3701 646 zErw

2467 657 2656 724 Reges,
2695 672 2780 710 res
2823 663 2986 725 gestae
3025 663 3076 712 et
3128 657 3468 715 documenta.
3516 661 3736 717 Christi.

2403 779 2472 835 ad
2525 793 2741 837 annum
2791 778 2914 837 564.
2974 796 3032 837 ιι.
3071 781 3126 839 2.
3179 798 3250 840 ex
3295 785 3491 843 Theo-

2407 867 2611 938 phane.

2475 977 2691 1050 Pelagii
2723 976 2758 1034 3
2783 979 2882 1049 qui
2917 979 3041 1036 obit
3070 979 3222 1038 die2
3254 984 3448 1040 Martii
3559 983 3669 1043 560

2401 1066 2642 1122 Joannes
2709 1069 2783 1123 Ill
2828 1083 3129 1126 successor
3177 1073 3486 1130 ordinatur

2400 1153 2503 1210 Kal
2561 1157 2828 1227 Augusti.
2878 1159 3016 1216 Vide
3067 1165 3231 1217 notas
3286 1178 3340 1233 p.
3379 1161 3486 1220 264

2399 1247 2458 1298 et
2485 1257 2641 1316 seqq.

2469 1333 2708 1390 Hunnos
2750 1349 2818 1391 ex
2862 1337 3059 1394 Maesia
3093 1339 3151 1395 in
3183 1339 3484 1400 Thraciam

2404 1420 2463 1476 h.
2514 1436 2564 1477 a.
2612 1425 2891 1482 transisse
2919 1427 3129 1484 scribit
3158 1429 3384 1487 Mediob
3410 1431 3481 1488 ad

2399 1509 2586 1567 Occon
2660 1520 2717 1568 et
2771 1515 3033 1586 repulsos
3090 1531 3123 1574 a
3178 1519 3478 1578 Belisario.

2399 1599 2538 1657 Vide
2553 1603 2838 1660 Malalam.

2459 1905 2697 1963 Joannis
2729 1904 2750 1962 4
2783 1913 2838 1964 et
2865 1907 2920 1965 2.

2460 1995 2838 2068 Bulgarorum
2936 2000 3320 2072 irruptionem
3415 2006 3474 2061 in

3567 1918 3674 1976 564

2231 2086 2282 2135 et
2387 2083 2708 2155 Thraciam,
2731 2093 2788 2142 et
2811 2101 3118 2147 excursum
3139 2107 3311 2164 prope
3335 2095 3479 2151 Con-

2221 2183 2276 2224 rv
2383 2176 2844 2248 stantinopolim,
2889 2183 2946 2234 et
2974 2179 3240 2252 Sergium
3280 2184 3473 2240 Patri—

2193 2255 2299 2315 335
2385 2262 2539 2318 cium
2597 2264 2668 2320 ab
2730 2266 2806 2322 iis
2859 2275 3108 2340 captum,
3166 2273 3390 2329 eosdem
3440 2287 3475 2329 a

2235 2362 2251 2402 Ι

2221 3003 2238 3044 Ι

2222 4112 2260 4153 Il

2197 4201 2259 4242 Ill

2192 5359 2254 5400 III

2195 5449 2248 5491 IV

2389 2352 2668 2410 Belisario
2690 2357 2950 2426 repulsos
2968 2365 3128 2416 trans
3145 2362 3472 2418 Danubium

2393 2439 2449 2494 h.
2499 2455 2551 2496 a.
2591 2450 2718 2512 post
2761 2459 2900 2501 cons
2931 2448 3132 2504 Basilii
3164 2465 3240 2505 xx
3273 2451 3478 2508 retulit

2389 2529 2586 2585 Victor
2611 2533 2818 2588 Tunun
2854 2535 2910 2588 in
2937 2535 3125 2592 Chron

2457 2618 2569 2673 Pax
2611 2621 2681 2675 ad
2729 2635 2910 2678 annos
2952 2637 2980 2678 L
3025 2637 3156 2680 cum
3189 2626 3380 2682 Persis
3413 2629 3472 2684 h.

2381 2719 2434 2762 a.
2484 2709 2821 2765 constituta.
2854 2712 3160 2769 Menander
3189 2714 3488 2772 Protector

2385 2796 2444 2850 in
2503 2805 2736 2869 excerpt
2803 2800 2873 2856 de
2927 2802 3116 2875 Legat.
3172 2804 3313 2860 Vide
3362 2806 3477 2878 Pag

2381 2886 2437 2940 h.
2467 2899 2517 2941 a.
2549 2900 2606 2942 ιι.
2638 2886 2754 2944 9et
2786 2886 2870 2944 40.
2968 2893 2974 2906 '

2445 2993 2684 3051 Joannis
2713 2993 2748 3052 2
2771 3002 2822 3052 et
2845 2995 2900 3053 3.

2446 3082 2666 3154 Corpus
2712 3085 2768 3140 S.
2799 3087 3038 3143 Antonii
3065 3089 3317 3146 eremitaa
3361 3105 3459 3148 re—

2374 3179 2595 3242 pertum
2637 3189 2766 3230 cum
2806 3178 3054 3232 maximo
3083 3177 3300 3236 honore
3329 3195 3464 3250 per-

2371 3260 2612 3318 ducitur
2629 3263 3098 3335 Alexandrinam,
3122 3273 3179 3324 et
3205 3269 3266 3326 in
3287 3271 3456 3326 Basi-

2374 3348 2486 3404 lica
2517 3352 2572 3405 S.
2617 3353 2854 3409 Joannis
2896 3356 3164 3426 Baptistaa
3214 3357 3461 3416 honori—

2377 3437 2478 3494 ﬁce
2507 3439 2844 3506 collocatur,
2882 3445 3027 3500 Vict.
3086 3447 3318 3504 Tunun.

2443 3530 2644 3600 Magna
2674 3531 2930 3596 Ecclesia
2972 3536 3027 3589 S.
3055 3536 3282 3606 Sophia:
3325 3539 3465 3594 Con-

2375 3619 2753 3690 stantinOpoli
2786 3623 3047 3680 dedicata
3080 3625 3134 3680 h.
3170 3640 3222 3682 a.
3254 3626 3350 3682 die
3393 3625 3464 3684 24

2375 3707 2730 3765 Decembris.
2782 3713 3174 3786 Theophanes,
3214 3722 3270 3772 et
3306 3718 3464 3789 Aga-

2379 3796 2553 3866 thias,
2587 3811 2654 3854 ex
2694 3801 2912 3872 quibus
2957 3804 3184 3876 Pagius,
3233 3805 3458 3878 aliique

2379 3885 2678 3943 historici.

3558 3003 3678 3062 562

2467 4101 2706 4158 Joannis
2725 4102 2760 4160 3
2789 4110 2846 4160 et
2871 4103 2922 4161 4.

2444 4190 2778 4261 Conjuratio
2820 4203 3020 4252 contra
3061 4198 3457 4258 Justinianum

2375 4279 2876 4354 Constantinopoli
2929 4287 3187 4358 suborta,
3227 4290 3298 4346 de
3345 4306 3459 4362 qua

2373 4367 2765 4442 Theophanes,
2795 4374 2852 4428 in
2874 4375 3189 4434 discrimen
3220 4378 3460 4436 adducit

2371 4457 2698 4527 complures
2727 4462 2901 4520 etiam
2959 4468 3272 4524 innoxios:
3309 4484 3459 4542 quos

2376 4543 2526 4601 inter
2545 4546 2880 4608 Belisarius.
2919 4553 3123 4612 Verum
3154 4557 3330 4627 hujus
3360 4559 3460 4614 in—

2352 4637 2634 4691 .nocentia
2679 4643 3039 4709 postmodum
3084 4647 3313 4716 cognita
3347 4647 3460 4704 ho-

2369 4723 2612 4780 noribus
2657 4731 3012 4802 restituitur,
3041 4747 3073 4790 a
3107 4735 3322 4805 quibus
3349 4751 3455 4792 ex—

2367 4812 2603 4872 ciderat.
2640 4818 2780 4874 Vide
2832 4822 3064 4894 Pagium
3117 4826 3186 4880 ad
3237 4839 3454 4882 annum

2365 4899 2493 4967 564,
2551 4919 2608 4961 ιι.
2653 4905 2703 4978 4,
2757 4909 2856 4964 ubi
2901 4925 2970 4966 ex
3019 4913 3458 4973 characteribus

2363 4991 2802 5068 Chronologicis
2845 5013 2878 5054 a
2935 5001 3127 5073 Theop
3178 5003 3456 5060 indicatis

2362 5079 2432 5137 ad
2481 5083 2536 5138 h.
2593 5098 2643 5140 a.
2689 5085 2891 5144 referri
2937 5090 3295 5150 demonstrat
3323 5108 3455 5152 con-

2356 5169 2708 5238 jurationem
2723 5214 2737 5230 .

3552 4112 3670 4172 563

2427 5351 2664 5408 Joannis
2685 5350 2714 5408 4
2738 5361 2794 5410 et
2816 5353 2868 5412 5.

2427 5440 2569 5496 Julii
2622 5447 2839 5500 mensis
2875 5447 2973 5504 die
3025 5447 3110 5504 49.
3156 5452 3450 5510 Patricius

2355 5528 2672 5586 Belisarius
2695 5533 2993 5602 prioribus
3009 5541 3241 5596 cunctis
3265 5541 3459 5614 digni-

2359 5621 2540 5674 tatum
2564 5619 2886 5680 honoribus
2908 5628 3220 5686 restitutus
3239 5631 3299 5686 in
3320 5646 3444 5703 gra-

2351 5705 2492 5762 tiam
2525 5706 2756 5781 quoque
2811 5715 2988 5772 rediit
3043 5717 3437 5789 imperatoris.

3543 5366 3658 5424 564

3674 395 3768 456 780
