3906 6434
136 409 236 467 784
1075 415 1418 473 CHRONOL.
1458 418 1506 474 A
1547 418 1604 475 S.
1644 419 1678 476 S

2025 426 2035 472 ι
2069 423 2166 481 AD
2201 425 2258 481 S.
2300 425 2511 483 GREG.
2550 429 2623 482 Μ.
3456 429 3567 490 782

172 538 333 631 ρηηξ
373 610 387 631 ¹
425 539 808 611 Imperatores,
887 540 1171 631 Consules:
1254 544 1515 631 Romano-
1577 544 1741 631 ἑτιρί
1826 550 1882 609 Α
1953 548 2132 631 “Anni
2186 553 2640 631 Christianorum,
2662 556 2979 631 Judworum
3020 565 3071 615 et
3147 564 3281 631 ﬁni-
3335 563 3494 617 Anni

136 610 405 706 P1253112.
553 627 697 673 rum,
724 627 811 667 res
857 616 1023 680 gestae
1046 618 1098 667 et
1125 610 1465 671 documenta.
1666 616 1756 706 ‘0;
1946 619 2155 693 Olymp.
2268 627 2523 706 timorum
2577 610 3276 706 popquruntgPontif'i'c'e‘s,

172 686 225 735 et
260 682 385 738 Ind.
1504 691 1757 828 133τὲἓῖ
2010 682 2033 691 ⁷
2095 682 2117 693 ⁸
2263 698 2451 768 Reges,
2503 682 2600 753 res‘
2629 682 2793 767 ἀρείω
2834 682 3276 759 ριὶιᾱσᾶἤιέἱίτῖ
3314 682 3536 763 ϐῖγῶἱ.

429 901 487 952 et
532 897 733 952 charta
778 896 910 966 plen
962 910 1131 954 secur
1176 899 1406 955 Ravenn
1454 900 1514 956 in

2036 958 2039 961 Ι
2194 873 2584 982 Theophanes.
2611 966 2626 982 ‘
2665 879 2731 935 Vi
2772 880 2842 936 de
2894 882 3131 955 Pagium
3193 884 3276 942 ibi

431 986 697 1055 supplem
728 961 812 1042 rei
843 986 1088 1056 diplom.
1116 987 1394 1045 Mabillon
1425 988 1508 1045 F1.

2196 976 2254 1017 ιι.
2296 961 2351 1020 5.
2393 966 2749 1025 Eustochius
2798 970 3281 1045 Hierosolymita—

429 1074 762 1130 Justiniano
822 1076 864 1129 P
926 1077 981 1130 P.
1038 1076 1167 1146 Aug
1216 1090 1368 1133 anno
1423 1075 1515 1149 38,
2196 1064 2306 1152 "PS
2335 1057 2665 1152 episcoPps’
2700 1059 2801 1152 (Ψί
2848 1057 3039 1118 fuerat
3086 1064 3284 1121 Maca"

436 1170 566 1233 post
584 1166 734 1219 Cons
754 1164 958 1220 Basilii
981 1178 1133 1222 anno
1158 1164 1250 1237 23’
1277 1167 1404 1238 prid
1431 1145 1513 1225 πάλ
2196 1145 2287 1238 rio
2316 1145 2639 1238 superstite
2656 1147 2982 1238 ordinatus,
3002 1153 3240 1221 ejicitur
3266 1173 3279 1210 :

430 1253 523 1309 Jul
555 1254 879 1310 Indiam.
1239 1233 1290 1238 ”
2196 1233 2254 1284 et
2302 1244 2534 1288 rursum
2591 1236 2880 1294 Macarius
2933 1239 3284 1300 reformatur

504 1342 707 1399 Gildas
740 1343 795 1398 ιι,
826 1361 881 1399 εί,
944 1343 1164 1401 librum
1197 1360 1369 1402 suum
1399 1347 1522 1403 edit
2199 1315 2277 1387 (h.
2307 1331 2357 1373 e.
2391 1321 2767 1395 restituitur).
2820 1327 3020 1384 Victor
3057 1331 3283 1388 Tunum

435 1432 505 1488 de
533 1432 722 1487 excid.
757 1433 1072 1490 Britannia:
1105 1435 1164 1490 in
1198 1449 1312 1505 quo
1338 1435 1522 1493 histo-
2201 1410 2259 1462 θι
2316 1408 2501 1507 EE?“
2554 1413 2707 1507 aliud
2760 1415 2875 1488 Pas
2926 1432 3095 1488 quem
3151 1421 3283 1477 vide

439 1520 585 1576 riam
626 1534 911 1578 annorum
959 1519 1029 1578 44
1081 1494 1526 1594 praecedentium
2203 1494 2640 1570 ²⁰η’56⁴»ηο3ο
3238 1508 3245 1516 ’

440 1610 700 1680 scripsit.
752 1611 895 1668 Vide
946 1611 1187 1685 Pagium
1230 1627 1287 1669 ιι.
1336 1613 1391 1684 6,
1420 1614 1527 1671 hoc

440 1712 614 1755 anno.

220 1785 368 1844 5278
510 1790 632 1858 Imp
660 1789 780 1845 Caes
802 1790 1170 1848 Justinianus
1194 1792 1322 1864 Aug
1361 1796 1434 1847 tr.
1471 1808 1523 1863 p.
1603 1790 1742 1851 4347
1995 1779 2145 1850 Olym
2278 1785 2515 1841 Joannis
2542 1785 2579 1843 5
2601 1792 2658 1844 et
2682 1788 2735 1845 6.
3384 1797 3493 1857 565

204 1881 283 1955 ξιξ)
328 1874 395 1932 46
441 1876 529 1944 38,
584 1876 674 1949 39,
706 1894 804 1936 cos
837 1895 910 1951 ιν,
954 1882 1054 1952 qui
1086 1881 1238 1939 obiit
1270 1896 1365 1938 xxv
1409 1884 1528 1938 Nov
1605 1880 1745 1940 4348

1845 1880 1892 1939 Β
2014 1868 2122 1927 335
2284 1874 2348 1928 Η.
2382 1888 2435 1931 a.
2467 1890 2658 1934 mense
2683 1881 2889 1937 Martio
2917 1882 3045 1940 ind.
3082 1881 3166 1940 43.
3197 1887 3297 1942 Pa-

182 1966 262 2039 θ
321 1963 388 2023 45
444 1975 498 2024 et
523 1970 791 2025 JUSTINUS
812 1970 941 2042 Aug
978 1978 1055 2027 tr.
1093 1988 1148 2043 p.
1194 1975 1317 2043 Imp
1345 1987 1414 2028 ex
1439 1973 1536 2029 die

2053 1974 2108 2015 1v
2224 1963 2436 2019 tricius
2471 1966 2790 2025 Belisarius
2819 1971 3078 2041 Byzantii
3110 1976 3298 2032 mori-

279 2057 325 2109 [ο
454 2054 521 2112 44
543 2060 684 2113 Nov,
2037 2053 2087 2102 et
2218 2053 2330 2106 tur.
2354 2051 2606 2123 Theoph.
2636 2056 2779 2112 Vide
2808 2058 3047 2130 Pagium
3074 2073 3235 2119 num.
3265 2061 3302 2119 5

195 2146 385 2202 Indict
458 2202 467 2215 ,
515 2148 649 2203 Post
673 2162 813 2205 cons
842 2150 1045 2206 Basilii
1070 2152 1179 2207 Jun
1206 2165 1368 2207 xxxv.
1396 2150 1537 2208 Vide
2019 2133 2127 2193 336
2215 2140 2286 2196 ad
2313 2153 2445 2197 ann-
2476 2139 2605 2200 564.

251 2250 365 2291 χιιι
458 2236 602 2293 Card
635 2239 808 2293 Noris
842 2245 897 2294 et
925 2239 1037 2310 Syn
1077 2255 1128 2295 v.
1181 2240 1392 2297 (Ecum
1431 2254 1538 2313 pag

2062 2243 2081 2280 ι
2283 2231 2654 2289 Justinianus
2707 2235 2887 2307 hujus
2932 2239 3073 2296 anni
3129 2241 3302 2299 initio

220 2329 278 2380 et
304 2340 401 2380 XIV
458 2322 550 2397 86,
583 2340 651 2382 ex
691 2327 939 2399 inscript
983 2329 1254 2385 Romana.
1286 2336 1345 2385 et
1386 2330 1540 2403 legi—

2217 2317 2471 2376 edictum
2520 2337 2690 2379 suum
2755 2326 2827 2382 de
2885 2327 3307 2402 incorruptibi-

453 2413 564 2471 bus
615 2430 679 2471 ea
749 2417 1256 2474 demonstrantem.
1323 2420 1536 2491 Pagius
1892 2440 1901 2447 λ

1892 2440 1901 2447 ι
2220 2406 2383 2464 litate
2398 2409 2615 2467 Christi
2634 2416 2898 2485 corporis
2919 2419 3133 2474 emisit.
3170 2421 3300 2493 Pag.

459 2518 690 2574 quoque
743 2506 810 2560 ad
866 2506 921 2560 h.
987 2520 1039 2577 a,
1073 2521 1210 2562 num
1279 2506 1313 2563 3
1374 2514 1431 2562 et
1474 2504 1529 2575 7,

2224 2499 2294 2553 ad
2339 2499 2394 2553 h.
2424 2512 2475 2554 a.
2531 2515 2584 2557 ιι.
2631 2499 2686 2569 2,
2722 2504 2891 2573 cujus
2921 2520 3094 2564 causa
3127 2510 3309 2581 Euty—

454 2592 709 2647 ostendit
745 2594 1035 2649 Iustinum
1080 2608 1149 2651 ex
1196 2595 1537 2665 Curopalate

2222 2586 2395 2642 chius
2455 2590 2605 2646 Patr.
2662 2591 3101 2666 ConstantinOp.
3154 2599 3307 2669 quod

448 2678 775 2752 Augustum
798 2694 830 2737 a
849 2683 1063 2739 Joanne
1085 2697 1149 2739 ex
1180 2684 1538 2741 scholastica
2224 2675 2511 2733 haeretica;
2572 2686 2877 2739 sententiae
2944 2684 3314 2743 subscribere

451 2768 788 2827 Patriarcha
819 2778 1157 2828 coronatum
1198 2773 1295 2829 die
1327 2771 1394 2829 44
1420 2775 1542 2830 Νο-

2220 2764 2420 2835 nollet,
2463 2769 2744 2837 expulsus
2797 2777 2905 2842 est,
2945 2777 3002 2829 et
3046 2774 3313 2833 intrusus

451 2857 703 2914 vembris
734 2861 1042 2931 Imperium
1064 2862 1418 2932 suscepisse.
2221 2856 2306 2910 Jo.
2349 2856 2768 2915 Scholasticus.
2820 2862 2966 2919 Vide
3006 2865 3198 2922 Noris.
3244 2865 3317 2922 de

2222 2944 2356 3014 Syn.
2393 2960 2443 3000 v.
2480 2960 2613 3020 pag.
2665 2946 2728 3004 94
2764 2955 2822 3007 et
2877 2952 3113 3025 Pagium
3172 2968 3227 3010 ιι.
3280 2953 3318 3010 2

2228 3047 2364 3090 ann.
2391 3034 2518 3093 563.

236 3138 389 3198 5279
529 3143 799 3200 Justinus
830 3145 938 3200 Jun
971 3147 1092 3216 Imp
1122 3145 1250 3218 Aug
1272 3160 1384 3202 ann
1431 3145 1454 3202 4
1489 3152 1546 3205 et
1621 3145 1760 3206 4348
1875 3215 1909 3218 _‘
2078 3155 2097 3193 ι
2300 3142 2538 3199 Joannis
2570 3142 2680 3201 6et
2699 3142 2756 3201 7.
3403 3154 3512 3212 566

218 3236 295 3305 ξ)
336 3229 404 3288 45
453 3230 508 3303 2,
540 3248 656 3290 cos.
685 3235 824 3290 Cum
851 3215 1199 3292 Tribunitia:
1222 3215 1426 3308 potest
1457 3239 1544 3294 ιί-
1620 3236 1761 3295 4349
1862 3215 1912 3278 C
2062 3244 2105 3283 ιι
2301 3232 2549 3289 Avarum
2582 3234 2756 3307 lesati
2789 3237 2945 3294 circa
2993 3240 3162 3296 ﬁnem
3193 3242 3316 3298 No-

222 3320 395 3393 θ46
462 3323 620 3380 ιιιιιιε
670 3328 783 3379 tam
840 3323 899 3379 in
943 3326 1222 3395 nummis,
1265 3341 1438 3397 quam
1487 3328 1548 3384 in
2227 3321 2479 3378 vembris
2515 3336 2670 3380 anno
2701 3328 3100 3395 praecedentia
3127 3331 3321 3387 Justi-

292 3412 334 3466 C
462 3412 952 3483 inscriptionibus
998 3414 1104 3469 hac
1123 3420 1288 3470 aetate
1319 3416 1550 3472 exsole-
2229 3423 2303 3465 ηο
2325 3413 2572 3482 excepti,
2594 3414 2692 3469 38d
2721 3416 2850 3471 Sine
2882 3417 3009 3473 illis
3042 3420 3319 3476 muneri-

217 3502 411 3558 Indict
459 3503 627 3571 verit,
670 3504 912 3575 ejusque
953 3502 1079 3558 loco
1127 3503 1265 3558 anni
1309 3505 1541 3574 Imperii
2227 3496 2338 3553 bus
2366 3502 2618 3572 PemiSSi,
2653 3517 2782 3573 (μιίὲ
2834 3506 3083 3576 superbe
3129 3513 3320 3579 ρειθιθ

250 3603 352 3644 xxv
457 3590 516 3646 in
551 3592 817 3662 utrisque
843 3598 1243 3653 numerentur.
1275 3591 1397 3647 sive
1418 3606 1549 3648 con-
2230 3595 2673 3645 consueverant.
2708 3593 2921 3665 Pagius
2953 3609 3021 3651 ex
3075 3599 3320 3655 Menan-

224 3684 279 3733 et
312 3691 386 3733 xv
453 3679 681 3736 sulatus
710 3680 972 3749 perpetui
1014 3678 1179 3751 Augg
1216 3684 1271 3735 et
1302 3694 1407 3736 nos
1437 3695 1549 3737 an-
2144 3748 2155 3755 _
2224 3675 2331 3731 ἀΓο
2354 3677 2412 3732 in
2440 3679 2749 3748 excerplis,
2780 3675 2837 3737 ὀὶ
2851 3684 3132 3756 Corrippo
3155 3686 3225 3743 ad
3257 3686 3312 3743 b.

456 3783 561 3825 nos
581 3769 911 3825 eorumdem
938 3768 1169 3838 Imperii
1195 3769 1275 3825 ita
1292 3768 1549 3841 signabi-
2228 3778 2280 3821 a.
2316 3779 2371 3821 ιι.
2408 3763 2441 3821 4
2471 3772 2527 3823 et
2555 3765 2609 3823 5.

460 3868 610 3914 mus.
2296 3855 2495 3911 Turca:
2527 3870 2759 3928 quoque
2787 3860 2858 3916 ad
2897 3862 3194 3921 Iustinum
3227 3864 3318 3923 Ie—

528 3946 768 4002 Novella
797 3947 1014 4002 Justini
1041 3946 1169 4021 Aug
1195 3949 1265 4004 de
1294 3947 1547 4004 divortio
2228 3944 2519 4015 gationem
2582 3947 2893 4023 adornant,
2976 3966 3045 4010 ne
3099 3953 3318 4014 Abares

447 4037 583 4093 data
614 4051 757 4092 xvm
800 4037 904 4093 Kal
938 4037 1150 4094 Octobr
1191 4038 1550 4095 Chalcedone
2228 4034 2525 4105 reciperet.

460 4126 783 4195 imperante
812 4127 876 4180 D.
908 4127 975 4180 N.
1016 4127 1246 4183 Justino
1274 4128 1376 4181 PP.
1424 4126 1551 4197 Aug

453 4228 604 4271 anno
651 4216 857 4285 primo,
889 4215 1081 4271 Indict
1128 4230 1220 4284 xv,
1278 4229 1348 4271 ex
1412 4214 1547 4271 edi—

457 4305 649 4360 ctione
682 4305 905 4361 Pithzei.
940 4304 1082 4360 Vide
1104 4306 1337 4377 pagium
1384 4305 1453 4361 ad
1484 4304 1539 4360 h.

456 4407 509 4449 a.
545 4407 682 4449 num
707 4390 763 4449 7.
1914 4424 1915 4427 η

234 4479 383 4539 5280
528 4484 670 4552 Imp.
701 4483 968 4539 Justinus
1014 4483 1161 4555 Aug.
1203 4496 1335 4540 ann.
1384 4482 1442 4557 2,
1482 4482 1536 4555 3,
1615 4481 1757 4541 4349

2050 4493 2091 4536 ιι
2288 4480 2526 4537 Joannis
2555 4477 2590 4536 7
2613 4486 2669 4537 et
2697 4480 2755 4538 8.
3396 4488 3505 4549 567

214 4578 292 4648 Θ
331 4569 400 4627 46
455 4585 571 4627 cos.
1617 4571 1756 4631 4320

1858 4584 1914 4646 D
2055 4582 2119 4624 ιιι
2300 4571 2465 4626 Anno
2494 4568 2531 4625 2
2553 4571 2894 4630 consulatus
2929 4574 3148 4632 Justini
3198 4577 3308 4634 Jun

218 4664 296 4735 θ
331 4658 398 4716 47
528 4664 548 4684 ⁶
571 4663 703 4717 Post
749 4662 1116 4719 consulatum
1146 4664 1365 4721 Justini
1407 4666 1537 4722 Jun.
2228 4659 2356 4734 Aug
2381 4660 2568 4717 Indict
2589 4661 2794 4731 prima.
2842 4664 2957 4720 Hoc
2993 4677 3146 4722 anno
3176 4667 3314 4723 Nar-

290 4752 337 4806 B
446 4750 595 4823 Aug.
2231 4763 2324 4805 ses
2362 4763 2432 4805 ex
2462 4751 2619 4819 Ριξξι)
2644 4758 2703 4806 et
2735 4751 2987 4810 Patricio
3014 4760 3144 4824 post
3174 4760 3306 4811 tan—

202 4840 397 4896 Indict
529 4844 547 4862 '
574 4841 747 4895 Vetus
778 4840 1086 4911 inscriptio
1109 4842 1313 4899 etfossa
1336 4844 1395 4898 in
1426 4846 1545 4899 Ex—
2225 4844 2317 4896 tos
2346 4845 2665 4909 prostratos
2684 4841 2996 4910 Tyrannos.
3019 4843 3074 4898 id
3106 4848 3194 4899 est
3218 4846 3315 4900 Ba-

271 4945 349 4986 xv
462 4928 692 5001 quiliis.
749 4931 911 4986 Flora
945 4946 1070 5002 qua:
1118 4934 1268 4988 vixit
1309 4946 1445 4988 ann.
1489 4948 1539 5001 v,
2224 4926 2492 4996 duillam,
2543 4932 2600 4982 et
2649 4929 2840 4996 Tejam
2905 4943 3068 5001 reges
3114 4931 3343 4989 Gotho-

257 5024 354 5073 εει
453 5018 583 5075 dies
625 5032 805 5075 xxvm
847 5020 976 5090 dep.
1030 5020 1137 5075 sub
1189 5022 1286 5077 die
1337 5035 1399 5076 ιιι
1459 5022 1539 5075 id.
2228 5029 2378 5084 rum,
2410 5021 2471 5071 et
2504 5015 2840 5073 Bucelinum
2884 5018 3088 5074 ducem
3119 5020 3306 5078 Fran-

454 5108 600 5180 Aug.
638 5109 760 5173 Ind,
795 5124 867 5164 xv
895 5112 952 5164 P.
1003 5110 1065 5165 C.
1113 5112 1176 5164 D.
1212 5111 1280 5164 N.
1329 5109 1543 5165 Justini
2225 5118 2446 5173 corum,
2517 5117 2738 5159 necnon
2820 5110 2880 5160 et
2951 5107 3305 5169 Siuderalem

457 5198 559 5252 PP.
591 5199 735 5269 Aug.
770 5199 1000 5255 Dicitur
1026 5200 1199 5255 etiam
1223 5196 1319 5253 hic
1361 5211 1549 5254 annus
1812 5236 1817 5241 ι
2226 5193 2482 5263 Erolum,
2504 5192 2914 5263 Mediolanum,
2938 5196 3020 5252 vel
3054 5198 3311 5273 reliquas

458 5288 798 5346 consulatus
811 5289 838 5343 J
848 5289 1030 5344 ustini
1052 5301 1242 5344 annus
1258 5287 1548 5344 secundus
2250 5283 2538 5353 civitates,
2554 5296 2699 5354 quas
2715 5284 3312 5350 Gothidestruxerant

457 5378 609 5448 apud
640 5381 776 5433 Mar.
808 5378 1229 5433 Aventetanno
1261 5377 1550 5433 udicitur
2231 5366 2611 5430 laudabiliter
2673 5379 2985 5447 reparatas,
3043 5377 3115 5434 de
3184 5379 3311 5452 ipsa

469 5468 530 5522 in
558 5468 814 5523 nummis
834 5468 935 5522 CP.
969 5467 1186 5522 Christ.
1218 5465 1352 5521 Tab.
1382 5460 1474 5521 27.
2230 5462 2398 5518 Italia
2426 5475 2459 5518 a
2493 5465 2894 5536 suprascripto
2909 5467 3038 5539 Aug
3060 5477 3317 5529 remotus

537 5557 791 5612 Pessimo
810 5557 1029 5613 Justini
1053 5555 1312 5611 Consilio
1343 5556 1551 5612 Narses
2232 5556 2337 5607 est.
2370 5551 2491 5608 Mar
2518 5552 2716 5609 Avent.

464 5646 645 5701 Italia:
678 5645 1550 5716 reparatorConstantinopolim
2304 5641 2572 5697 Justinus
2622 5640 2743 5714 Imp
2790 5648 2848 5701 et
2892 5647 3172 5706 Chosroes
3240 5650 3349 5709 [ω-

467 5741 789 5819 revocatur.
822 5735 981 5793 Unde
1021 5748 1135 5792 non
1167 5734 1354 5793 solum
1406 5735 1546 5793 Bar«
2236 5731 2371 5788 dera
2400 5731 2553 5789 inter
2582 5732 2867 5793 Romanos
2893 5742 2950 5795 et
2982 5739 3183 5798 Persas
3209 5757 3356 5801 con—
