3906 6420
138 351 252 411 785
989 427 992 430 ,
1081 362 1425 424 CHRONOL.
1464 371 1507 436 Α
1552 373 1604 430 S.
1647 374 1680 430 S

2075 382 2170 440 AD
2207 385 2265 444 S.
2305 387 2515 444 GREG.
2556 391 2631 446 Μ.
3476 393 3584 455 786

211 481 371 535 Anm‘
441 486 822 556 Imperatores,
857 488 1136 556 Consules,
1163 495 1441 550 Romano—
1547 501 1699 558 Anni

157 551 282 606 Per.
307 556 421 607 Jul.
499 573 642 607 rum-
677 575 762 607 res
793 567 955 607 mostm
996 568 1045 607 et
1085 565 1402 607 (inim-mpnf]:
1579 574 1626 607 Π
1669 576 1699 607 ρ

1993 527 2150 607 Anni
2249 530 2704 605 Christianorum,
2728 537 3045 592 Iudaeorum
3081 543 3131 592 et
3154 541 3328 607 ﬁniti-
3371 540 3529 594 Anni

204 569 282 606 er.
307 556 421 609 Jul.
499 573 642 628 rum,
677 575 762 614 res
790 567 955 628 gesta:
996 568 1045 617 et
1085 565 1422 622 documenta.
1579 574 1641 626 U.
1668 556 1707 631 ἀ

204 627 214 675 ε
245 626 372 679 1nd.
1520 649 1646 679 ηηίο
1691 650 1741 679 θ’

1993 556 2148 582 nunc
2249 556 2704 605 utnsnunorum,
2728 556 3045 592 Juaaeorum
3081 556 3131 592 ει
3154 556 3328 607 Ῑιηηι-
3371 556 3521 594 Αηηι

1995 598 2206 672 Olymp.
2335 621 2552 679 morum
2604 609 2954 677 papulorum,
3010 612 3314 679 Pontiﬁces,
3381 615 3521 667 Ere

162 627 214 678 et
245 626 372 680 1nd.
633 626 640 628 “
796 626 809 628 “
1519 649 1646 698 ante
1672 626 1704 697 ἶ

1510 721 1638 783 post
1665 718 1704 769 P

2033 626 2206 672 wymp.
2340 626 2552 661 morum
2604 626 2954 677 populorum,
3010 626 3314 679 t’Onnftces,
3381 626 3522 667 Δςνω

2329 678 2516 744 Reges,
2564 694 2650 733 res
2689 684 2850 746 gestae
2899 685 2950 734 et
2979 681 3317 737 documenta.
3351 682 3575 738 Christi.

492 808 575 863 Ex
632 811 892 867 nummis
943 813 1193 885 signatis
1217 828 1360 872 ANNO
1385 819 1432 874 G
1461 826 1516 875 et
2204 818 2382 888 solym
2416 820 2474 874 h.
2501 835 2550 876 a.
2586 821 2823 878 circiter
2851 823 2995 879 obit.
3019 824 3290 880 Succedit

422 893 527 951 G1.
2054 970 2057 972 η
2196 906 2459 964 Joannes.
2485 911 2699 982 Pagius
2721 909 2778 966 h.
2807 925 2858 966 a.
2889 925 3026 968 num
3058 910 3110 967 4.

493 990 610 1044 Hoc
638 1003 790 1047 anno
815 991 869 1047 S.
926 992 1245 1064 Gregorius
1270 997 1512 1069 Magnus
2267 996 2506 1053 Initium
2533 998 2670 1054 belli
2700 1000 2916 1056 Persici
2963 1001 3284 1059 vicennalis

420 1077 634 1133 Praetor
678 1080 944 1138 Urbanus
998 1081 1131 1139 fuit.
1175 1084 1316 1140 Vide
1341 1086 1508 1142 Card.
2192 1083 2249 1138 h.
2283 1098 2332 1140 a.
2365 1088 2574 1142 statuit
2599 1088 2810 1159 Pagius
2834 1103 2902 1145 ex
2931 1090 3281 1162 Theophyla-

416 1167 607 1223 Noris.
633 1169 703 1225 de
727 1170 861 1240 syn.
890 1185 946 1241 ν,
972 1188 1025 1243 ρ,
1059 1173 1129 1230 90
1153 1180 1210 1231 et
1239 1175 1328 1232 95,
2190 1178 2282 1229 cto
2313 1174 2351 1228 l.
2389 1189 2474 1243 ιιι,
2521 1191 2572 1231 c.
2603 1175 2657 1247 8,
2713 1179 2862 1248 quod
2891 1181 3275 1237 Persarmenii

484 1256 715 1314 ALBoml
747 1262 906 1332 regni
951 1263 1010 1318 in
1041 1264 1210 1320 Italia
1242 1266 1504 1322 initium,
2191 1262 2467 1319 Romanis
2514 1279 2574 1321 se
2606 1267 2985 1325 tradidissent
3010 1270 3276 1342 Gregorii

488 1347 633 1403 Lues
658 1349 990 1420 inguinaria
1018 1353 1077 1408 in
1099 1354 1310 1424 Gallia,
1339 1358 1508 1411 etlta-

2187 1349 2564 1408 Pontiﬁcatus
2585 1353 3034 1426 (Antiocb)anno
3063 1359 3269 1428 primo,

415 1432 513 1488 lia.
547 1438 766 1493 Marius
794 1439 996 1496 Avent.
2183 1439 2309 1507 ejus
2337 1440 2567 1497 scilicet
2597 1445 2697 1512 qui
2728 1445 2788 1500 in
2817 1445 3007 1501 locum
3037 1447 3273 1503 Anasta-

482 1524 768 1583 Alboinus
818 1530 1049 1599 Papiam
1127 1539 1391 1603 occupat,
1445 1540 1502 1590 οι
2180 1528 2788 1600 siidejectisutfectus
2837 1537 3262 1593 estaJustino.

411 1614 598 1670 sedem
674 1620 834 1689 regni
894 1619 977 1675 ibi
1040 1623 1372 1679 εοηειίιηίι,
1418 1627 1498 1681 Ex
2176 1618 2339 1675 Alias
2375 1622 2549 1678 etiam
2583 1637 2789 1680 causas
2829 1627 3270 1696 pacisinfracta:

410 1703 584 1758 Paulo
612 1705 856 1763 diacono
885 1708 968 1764 lib
995 1723 1056 1780 ιι,
1090 1724 1214 1780 cap,
1249 1710 1334 1768 43,
1386 1715 1498 1769 pa-
2181 1706 2522 1766 referuntad
2547 1713 2882 1784 Legationes
2899 1716 2969 1771 ad
2992 1716 3264 1772 Aretham

408 1791 542 1861 gius
583 1795 652 1849 ad
685 1795 837 1852 hunc
867 1811 1001 1854 ann,
1037 1814 1193 1856 num,
1229 1799 1284 1856 2,
1815 1855 1862 1877 ῃ
2180 1809 2368 1868 regem
2426 1800 2760 1871 zEthiopum
2831 1817 2863 1859 a
2905 1806 3152 1877 Justino,
3210 1815 3267 1863 et

478 1882 824 1941 Laurentius
851 1889 1133 1944 Medioaln
1160 1891 1320 1960 episc
1347 1905 1492 1949 cau—
1815 1855 1864 1918 Β
2174 1885 2244 1940 ad
2288 1886 2441 1943 hunc
2487 1903 2520 1944 ἃ
2575 1891 2780 1948 TurCis
2830 1895 3062 1951 missus.
3097 1896 3181 1951 Ibi
3208 1903 3265 1952 et

407 1970 621 2026 tionem
663 1974 732 2028 de
764 1990 794 2028 v
845 1976 1070 2046 Synodo
1117 1979 1187 2034 ad
1221 1982 1490 2038 Joannem

1353 1995 1490 2038 mem
2174 1987 2324 2032 anno
2350 1980 2615 2049 sequenti
2649 1996 2784 2039 num
2814 1997 2895 2039 χι.

403 2060 612 2129 Papam
690 2063 874 2119 mittit
939 2067 1110 2123 Noris
1180 2069 1252 2125 de
1291 2085 1323 2125 v
1377 2072 1489 2143 Syn

471 2257 592 2326 Imp
630 2258 898 2316 Justinus
942 2261 1088 2334 Aug.
1121 2279 1234 2322 ann
1259 2265 1314 2339 7,
1348 2272 1404 2324 et
1427 2267 1480 2339 8,
1564 2267 1701 2326 4324

1994 2272 2056 2313 Ill
2239 2263 2481 2321 Joannis
2508 2265 2576 2324 42
2605 2273 2661 2324 et
2694 2268 2778 2326 i3.
3336 2274 3443 2333 572

135 2345 216 2413 {-3
276 2339 340 2397 24
403 2359 521 2401 cos,
852 2414 860 2419 .
1564 2356 1704 2416 4325
1983 2360 2039 2401 1v
2222 2351 2553 2411 Marcianus
2611 2357 2888 2431 Magister
2943 2361 3259 2421 Orientalis

127 2428 210 2500 θ
300 2430 336 2486 3
465 2435 545 2490 Ex
570 2439 821 2494 nummis
852 2441 1152 2512 inscriptis
1180 2458 1291 2500 ANN
1316 2460 1396 2501 vn
1430 2453 1485 2502 et

2171 2441 2400 2500 Militia:
2430 2450 2486 2500 et
2527 2428 2868 2518 Imperatori
2909 2453 3257 2521 conjunctus

191 2524 227 2575 Ο
256 2521 299 2573 Β
392 2537 502 2578 ANN
534 2539 656 2594 νηί,
692 2530 840 2597 apud
876 2533 1098 2587 Mediol)
1129 2535 1481 2607 etcangium
2168 2536 2875 2601 genereadversusPersas
2891 2541 3104 2598 missus
3132 2559 3256 2613 pro-

150 2610 339 2664 Indict
394 2613 898 2688 Constantinopoli
942 2621 1130 2678 Chron
1171 2623 1377 2680 Charta
1411 2639 1477 2680 ex
2166 2627 2322 2676 Vecta
2353 2629 2517 2680 ἱὲωῑθ
2573 2627 2629 2681 in
2671 2627 3024 2686 OSPhoenam
3055 2635 3247 2689 venit:

226 2713 259 2752 ν
393 2703 619 2772 phylira
650 2720 801 2763 anno
829 2724 924 2763 vu.
954 2711 1168 2767 Justini
1206 2714 1311 2768 PP.
1351 2715 1479 2787 Aug
2165 2713 2508 2768 transmisso
2535 2716 2828 2786 Euphrate
2855 2719 3133 2778 Barbaros
3169 2737 3250 2778 τε·

169 2793 224 2843 et
262 2803 316 2844 γι
392 2797 446 2846 et
497 2801 622 2862 post
674 2811 814 2852 cons
866 2800 992 2868 ejus
1049 2804 1262 2858 secund
1321 2818 1472 2860 anno

2165 2799 2331 2868 pellit
2363 2802 2420 2856 in
2450 2807 2741 2876 regionem
2781 2807 3157 2880 Arzanenam,
3189 2820 3244 2870 et

394 2889 601 2951 quarto
660 2887 847 2942 Indict
901 2903 980 2962 iv,
1007 2890 1105 2946 die
1148 2890 1182 2947 3
1208 2895 1327 2948 Non
1359 2895 1470 2950 Jun

2159 2890 2394 2946 territos
2438 2891 2617 2964 fugat.
2666 2897 2746 2950 Ex
2802 2898 3044 2970 Evagrio
3076 2900 3158 2955 lib
3186 2916 3240 2969 ν,

385 2972 533 3040 apud
569 2974 821 3032 hmredes
849 2980 1083 3035 Deciani
1113 2983 1163 3036 J.
1221 2982 1278 3036 C.
1310 2985 1466 3039 Imo-

2155 2991 2212 3032 c.
2247 2976 2302 3048 8,
2332 2986 2388 3034 et
2418 2981 2761 3053 Theophane
2793 2985 3061 3056 Byzantio
3091 2992 3241 3060 apud

386 3057 586 3131 lensis,
653 3078 805 3119 nunc
853 3070 1002 3136 apud
1072 3069 1161 3124 Ill.
1213 3071 1464 3143 Archiep

2153 3067 2444 3126 Photium.
2480 3074 2691 3145 Pagius
2711 3075 2778 3130 ad
2813 3075 2868 3130 h.
2911 3091 2961 3134 a.
2997 3057 3244 3136 referen-

378 3149 741 3219 Ancyranum
819 3153 1154 3224 Fontanini,
1222 3160 1293 3215 de
1349 3175 1461 3231 qua
1783 3182 1832 3245 ρ
2151 3155 2287 3212 dum
2340 3160 2507 3217 docet
2557 3175 2709 3220 anno
2739 3179 2849 3234 sup
2877 3181 2932 3222 η.
2964 3165 3021 3222 7ο

380 3237 551 3294 etiam
612 3242 843 3312 Ephem,
905 3245 1130 3304 Venetae
1182 3251 1464 3307 eruditet
1790 3237 1831 3245 '
2215 3248 2481 3306 Justinus
2518 3258 2803 3325 aegrotans
2849 3256 2907 3312 in
2939 3259 3238 3328 proprium

377 3327 569 3383 March
597 3330 830 3388 Matfens
862 3333 982 3390 hist,
1033 3337 1158 3406 dipl
1203 3353 1254 3408 ρ,
1288 3337 1417 3395 463,
2148 3333 2381 3395 fratrem
2409 3342 2723 3400 Baduzium
2751 3327 3232 3403 contumeliosus.

450 3415 764 3476 Chariberto
823 3424 1171 3482 Francorum
1226 3429 1346 3498 regi
1402 3428 1460 3484 h.
2143 3423 2324 3482 Baron
2356 3435 2413 3484 et
2465 3431 2577 3502 Pag
2627 3432 2695 3488 ad
2732 3432 2787 3488 h.
2818 3446 2877 3489 a.
2931 3447 2989 3488 n.
3037 3432 3124 3502 -15,
3166 3449 3234 3490 ex

375 3519 407 3560 a
434 3507 732 3566 decedenti
779 3515 1040 3570 succedit
1069 3515 1129 3569 in
1154 3518 1460 3574 Austrasia
2140 3511 2392 3584 TheOPh-

373 3595 700 3666 Sz'gibertus,
724 3600 783 3656 in
803 3603 1074 3658 Neustria
1096 3603 1455 3674 Chilpericus.

372 3684 431 3739 in
491 3687 826 3760 Burgundia
859 3691 1236 3748 Guntramnus
1277 3695 1458 3752 Coin—

376 3774 496 3832 tius
520 3779 672 3847 apud
702 3780 815 3851 Pag
845 3779 899 3835 h.
931 3794 984 3836 a.
1029 3796 1084 3838 n.
1114 3780 1166 3838 4.

140 3877 294 3937 5286
440 3885 563 3954 Imp
610 3885 877 3943 Justinus
920 3888 1049 3962 Aug
1089 3890 1268 3947 ann8
1313 3897 1370 3950 et
1398 3893 1450 3967 9,
1530 3894 1670 3955 4325
1887 3880 2078 3967 Oli/mp
2198 3884 2437 3942 Joannis
2496 3885 2582 3960 43,
2653 3893 2752 3962 qui
2810 3893 2934 3950 obit
3000 3894 3097 3952 die
3148 3893 3220 3953 ‘23
3315 3896 3422 3957 573

109 3972 188 4043 (ᾗ
231 3968 305 4026 22
362 3985 483 4028 cos.
1440 3966 1444 3967 ⁷
1528 3984 1666 4044 43%
1937 3966 2043 4025 337
2133 3971 2276 4029 Julii
2354 3989 2485 4032 cum
2519 3979 2766 4037 sedisset
2807 3995 2921 4038 ann
2953 3999 3031 4055 xx,
3063 3999 3222 4043 mens

98 4058 181 4130 θ
265 4057 300 4115 4
427 4065 659 4120 Nummi
703 4071 919 4124 veteres
953 4069 1012 4124 in
1047 4071 1452 4140 quibusscul-
1954 4072 2010 4113 ιν
2121 4075 2202 4129 XI»
2295 4064 2504 4123 diebus
2576 4082 2757 4125 XXVII-
2827 4071 3002 4129 Vacat
3049 4075 3221 4133 Sedes

195 4148 250 4203 Α
369 4157 525 4219 ptum
551 4167 694 4208 ANNO
725 4169 846 4225 νηί,
887 4165 942 4213 ει
983 4172 1128 4214 ANNO
1152 4159 1266 4216 Gm
1298 4164 1448 4232 apud
1953 4155 2005 4203 et
2128 4155 2351 4209 mensib
2381 4157 2660 4226 x,diebus
2695 4161 2940 4218 Iu.Vide
2961 4169 3126 4222 notas
3146 4169 3216 4224 ad

106 4239 298 4294 India:
363 4243 691 4300 Mediobard
724 4253 780 4301 et
804 4246 978 4320 Cang.
1935 4236 2044 4295 338
2128 4243 2401 4301 Joannem
2447 4249 2539 4302 Ill.

176 4342 231 4382 vr
419 4331 760 4390 Praefectura
792 4335 961 4391 Urbis
998 4351 1030 4394 a
1071 4341 1273 4410 Magno
1298 4343 1448 4398 Gre-

1978 4342 1995 4385 x
2201 4333 2530 4392 Marcianus
2558 4351 2626 4394 ex
2652 4341 2806 4397 Dura
2836 4343 3049 4412 oppido
3069 4358 3215 4401 con-

133 4423 286 4473 etvu
358 4421 520 4490 gorio
550 4422 603 4477 h.
638 4437 688 4478 a.
734 4424 1141 4484 administrata
1167 4437 1255 4484 est
1279 4430 1445 4498 juxta

2127 4427 2213 4478 tra
2268 4426 2467 4482 Persas
2514 4443 2743 4487 movens
2801 4433 3034 4490 Nisibin
3080 4440 3215 4492 ten-

357 4509 593 4618 Pagiu‘m
620 4513 689 4568 ad
725 4514 778 4568 h.
831 4529 884 4570 a.
914 4521 969 4571 et
1024 4517 1095 4573 ad
1145 4531 1258 4575 ann
1310 4517 1436 4592 581,
1757 4557 1810 4618 Β
2122 4513 2323 4618 dentes
2377 4519 2605 4618 eosdem
2655 4523 2845 4618 caedit,
2891 4530 2950 4580 et
2999 4525 3209 4618 iterum

357 4611 489 4654 num
513 4598 566 4656 3.
1757 4598 1809 4618 υ
2124 4604 2309 4660 Duras
2341 4609 2512 4663 redit.
2545 4610 3006 4684 Theophylactus
3037 4616 3074 4671 l.
3120 4631 3207 4688 III,

423 4689 720 4748 Dissensio
772 4694 923 4750 inter
982 4697 1232 4754 Francia:
1261 4699 1439 4771 Reges
2121 4707 2170 4747 C-
2208 4691 2295 4765 40a
2327 4698 2478 4765 ³1)υά
2512 4699 2625 4772 Pag
2652 4700 2709 4755 Π·
2757 4715 2808 4758 a-
2842 4717 2899 4759 n-
2934 4703 2985 4760 6ο

349 4790 584 4838 exorta:
657 4799 829 4854 quam
906 4793 1160 4844 avertere
1221 4791 1437 4863 satagit
2189 4782 2472 4842 Chosroes
2535 4801 2566 4843 θ
2622 4798 2823 4848 contra
2881 4795 3201 4865 Apameam

347 4869 402 4926 S.
474 4873 795 4931 Germanus
858 4878 1017 4948 episc
1088 4879 1435 4936 Parisiensis

2121 4869 2378 4928 incendit
2402 4875 2459 4929 in
2519 4877 2849 4952 Coelesyria,
2893 4888 2950 4937 et
3000 4897 3204 4940 rursus

348 4974 448 5032 per
503 4963 912 5021 Brunchildem
969 4969 1263 5039 Reginam,
1319 4970 1432 5023 pa-
2121 4957 2177 5012 in
2205 4961 2493 5018 Persidem
2530 4969 2859 5025 revertitur.
2905 4969 2988 5026 Ibi
3019 4985 3076 5025 n.
3107 4971 3162 5028 7.

345 5049 478 5120 gius
531 5051 610 5108 ibi
664 5052 806 5124 n.7,
840 5056 1128 5126 Synodum
1182 5071 1234 5111 ιν
1273 5057 1428 5112 cele-

344 5138 472 5196 brat
499 5142 763 5199 Parisiis.
796 5145 939 5201 Vide
981 5158 1092 5200 ann
1123 5142 1251 5214 576,
1276 5160 1332 5201 n.

115 5241 269 5299 $3287
342 5247 420 5303 De
474 5250 772 5307 Paschalis
824 5252 1078 5310 celebrat
1135 5253 1428 5310 dissident

86 5339 163 5408 Θ
205 5333 281 5391 23
331 5336 594 5407 Hispani.
626 5341 708 5396 Ibi
743 5356 800 5396 n.
837 5339 889 5396 4.

95 5423 174 5494 θ
251 5423 288 5480 5
412 5428 534 5499 Imp
559 5431 829 5488 Justinus
870 5430 997 5504 Aug
1037 5430 1211 5488 ann9
1257 5439 1313 5489 et
1339 5431 1425 5490 40.
1506 5432 1637 5493 4326

1951 5455 1968 5496 ι
2171 5444 2464 5501 Benedicti
2500 5459 2536 5514 ι,
2569 5459 2639 5504 ex
2667 5449 2764 5506 die
2791 5449 2863 5508 27
2893 5455 3053 5511 Maii.
3281 5455 3389 5516 574

168 5513 212 5568 G
339 5529 458 5570 cos.
1505 5522 1643 5582 4327
1953 5545 1992 5587 ιι
2175 5535 2310 5590 Post
2341 5513 2694 5596 vacationem
2719 5541 2885 5600 Sedis
2913 5544 2986 5600 ab
3024 5546 3192 5605 obitu

95 5607 284 5660 Indict
411 5607 491 5663 Ex
544 5610 842 5666 veteribus
893 5611 1148 5668 nummis
1176 5612 1427 5685 signatis
2101 5623 2339 5680 Joannis
2365 5625 2646 5683 mensium
2673 5645 2730 5701 x,
2763 5639 2818 5689 et
2843 5635 3067 5691 dierum
3104 5651 3192 5706 Ill,

151 5709 228 5750 vn
334 5710 482 5754 anno
505 5713 561 5753 x.
2108 5711 2353 5784 eligitur
2404 5716 2765 5794 Bsusmcrus,
2807 5729 2863 5780 et
2888 5725 3194 5791 ordinatur
