  <div class='ocr_page' id='page_1' title='image "/cluster/home/n/w/nwhite01/storage/ocr_20150623/127-128/uc1.31175010226572/402.png"; bbox 0 0 3906 6416; ppageno 0'>
   <div class='ocr_carea' id='block_1_1' title="bbox 157 381 3595 470">
    <p class='ocr_par' dir='ltr' id='par_1_1' title="bbox 157 381 3595 470">
     <span class='ocr_line' id='line_1_1' title="bbox 157 381 3595 470; baseline 0.009 -31"><span class='ocrx_word' id='word_1_1' title='bbox 157 381 270 442; x_wconf 87' lang='lat'><strong>789</strong></span> <span class='ocrx_word' id='word_1_2' title='bbox 1095 388 1439 448; x_wconf 86' lang='lat' dir='ltr'><strong>CHRONOL.</strong></span> <span class='ocrx_word' id='word_1_3' title='bbox 1480 391 1528 450; x_wconf 81' lang='grc' dir='ltr'><strong>Α</strong></span> <span class='ocrx_word' id='word_1_4' title='bbox 1569 393 1627 451; x_wconf 82' lang='grc'><strong>8.</strong></span> <span class='ocrx_word' id='word_1_5' title='bbox 1671 393 2064 453; x_wconf 81' lang='lat' dir='ltr'><strong>SYLVESTRO</strong></span> <span class='ocrx_word' id='word_1_6' title='bbox 2107 396 2201 455; x_wconf 80' lang='lat' dir='ltr'><strong>AD</strong></span> <span class='ocrx_word' id='word_1_7' title='bbox 2236 399 2291 456; x_wconf 92' lang='lat' dir='ltr'><strong>S.</strong></span> <span class='ocrx_word' id='word_1_8' title='bbox 2334 400 2543 458; x_wconf 84' lang='lat' dir='ltr'><strong>GREG.</strong></span> <span class='ocrx_word' id='word_1_9' title='bbox 2585 403 2658 457; x_wconf 86' lang='lat' dir='ltr'><strong>M.</strong></span> <span class='ocrx_word' id='word_1_10' title='bbox 3488 409 3595 470; x_wconf 90' lang='grc'><strong>790</strong></span> 
     </span>
    </p>
   </div>
   <div class='ocr_carea' id='block_1_2' title="bbox 232 506 3518 596">
    <p class='ocr_par' dir='ltr' id='par_1_2' title="bbox 232 506 3518 596">
     <span class='ocr_line' id='line_1_2' title="bbox 232 506 3518 596; baseline 0.008 -38"><span class='ocrx_word' id='word_1_11' title='bbox 232 506 400 596; x_wconf 48' lang='lat' dir='ltr'><strong>An‘ni&#39;</strong></span> <span class='ocrx_word' id='word_1_12' title='bbox 464 510 843 578; x_wconf 84' lang='lat' dir='ltr'><strong>Imperatores.</strong></span> <span class='ocrx_word' id='word_1_13' title='bbox 899 511 1192 596; x_wconf 44' lang='lat' dir='ltr'><strong>Consules,</strong></span> <span class='ocrx_word' id='word_1_14' title='bbox 1247 515 1525 596; x_wconf 77' lang='lat' dir='ltr'><strong>Romano—</strong></span> <span class='ocrx_word' id='word_1_15' title='bbox 1576 518 1764 596; x_wconf 45' lang='lat' dir='ltr'><strong>“Anni</strong></span> <span class='ocrx_word' id='word_1_16' title='bbox 1853 526 1910 582; x_wconf 86' lang='lat' dir='ltr'><strong>A</strong></span> <span class='ocrx_word' id='word_1_17' title='bbox 1976 518 2133 596; x_wconf 52' lang='lat' dir='ltr'><strong>{iﬁlli</strong></span> <span class='ocrx_word' id='word_1_18' title='bbox 2196 521 2649 586; x_wconf 77' lang='lat' dir='ltr'><strong>Christianorum,</strong></span> <span class='ocrx_word' id='word_1_19' title='bbox 2704 525 3021 580; x_wconf 61' lang='lat' dir='ltr'><strong>Judmorum</strong></span> <span class='ocrx_word' id='word_1_20' title='bbox 3067 530 3120 581; x_wconf 80' lang='lat' dir='ltr'><strong>et</strong></span> <span class='ocrx_word' id='word_1_21' title='bbox 3163 529 3300 596; x_wconf 84' lang='lat' dir='ltr'><strong>fini—</strong></span> <span class='ocrx_word' id='word_1_22' title='bbox 3360 529 3518 584; x_wconf 81' lang='lat' dir='ltr'><strong>Anni</strong></span> 
     </span>
    </p>
   </div>
   <div class='ocr_carea' id='block_1_3' title="bbox 154 576 3521 668">
    <p class='ocr_par' dir='ltr' id='par_1_3' title="bbox 154 576 3521 668">
     <span class='ocr_line' id='line_1_3' title="bbox 154 576 3521 668; baseline 0.003 -39"><span class='ocrx_word' id='word_1_23' title='bbox 154 576 420 668; x_wconf 31' lang='lat' dir='ltr'><strong>Perga].</strong></span> <span class='ocrx_word' id='word_1_24' title='bbox 520 576 644 635; x_wconf 42' lang='lat' dir='ltr'><strong>r’um</strong></span> <span class='ocrx_word' id='word_1_25' title='bbox 694 598 780 636; x_wconf 81' lang='lat' dir='ltr'><strong>res</strong></span> <span class='ocrx_word' id='word_1_26' title='bbox 828 589 1013 653; x_wconf 68' lang='lat' dir='ltr'><strong>gestae,</strong></span> <span class='ocrx_word' id='word_1_27' title='bbox 1042 590 1093 638; x_wconf 86' lang='lat' dir='ltr'><strong>et</strong></span> <span class='ocrx_word' id='word_1_28' title='bbox 1155 584 1494 640; x_wconf 79' lang='lat' dir='ltr'><strong>documenta.</strong></span> <span class='ocrx_word' id='word_1_29' title='bbox 1576 588 1637 647; x_wconf 79' lang='grc' dir='ltr'><strong>Π.</strong></span> <span class='ocrx_word' id='word_1_30' title='bbox 1676 588 1777 668; x_wconf 9' lang='grc'><strong>⁵0.-</strong></span> <span class='ocrx_word' id='word_1_31' title='bbox 1853 576 1910 582; x_wconf 68' lang='grc'><strong>’”</strong></span> <span class='ocrx_word' id='word_1_32' title='bbox 1973 589 2183 661; x_wconf 81' lang='lat' dir='ltr'><strong>Olymp.</strong></span> <span class='ocrx_word' id='word_1_33' title='bbox 2288 596 2544 649; x_wconf 69' lang='lat' dir='ltr'><strong>timorum</strong></span> <span class='ocrx_word' id='word_1_34' title='bbox 2580 576 3290 668; x_wconf 50' lang='grc' dir='ltr'><strong>ῥόριλίρἶλῂίξῷυίιὶίρξέέ,</strong></span> <span class='ocrx_word' id='word_1_35' title='bbox 3360 576 3521 656; x_wconf 50' lang='grc' dir='ltr'><strong>Ῑέρξέ</strong></span> 
     </span>
    </p>
   </div>
   <div class='ocr_carea' id='block_1_4' title="bbox 193 650 3552 737">
    <p class='ocr_par' dir='ltr' id='par_1_4' title="bbox 193 650 3552 737">
     <span class='ocr_line' id='line_1_4' title="bbox 193 650 3552 737; baseline 0.007 -34"><span class='ocrx_word' id='word_1_36' title='bbox 193 654 248 703; x_wconf 85' lang='lat' dir='ltr'><strong>et</strong></span> <span class='ocrx_word' id='word_1_37' title='bbox 274 650 387 705; x_wconf 82' lang='lat' dir='ltr'><strong>1nd</strong></span> <span class='ocrx_word' id='word_1_38' title='bbox 586 694 591 697; x_wconf 88' lang='lat'><strong>.</strong></span> <span class='ocrx_word' id='word_1_39' title='bbox 834 650 837 651; x_wconf 56' lang='grc'><strong><em>⁷</em></strong></span> <span class='ocrx_word' id='word_1_40' title='bbox 1002 650 1009 653; x_wconf 58' lang='grc'><strong><em>⁷</em></strong></span> <span class='ocrx_word' id='word_1_41' title='bbox 1587 664 1804 737; x_wconf 84' lang='lat' dir='ltr'><strong>an_te_et_</strong></span> <span class='ocrx_word' id='word_1_42' title='bbox 2039 650 2061 660; x_wconf 78' lang='grc'><em>’</em></span> <span class='ocrx_word' id='word_1_43' title='bbox 2128 650 2144 661; x_wconf 73' lang='grc'><em>’</em></span> <span class='ocrx_word' id='word_1_44' title='bbox 2288 669 2477 734; x_wconf 84' lang='lat' dir='ltr'><strong>Reges,</strong></span> <span class='ocrx_word' id='word_1_45' title='bbox 2517 650 2602 723; x_wconf 75' lang='lat' dir='ltr'><strong>res</strong></span> <span class='ocrx_word' id='word_1_46' title='bbox 2621 650 2783 737; x_wconf 46' lang='lat' dir='ltr'><strong>g‘estae</strong></span> <span class='ocrx_word' id='word_1_47' title='bbox 2806 650 2862 724; x_wconf 79' lang='lat' dir='ltr'><strong>et</strong></span> <span class='ocrx_word' id='word_1_48' title='bbox 2898 650 3290 726; x_wconf 48' lang='lat' dir='ltr'><strong>aciemin.&quot;</strong></span> <span class='ocrx_word' id='word_1_49' title='bbox 3333 650 3552 729; x_wconf 50' lang='lat' dir='ltr'><strong>Christi.</strong></span> 
     </span>
    </p>
   </div>
   <div class='ocr_carea' id='block_1_5' title="bbox 1544 731 1823 801">
    <p class='ocr_par' dir='ltr' id='par_1_5' title="bbox 1544 731 1823 801">
     <span class='ocr_line' id='line_1_5' title="bbox 1544 731 1823 801; baseline -0.004 -15"><span class='ocrx_word' id='word_1_50' title='bbox 1544 734 1674 801; x_wconf 80' lang='lat' dir='ltr'><strong>post</strong></span> <span class='ocrx_word' id='word_1_51' title='bbox 1698 731 1823 786; x_wconf 87' lang='lat' dir='ltr'><strong>Pal.</strong></span> 
     </span>
    </p>
   </div>
   <div class='ocr_carea' id='block_1_6' title="bbox 452 901 3301 977">
    <p class='ocr_par' dir='ltr' id='par_1_6' title="bbox 452 901 3301 977">
     <span class='ocr_line' id='line_1_6' title="bbox 452 901 3301 977; baseline 0 -17"><span class='ocrx_word' id='word_1_52' title='bbox 452 904 731 972; x_wconf 78' lang='lat' dir='ltr'><strong>succedit,</strong></span> <span class='ocrx_word' id='word_1_53' title='bbox 763 903 1065 977; x_wconf 82' lang='lat' dir='ltr'><strong>Augustus</strong></span> <span class='ocrx_word' id='word_1_54' title='bbox 1095 910 1409 963; x_wconf 88' lang='lat' dir='ltr'><strong>coronatus</strong></span> <span class='ocrx_word' id='word_1_55' title='bbox 1442 906 1539 964; x_wconf 90' lang='lat' dir='ltr'><strong>die</strong></span> <span class='ocrx_word' id='word_1_56' title='bbox 2048 966 2051 969; x_wconf 65' lang='lat'><strong>,</strong></span> <span class='ocrx_word' id='word_1_57' title='bbox 2219 901 2479 957; x_wconf 76' lang='lat' dir='ltr'><strong>Cessavit</strong></span> <span class='ocrx_word' id='word_1_58' title='bbox 2528 901 2909 973; x_wconf 79' lang='lat' dir='ltr'><strong>Episcopatus</strong></span> <span class='ocrx_word' id='word_1_59' title='bbox 2957 915 3117 959; x_wconf 90' lang='lat' dir='ltr'><strong>mens</strong></span> <span class='ocrx_word' id='word_1_60' title='bbox 3154 901 3211 975; x_wconf 92' lang='lat'><strong>3,</strong></span> <span class='ocrx_word' id='word_1_61' title='bbox 3242 905 3301 960; x_wconf 92' lang='lat' dir='ltr'><strong>d.</strong></span> 
     </span>
    </p>
   </div>
   <div class='ocr_carea' id='block_1_7' title="bbox 447 987 3309 1067">
    <p class='ocr_par' dir='ltr' id='par_1_7' title="bbox 447 987 3309 1067">
     <span class='ocr_line' id='line_1_7' title="bbox 447 987 3309 1067; baseline -0 -17"><span class='ocrx_word' id='word_1_62' title='bbox 447 992 519 1050; x_wconf 92' lang='grc'><strong>26</strong></span> <span class='ocrx_word' id='word_1_63' title='bbox 565 995 921 1065; x_wconf 82' lang='lat' dir='ltr'><strong>Septembris</strong></span> <span class='ocrx_word' id='word_1_64' title='bbox 973 994 1045 1050; x_wconf 87' lang='lat' dir='ltr'><strong>ab</strong></span> <span class='ocrx_word' id='word_1_65' title='bbox 1096 996 1381 1067; x_wconf 86' lang='lat' dir='ltr'><strong>Eutychio</strong></span> <span class='ocrx_word' id='word_1_66' title='bbox 1428 998 1541 1053; x_wconf 90' lang='lat' dir='ltr'><strong>Pa-</strong></span> <span class='ocrx_word' id='word_1_67' title='bbox 2222 987 2288 1046; x_wconf 95' lang='grc'>40</span> <span class='ocrx_word' id='word_1_68' title='bbox 2328 991 2583 1064; x_wconf 87' lang='lat' dir='ltr'><strong>(Catalog</strong></span> <span class='ocrx_word' id='word_1_69' title='bbox 2627 993 2740 1048; x_wconf 87' lang='lat' dir='ltr'><strong>Luc</strong></span> <span class='ocrx_word' id='word_1_70' title='bbox 2769 1005 2929 1047; x_wconf 89' lang='lat' dir='ltr'><strong>mens</strong></span> <span class='ocrx_word' id='word_1_71' title='bbox 2976 989 3030 1063; x_wconf 87' lang='grc'>3,</span> <span class='ocrx_word' id='word_1_72' title='bbox 3063 991 3191 1048; x_wconf 91' lang='lat' dir='ltr'><strong>dies</strong></span> <span class='ocrx_word' id='word_1_73' title='bbox 3218 990 3309 1065; x_wconf 89' lang='grc'>25)</span> 
     </span>
    </p>
   </div>
   <div class='ocr_carea' id='block_1_8' title="bbox 451 1081 3308 1169">
    <p class='ocr_par' dir='ltr' id='par_1_8' title="bbox 451 1081 3308 1169">
     <span class='ocr_line' id='line_1_8' title="bbox 451 1081 3308 1169; baseline 0 -30"><span class='ocrx_word' id='word_1_74' title='bbox 451 1085 708 1141; x_wconf 89' lang='lat' dir='ltr'><strong>triarcha</strong></span> <span class='ocrx_word' id='word_1_75' title='bbox 760 1087 933 1155; x_wconf 87' lang='lat' dir='ltr'><strong>jussu</strong></span> <span class='ocrx_word' id='word_1_76' title='bbox 991 1086 1248 1155; x_wconf 86' lang='lat' dir='ltr'><strong>ejusdem</strong></span> <span class='ocrx_word' id='word_1_77' title='bbox 1297 1087 1532 1143; x_wconf 86' lang='lat' dir='ltr'><strong>Justini.</strong></span> <span class='ocrx_word' id='word_1_78' title='bbox 1644 1124 1651 1129; x_wconf 62' lang='grc' dir='ltr'><strong>ι</strong></span> <span class='ocrx_word' id='word_1_79' title='bbox 2164 1150 2177 1169; x_wconf 27' lang='grc' dir='ltr'><strong>κ</strong></span> <span class='ocrx_word' id='word_1_80' title='bbox 2220 1081 2493 1137; x_wconf 73' lang='grc' dir='ltr'><strong>ΡιειΑοιυε</strong></span> <span class='ocrx_word' id='word_1_81' title='bbox 2570 1082 2641 1141; x_wconf 89' lang='lat' dir='ltr'><strong>II.</strong></span> <span class='ocrx_word' id='word_1_82' title='bbox 2715 1081 2935 1137; x_wconf 89' lang='lat' dir='ltr'><strong>electus</strong></span> <span class='ocrx_word' id='word_1_83' title='bbox 3004 1095 3308 1169; x_wconf 82' lang='lat' dir='ltr'><strong>successor</strong></span> 
     </span>
    </p>
   </div>
   <div class='ocr_carea' id='block_1_9' title="bbox 447 1168 1989 1247">
    <p class='ocr_par' dir='ltr' id='par_1_9' title="bbox 447 1173 1539 1247">
     <span class='ocr_line' id='line_1_9' title="bbox 447 1173 1539 1247; baseline 0.004 -18"><span class='ocrx_word' id='word_1_84' title='bbox 447 1174 590 1230; x_wconf 87' lang='lat' dir='ltr'><strong>Vide</strong></span> <span class='ocrx_word' id='word_1_85' title='bbox 618 1175 897 1247; x_wconf 89' lang='lat' dir='ltr'><strong>Cangium</strong></span> <span class='ocrx_word' id='word_1_86' title='bbox 923 1176 994 1231; x_wconf 93' lang='lat' dir='ltr'><strong>de</strong></span> <span class='ocrx_word' id='word_1_87' title='bbox 1024 1173 1186 1231; x_wconf 85' lang='lat' dir='ltr'><strong>famil</strong></span> <span class='ocrx_word' id='word_1_88' title='bbox 1209 1176 1539 1246; x_wconf 87' lang='lat' dir='ltr'><strong>Byzantinis</strong></span> 
     </span>
    </p>
   </div>
   <div class='ocr_carea' id='block_1_10' title="bbox 1762 1168 3304 1247">
    <p class='ocr_par' dir='ltr' id='par_1_10' title="bbox 2174 1168 3304 1228">
     <span class='ocr_line' id='line_1_10' title="bbox 2174 1168 3304 1228; baseline 0.004 -4"><span class='ocrx_word' id='word_1_89' title='bbox 2174 1168 2177 1169; x_wconf 64' lang='grc'><strong><em>⁷</em></strong></span> <span class='ocrx_word' id='word_1_90' title='bbox 2218 1171 2526 1226; x_wconf 82' lang='lat' dir='ltr'><strong>ordinatur</strong></span> <span class='ocrx_word' id='word_1_91' title='bbox 2574 1170 2671 1226; x_wconf 90' lang='lat' dir='ltr'><strong>die</strong></span> <span class='ocrx_word' id='word_1_92' title='bbox 2722 1171 3029 1228; x_wconf 90' lang='lat' dir='ltr'><strong>Dominica</strong></span> <span class='ocrx_word' id='word_1_93' title='bbox 3080 1168 3157 1227; x_wconf 80' lang='grc'><strong>27</strong></span> <span class='ocrx_word' id='word_1_94' title='bbox 3201 1173 3304 1228; x_wconf 87' lang='lat' dir='ltr'><strong>No-</strong></span> 
     </span>
    </p>
   </div>
   <div class='ocr_carea' id='block_1_11' title="bbox 449 1257 1991 1332">
    <p class='ocr_par' dir='ltr' id='par_1_11' title="bbox 449 1264 1070 1322">
     <span class='ocr_line' id='line_1_11' title="bbox 449 1264 1070 1322; baseline 0 -3"><span class='ocrx_word' id='word_1_95' title='bbox 449 1264 506 1319; x_wconf 90' lang='lat' dir='ltr'><strong>in</strong></span> <span class='ocrx_word' id='word_1_96' title='bbox 533 1264 640 1319; x_wconf 85' lang='lat' dir='ltr'><strong>Tib</strong></span> <span class='ocrx_word' id='word_1_97' title='bbox 669 1265 1070 1322; x_wconf 89' lang='lat' dir='ltr'><strong>Constantino.</strong></span> 
     </span>
    </p>
   </div>
   <div class='ocr_carea' id='block_1_12' title="bbox 1543 1257 3085 1332">
    <p class='ocr_par' dir='ltr' id='par_1_12' title="bbox 2219 1257 3085 1332">
     <span class='ocr_line' id='line_1_12' title="bbox 2219 1257 3085 1332; baseline 0 -18"><span class='ocrx_word' id='word_1_98' title='bbox 2219 1259 2434 1314; x_wconf 88' lang='lat' dir='ltr'><strong>vembr.</strong></span> <span class='ocrx_word' id='word_1_99' title='bbox 2461 1259 2605 1316; x_wconf 84' lang='lat' dir='ltr'><strong>Vide</strong></span> <span class='ocrx_word' id='word_1_100' title='bbox 2635 1265 2799 1315; x_wconf 87' lang='lat' dir='ltr'><strong>notas</strong></span> <span class='ocrx_word' id='word_1_101' title='bbox 2833 1274 2942 1332; x_wconf 88' lang='lat' dir='ltr'><strong>pag</strong></span> <span class='ocrx_word' id='word_1_102' title='bbox 2958 1257 3085 1317; x_wconf 83' lang='grc'><strong>305.</strong></span> 
     </span>
    </p>
   </div>
   <div class='ocr_carea' id='block_1_13' title="bbox 517 1344 2059 1433">
    <p class='ocr_par' dir='ltr' id='par_1_13' title="bbox 517 1352 1536 1412">
     <span class='ocr_line' id='line_1_13' title="bbox 517 1352 1536 1412; baseline 0.004 -4"><span class='ocrx_word' id='word_1_103' title='bbox 517 1352 751 1409; x_wconf 76' lang='lat' dir='ltr'><strong>Dicitur</strong></span> <span class='ocrx_word' id='word_1_104' title='bbox 770 1356 943 1411; x_wconf 87' lang='lat' dir='ltr'><strong>etiam</strong></span> <span class='ocrx_word' id='word_1_105' title='bbox 971 1368 1161 1411; x_wconf 90' lang='lat' dir='ltr'><strong>annus</strong></span> <span class='ocrx_word' id='word_1_106' title='bbox 1186 1369 1241 1410; x_wconf 85' lang='lat' dir='ltr'><strong>iv</strong></span> <span class='ocrx_word' id='word_1_107' title='bbox 1264 1362 1396 1412; x_wconf 90' lang='lat' dir='ltr'><strong>etv.</strong></span> <span class='ocrx_word' id='word_1_108' title='bbox 1430 1356 1536 1412; x_wconf 90' lang='lat' dir='ltr'><strong>Tib</strong></span> 
     </span>
    </p>
   </div>
   <div class='ocr_carea' id='block_1_14' title="bbox 1759 1344 3301 1433">
    <p class='ocr_par' dir='ltr' id='par_1_14' title="bbox 2289 1344 3301 1433">
     <span class='ocr_line' id='line_1_14' title="bbox 2289 1344 3301 1433; baseline 0.004 -31"><span class='ocrx_word' id='word_1_109' title='bbox 2289 1348 2611 1404; x_wconf 83' lang='lat' dir='ltr'><strong>Mauricius</strong></span> <span class='ocrx_word' id='word_1_110' title='bbox 2643 1349 2763 1404; x_wconf 81' lang='lat' dir='ltr'><strong>dux</strong></span> <span class='ocrx_word' id='word_1_111' title='bbox 2794 1344 2919 1422; x_wconf 89' lang='lat' dir='ltr'><strong>[qui</strong></span> <span class='ocrx_word' id='word_1_112' title='bbox 2963 1355 3155 1433; x_wconf 75' lang='lat' dir='ltr'><strong>postea</strong></span> <span class='ocrx_word' id='word_1_113' title='bbox 3182 1351 3301 1406; x_wconf 89' lang='lat' dir='ltr'><strong>Im-</strong></span> 
     </span>
    </p>
   </div>
   <div class='ocr_carea' id='block_1_15' title="bbox 445 1435 1987 1516">
    <p class='ocr_par' dir='ltr' id='par_1_15' title="bbox 445 1445 1535 1516">
     <span class='ocr_line' id='line_1_15' title="bbox 445 1445 1535 1516; baseline 0.003 -16"><span class='ocrx_word' id='word_1_114' title='bbox 445 1445 810 1501; x_wconf 83' lang='lat' dir='ltr'><strong>Constantini</strong></span> <span class='ocrx_word' id='word_1_115' title='bbox 869 1459 901 1500; x_wconf 92' lang='lat' dir='ltr'><strong>a</strong></span> <span class='ocrx_word' id='word_1_116' title='bbox 948 1445 1202 1502; x_wconf 69' lang='lat' dir='ltr'><strong>Caesarea</strong></span> <span class='ocrx_word' id='word_1_117' title='bbox 1249 1446 1535 1516; x_wconf 74' lang='lat' dir='ltr'><strong>dignitate</strong></span> 
     </span>
    </p>
   </div>
   <div class='ocr_carea' id='block_1_16' title="bbox 1760 1435 3302 1516">
    <p class='ocr_par' dir='ltr' id='par_1_16' title="bbox 2220 1435 3302 1512">
     <span class='ocr_line' id='line_1_16' title="bbox 2220 1435 3302 1512; baseline 0.006 -20"><span class='ocrx_word' id='word_1_118' title='bbox 2220 1442 2448 1508; x_wconf 91' lang='lat' dir='ltr'><strong>perator</strong></span> <span class='ocrx_word' id='word_1_119' title='bbox 2500 1435 2752 1512; x_wconf 89' lang='lat' dir='ltr'><strong>]contra</strong></span> <span class='ocrx_word' id='word_1_120' title='bbox 2820 1439 3017 1495; x_wconf 81' lang='lat' dir='ltr'><strong>Persas</strong></span> <span class='ocrx_word' id='word_1_121' title='bbox 3086 1441 3302 1498; x_wconf 84' lang='lat' dir='ltr'><strong>missus</strong></span> 
     </span>
    </p>
   </div>
   <div class='ocr_carea' id='block_1_17' title="bbox 442 1528 1984 1606">
    <p class='ocr_par' dir='ltr' id='par_1_17' title="bbox 442 1534 1532 1606">
     <span class='ocr_line' id='line_1_17' title="bbox 442 1534 1532 1606; baseline 0.003 -17"><span class='ocrx_word' id='word_1_122' title='bbox 442 1535 678 1604; x_wconf 89' lang='lat' dir='ltr'><strong>adepta:</strong></span> <span class='ocrx_word' id='word_1_123' title='bbox 713 1548 826 1606; x_wconf 89' lang='lat' dir='ltr'><strong>quo</strong></span> <span class='ocrx_word' id='word_1_124' title='bbox 846 1534 1073 1591; x_wconf 90' lang='lat' dir='ltr'><strong>labente</strong></span> <span class='ocrx_word' id='word_1_125' title='bbox 1090 1541 1319 1592; x_wconf 88' lang='lat' dir='ltr'><strong>centum</strong></span> <span class='ocrx_word' id='word_1_126' title='bbox 1347 1536 1532 1593; x_wconf 87' lang='lat' dir='ltr'><strong>millia</strong></span> 
     </span>
    </p>
   </div>
   <div class='ocr_carea' id='block_1_18' title="bbox 1757 1528 3299 1606">
    <p class='ocr_par' dir='ltr' id='par_1_18' title="bbox 2216 1528 3299 1603">
     <span class='ocr_line' id='line_1_18' title="bbox 2216 1528 3299 1603; baseline 0.005 -19"><span class='ocrx_word' id='word_1_127' title='bbox 2216 1541 2414 1584; x_wconf 90' lang='lat' dir='ltr'><strong>eorum</strong></span> <span class='ocrx_word' id='word_1_128' title='bbox 2446 1528 2737 1599; x_wconf 80' lang='lat' dir='ltr'><strong>regionem</strong></span> <span class='ocrx_word' id='word_1_129' title='bbox 2763 1528 3045 1586; x_wconf 85' lang='lat' dir='ltr'><strong>devastat.</strong></span> <span class='ocrx_word' id='word_1_130' title='bbox 3087 1531 3299 1603; x_wconf 90' lang='lat' dir='ltr'><strong>Pagius</strong></span> 
     </span>
    </p>
   </div>
   <div class='ocr_carea' id='block_1_19' title="bbox 442 1616 2916 1696">
    <p class='ocr_par' dir='ltr' id='par_1_19' title="bbox 442 1616 2916 1696">
     <span class='ocr_line' id='line_1_19' title="bbox 442 1616 2916 1696; baseline -0.002 -16"><span class='ocrx_word' id='word_1_131' title='bbox 442 1623 742 1680; x_wconf 89' lang='lat' dir='ltr'><strong>Slavorum</strong></span> <span class='ocrx_word' id='word_1_132' title='bbox 764 1625 823 1680; x_wconf 91' lang='lat' dir='ltr'><strong>in</strong></span> <span class='ocrx_word' id='word_1_133' title='bbox 841 1625 1145 1680; x_wconf 83' lang='lat' dir='ltr'><strong>Thraciam</strong></span> <span class='ocrx_word' id='word_1_134' title='bbox 1171 1626 1531 1696; x_wconf 86' lang='lat' dir='ltr'><strong>irrumpunt.</strong></span> <span class='ocrx_word' id='word_1_135' title='bbox 2216 1619 2273 1674; x_wconf 89' lang='lat' dir='ltr'><strong>h.</strong></span> <span class='ocrx_word' id='word_1_136' title='bbox 2301 1631 2355 1673; x_wconf 89' lang='lat' dir='ltr'><strong>a.</strong></span> <span class='ocrx_word' id='word_1_137' title='bbox 2391 1630 2446 1672; x_wconf 91' lang='lat' dir='ltr'><strong>n.</strong></span> <span class='ocrx_word' id='word_1_138' title='bbox 2477 1616 2532 1689; x_wconf 91' lang='lat'><strong>6,</strong></span> <span class='ocrx_word' id='word_1_139' title='bbox 2558 1631 2629 1673; x_wconf 81' lang='lat' dir='ltr'><strong>ex</strong></span> <span class='ocrx_word' id='word_1_140' title='bbox 2657 1617 2916 1688; x_wconf 86' lang='lat' dir='ltr'><strong>TheOph.</strong></span> 
     </span>
    </p>
   </div>
   <div class='ocr_carea' id='block_1_20' title="bbox 440 1712 1532 1786">
    <p class='ocr_par' dir='ltr' id='par_1_20' title="bbox 440 1712 1532 1786">
     <span class='ocr_line' id='line_1_20' title="bbox 440 1712 1532 1786; baseline 0.004 -17"><span class='ocrx_word' id='word_1_141' title='bbox 440 1715 750 1770; x_wconf 87' lang='lat' dir='ltr'><strong>Menander</strong></span> <span class='ocrx_word' id='word_1_142' title='bbox 788 1715 1081 1771; x_wconf 90' lang='lat' dir='ltr'><strong>Protector</strong></span> <span class='ocrx_word' id='word_1_143' title='bbox 1112 1731 1165 1786; x_wconf 93' lang='lat' dir='ltr'><strong>p.</strong></span> <span class='ocrx_word' id='word_1_144' title='bbox 1218 1712 1341 1770; x_wconf 93' lang='grc'><strong>424.</strong></span> <span class='ocrx_word' id='word_1_145' title='bbox 1391 1716 1532 1773; x_wconf 88' lang='lat' dir='ltr'><strong>Vide</strong></span> 
     </span>
    </p>
   </div>
   <div class='ocr_carea' id='block_1_21' title="bbox 442 1800 1037 1874">
    <p class='ocr_par' dir='ltr' id='par_1_21' title="bbox 442 1800 1037 1874">
     <span class='ocr_line' id='line_1_21' title="bbox 442 1800 1037 1874; baseline 0.003 -17"><span class='ocrx_word' id='word_1_146' title='bbox 442 1803 680 1874; x_wconf 83' lang='lat' dir='ltr'><strong>Pagium</strong></span> <span class='ocrx_word' id='word_1_147' title='bbox 715 1818 772 1859; x_wconf 89' lang='grc' dir='ltr'>ιι.</span> <span class='ocrx_word' id='word_1_148' title='bbox 803 1800 858 1873; x_wconf 91' lang='grc'>7,</span> <span class='ocrx_word' id='word_1_149' title='bbox 897 1805 951 1859; x_wconf 90' lang='lat' dir='ltr'><strong>h.</strong></span> <span class='ocrx_word' id='word_1_150' title='bbox 986 1819 1037 1859; x_wconf 91' lang='lat' dir='ltr'><strong>a.</strong></span> 
     </span>
    </p>
   </div>
   <div class='ocr_carea' id='block_1_22' title="bbox 219 1879 1761 1985">
    <p class='ocr_par' dir='ltr' id='par_1_22' title="bbox 219 1907 1735 1985">
     <span class='ocr_line' id='line_1_22' title="bbox 219 1907 1735 1985; baseline 0.003 -19"><span class='ocrx_word' id='word_1_151' title='bbox 219 1907 368 1966; x_wconf 86' lang='grc'>5292</span> <span class='ocrx_word' id='word_1_152' title='bbox 513 1913 632 1982; x_wconf 89' lang='lat' dir='ltr'><strong>Imp</strong></span> <span class='ocrx_word' id='word_1_153' title='bbox 660 1911 766 1967; x_wconf 92' lang='lat' dir='ltr'><strong>Tib</strong></span> <span class='ocrx_word' id='word_1_154' title='bbox 804 1912 1221 1969; x_wconf 84' lang='lat' dir='ltr'><strong>Constantinus</strong></span> <span class='ocrx_word' id='word_1_155' title='bbox 1257 1911 1386 1985; x_wconf 83' lang='lat' dir='ltr'><strong>Aug</strong></span> <span class='ocrx_word' id='word_1_156' title='bbox 1413 1926 1527 1969; x_wconf 90' lang='lat' dir='ltr'><strong>ann</strong></span> <span class='ocrx_word' id='word_1_157' title='bbox 1604 1910 1735 1971; x_wconf 83' lang='grc'><strong>4334</strong></span> 
     </span>
    </p>
   </div>
   <div class='ocr_carea' id='block_1_23' title="bbox 1966 1879 3508 1985">
    <p class='ocr_par' dir='ltr' id='par_1_23' title="bbox 2051 1904 3508 1980">
     <span class='ocr_line' id='line_1_23' title="bbox 2051 1904 3508 1980; baseline 0.002 -16"><span class='ocrx_word' id='word_1_158' title='bbox 2051 1923 2093 1964; x_wconf 90' lang='grc' dir='ltr'><strong>ιι</strong></span> <span class='ocrx_word' id='word_1_159' title='bbox 2277 1906 2494 1980; x_wconf 82' lang='lat' dir='ltr'><strong>Pelagii</strong></span> <span class='ocrx_word' id='word_1_160' title='bbox 2528 1905 2551 1961; x_wconf 93' lang='lat'><strong>4</strong></span> <span class='ocrx_word' id='word_1_161' title='bbox 2583 1910 2640 1962; x_wconf 91' lang='lat' dir='ltr'><strong>et</strong></span> <span class='ocrx_word' id='word_1_162' title='bbox 2661 1904 2714 1963; x_wconf 91' lang='grc'>2.</span> <span class='ocrx_word' id='word_1_163' title='bbox 3397 1908 3508 1968; x_wconf 83' lang='grc'>579</span> 
     </span>
    </p>
   </div>
   <div class='ocr_carea' id='block_1_24' title="bbox 228 1996 1770 2075">
    <p class='ocr_par' dir='ltr' id='par_1_24' title="bbox 228 1996 1742 2075">
     <span class='ocr_line' id='line_1_24' title="bbox 228 1996 1742 2075; baseline 0.003 -20"><span class='ocrx_word' id='word_1_164' title='bbox 228 1996 421 2075; x_wconf 59' lang='grc' dir='ltr'><strong>ᾣ28</strong></span> <span class='ocrx_word' id='word_1_165' title='bbox 505 1999 796 2057; x_wconf 76' lang='grc' dir='ltr'><strong>νθῐν1.’</strong></span> <span class='ocrx_word' id='word_1_166' title='bbox 1602 2000 1742 2061; x_wconf 88' lang='grc'><strong>4332</strong></span> 
     </span>
    </p>
   </div>
   <div class='ocr_carea' id='block_1_25' title="bbox 1750 1996 3292 2075">
    <p class='ocr_par' dir='ltr' id='par_1_25' title="bbox 2030 1997 3292 2069">
     <span class='ocr_line' id='line_1_25' title="bbox 2030 1997 3292 2069; baseline 0.003 -16"><span class='ocrx_word' id='word_1_167' title='bbox 2030 2012 2096 2055; x_wconf 88' lang='grc' dir='ltr'><strong>ιιι</strong></span> <span class='ocrx_word' id='word_1_168' title='bbox 2278 1998 2426 2052; x_wconf 91' lang='lat' dir='ltr'><strong>Dum</strong></span> <span class='ocrx_word' id='word_1_169' title='bbox 2470 1997 2670 2069; x_wconf 87' lang='lat' dir='ltr'><strong>agitur</strong></span> <span class='ocrx_word' id='word_1_170' title='bbox 2704 1997 2777 2054; x_wconf 92' lang='lat' dir='ltr'><strong>de</strong></span> <span class='ocrx_word' id='word_1_171' title='bbox 2825 2011 2960 2068; x_wconf 90' lang='lat' dir='ltr'><strong>pace</strong></span> <span class='ocrx_word' id='word_1_172' title='bbox 3008 1998 3292 2057; x_wconf 83' lang='lat' dir='ltr'><strong>Romanos</strong></span> 
     </span>
    </p>
   </div>
   <div class='ocr_carea' id='block_1_26' title="bbox 212 2088 1754 2168">
    <p class='ocr_par' dir='ltr' id='par_1_26' title="bbox 212 2096 1522 2168">
     <span class='ocr_line' id='line_1_26' title="bbox 212 2096 1522 2168; baseline 0.005 -16"><span class='ocrx_word' id='word_1_173' title='bbox 212 2096 290 2168; x_wconf 68' lang='grc' dir='ltr'><strong>θ</strong></span> <span class='ocrx_word' id='word_1_174' title='bbox 336 2096 402 2154; x_wconf 90' lang='grc'><strong>40</strong></span> <span class='ocrx_word' id='word_1_175' title='bbox 501 2098 610 2154; x_wconf 91' lang='lat' dir='ltr'><strong>Cos</strong></span> <span class='ocrx_word' id='word_1_176' title='bbox 668 2099 776 2154; x_wconf 92' lang='lat' dir='ltr'><strong>Tib</strong></span> <span class='ocrx_word' id='word_1_177' title='bbox 834 2100 1041 2157; x_wconf 91' lang='lat' dir='ltr'><strong>Junior</strong></span> <span class='ocrx_word' id='word_1_178' title='bbox 1104 2100 1522 2159; x_wconf 86' lang='lat' dir='ltr'><strong>Constantinus</strong></span> 
     </span>
    </p>
   </div>
   <div class='ocr_carea' id='block_1_27' title="bbox 1753 2088 3295 2168">
    <p class='ocr_par' dir='ltr' id='par_1_27' title="bbox 2209 2088 3295 2157">
     <span class='ocr_line' id='line_1_27' title="bbox 2209 2088 3295 2157; baseline 0.001 -13"><span class='ocrx_word' id='word_1_179' title='bbox 2209 2089 2363 2145; x_wconf 90' lang='lat' dir='ltr'><strong>inter</strong></span> <span class='ocrx_word' id='word_1_180' title='bbox 2391 2100 2458 2143; x_wconf 80' lang='lat' dir='ltr'><strong>ac</strong></span> <span class='ocrx_word' id='word_1_181' title='bbox 2499 2088 2702 2143; x_wconf 88' lang='lat' dir='ltr'><strong>Persas</strong></span> <span class='ocrx_word' id='word_1_182' title='bbox 2743 2088 3075 2157; x_wconf 86' lang='lat' dir='ltr'><strong>sancienda,</strong></span> <span class='ocrx_word' id='word_1_183' title='bbox 3109 2090 3295 2146; x_wconf 90' lang='lat' dir='ltr'><strong>mori—</strong></span> 
     </span>
    </p>
   </div>
   <div class='ocr_carea' id='block_1_28' title="bbox 260 2177 1802 2259">
    <p class='ocr_par' dir='ltr' id='par_1_28' title="bbox 260 2179 1522 2259">
     <span class='ocr_line' id='line_1_28' title="bbox 260 2179 1522 2259; baseline 0.003 -17"><span class='ocrx_word' id='word_1_184' title='bbox 260 2179 341 2241; x_wconf 57' lang='lat' dir='ltr'><strong>‘A</strong></span> <span class='ocrx_word' id='word_1_185' title='bbox 434 2187 563 2259; x_wconf 77' lang='lat' dir='ltr'><strong>Aug</strong></span> <span class='ocrx_word' id='word_1_186' title='bbox 589 2190 689 2257; x_wconf 91' lang='lat' dir='ltr'><strong>qui</strong></span> <span class='ocrx_word' id='word_1_187' title='bbox 721 2189 965 2258; x_wconf 86' lang='lat' dir='ltr'><strong>amplum</strong></span> <span class='ocrx_word' id='word_1_188' title='bbox 999 2189 1299 2245; x_wconf 83' lang='lat' dir='ltr'><strong>Consulare</strong></span> <span class='ocrx_word' id='word_1_189' title='bbox 1320 2206 1522 2246; x_wconf 88' lang='lat' dir='ltr'><strong>munus</strong></span> 
     </span>
    </p>
   </div>
   <div class='ocr_carea' id='block_1_29' title="bbox 1750 2177 3292 2259">
    <p class='ocr_par' dir='ltr' id='par_1_29' title="bbox 2205 2177 3292 2249">
     <span class='ocr_line' id='line_1_29' title="bbox 2205 2177 3292 2249; baseline 0.002 -15"><span class='ocrx_word' id='word_1_190' title='bbox 2205 2184 2304 2235; x_wconf 91' lang='lat' dir='ltr'><strong>tur</strong></span> <span class='ocrx_word' id='word_1_191' title='bbox 2355 2177 2656 2247; x_wconf 91' lang='lat' dir='ltr'><strong>Chosroes,</strong></span> <span class='ocrx_word' id='word_1_192' title='bbox 2705 2178 2806 2248; x_wconf 87' lang='lat' dir='ltr'><strong>qui</strong></span> <span class='ocrx_word' id='word_1_193' title='bbox 2850 2192 2948 2249; x_wconf 89' lang='lat' dir='ltr'><strong>per</strong></span> <span class='ocrx_word' id='word_1_194' title='bbox 2990 2192 3173 2236; x_wconf 89' lang='lat' dir='ltr'><strong>annos</strong></span> <span class='ocrx_word' id='word_1_195' title='bbox 3221 2177 3292 2236; x_wconf 87' lang='grc'><strong>48</strong></span> 
     </span>
    </p>
   </div>
   <div class='ocr_carea' id='block_1_30' title="bbox 208 2268 1750 2350">
    <p class='ocr_par' dir='ltr' id='par_1_30' title="bbox 208 2275 1517 2350">
     <span class='ocr_line' id='line_1_30' title="bbox 208 2275 1517 2350; baseline 0.005 -22"><span class='ocrx_word' id='word_1_196' title='bbox 208 2275 401 2330; x_wconf 76' lang='lat' dir='ltr'><strong>Indici</strong></span> <span class='ocrx_word' id='word_1_197' title='bbox 438 2279 497 2329; x_wconf 88' lang='lat' dir='ltr'><strong>in</strong></span> <span class='ocrx_word' id='word_1_198' title='bbox 538 2278 808 2348; x_wconf 81' lang='lat' dir='ltr'><strong>populum</strong></span> <span class='ocrx_word' id='word_1_199' title='bbox 851 2281 1076 2349; x_wconf 84' lang='lat' dir='ltr'><strong>sparsit.</strong></span> <span class='ocrx_word' id='word_1_200' title='bbox 1123 2279 1517 2350; x_wconf 86' lang='lat' dir='ltr'><strong>Theophanes.</strong></span> 
     </span>
    </p>
   </div>
   <div class='ocr_carea' id='block_1_31' title="bbox 1749 2268 3291 2350">
    <p class='ocr_par' dir='ltr' id='par_1_31' title="bbox 2204 2268 3291 2342">
     <span class='ocr_line' id='line_1_31' title="bbox 2204 2268 3291 2342; baseline 0.003 -17"><span class='ocrx_word' id='word_1_201' title='bbox 2204 2274 2554 2340; x_wconf 80' lang='lat' dir='ltr'><strong>regnaverat.</strong></span> <span class='ocrx_word' id='word_1_202' title='bbox 2623 2268 2959 2326; x_wconf 85' lang='lat' dir='ltr'><strong>Hormisdas</strong></span> <span class='ocrx_word' id='word_1_203' title='bbox 3004 2270 3063 2325; x_wconf 90' lang='lat' dir='ltr'><strong>in</strong></span> <span class='ocrx_word' id='word_1_204' title='bbox 3115 2284 3291 2342; x_wconf 84' lang='lat' dir='ltr'><strong>regno</strong></span> 
     </span>
    </p>
   </div>
   <div class='ocr_carea' id='block_1_32' title="bbox 251 2359 3291 2430">
    <p class='ocr_par' dir='ltr' id='par_1_32' title="bbox 251 2359 3291 2430">
     <span class='ocr_line' id='line_1_32' title="bbox 251 2359 3291 2430; baseline 0.004 -12"><span class='ocrx_word' id='word_1_205' title='bbox 251 2377 335 2419; x_wconf 81' lang='lat' dir='ltr'><strong>xu</strong></span> <span class='ocrx_word' id='word_1_206' title='bbox 502 2365 700 2422; x_wconf 88' lang='lat' dir='ltr'><strong>Concil</strong></span> <span class='ocrx_word' id='word_1_207' title='bbox 731 2367 1021 2423; x_wconf 87' lang='lat' dir='ltr'><strong>Gradense</strong></span> <span class='ocrx_word' id='word_1_208' title='bbox 1049 2381 1082 2423; x_wconf 90' lang='lat' dir='ltr'><strong>a</strong></span> <span class='ocrx_word' id='word_1_209' title='bbox 1126 2369 1521 2425; x_wconf 89' lang='lat' dir='ltr'><strong>schismaticis</strong></span> <span class='ocrx_word' id='word_1_210' title='bbox 2203 2371 2504 2416; x_wconf 59' lang='lat'><strong>511003550?</strong></span> <span class='ocrx_word' id='word_1_211' title='bbox 2546 2359 2795 2429; x_wconf 62' lang='lat' dir='ltr'><strong>superbe</strong></span> <span class='ocrx_word' id='word_1_212' title='bbox 2846 2361 3082 2430; x_wconf 66' lang='lat' dir='ltr'><strong>Legatos</strong></span> <span class='ocrx_word' id='word_1_213' title='bbox 3122 2361 3291 2417; x_wconf 73' lang='grc' dir='ltr'><strong>θΧοί-</strong></span> 
     </span>
    </p>
   </div>
   <div class='ocr_carea' id='block_1_33' title="bbox 160 2448 1702 2525">
    <p class='ocr_par' dir='ltr' id='par_1_33' title="bbox 160 2455 1518 2525">
     <span class='ocr_line' id='line_1_33' title="bbox 160 2455 1518 2525; baseline 0.007 -19"><span class='ocrx_word' id='word_1_214' title='bbox 160 2458 212 2508; x_wconf 81' lang='lat' dir='ltr'><strong>et</strong></span> <span class='ocrx_word' id='word_1_215' title='bbox 259 2466 368 2509; x_wconf 78' lang='lat' dir='ltr'><strong>xm</strong></span> <span class='ocrx_word' id='word_1_216' title='bbox 422 2455 1518 2525; x_wconf 81' lang='lat' dir='ltr'><strong>Aquileiensibuscelebratumh.a.die</strong></span> 
     </span>
    </p>
   </div>
   <div class='ocr_carea' id='block_1_34' title="bbox 1738 2448 3280 2525">
    <p class='ocr_par' dir='ltr' id='par_1_34' title="bbox 2202 2448 3280 2520">
     <span class='ocr_line' id='line_1_34' title="bbox 2202 2448 3280 2520; baseline 0.003 -17"><span class='ocrx_word' id='word_1_217' title='bbox 2202 2449 2367 2517; x_wconf 88' lang='lat' dir='ltr'><strong>piens</strong></span> <span class='ocrx_word' id='word_1_218' title='bbox 2405 2459 2518 2502; x_wconf 92' lang='lat' dir='ltr'><strong>non</strong></span> <span class='ocrx_word' id='word_1_219' title='bbox 2557 2448 2676 2504; x_wconf 88' lang='lat' dir='ltr'><strong>alia</strong></span> <span class='ocrx_word' id='word_1_220' title='bbox 2714 2449 3051 2504; x_wconf 91' lang='lat' dir='ltr'><strong>conditione</strong></span> <span class='ocrx_word' id='word_1_221' title='bbox 3088 2464 3280 2520; x_wconf 91' lang='lat' dir='ltr'><strong>pacem</strong></span> 
     </span>
    </p>
   </div>
   <div class='ocr_carea' id='block_1_35' title="bbox 427 2538 1969 2610">
    <p class='ocr_par' dir='ltr' id='par_1_35' title="bbox 427 2541 1510 2604">
     <span class='ocr_line' id='line_1_35' title="bbox 427 2541 1510 2604; baseline 0.005 -5"><span class='ocrx_word' id='word_1_222' title='bbox 427 2541 462 2599; x_wconf 91' lang='lat'>3</span> <span class='ocrx_word' id='word_1_223' title='bbox 490 2544 759 2600; x_wconf 84' lang='lat' dir='ltr'><strong>Novemb.</strong></span> <span class='ocrx_word' id='word_1_224' title='bbox 799 2545 903 2601; x_wconf 90' lang='lat' dir='ltr'><strong>bos</strong></span> <span class='ocrx_word' id='word_1_225' title='bbox 933 2546 1292 2602; x_wconf 88' lang='lat' dir='ltr'><strong>characteres</strong></span> <span class='ocrx_word' id='word_1_226' title='bbox 1322 2548 1510 2604; x_wconf 87' lang='lat' dir='ltr'><strong>Chro—</strong></span> 
     </span>
    </p>
   </div>
   <div class='ocr_carea' id='block_1_36' title="bbox 1737 2538 3279 2610">
    <p class='ocr_par' dir='ltr' id='par_1_36' title="bbox 2200 2538 3279 2610">
     <span class='ocr_line' id='line_1_36' title="bbox 2200 2538 3279 2610; baseline 0.002 -16"><span class='ocrx_word' id='word_1_227' title='bbox 2200 2552 2233 2594; x_wconf 89' lang='lat' dir='ltr'><strong>a</strong></span> <span class='ocrx_word' id='word_1_228' title='bbox 2263 2551 2322 2594; x_wconf 88' lang='lat' dir='ltr'><strong>se</strong></span> <span class='ocrx_word' id='word_1_229' title='bbox 2342 2538 2540 2593; x_wconf 89' lang='lat' dir='ltr'><strong>datum</strong></span> <span class='ocrx_word' id='word_1_230' title='bbox 2566 2538 2641 2593; x_wconf 91' lang='lat' dir='ltr'><strong>iri</strong></span> <span class='ocrx_word' id='word_1_231' title='bbox 2676 2540 2998 2609; x_wconf 90' lang='lat' dir='ltr'><strong>respondet,</strong></span> <span class='ocrx_word' id='word_1_232' title='bbox 3024 2554 3195 2610; x_wconf 88' lang='lat' dir='ltr'><strong>quam</strong></span> <span class='ocrx_word' id='word_1_233' title='bbox 3227 2541 3279 2596; x_wconf 91' lang='lat' dir='ltr'><strong>si</strong></span> 
     </span>
    </p>
   </div>
   <div class='ocr_carea' id='block_1_37' title="bbox 424 2628 1966 2705">
    <p class='ocr_par' dir='ltr' id='par_1_37' title="bbox 424 2633 1512 2705">
     <span class='ocr_line' id='line_1_37' title="bbox 424 2633 1512 2705; baseline 0.005 -17"><span class='ocrx_word' id='word_1_234' title='bbox 424 2633 721 2705; x_wconf 87' lang='lat' dir='ltr'><strong>nologicos</strong></span> <span class='ocrx_word' id='word_1_235' title='bbox 765 2633 1028 2705; x_wconf 65' lang='lat' dir='ltr'><strong>praefert:</strong></span> <span class='ocrx_word' id='word_1_236' title='bbox 1071 2638 1381 2705; x_wconf 85' lang='lat' dir='ltr'><strong>Imperante</strong></span> <span class='ocrx_word' id='word_1_237' title='bbox 1412 2638 1512 2693; x_wconf 83' lang='lat' dir='ltr'><strong>Ser</strong></span> 
     </span>
    </p>
   </div>
   <div class='ocr_carea' id='block_1_38' title="bbox 1736 2628 3278 2705">
    <p class='ocr_par' dir='ltr' id='par_1_38' title="bbox 2197 2628 3278 2700">
     <span class='ocr_line' id='line_1_38' title="bbox 2197 2628 3278 2700; baseline 0.004 -17"><span class='ocrx_word' id='word_1_238' title='bbox 2197 2628 2600 2698; x_wconf 84' lang='lat' dir='ltr'><strong>persolvautur</strong></span> <span class='ocrx_word' id='word_1_239' title='bbox 2678 2629 2939 2700; x_wconf 68' lang='lat' dir='ltr'><strong>pecunias</strong></span> <span class='ocrx_word' id='word_1_240' title='bbox 2995 2642 3191 2685; x_wconf 90' lang='lat' dir='ltr'><strong>omnes</strong></span> <span class='ocrx_word' id='word_1_241' title='bbox 3244 2644 3278 2687; x_wconf 87' lang='lat' dir='ltr'><strong>a</strong></span> 
     </span>
    </p>
   </div>
   <div class='ocr_carea' id='block_1_39' title="bbox 424 2718 3272 2798">
    <p class='ocr_par' dir='ltr' id='par_1_39' title="bbox 424 2718 3272 2798">
     <span class='ocr_line' id='line_1_39' title="bbox 424 2718 3272 2798; baseline -0.001 -23"><span class='ocrx_word' id='word_1_242' title='bbox 424 2724 488 2778; x_wconf 78' lang='lat' dir='ltr'><strong>Ti</strong></span> <span class='ocrx_word' id='word_1_243' title='bbox 527 2722 887 2779; x_wconf 78' lang='lat' dir='ltr'><strong>Constantino</strong></span> <span class='ocrx_word' id='word_1_244' title='bbox 928 2727 1182 2793; x_wconf 82' lang='lat' dir='ltr'><strong>Augusto</strong></span> <span class='ocrx_word' id='word_1_245' title='bbox 1213 2744 1361 2782; x_wconf 81' lang='lat' dir='ltr'><strong>anno</strong></span> <span class='ocrx_word' id='word_1_246' title='bbox 1389 2729 1508 2798; x_wconf 73' lang='lat' dir='ltr'><strong>ejus</strong></span> <span class='ocrx_word' id='word_1_247' title='bbox 2189 2718 2521 2773; x_wconf 85' lang='lat' dir='ltr'><strong>Justiniauo</strong></span> <span class='ocrx_word' id='word_1_248' title='bbox 2553 2718 2868 2788; x_wconf 89' lang='lat' dir='ltr'><strong>quotannis</strong></span> <span class='ocrx_word' id='word_1_249' title='bbox 2907 2718 3272 2774; x_wconf 66' lang='lat' dir='ltr'><strong>contributae.</strong></span> 
     </span>
    </p>
   </div>
   <div class='ocr_carea' id='block_1_40' title="bbox 416 2807 1958 2885">
    <p class='ocr_par' dir='ltr' id='par_1_40' title="bbox 416 2814 1503 2885">
     <span class='ocr_line' id='line_1_40' title="bbox 416 2814 1503 2885; baseline 0.006 -18"><span class='ocrx_word' id='word_1_250' title='bbox 416 2814 644 2884; x_wconf 81' lang='lat' dir='ltr'><strong>Imperii</strong></span> <span class='ocrx_word' id='word_1_251' title='bbox 689 2817 880 2885; x_wconf 79' lang='lat' dir='ltr'><strong>quinto</strong></span> <span class='ocrx_word' id='word_1_252' title='bbox 920 2816 1104 2871; x_wconf 83' lang='lat' dir='ltr'><strong>eodem</strong></span> <span class='ocrx_word' id='word_1_253' title='bbox 1142 2819 1362 2873; x_wconf 84' lang='lat' dir='ltr'><strong>consule</strong></span> <span class='ocrx_word' id='word_1_254' title='bbox 1400 2820 1503 2873; x_wconf 87' lang='lat' dir='ltr'><strong>sub</strong></span> 
     </span>
    </p>
   </div>
   <div class='ocr_carea' id='block_1_41' title="bbox 1731 2807 3273 2885">
    <p class='ocr_par' dir='ltr' id='par_1_41' title="bbox 2187 2807 3273 2878">
     <span class='ocr_line' id='line_1_41' title="bbox 2187 2807 3273 2878; baseline 0.002 -16"><span class='ocrx_word' id='word_1_255' title='bbox 2187 2807 2269 2863; x_wconf 83' lang='lat' dir='ltr'><strong>Ex</strong></span> <span class='ocrx_word' id='word_1_256' title='bbox 2337 2807 2779 2878; x_wconf 80' lang='lat' dir='ltr'><strong>TheOphylacto,</strong></span> <span class='ocrx_word' id='word_1_257' title='bbox 2848 2813 2904 2863; x_wconf 91' lang='lat' dir='ltr'><strong>et</strong></span> <span class='ocrx_word' id='word_1_258' title='bbox 2964 2808 3273 2865; x_wconf 86' lang='lat' dir='ltr'><strong>Menandro</strong></span> 
     </span>
    </p>
   </div>
   <div class='ocr_carea' id='block_1_42' title="bbox 413 2894 3069 2969">
    <p class='ocr_par' dir='ltr' id='par_1_42' title="bbox 413 2894 3069 2969">
     <span class='ocr_line' id='line_1_42' title="bbox 413 2894 3069 2969; baseline 0.005 -12"><span class='ocrx_word' id='word_1_259' title='bbox 413 2903 501 2958; x_wconf 85' lang='lat' dir='ltr'><strong>die</strong></span> <span class='ocrx_word' id='word_1_260' title='bbox 529 2906 688 2958; x_wconf 86' lang='lat' dir='ltr'><strong>tertio</strong></span> <span class='ocrx_word' id='word_1_261' title='bbox 714 2905 902 2961; x_wconf 87' lang='lat' dir='ltr'><strong>Nonas</strong></span> <span class='ocrx_word' id='word_1_262' title='bbox 934 2907 1071 2962; x_wconf 78' lang='lat' dir='ltr'><strong>Nov.</strong></span> <span class='ocrx_word' id='word_1_263' title='bbox 1117 2907 1302 2961; x_wconf 86' lang='lat' dir='ltr'><strong>Indict</strong></span> <span class='ocrx_word' id='word_1_264' title='bbox 1345 2908 1496 2965; x_wconf 82' lang='lat' dir='ltr'><strong>XIII.</strong></span> <span class='ocrx_word' id='word_1_265' title='bbox 2184 2895 2398 2968; x_wconf 68' lang='lat' dir='ltr'><strong>Pagius</strong></span> <span class='ocrx_word' id='word_1_266' title='bbox 2422 2896 2492 2952; x_wconf 68' lang='lat' dir='ltr'><strong>ad</strong></span> <span class='ocrx_word' id='word_1_267' title='bbox 2525 2896 2580 2952; x_wconf 67' lang='grc' dir='ltr'>δι</span> <span class='ocrx_word' id='word_1_268' title='bbox 2609 2909 2643 2953; x_wconf 68' lang='grc'><strong>³</strong></span> <span class='ocrx_word' id='word_1_269' title='bbox 2672 2910 2730 2953; x_wconf 78' lang='grc' dir='ltr'><strong>η·</strong></span> <span class='ocrx_word' id='word_1_270' title='bbox 2762 2894 2799 2953; x_wconf 84' lang='lat'><strong>3</strong></span> <span class='ocrx_word' id='word_1_271' title='bbox 2827 2903 2885 2954; x_wconf 74' lang='grc' dir='ltr'><strong>θῐ</strong></span> <span class='ocrx_word' id='word_1_272' title='bbox 2910 2910 3069 2969; x_wconf 65' lang='lat'><strong>53(19-</strong></span> 
     </span>
    </p>
   </div>
   <div class='ocr_carea' id='block_1_43' title="bbox 413 2993 1500 3068">
    <p class='ocr_par' dir='ltr' id='par_1_43' title="bbox 413 2993 1500 3068">
     <span class='ocr_line' id='line_1_43' title="bbox 413 2993 1500 3068; baseline 0.006 -20"><span class='ocrx_word' id='word_1_273' title='bbox 413 2994 555 3049; x_wconf 91' lang='lat' dir='ltr'><strong>Vide</strong></span> <span class='ocrx_word' id='word_1_274' title='bbox 600 2994 773 3050; x_wconf 87' lang='lat' dir='ltr'><strong>Noris</strong></span> <span class='ocrx_word' id='word_1_275' title='bbox 802 2995 873 3050; x_wconf 93' lang='lat' dir='ltr'><strong>de</strong></span> <span class='ocrx_word' id='word_1_276' title='bbox 918 2995 1028 3066; x_wconf 89' lang='lat' dir='ltr'><strong>Syn</strong></span> <span class='ocrx_word' id='word_1_277' title='bbox 1075 3011 1129 3051; x_wconf 79' lang='grc' dir='ltr'><strong>γ.</strong></span> <span class='ocrx_word' id='word_1_278' title='bbox 1180 3009 1291 3068; x_wconf 89' lang='lat' dir='ltr'><strong>pag</strong></span> <span class='ocrx_word' id='word_1_279' title='bbox 1331 2993 1403 3053; x_wconf 88' lang='grc'><strong>97</strong></span> <span class='ocrx_word' id='word_1_280' title='bbox 1444 3002 1500 3054; x_wconf 91' lang='lat' dir='ltr'><strong>et</strong></span> 
     </span>
    </p>
   </div>
   <div class='ocr_carea' id='block_1_44' title="bbox 419 3079 1499 3156">
    <p class='ocr_par' dir='ltr' id='par_1_44' title="bbox 419 3079 1499 3156">
     <span class='ocr_line' id='line_1_44' title="bbox 419 3079 1499 3156; baseline 0.006 -18"><span class='ocrx_word' id='word_1_281' title='bbox 419 3079 543 3153; x_wconf 90' lang='lat'><strong>400,</strong></span> <span class='ocrx_word' id='word_1_282' title='bbox 596 3082 695 3139; x_wconf 91' lang='lat' dir='ltr'><strong>ubi</strong></span> <span class='ocrx_word' id='word_1_283' title='bbox 745 3084 868 3156; x_wconf 87' lang='lat' dir='ltr'><strong>agit</strong></span> <span class='ocrx_word' id='word_1_284' title='bbox 915 3084 985 3141; x_wconf 91' lang='lat' dir='ltr'><strong>de</strong></span> <span class='ocrx_word' id='word_1_285' title='bbox 1039 3086 1319 3143; x_wconf 87' lang='lat' dir='ltr'><strong>translata</strong></span> <span class='ocrx_word' id='word_1_286' title='bbox 1357 3086 1499 3144; x_wconf 88' lang='lat' dir='ltr'><strong>Sede</strong></span> 
     </span>
    </p>
   </div>
   <div class='ocr_carea' id='block_1_45' title="bbox 411 3171 1863 3286">
    <p class='ocr_par' dir='ltr' id='par_1_45' title="bbox 411 3171 1863 3286">
     <span class='ocr_line' id='line_1_45' title="bbox 411 3171 1863 3286; baseline 0.004 -59"><span class='ocrx_word' id='word_1_287' title='bbox 411 3171 771 3244; x_wconf 85' lang='lat' dir='ltr'><strong>Aquileiensi</strong></span> <span class='ocrx_word' id='word_1_288' title='bbox 801 3173 1076 3230; x_wconf 89' lang='lat' dir='ltr'><strong>Gradum.</strong></span> <span class='ocrx_word' id='word_1_289' title='bbox 1814 3223 1863 3286; x_wconf 67' lang='grc' dir='ltr'><strong>Ο</strong></span> 
     </span>
    </p>
   </div>
   <div class='ocr_carea' id='block_1_46' title="bbox 190 3268 1732 3354">
    <p class='ocr_par' dir='ltr' id='par_1_46' title="bbox 190 3275 1711 3354">
     <span class='ocr_line' id='line_1_46' title="bbox 190 3275 1711 3354; baseline 0.005 -18"><span class='ocrx_word' id='word_1_290' title='bbox 190 3275 342 3336; x_wconf 87' lang='grc'>5293</span> <span class='ocrx_word' id='word_1_291' title='bbox 484 3280 605 3349; x_wconf 88' lang='lat' dir='ltr'><strong>Imp</strong></span> <span class='ocrx_word' id='word_1_292' title='bbox 633 3281 722 3336; x_wconf 91' lang='lat' dir='ltr'><strong>Ti.</strong></span> <span class='ocrx_word' id='word_1_293' title='bbox 765 3281 1184 3339; x_wconf 87' lang='lat' dir='ltr'><strong>Constantinus</strong></span> <span class='ocrx_word' id='word_1_294' title='bbox 1208 3282 1356 3354; x_wconf 78' lang='lat' dir='ltr'><strong>Aug,</strong></span> <span class='ocrx_word' id='word_1_295' title='bbox 1398 3298 1496 3342; x_wconf 90' lang='lat' dir='ltr'><strong>cos</strong></span> <span class='ocrx_word' id='word_1_296' title='bbox 1572 3284 1711 3343; x_wconf 90' lang='grc'>4332</span> 
     </span>
    </p>
   </div>
   <div class='ocr_carea' id='block_1_47' title="bbox 1929 3268 3471 3354">
    <p class='ocr_par' dir='ltr' id='par_1_47' title="bbox 2002 3268 3471 3342">
     <span class='ocr_line' id='line_1_47' title="bbox 2002 3268 3471 3342; baseline 0.004 -15"><span class='ocrx_word' id='word_1_297' title='bbox 2002 3284 2066 3327; x_wconf 89' lang='grc' dir='ltr'><strong>ιιι</strong></span> <span class='ocrx_word' id='word_1_298' title='bbox 2164 3320 2174 3328; x_wconf 95' lang='grc'><strong><em>.</em></strong></span> <span class='ocrx_word' id='word_1_299' title='bbox 2250 3268 2678 3342; x_wconf 77' lang='lat' dir='ltr'><strong>Pelagii2et3.</strong></span> <span class='ocrx_word' id='word_1_300' title='bbox 3364 3274 3471 3333; x_wconf 82' lang='grc'>580</span> 
     </span>
    </p>
   </div>
   <div class='ocr_carea' id='block_1_48' title="bbox 198 3360 1740 3445">
    <p class='ocr_par' dir='ltr' id='par_1_48' title="bbox 198 3366 1711 3445">
     <span class='ocr_line' id='line_1_48' title="bbox 198 3366 1711 3445; baseline 0.007 -23"><span class='ocrx_word' id='word_1_301' title='bbox 198 3373 278 3444; x_wconf 61' lang='grc' dir='ltr'><strong>(ᾗ</strong></span> <span class='ocrx_word' id='word_1_302' title='bbox 327 3366 351 3423; x_wconf 88' lang='grc'><strong>4</strong></span> <span class='ocrx_word' id='word_1_303' title='bbox 416 3382 567 3427; x_wconf 91' lang='lat' dir='ltr'><strong>anno</strong></span> <span class='ocrx_word' id='word_1_304' title='bbox 597 3385 650 3427; x_wconf 84' lang='lat' dir='ltr'><strong>Vl</strong></span> <span class='ocrx_word' id='word_1_305' title='bbox 679 3378 736 3428; x_wconf 90' lang='lat' dir='ltr'><strong>et</strong></span> <span class='ocrx_word' id='word_1_306' title='bbox 760 3385 864 3440; x_wconf 83' lang='lat' dir='ltr'><strong>vn,</strong></span> <span class='ocrx_word' id='word_1_307' title='bbox 892 3372 951 3426; x_wconf 90' lang='lat' dir='ltr'><strong>in</strong></span> <span class='ocrx_word' id='word_1_308' title='bbox 985 3374 1241 3429; x_wconf 91' lang='lat' dir='ltr'><strong>nummis</strong></span> <span class='ocrx_word' id='word_1_309' title='bbox 1266 3374 1495 3445; x_wconf 87' lang='lat' dir='ltr'><strong>signato</strong></span> <span class='ocrx_word' id='word_1_310' title='bbox 1571 3373 1711 3433; x_wconf 89' lang='grc'><strong>4333</strong></span> 
     </span>
    </p>
   </div>
   <div class='ocr_carea' id='block_1_49' title="bbox 1723 3360 3265 3445">
    <p class='ocr_par' dir='ltr' id='par_1_49' title="bbox 2011 3360 3265 3430">
     <span class='ocr_line' id='line_1_49' title="bbox 2011 3360 3265 3430; baseline 0.003 -15"><span class='ocrx_word' id='word_1_311' title='bbox 2011 3373 2065 3415; x_wconf 75' lang='grc' dir='ltr'>ιν</span> <span class='ocrx_word' id='word_1_312' title='bbox 2247 3361 2459 3416; x_wconf 87' lang='lat' dir='ltr'><strong>Contra</strong></span> <span class='ocrx_word' id='word_1_313' title='bbox 2522 3360 2833 3430; x_wconf 89' lang='lat' dir='ltr'><strong>superbum</strong></span> <span class='ocrx_word' id='word_1_314' title='bbox 2903 3363 3265 3419; x_wconf 88' lang='lat' dir='ltr'><strong>Hormisdam</strong></span> 
     </span>
    </p>
   </div>
   <div class='ocr_carea' id='block_1_50' title="bbox 183 3450 1725 3530">
    <p class='ocr_par' dir='ltr' id='par_1_50' title="bbox 183 3456 1497 3530">
     <span class='ocr_line' id='line_1_50' title="bbox 183 3456 1497 3530; baseline 0.002 -15"><span class='ocrx_word' id='word_1_315' title='bbox 183 3457 263 3530; x_wconf 66' lang='grc' dir='ltr'><strong>θ</strong></span> <span class='ocrx_word' id='word_1_316' title='bbox 290 3456 350 3515; x_wconf 90' lang='grc'><strong>44</strong></span> <span class='ocrx_word' id='word_1_317' title='bbox 485 3462 715 3517; x_wconf 89' lang='lat' dir='ltr'><strong>Dicitur</strong></span> <span class='ocrx_word' id='word_1_318' title='bbox 742 3463 917 3517; x_wconf 90' lang='lat' dir='ltr'><strong>etiam</strong></span> <span class='ocrx_word' id='word_1_319' title='bbox 951 3461 1046 3517; x_wconf 89' lang='lat' dir='ltr'><strong>hic</strong></span> <span class='ocrx_word' id='word_1_320' title='bbox 1074 3475 1265 3517; x_wconf 91' lang='lat' dir='ltr'><strong>annus</strong></span> <span class='ocrx_word' id='word_1_321' title='bbox 1296 3476 1337 3517; x_wconf 92' lang='grc' dir='ltr'><strong>ιι</strong></span> <span class='ocrx_word' id='word_1_322' title='bbox 1367 3477 1497 3519; x_wconf 89' lang='lat' dir='ltr'><strong>con-</strong></span> 
     </span>
    </p>
   </div>
   <div class='ocr_carea' id='block_1_51' title="bbox 1722 3450 3264 3530">
    <p class='ocr_par' dir='ltr' id='par_1_51' title="bbox 2175 3450 3264 3520">
     <span class='ocr_line' id='line_1_51' title="bbox 2175 3450 3264 3520; baseline 0.003 -17"><span class='ocrx_word' id='word_1_323' title='bbox 2175 3450 2604 3518; x_wconf 85' lang='lat' dir='ltr'><strong>expeditionem</strong></span> <span class='ocrx_word' id='word_1_324' title='bbox 2644 3451 2894 3520; x_wconf 90' lang='lat' dir='ltr'><strong>suscipit</strong></span> <span class='ocrx_word' id='word_1_325' title='bbox 2922 3451 3015 3505; x_wconf 91' lang='lat' dir='ltr'><strong>Ti.</strong></span> <span class='ocrx_word' id='word_1_326' title='bbox 3056 3452 3264 3506; x_wconf 85' lang='lat' dir='ltr'><strong>Mauri-</strong></span> 
     </span>
    </p>
   </div>
   <div class='ocr_carea' id='block_1_52' title="bbox 225 3537 1767 3641">
    <p class='ocr_par' dir='ltr' id='par_1_52' title="bbox 225 3547 1490 3629">
     <span class='ocr_line' id='line_1_52' title="bbox 225 3547 1490 3629; baseline 0.003 -26"><span class='ocrx_word' id='word_1_327' title='bbox 225 3547 274 3603; x_wconf 91' lang='lat' dir='ltr'><strong><em>G</em></strong></span> <span class='ocrx_word' id='word_1_328' title='bbox 302 3549 343 3603; x_wconf 89' lang='lat' dir='ltr'><strong>F</strong></span> <span class='ocrx_word' id='word_1_329' title='bbox 415 3549 644 3607; x_wconf 88' lang='lat' dir='ltr'><strong>sulatus</strong></span> <span class='ocrx_word' id='word_1_330' title='bbox 669 3550 776 3606; x_wconf 89' lang='lat' dir='ltr'><strong>Tib</strong></span> <span class='ocrx_word' id='word_1_331' title='bbox 799 3551 976 3607; x_wconf 83' lang='lat' dir='ltr'><strong>Const</strong></span> <span class='ocrx_word' id='word_1_332' title='bbox 998 3551 1126 3622; x_wconf 87' lang='lat' dir='ltr'><strong>Aug</strong></span> <span class='ocrx_word' id='word_1_333' title='bbox 1150 3557 1206 3606; x_wconf 92' lang='lat' dir='ltr'><strong>et</strong></span> <span class='ocrx_word' id='word_1_334' title='bbox 1230 3551 1404 3607; x_wconf 88' lang='lat' dir='ltr'><strong>aliter</strong></span> <span class='ocrx_word' id='word_1_335' title='bbox 1430 3566 1490 3629; x_wconf 87' lang='grc' dir='ltr'><strong>ιι,</strong></span> 
     </span>
    </p>
   </div>
   <div class='ocr_carea' id='block_1_53' title="bbox 1722 3537 3264 3641">
    <p class='ocr_par' dir='ltr' id='par_1_53' title="bbox 2177 3537 3264 3612">
     <span class='ocr_line' id='line_1_53' title="bbox 2177 3537 3264 3612; baseline 0.004 -20"><span class='ocrx_word' id='word_1_336' title='bbox 2177 3537 2340 3593; x_wconf 89' lang='lat' dir='ltr'><strong>tius:</strong></span> <span class='ocrx_word' id='word_1_337' title='bbox 2387 3543 2576 3593; x_wconf 88' lang='lat' dir='ltr'><strong>castra</strong></span> <span class='ocrx_word' id='word_1_338' title='bbox 2623 3541 2693 3594; x_wconf 86' lang='lat' dir='ltr'><strong>ad</strong></span> <span class='ocrx_word' id='word_1_339' title='bbox 2761 3541 2944 3609; x_wconf 88' lang='lat' dir='ltr'><strong>ripam</strong></span> <span class='ocrx_word' id='word_1_340' title='bbox 3006 3540 3264 3612; x_wconf 87' lang='lat' dir='ltr'><strong>Tigridis</strong></span> 
     </span>
    </p>
   </div>
   <div class='ocr_carea' id='block_1_54' title="bbox 161 3625 1703 3709">
    <p class='ocr_par' dir='ltr' id='par_1_54' title="bbox 161 3626 1443 3709">
     <span class='ocr_line' id='line_1_54' title="bbox 161 3626 1443 3709; baseline 0.005 -19"><span class='ocrx_word' id='word_1_341' title='bbox 161 3636 355 3692; x_wconf 83' lang='lat' dir='ltr'><strong>Indict</strong></span> <span class='ocrx_word' id='word_1_342' title='bbox 412 3645 541 3709; x_wconf 92' lang='lat' dir='ltr'><strong>post</strong></span> <span class='ocrx_word' id='word_1_343' title='bbox 566 3639 929 3696; x_wconf 87' lang='lat' dir='ltr'><strong>consulatum</strong></span> <span class='ocrx_word' id='word_1_344' title='bbox 959 3639 1047 3705; x_wconf 90' lang='lat' dir='ltr'><strong>Ti,</strong></span> <span class='ocrx_word' id='word_1_345' title='bbox 1073 3642 1267 3708; x_wconf 81' lang='lat' dir='ltr'><strong>Const,</strong></span> <span class='ocrx_word' id='word_1_346' title='bbox 1291 3646 1400 3696; x_wconf 88' lang='lat' dir='ltr'><strong>etc.</strong></span> <span class='ocrx_word' id='word_1_347' title='bbox 1440 3626 1443 3629; x_wconf 55' lang='grc'><em>’</em></span> 
     </span>
    </p>
   </div>
   <div class='ocr_carea' id='block_1_55' title="bbox 1718 3625 3260 3709">
    <p class='ocr_par' dir='ltr' id='par_1_55' title="bbox 2173 3625 3260 3686">
     <span class='ocr_line' id='line_1_55' title="bbox 2173 3625 3260 3686; baseline 0.005 -6"><span class='ocrx_word' id='word_1_348' title='bbox 2173 3625 2360 3681; x_wconf 85' lang='lat' dir='ltr'><strong>locat:</strong></span> <span class='ocrx_word' id='word_1_349' title='bbox 2397 3627 2710 3682; x_wconf 80' lang='lat' dir='ltr'><strong>Martinum</strong></span> <span class='ocrx_word' id='word_1_350' title='bbox 2750 3642 2817 3683; x_wconf 89' lang='lat' dir='ltr'><strong>ac</strong></span> <span class='ocrx_word' id='word_1_351' title='bbox 2842 3628 3260 3686; x_wconf 87' lang='lat' dir='ltr'><strong>Theodoricum</strong></span> 
     </span>
    </p>
   </div>
   <div class='ocr_carea' id='block_1_56' title="bbox 199 3714 3257 3799">
    <p class='ocr_par' dir='ltr' id='par_1_56' title="bbox 199 3714 3257 3799">
     <span class='ocr_line' id='line_1_56' title="bbox 199 3714 3257 3799; baseline -0 -23"><span class='ocrx_word' id='word_1_352' title='bbox 199 3740 312 3783; x_wconf 75' lang='lat' dir='ltr'><strong>xu]</strong></span> <span class='ocrx_word' id='word_1_353' title='bbox 475 3728 643 3785; x_wconf 75' lang='lat' dir='ltr'><strong>Circa</strong></span> <span class='ocrx_word' id='word_1_354' title='bbox 728 3728 847 3785; x_wconf 57' lang='lat' dir='ltr'><strong>hac</strong></span> <span class='ocrx_word' id='word_1_355' title='bbox 911 3734 1167 3799; x_wconf 71' lang='lat' dir='ltr'><strong>tempora</strong></span> <span class='ocrx_word' id='word_1_356' title='bbox 1236 3730 1492 3789; x_wconf 66' lang='lat' dir='ltr'><strong>Ducatus</strong></span> <span class='ocrx_word' id='word_1_357' title='bbox 2175 3714 2527 3770; x_wconf 89' lang='lat' dir='ltr'><strong>immittitin</strong></span> <span class='ocrx_word' id='word_1_358' title='bbox 2554 3715 2840 3773; x_wconf 90' lang='lat' dir='ltr'><strong>hosticum</strong></span> <span class='ocrx_word' id='word_1_359' title='bbox 2870 3718 3081 3789; x_wconf 86' lang='lat' dir='ltr'><strong>solum,</strong></span> <span class='ocrx_word' id='word_1_360' title='bbox 3111 3717 3257 3776; x_wconf 88' lang='lat' dir='ltr'><strong>illud</strong></span> 
     </span>
    </p>
   </div>
   <div class='ocr_carea' id='block_1_57' title="bbox 153 3805 1695 3887">
    <p class='ocr_par' dir='ltr' id='par_1_57' title="bbox 153 3816 1491 3887">
     <span class='ocr_line' id='line_1_57' title="bbox 153 3816 1491 3887; baseline 0.001 -14"><span class='ocrx_word' id='word_1_361' title='bbox 153 3820 208 3872; x_wconf 82' lang='lat' dir='ltr'><strong>et</strong></span> <span class='ocrx_word' id='word_1_362' title='bbox 235 3829 331 3873; x_wconf 76' lang='lat' dir='ltr'><strong>xxv</strong></span> <span class='ocrx_word' id='word_1_363' title='bbox 405 3823 544 3887; x_wconf 90' lang='lat' dir='ltr'><strong>tres,</strong></span> <span class='ocrx_word' id='word_1_364' title='bbox 578 3816 1012 3874; x_wconf 87' lang='lat' dir='ltr'><strong>Marchionatus</strong></span> <span class='ocrx_word' id='word_1_365' title='bbox 1039 3818 1208 3887; x_wconf 89' lang='lat' dir='ltr'><strong>duos,</strong></span> <span class='ocrx_word' id='word_1_366' title='bbox 1245 3825 1302 3874; x_wconf 92' lang='lat' dir='ltr'><strong>et</strong></span> <span class='ocrx_word' id='word_1_367' title='bbox 1327 3818 1491 3875; x_wconf 88' lang='lat' dir='ltr'><strong>Civi-</strong></span> 
     </span>
    </p>
   </div>
   <div class='ocr_carea' id='block_1_58' title="bbox 1402 3805 2944 3887">
    <p class='ocr_par' dir='ltr' id='par_1_58' title="bbox 1402 3805 2944 3878">
     <span class='ocr_line' id='line_1_58' title="bbox 1402 3805 2944 3878; baseline -0.004 -10"><span class='ocrx_word' id='word_1_368' title='bbox 1402 3820 1491 3875; x_wconf 76' lang='lat' dir='ltr'><strong>vi—</strong></span> <span class='ocrx_word' id='word_1_369' title='bbox 2169 3819 2282 3876; x_wconf 91' lang='lat' dir='ltr'><strong>que</strong></span> <span class='ocrx_word' id='word_1_370' title='bbox 2306 3810 2508 3861; x_wconf 84' lang='lat' dir='ltr'><strong>vastat.</strong></span> <span class='ocrx_word' id='word_1_371' title='bbox 2537 3805 2944 3878; x_wconf 86' lang='lat' dir='ltr'><strong>Theophylact.</strong></span> 
     </span>
    </p>
   </div>
   <div class='ocr_carea' id='block_1_59' title="bbox 402 3894 1944 3979">
    <p class='ocr_par' dir='ltr' id='par_1_59' title="bbox 402 3904 1489 3979">
     <span class='ocr_line' id='line_1_59' title="bbox 402 3904 1489 3979; baseline 0.003 -17"><span class='ocrx_word' id='word_1_372' title='bbox 402 3912 589 3962; x_wconf 71' lang='lat' dir='ltr'><strong>latum</strong></span> <span class='ocrx_word' id='word_1_373' title='bbox 617 3906 795 3961; x_wconf 90' lang='lat' dir='ltr'><strong>duces</strong></span> <span class='ocrx_word' id='word_1_374' title='bbox 819 3904 907 3975; x_wconf 90' lang='lat'><strong>36,</strong></span> <span class='ocrx_word' id='word_1_375' title='bbox 942 3920 976 3963; x_wconf 90' lang='lat' dir='ltr'><strong>a</strong></span> <span class='ocrx_word' id='word_1_376' title='bbox 1003 3907 1396 3979; x_wconf 88' lang='lat' dir='ltr'><strong>Langobardis</strong></span> <span class='ocrx_word' id='word_1_377' title='bbox 1426 3909 1489 3966; x_wconf 90' lang='lat' dir='ltr'><strong>in</strong></span> 
     </span>
    </p>
   </div>
   <div class='ocr_carea' id='block_1_60' title="bbox 1713 3894 3255 3979">
    <p class='ocr_par' dir='ltr' id='par_1_60' title="bbox 2242 3894 3255 3966">
     <span class='ocr_line' id='line_1_60' title="bbox 2242 3894 3255 3966; baseline 0.006 -15"><span class='ocrx_word' id='word_1_378' title='bbox 2242 3894 2525 3966; x_wconf 84' lang='lat' dir='ltr'><strong>Eulogius</strong></span> <span class='ocrx_word' id='word_1_379' title='bbox 2604 3896 2739 3952; x_wconf 89' lang='lat' dir='ltr'><strong>Patr</strong></span> <span class='ocrx_word' id='word_1_380' title='bbox 2827 3897 3255 3957; x_wconf 79' lang='lat' dir='ltr'><strong>Alexandrinus</strong></span> 
     </span>
    </p>
   </div>
   <div class='ocr_carea' id='block_1_61' title="bbox 397 3985 3253 4059">
    <p class='ocr_par' dir='ltr' id='par_1_61' title="bbox 397 3985 3253 4059">
     <span class='ocr_line' id='line_1_61' title="bbox 397 3985 3253 4059; baseline 0 -8"><span class='ocrx_word' id='word_1_381' title='bbox 397 3995 569 4052; x_wconf 91' lang='lat' dir='ltr'><strong>Italia</strong></span> <span class='ocrx_word' id='word_1_382' title='bbox 600 3996 934 4052; x_wconf 77' lang='lat' dir='ltr'><strong>constituti.</strong></span> <span class='ocrx_word' id='word_1_383' title='bbox 976 3996 1119 4053; x_wconf 83' lang='lat' dir='ltr'><strong>Vide</strong></span> <span class='ocrx_word' id='word_1_384' title='bbox 1147 3997 1362 4053; x_wconf 88' lang='lat' dir='ltr'><strong>Panvin</strong></span> <span class='ocrx_word' id='word_1_385' title='bbox 1391 4012 1490 4055; x_wconf 89' lang='lat' dir='ltr'><strong>an-</strong></span> <span class='ocrx_word' id='word_1_386' title='bbox 2167 3985 2429 4041; x_wconf 76' lang='lat' dir='ltr'><strong>succedit</strong></span> <span class='ocrx_word' id='word_1_387' title='bbox 2467 3985 2695 4042; x_wconf 69' lang='lat' dir='ltr'><strong>Joanni.</strong></span> <span class='ocrx_word' id='word_1_388' title='bbox 2735 3986 2948 4059; x_wconf 82' lang='lat' dir='ltr'><strong>Pagius</strong></span> <span class='ocrx_word' id='word_1_389' title='bbox 3002 3988 3072 4045; x_wconf 85' lang='lat' dir='ltr'><strong>ad</strong></span> <span class='ocrx_word' id='word_1_390' title='bbox 3118 3989 3176 4046; x_wconf 80' lang='grc' dir='ltr'>ιι.</span> <span class='ocrx_word' id='word_1_391' title='bbox 3221 4004 3253 4048; x_wconf 87' lang='lat' dir='ltr'><strong>a</strong></span> 
     </span>
    </p>
   </div>
   <div class='ocr_carea' id='block_1_62' title="bbox 397 4072 2302 4158">
    <p class='ocr_par' dir='ltr' id='par_1_62' title="bbox 397 4072 2302 4158">
     <span class='ocr_line' id='line_1_62' title="bbox 397 4072 2302 4158; baseline -0.002 -17"><span class='ocrx_word' id='word_1_392' title='bbox 397 4086 487 4156; x_wconf 91' lang='lat' dir='ltr'><strong>tiq</strong></span> <span class='ocrx_word' id='word_1_393' title='bbox 516 4086 702 4141; x_wconf 87' lang='lat' dir='ltr'><strong>Veron</strong></span> <span class='ocrx_word' id='word_1_394' title='bbox 750 4084 788 4139; x_wconf 93' lang='lat' dir='ltr'><strong>l.</strong></span> <span class='ocrx_word' id='word_1_395' title='bbox 824 4100 876 4158; x_wconf 94' lang='lat' dir='ltr'><strong>v,</strong></span> <span class='ocrx_word' id='word_1_396' title='bbox 931 4100 981 4141; x_wconf 93' lang='lat' dir='ltr'><strong>c.</strong></span> <span class='ocrx_word' id='word_1_397' title='bbox 1022 4084 1077 4157; x_wconf 85' lang='lat'><strong>5,</strong></span> <span class='ocrx_word' id='word_1_398' title='bbox 1121 4092 1177 4142; x_wconf 93' lang='lat' dir='ltr'><strong>et</strong></span> <span class='ocrx_word' id='word_1_399' title='bbox 1217 4085 1488 4158; x_wconf 91' lang='lat' dir='ltr'><strong>Campel-</strong></span> <span class='ocrx_word' id='word_1_400' title='bbox 2165 4087 2223 4130; x_wconf 88' lang='grc' dir='ltr'><strong>ῐι-</strong></span> <span class='ocrx_word' id='word_1_401' title='bbox 2248 4072 2302 4130; x_wconf 78' lang='grc'><strong>8.</strong></span> 
     </span>
    </p>
   </div>
   <div class='ocr_carea' id='block_1_63' title="bbox 400 4173 1482 4249">
    <p class='ocr_par' dir='ltr' id='par_1_63' title="bbox 400 4173 1482 4249">
     <span class='ocr_line' id='line_1_63' title="bbox 400 4173 1482 4249; baseline 0.003 -20"><span class='ocrx_word' id='word_1_402' title='bbox 400 4173 520 4230; x_wconf 89' lang='lat' dir='ltr'><strong>lum</strong></span> <span class='ocrx_word' id='word_1_403' title='bbox 553 4174 673 4231; x_wconf 89' lang='lat' dir='ltr'><strong>bist</strong></span> <span class='ocrx_word' id='word_1_404' title='bbox 712 4174 926 4245; x_wconf 91' lang='lat' dir='ltr'><strong>Spolet.</strong></span> <span class='ocrx_word' id='word_1_405' title='bbox 961 4175 1044 4231; x_wconf 92' lang='lat' dir='ltr'><strong>lib</strong></span> <span class='ocrx_word' id='word_1_406' title='bbox 1086 4190 1167 4243; x_wconf 76' lang='grc' dir='ltr'><strong>χι,</strong></span> <span class='ocrx_word' id='word_1_407' title='bbox 1218 4190 1328 4248; x_wconf 85' lang='lat' dir='ltr'><strong>pag</strong></span> <span class='ocrx_word' id='word_1_408' title='bbox 1354 4174 1482 4249; x_wconf 91' lang='grc'><strong>324,</strong></span> 
     </span>
    </p>
   </div>
   <div class='ocr_carea' id='block_1_64' title="bbox 397 4262 1479 4337">
    <p class='ocr_par' dir='ltr' id='par_1_64' title="bbox 397 4262 1479 4337">
     <span class='ocr_line' id='line_1_64' title="bbox 397 4262 1479 4337; baseline 0.002 -19"><span class='ocrx_word' id='word_1_409' title='bbox 397 4262 498 4318; x_wconf 90' lang='lat' dir='ltr'><strong>ubi</strong></span> <span class='ocrx_word' id='word_1_410' title='bbox 530 4277 599 4319; x_wconf 82' lang='lat' dir='ltr'><strong>ex</strong></span> <span class='ocrx_word' id='word_1_411' title='bbox 635 4264 808 4321; x_wconf 83' lang='lat' dir='ltr'><strong>Paulo</strong></span> <span class='ocrx_word' id='word_1_412' title='bbox 832 4266 994 4321; x_wconf 89' lang='lat' dir='ltr'><strong>Diac.</strong></span> <span class='ocrx_word' id='word_1_413' title='bbox 1024 4264 1110 4321; x_wconf 91' lang='lat' dir='ltr'><strong>lib</strong></span> <span class='ocrx_word' id='word_1_414' title='bbox 1139 4279 1227 4337; x_wconf 89' lang='grc' dir='ltr'>ιιι,</span> <span class='ocrx_word' id='word_1_415' title='bbox 1259 4280 1364 4337; x_wconf 88' lang='lat' dir='ltr'><strong>cap</strong></span> <span class='ocrx_word' id='word_1_416' title='bbox 1393 4264 1479 4322; x_wconf 88' lang='grc'><strong>45.</strong></span> 
     </span>
    </p>
   </div>
   <div class='ocr_carea' id='block_1_65' title="bbox 395 4352 1484 4424">
    <p class='ocr_par' dir='ltr' id='par_1_65' title="bbox 395 4352 1484 4424">
     <span class='ocr_line' id='line_1_65' title="bbox 395 4352 1484 4424; baseline 0.005 -16"><span class='ocrx_word' id='word_1_417' title='bbox 395 4352 647 4423; x_wconf 91' lang='lat' dir='ltr'><strong>primum</strong></span> <span class='ocrx_word' id='word_1_418' title='bbox 697 4354 1067 4424; x_wconf 90' lang='lat' dir='ltr'><strong>Spoletanum</strong></span> <span class='ocrx_word' id='word_1_419' title='bbox 1119 4356 1323 4413; x_wconf 90' lang='lat' dir='ltr'><strong>ducem</strong></span> <span class='ocrx_word' id='word_1_420' title='bbox 1369 4357 1484 4413; x_wconf 88' lang='lat' dir='ltr'><strong>Fa-</strong></span> 
     </span>
    </p>
   </div>
   <div class='ocr_carea' id='block_1_66' title="bbox 397 4442 1485 4502">
    <p class='ocr_par' dir='ltr' id='par_1_66' title="bbox 397 4442 1485 4502">
     <span class='ocr_line' id='line_1_66' title="bbox 397 4442 1485 4502; baseline 0.004 -4"><span class='ocrx_word' id='word_1_421' title='bbox 397 4442 662 4500; x_wconf 88' lang='lat' dir='ltr'><strong>roaldum</strong></span> <span class='ocrx_word' id='word_1_422' title='bbox 732 4451 1049 4502; x_wconf 88' lang='lat' dir='ltr'><strong>memorat:</strong></span> <span class='ocrx_word' id='word_1_423' title='bbox 1126 4453 1183 4501; x_wconf 91' lang='lat' dir='ltr'><strong>et</strong></span> <span class='ocrx_word' id='word_1_424' title='bbox 1260 4446 1485 4502; x_wconf 87' lang='lat' dir='ltr'><strong>Camil-</strong></span> 
     </span>
    </p>
   </div>
   <div class='ocr_carea' id='block_1_67' title="bbox 395 4530 1848 4640">
    <p class='ocr_par' dir='ltr' id='par_1_67' title="bbox 395 4530 1848 4640">
     <span class='ocr_line' id='line_1_67' title="bbox 395 4530 1848 4640; baseline 0.004 -53"><span class='ocrx_word' id='word_1_425' title='bbox 395 4530 517 4634; x_wconf 80' lang='lat' dir='ltr'><strong>lum</strong></span> <span class='ocrx_word' id='word_1_426' title='bbox 547 4533 773 4640; x_wconf 63' lang='lat' dir='ltr'><strong>Peregr.</strong></span> <span class='ocrx_word' id='word_1_427' title='bbox 805 4532 891 4640; x_wconf 68' lang='lat' dir='ltr'><strong>lib</strong></span> <span class='ocrx_word' id='word_1_428' title='bbox 924 4548 987 4606; x_wconf 93' lang='grc' dir='ltr'><strong>ιι,</strong></span> <span class='ocrx_word' id='word_1_429' title='bbox 1020 4533 1122 4590; x_wconf 89' lang='lat' dir='ltr'><strong>ubi</strong></span> <span class='ocrx_word' id='word_1_430' title='bbox 1153 4535 1224 4591; x_wconf 93' lang='lat' dir='ltr'><strong>de</strong></span> <span class='ocrx_word' id='word_1_431' title='bbox 1247 4537 1482 4592; x_wconf 90' lang='lat' dir='ltr'><strong>Zottone</strong></span> <span class='ocrx_word' id='word_1_432' title='bbox 1791 4577 1848 4640; x_wconf 84' lang='lat' dir='ltr'><strong>D</strong></span> 
     </span>
    </p>
   </div>
   <div class='ocr_carea' id='block_1_68' title="bbox 394 4622 1479 4691">
    <p class='ocr_par' dir='ltr' id='par_1_68' title="bbox 394 4622 1479 4691">
     <span class='ocr_line' id='line_1_68' title="bbox 394 4622 1479 4691; baseline 0.005 -15"><span class='ocrx_word' id='word_1_433' title='bbox 394 4622 584 4691; x_wconf 91' lang='lat' dir='ltr'><strong>primo</strong></span> <span class='ocrx_word' id='word_1_434' title='bbox 636 4623 785 4678; x_wconf 86' lang='lat' dir='ltr'><strong>duce</strong></span> <span class='ocrx_word' id='word_1_435' title='bbox 836 4623 1363 4683; x_wconf 87' lang='lat' dir='ltr'><strong>Beueventanorum</strong></span> <span class='ocrx_word' id='word_1_436' title='bbox 1409 4638 1479 4681; x_wconf 81' lang='lat' dir='ltr'><strong>ex</strong></span> 
     </span>
    </p>
   </div>
   <div class='ocr_carea' id='block_1_69' title="bbox 392 4711 1480 4785">
    <p class='ocr_par' dir='ltr' id='par_1_69' title="bbox 392 4711 1480 4785">
     <span class='ocr_line' id='line_1_69' title="bbox 392 4711 1480 4785; baseline 0.006 -20"><span class='ocrx_word' id='word_1_437' title='bbox 392 4711 571 4768; x_wconf 89' lang='lat' dir='ltr'><strong>Paulo</strong></span> <span class='ocrx_word' id='word_1_438' title='bbox 617 4712 777 4768; x_wconf 74' lang='lat' dir='ltr'><strong>Diae.</strong></span> <span class='ocrx_word' id='word_1_439' title='bbox 820 4713 943 4784; x_wconf 85' lang='lat' dir='ltr'><strong>agit</strong></span> <span class='ocrx_word' id='word_1_440' title='bbox 987 4719 1045 4768; x_wconf 93' lang='lat' dir='ltr'><strong>et</strong></span> <span class='ocrx_word' id='word_1_441' title='bbox 1092 4714 1307 4771; x_wconf 89' lang='lat' dir='ltr'><strong>Panvin</strong></span> <span class='ocrx_word' id='word_1_442' title='bbox 1349 4714 1480 4785; x_wconf 91' lang='lat' dir='ltr'><strong>pri—</strong></span> 
     </span>
    </p>
   </div>
   <div class='ocr_carea' id='block_1_70' title="bbox 393 4801 1480 4870">
    <p class='ocr_par' dir='ltr' id='par_1_70' title="bbox 393 4801 1480 4870">
     <span class='ocr_line' id='line_1_70' title="bbox 393 4801 1480 4870; baseline 0.005 -15"><span class='ocrx_word' id='word_1_443' title='bbox 393 4812 549 4855; x_wconf 90' lang='lat' dir='ltr'><strong>mum</strong></span> <span class='ocrx_word' id='word_1_444' title='bbox 570 4801 1026 4870; x_wconf 87' lang='lat' dir='ltr'><strong>Forojuliensem</strong></span> <span class='ocrx_word' id='word_1_445' title='bbox 1057 4802 1259 4859; x_wconf 87' lang='lat' dir='ltr'><strong>ducem</strong></span> <span class='ocrx_word' id='word_1_446' title='bbox 1285 4803 1480 4860; x_wconf 87' lang='lat' dir='ltr'><strong>Gisul-</strong></span> 
     </span>
    </p>
   </div>
   <div class='ocr_carea' id='block_1_71' title="bbox 399 4887 761 4947">
    <p class='ocr_par' dir='ltr' id='par_1_71' title="bbox 399 4887 761 4947">
     <span class='ocr_line' id='line_1_71' title="bbox 399 4887 761 4947; baseline 0.006 -3"><span class='ocrx_word' id='word_1_447' title='bbox 399 4887 427 4944; x_wconf 82' lang='grc'><strong>4⁵</strong></span> <span class='ocrx_word' id='word_1_448' title='bbox 428 4903 521 4945; x_wconf 89' lang='lat' dir='ltr'><strong>um</strong></span> <span class='ocrx_word' id='word_1_449' title='bbox 560 4890 761 4947; x_wconf 88' lang='lat' dir='ltr'><strong>tradit.</strong></span> 
     </span>
    </p>
   </div>
   <div class='ocr_carea' id='block_1_72' title="bbox 164 4992 1706 5080">
    <p class='ocr_par' dir='ltr' id='par_1_72' title="bbox 164 4992 1692 5071">
     <span class='ocr_line' id='line_1_72' title="bbox 164 4992 1692 5071; baseline 0.003 -16"><span class='ocrx_word' id='word_1_450' title='bbox 164 4992 319 5055; x_wconf 82' lang='grc'>5294</span> <span class='ocrx_word' id='word_1_451' title='bbox 463 4998 587 5068; x_wconf 89' lang='lat' dir='ltr'><strong>Imp</strong></span> <span class='ocrx_word' id='word_1_452' title='bbox 609 4997 694 5053; x_wconf 91' lang='lat' dir='ltr'><strong>Ti.</strong></span> <span class='ocrx_word' id='word_1_453' title='bbox 730 4997 906 5055; x_wconf 89' lang='lat' dir='ltr'><strong>Const</strong></span> <span class='ocrx_word' id='word_1_454' title='bbox 934 4997 1061 5071; x_wconf 83' lang='lat' dir='ltr'><strong>Aug</strong></span> <span class='ocrx_word' id='word_1_455' title='bbox 1088 5012 1187 5057; x_wconf 89' lang='lat' dir='ltr'><strong>cos</strong></span> <span class='ocrx_word' id='word_1_456' title='bbox 1213 5012 1366 5056; x_wconf 88' lang='lat' dir='ltr'><strong>anno</strong></span> <span class='ocrx_word' id='word_1_457' title='bbox 1396 5013 1473 5057; x_wconf 85' lang='lat' dir='ltr'><strong>vn</strong></span> <span class='ocrx_word' id='word_1_458' title='bbox 1550 4998 1692 5060; x_wconf 89' lang='lat'>4333</span> 
     </span>
    </p>
   </div>
   <div class='ocr_carea' id='block_1_73' title="bbox 1891 4992 3433 5080">
    <p class='ocr_par' dir='ltr' id='par_1_73' title="bbox 1946 5005 3433 5080">
     <span class='ocr_line' id='line_1_73' title="bbox 1946 5005 3433 5080; baseline 0.007 -18"><span class='ocrx_word' id='word_1_459' title='bbox 1946 5006 2102 5077; x_wconf 78' lang='lat' dir='ltr'><strong>Olym</strong></span> <span class='ocrx_word' id='word_1_460' title='bbox 2231 5005 2445 5080; x_wconf 81' lang='lat' dir='ltr'><strong>Pelagii</strong></span> <span class='ocrx_word' id='word_1_461' title='bbox 2472 5008 2508 5066; x_wconf 90' lang='lat'><strong>3</strong></span> <span class='ocrx_word' id='word_1_462' title='bbox 2535 5016 2592 5067; x_wconf 89' lang='lat' dir='ltr'><strong>et</strong></span> <span class='ocrx_word' id='word_1_463' title='bbox 2614 5009 2648 5067; x_wconf 83' lang='grc'><strong>4</strong></span> <span class='ocrx_word' id='word_1_464' title='bbox 3334 5013 3433 5073; x_wconf 84' lang='grc'><strong>584</strong></span> 
     </span>
    </p>
   </div>
   <div class='ocr_carea' id='block_1_74' title="bbox 177 5083 1719 5165">
    <p class='ocr_par' dir='ltr' id='par_1_74' title="bbox 177 5083 1686 5165">
     <span class='ocr_line' id='line_1_74' title="bbox 177 5083 1686 5165; baseline 0.004 -23"><span class='ocrx_word' id='word_1_465' title='bbox 177 5091 256 5165; x_wconf 56' lang='grc' dir='ltr'><strong>(ᾖ)</strong></span> <span class='ocrx_word' id='word_1_466' title='bbox 299 5083 337 5143; x_wconf 91' lang='grc'><strong>2</strong></span> <span class='ocrx_word' id='word_1_467' title='bbox 384 5091 441 5143; x_wconf 90' lang='lat' dir='ltr'><strong>et</strong></span> <span class='ocrx_word' id='word_1_468' title='bbox 468 5101 593 5151; x_wconf 81' lang='lat' dir='ltr'><strong>vui,</strong></span> <span class='ocrx_word' id='word_1_469' title='bbox 620 5101 692 5145; x_wconf 80' lang='lat' dir='ltr'><strong>ex</strong></span> <span class='ocrx_word' id='word_1_470' title='bbox 722 5090 998 5146; x_wconf 89' lang='lat' dir='ltr'><strong>nummis.</strong></span> <span class='ocrx_word' id='word_1_471' title='bbox 1546 5088 1686 5148; x_wconf 86' lang='grc'><strong>4334</strong></span> 
     </span>
    </p>
   </div>
   <div class='ocr_carea' id='block_1_75' title="bbox 1706 5083 3248 5165">
    <p class='ocr_par' dir='ltr' id='par_1_75' title="bbox 1979 5093 3248 5163">
     <span class='ocr_line' id='line_1_75' title="bbox 1979 5093 3248 5163; baseline 0.009 -11"><span class='ocrx_word' id='word_1_472' title='bbox 1979 5093 2086 5152; x_wconf 90' lang='grc'>339</span> <span class='ocrx_word' id='word_1_473' title='bbox 2229 5098 2449 5155; x_wconf 86' lang='lat' dir='ltr'><strong>Bellum</strong></span> <span class='ocrx_word' id='word_1_474' title='bbox 2480 5098 2774 5158; x_wconf 89' lang='lat' dir='ltr'><strong>Persicum</strong></span> <span class='ocrx_word' id='word_1_475' title='bbox 2817 5100 3028 5159; x_wconf 87' lang='lat' dir='ltr'><strong>iterum</strong></span> <span class='ocrx_word' id='word_1_476' title='bbox 3056 5117 3248 5163; x_wconf 85' lang='lat' dir='ltr'><strong>recru-</strong></span> 
     </span>
    </p>
   </div>
   <div class='ocr_carea' id='block_1_76' title="bbox 165 5174 1477 5250">
    <p class='ocr_par' dir='ltr' id='par_1_76' title="bbox 165 5174 1477 5250">
     <span class='ocr_line' id='line_1_76' title="bbox 165 5174 1477 5250; baseline 0.003 -18"><span class='ocrx_word' id='word_1_477' title='bbox 165 5177 247 5250; x_wconf 63' lang='lat'><strong>0</strong></span> <span class='ocrx_word' id='word_1_478' title='bbox 281 5174 350 5234; x_wconf 91' lang='grc'><strong>42</strong></span> <span class='ocrx_word' id='word_1_479' title='bbox 471 5179 635 5234; x_wconf 85' lang='lat' dir='ltr'><strong>Hunc</strong></span> <span class='ocrx_word' id='word_1_480' title='bbox 682 5188 899 5235; x_wconf 90' lang='lat' dir='ltr'><strong>annum</strong></span> <span class='ocrx_word' id='word_1_481' title='bbox 952 5180 1157 5237; x_wconf 89' lang='lat' dir='ltr'><strong>Petrus</strong></span> <span class='ocrx_word' id='word_1_482' title='bbox 1202 5179 1477 5236; x_wconf 87' lang='lat' dir='ltr'><strong>Notarius</strong></span> 
     </span>
    </p>
   </div>
   <div class='ocr_carea' id='block_1_77' title="bbox 228 5266 1478 5338">
    <p class='ocr_par' dir='ltr' id='par_1_77' title="bbox 228 5266 1478 5338">
     <span class='ocr_line' id='line_1_77' title="bbox 228 5266 1478 5338; baseline 0.004 -17"><span class='ocrx_word' id='word_1_483' title='bbox 228 5267 281 5321; x_wconf 86' lang='grc' dir='ltr'><strong><em>Ε</em></strong></span> <span class='ocrx_word' id='word_1_484' title='bbox 387 5267 443 5323; x_wconf 91' lang='lat' dir='ltr'><strong>S.</strong></span> <span class='ocrx_word' id='word_1_485' title='bbox 473 5266 743 5324; x_wconf 69' lang='lat' dir='ltr'><strong>Ecclesia:</strong></span> <span class='ocrx_word' id='word_1_486' title='bbox 766 5267 1157 5338; x_wconf 66' lang='lat' dir='ltr'><strong>Neapolitana:</strong></span> <span class='ocrx_word' id='word_1_487' title='bbox 1181 5269 1352 5338; x_wconf 89' lang='lat' dir='ltr'><strong>jussu</strong></span> <span class='ocrx_word' id='word_1_488' title='bbox 1380 5269 1478 5326; x_wconf 82' lang='lat' dir='ltr'><strong>Re-</strong></span> 
     </span>
    </p>
   </div>
   <div class='ocr_carea' id='block_1_78' title="bbox 127 5356 1475 5427">
    <p class='ocr_par' dir='ltr' id='par_1_78' title="bbox 127 5356 1475 5427">
     <span class='ocr_line' id='line_1_78' title="bbox 127 5356 1475 5427; baseline 0.004 -14"><span class='ocrx_word' id='word_1_489' title='bbox 127 5357 320 5413; x_wconf 80' lang='lat' dir='ltr'><strong>Indict</strong></span> <span class='ocrx_word' id='word_1_490' title='bbox 379 5356 550 5413; x_wconf 88' lang='lat' dir='ltr'><strong>ducis</strong></span> <span class='ocrx_word' id='word_1_491' title='bbox 611 5358 783 5427; x_wconf 87' lang='lat' dir='ltr'><strong>Episc</strong></span> <span class='ocrx_word' id='word_1_492' title='bbox 839 5358 1151 5415; x_wconf 90' lang='lat' dir='ltr'><strong>emendans</strong></span> <span class='ocrx_word' id='word_1_493' title='bbox 1210 5360 1475 5419; x_wconf 87' lang='lat' dir='ltr'><strong>Codicem</strong></span> 
     </span>
    </p>
   </div>
   <div class='ocr_carea' id='block_1_79' title="bbox 185 5446 1476 5517">
    <p class='ocr_par' dir='ltr' id='par_1_79' title="bbox 185 5446 1476 5517">
     <span class='ocr_line' id='line_1_79' title="bbox 185 5446 1476 5517; baseline 0.002 -15"><span class='ocrx_word' id='word_1_494' title='bbox 185 5458 291 5502; x_wconf 69' lang='lat' dir='ltr'><strong>xxv</strong></span> <span class='ocrx_word' id='word_1_495' title='bbox 384 5446 465 5501; x_wconf 87' lang='lat' dir='ltr'><strong>ita</strong></span> <span class='ocrx_word' id='word_1_496' title='bbox 485 5446 1037 5517; x_wconf 87' lang='lat' dir='ltr'><strong>indicatemendari,</strong></span> <span class='ocrx_word' id='word_1_497' title='bbox 1056 5448 1157 5503; x_wconf 89' lang='lat' dir='ltr'><strong>sub</strong></span> <span class='ocrx_word' id='word_1_498' title='bbox 1170 5449 1260 5503; x_wconf 82' lang='lat' dir='ltr'><strong>die</strong></span> <span class='ocrx_word' id='word_1_499' title='bbox 1273 5449 1476 5505; x_wconf 81' lang='lat' dir='ltr'><strong>Iduum</strong></span> 
     </span>
    </p>
   </div>
   <div class='ocr_carea' id='block_1_80' title="bbox 162 5537 1474 5607">
    <p class='ocr_par' dir='ltr' id='par_1_80' title="bbox 162 5537 1474 5607">
     <span class='ocr_line' id='line_1_80' title="bbox 162 5537 1474 5607; baseline 0.002 -16"><span class='ocrx_word' id='word_1_500' title='bbox 162 5542 216 5591; x_wconf 82' lang='lat' dir='ltr'><strong>et</strong></span> <span class='ocrx_word' id='word_1_501' title='bbox 234 5547 311 5590; x_wconf 79' lang='lat' dir='ltr'><strong>xv</strong></span> <span class='ocrx_word' id='word_1_502' title='bbox 386 5537 761 5592; x_wconf 79' lang='lat' dir='ltr'><strong>Decembrium</strong></span> <span class='ocrx_word' id='word_1_503' title='bbox 810 5539 932 5607; x_wconf 86' lang='lat' dir='ltr'><strong>Imp</strong></span> <span class='ocrx_word' id='word_1_504' title='bbox 998 5540 1223 5594; x_wconf 80' lang='lat' dir='ltr'><strong>Domino</strong></span> <span class='ocrx_word' id='word_1_505' title='bbox 1275 5541 1474 5595; x_wconf 88' lang='lat' dir='ltr'><strong>Nostro</strong></span> 
     </span>
    </p>
   </div>
   <div class='ocr_carea' id='block_1_81' title="bbox 391 5626 1474 5698">
    <p class='ocr_par' dir='ltr' id='par_1_81' title="bbox 391 5626 1474 5698">
     <span class='ocr_line' id='line_1_81' title="bbox 391 5626 1474 5698; baseline 0.006 -19"><span class='ocrx_word' id='word_1_506' title='bbox 391 5626 607 5680; x_wconf 78' lang='lat' dir='ltr'><strong>Tiberio</strong></span> <span class='ocrx_word' id='word_1_507' title='bbox 679 5626 1151 5697; x_wconf 82' lang='lat' dir='ltr'><strong>Constantinopoli</strong></span> <span class='ocrx_word' id='word_1_508' title='bbox 1228 5630 1474 5698; x_wconf 79' lang='lat' dir='ltr'><strong>Augusti</strong></span> 
     </span>
    </p>
   </div>
   <div class='ocr_carea' id='block_1_82' title="bbox 391 5708 1473 5786">
    <p class='ocr_par' dir='ltr' id='par_1_82' title="bbox 391 5708 1473 5786">
     <span class='ocr_line' id='line_1_82' title="bbox 391 5708 1473 5786; baseline 0.008 -22"><span class='ocrx_word' id='word_1_509' title='bbox 391 5708 656 5784; x_wconf 83' lang='lat' dir='ltr'><strong>[fortasse</strong></span> <span class='ocrx_word' id='word_1_510' title='bbox 700 5713 1023 5786; x_wconf 84' lang='lat' dir='ltr'><strong>legendum,</strong></span> <span class='ocrx_word' id='word_1_511' title='bbox 1059 5714 1290 5775; x_wconf 89' lang='lat' dir='ltr'><strong>Tiberio</strong></span> <span class='ocrx_word' id='word_1_512' title='bbox 1316 5716 1473 5775; x_wconf 85' lang='lat' dir='ltr'><strong>Con-</strong></span> 
     </span>
    </p>
   </div>
   <div class='ocr_carea' id='block_1_83' title="bbox 1996 5200 2050 5241">
    <p class='ocr_par' dir='ltr' id='par_1_83' title="bbox 1996 5200 2050 5241">
     <span class='ocr_line' id='line_1_83' title="bbox 1996 5200 2050 5241; baseline 0 0"><span class='ocrx_word' id='word_1_513' title='bbox 1996 5200 2050 5241; x_wconf 82' lang='lat' dir='ltr'><strong>IV</strong></span> 
     </span>
    </p>
   </div>
   <div class='ocr_carea' id='block_1_84' title="bbox 1993 5280 2044 5330">
    <p class='ocr_par' dir='ltr' id='par_1_84' title="bbox 1993 5280 2044 5330">
     <span class='ocr_line' id='line_1_84' title="bbox 1993 5280 2044 5330; baseline -0.02 0"><span class='ocrx_word' id='word_1_514' title='bbox 1993 5280 2044 5330; x_wconf 84' lang='lat' dir='ltr'><strong>et</strong></span> 
     </span>
    </p>
   </div>
   <div class='ocr_carea' id='block_1_85' title="bbox 1955 5362 2062 5422">
    <p class='ocr_par' dir='ltr' id='par_1_85' title="bbox 1955 5362 2062 5422">
     <span class='ocr_line' id='line_1_85' title="bbox 1955 5362 2062 5422; baseline 0 -1"><span class='ocrx_word' id='word_1_515' title='bbox 1955 5362 2062 5422; x_wconf 80' lang='grc'><strong>340</strong></span> 
     </span>
    </p>
   </div>
   <div class='ocr_carea' id='block_1_86' title="bbox 2007 5470 2022 5510">
    <p class='ocr_par' dir='ltr' id='par_1_86' title="bbox 2007 5470 2022 5510">
     <span class='ocr_line' id='line_1_86' title="bbox 2007 5470 2022 5510; baseline 0 0"><span class='ocrx_word' id='word_1_516' title='bbox 2007 5470 2022 5510; x_wconf 95' lang='grc' dir='ltr'><strong>ι</strong></span> 
     </span>
    </p>
   </div>
   <div class='ocr_carea' id='block_1_87' title="bbox 2159 5188 3240 5268">
    <p class='ocr_par' dir='ltr' id='par_1_87' title="bbox 2159 5188 3240 5268">
     <span class='ocr_line' id='line_1_87' title="bbox 2159 5188 3240 5268; baseline 0.009 -24"><span class='ocrx_word' id='word_1_517' title='bbox 2159 5188 2362 5258; x_wconf 83' lang='lat' dir='ltr'><strong>descit,</strong></span> <span class='ocrx_word' id='word_1_518' title='bbox 2416 5189 2476 5244; x_wconf 87' lang='lat' dir='ltr'><strong>in</strong></span> <span class='ocrx_word' id='word_1_519' title='bbox 2509 5202 2622 5261; x_wconf 88' lang='lat' dir='ltr'><strong>quo</strong></span> <span class='ocrx_word' id='word_1_520' title='bbox 2661 5189 2902 5247; x_wconf 82' lang='lat' dir='ltr'><strong>Romani</strong></span> <span class='ocrx_word' id='word_1_521' title='bbox 2952 5196 3240 5268; x_wconf 85' lang='lat' dir='ltr'><strong>egregiam</strong></span> 
     </span>
    </p>
   </div>
   <div class='ocr_carea' id='block_1_88' title="bbox 2152 5276 3241 5352">
    <p class='ocr_par' dir='ltr' id='par_1_88' title="bbox 2152 5276 3241 5352">
     <span class='ocr_line' id='line_1_88' title="bbox 2152 5276 3241 5352; baseline 0.01 -20"><span class='ocrx_word' id='word_1_522' title='bbox 2152 5276 2455 5333; x_wconf 88' lang='lat' dir='ltr'><strong>victoriam</strong></span> <span class='ocrx_word' id='word_1_523' title='bbox 2483 5285 2869 5352; x_wconf 89' lang='lat' dir='ltr'><strong>reportarunt,</strong></span> <span class='ocrx_word' id='word_1_524' title='bbox 2894 5282 3032 5339; x_wconf 90' lang='lat' dir='ltr'><strong>dum</strong></span> <span class='ocrx_word' id='word_1_525' title='bbox 3053 5293 3241 5343; x_wconf 87' lang='lat' dir='ltr'><strong>castra</strong></span> 
     </span>
    </p>
   </div>
   <div class='ocr_carea' id='block_1_89' title="bbox 2153 5366 3239 5446">
    <p class='ocr_par' dir='ltr' id='par_1_89' title="bbox 2153 5366 3239 5446">
     <span class='ocr_line' id='line_1_89' title="bbox 2153 5366 3239 5446; baseline 0.012 -25"><span class='ocrx_word' id='word_1_526' title='bbox 2153 5366 2491 5441; x_wconf 66' lang='lat' dir='ltr'><strong>Hormisdai,</strong></span> <span class='ocrx_word' id='word_1_527' title='bbox 2550 5374 2606 5425; x_wconf 92' lang='lat' dir='ltr'><strong>et</strong></span> <span class='ocrx_word' id='word_1_528' title='bbox 2645 5370 3064 5441; x_wconf 88' lang='lat' dir='ltr'><strong>supellectilem</strong></span> <span class='ocrx_word' id='word_1_529' title='bbox 3112 5376 3239 5446; x_wconf 88' lang='lat' dir='ltr'><strong>ejus</strong></span> 
     </span>
    </p>
   </div>
   <div class='ocr_carea' id='block_1_90' title="bbox 2152 5456 3235 5537">
    <p class='ocr_par' dir='ltr' id='par_1_90' title="bbox 2152 5456 3235 5537">
     <span class='ocr_line' id='line_1_90' title="bbox 2152 5456 3235 5537; baseline 0.012 -26"><span class='ocrx_word' id='word_1_530' title='bbox 2152 5470 2283 5512; x_wconf 89' lang='lat' dir='ltr'><strong>cum</strong></span> <span class='ocrx_word' id='word_1_531' title='bbox 2312 5456 2652 5528; x_wconf 87' lang='lat' dir='ltr'><strong>Elephantis</strong></span> <span class='ocrx_word' id='word_1_532' title='bbox 2677 5462 2936 5534; x_wconf 87' lang='lat' dir='ltr'><strong>capiunt,</strong></span> <span class='ocrx_word' id='word_1_533' title='bbox 2967 5479 3095 5537; x_wconf 63' lang='lat' dir='ltr'><strong>quae</strong></span> <span class='ocrx_word' id='word_1_534' title='bbox 3125 5467 3235 5523; x_wconf 88' lang='lat' dir='ltr'><strong>Im-</strong></span> 
     </span>
    </p>
   </div>
   <div class='ocr_carea' id='block_1_91' title="bbox 2156 5547 3230 5617">
    <p class='ocr_par' dir='ltr' id='par_1_91' title="bbox 2156 5547 3230 5617">
     <span class='ocr_line' id='line_1_91' title="bbox 2156 5547 3230 5617; baseline 0.011 -16"><span class='ocrx_word' id='word_1_535' title='bbox 2156 5547 2403 5617; x_wconf 89' lang='lat' dir='ltr'><strong>peratori</strong></span> <span class='ocrx_word' id='word_1_536' title='bbox 2450 5554 2671 5606; x_wconf 88' lang='lat' dir='ltr'><strong>tantum</strong></span> <span class='ocrx_word' id='word_1_537' title='bbox 2716 5560 3003 5611; x_wconf 89' lang='lat' dir='ltr'><strong>reservata</strong></span> <span class='ocrx_word' id='word_1_538' title='bbox 3057 5563 3230 5613; x_wconf 89' lang='lat' dir='ltr'><strong>sunt:</strong></span> 
     </span>
    </p>
   </div>
   <div class='ocr_carea' id='block_1_92' title="bbox 2155 5638 3235 5704">
    <p class='ocr_par' dir='ltr' id='par_1_92' title="bbox 2155 5638 3235 5704">
     <span class='ocr_line' id='line_1_92' title="bbox 2155 5638 3235 5704; baseline 0.013 -14"><span class='ocrx_word' id='word_1_539' title='bbox 2155 5644 2357 5692; x_wconf 68' lang='lat' dir='ltr'><strong>caetera</strong></span> <span class='ocrx_word' id='word_1_540' title='bbox 2407 5638 2698 5695; x_wconf 86' lang='lat' dir='ltr'><strong>Militibus</strong></span> <span class='ocrx_word' id='word_1_541' title='bbox 2761 5642 2994 5699; x_wconf 84' lang='lat' dir='ltr'><strong>dantur.</strong></span> <span class='ocrx_word' id='word_1_542' title='bbox 3044 5647 3235 5704; x_wconf 81' lang='lat' dir='ltr'><strong>Cuivis</strong></span> 
     </span>
    </p>
   </div>
   <div class='ocr_carea' id='block_1_93' title="bbox 2152 5727 3229 5809">
    <p class='ocr_par' dir='ltr' id='par_1_93' title="bbox 2152 5727 3229 5809">
     <span class='ocr_line' id='line_1_93' title="bbox 2152 5727 3229 5809; baseline 0.011 -27"><span class='ocrx_word' id='word_1_543' title='bbox 2152 5740 2221 5782; x_wconf 84' lang='lat' dir='ltr'><strong>ex</strong></span> <span class='ocrx_word' id='word_1_544' title='bbox 2263 5727 2496 5784; x_wconf 88' lang='lat' dir='ltr'><strong>Zonara.</strong></span> <span class='ocrx_word' id='word_1_545' title='bbox 2549 5730 2694 5788; x_wconf 83' lang='lat' dir='ltr'><strong>Huic</strong></span> <span class='ocrx_word' id='word_1_546' title='bbox 2736 5732 2883 5790; x_wconf 81' lang='lat' dir='ltr'><strong>adde</strong></span> <span class='ocrx_word' id='word_1_547' title='bbox 2923 5734 3229 5809; x_wconf 86' lang='lat' dir='ltr'><strong>Theophy-</strong></span> 
     </span>
    </p>
   </div>
  </div>
