3906 6466
372 367 473 427 794
1171 378 1266 436 AD
1301 381 1732 444 ANASTASIUM
1769 388 2284 449 PROLEGOMENA
2319 393 2496 450 EDIT.
2537 393 2978 451 ROM.—VATIC.
3685 397 3766 458 792

446 493 644 594 iuni"
677 498 1059 594 [inge-notorem
1135 504 1424 594 Consules,
1457 510 1733 594 Romano-
1813 511 2012 594 Anni“
2059 517 2120 577 A
2190 517 2364 594 ‘Anni
2417 518 2877 594 Christianorum,
2926 522 3244 578 Iudaeorum
3287 529 3339 579 et
3382 528 3506 594 ﬁni—
3595 528 3728 582 Anni

404 565 659 669 femini.
743 565 888 640 ium,
937 565 1047 628 res
1073 581 1236 644 gesta
1279 583 1330 634 et
1386 565 1730 638 documenta.
1818 565 1829 566 ί
1958 565 2032 640 VC.
2059 565 2120 577 u
3595 565 3738 654 Ἔλιξ

413 640 467 690 et
493 639 620 693 Ind.
874 639 879 640 7
1074 639 1095 644 ⁷
1806 659 2000 780 attingit
2188 639 2389 658 *τ’-Γ
2522 639 2826 731 ﬁesﬁes
2840 639 3544 732 3237271?”
3579 639 3761 727 c1135}.

1875 743 1916 796 P

1822 797 1967 852 Palil

656 909 920 967 stantino
979 912 1260 990 Augusto]
1314 933 1462 974 anno
1508 923 1753 991 septimo,

647 1004 776 1068 post
812 1001 1154 1057 consulatum
1189 1006 1308 1074 ejus
1345 1007 1589 1076 Augusti
1609 1026 1755 1064 anno

654 1091 838 1152 tertio,
866 1089 1172 1147 Indictione
1194 1097 1622 1164 quintadecima,
1651 1099 1756 1152 ob—

650 1177 962 1234 sidentibus
995 1182 1379 1250 Langobardis
1423 1187 1756 1256 Neapolita-

647 1281 777 1320 nam
840 1269 1130 1324 civitatem.
1175 1271 1451 1329 Mabillon
1514 1275 1753 1331 Analect

649 1355 785 1410 Tom
814 1358 884 1428 II,
929 1372 984 1428 p.
1035 1355 1119 1428 44,
1153 1373 1222 1415 ex
1250 1360 1459 1417 Codice
1497 1376 1603 1420 ms.
1647 1364 1753 1423 Bi—

647 1442 836 1508 blioth
866 1446 1428 1509 San-Germanensis.

2436 876 2524 932 lac
2562 881 2618 933 et
2661 878 2968 950 Evagrium
3013 893 3046 936 a
3077 880 3254 953 Pagio
3286 883 3514 952 produ-

2433 971 2558 1022 ctos
2582 967 2652 1022 ad
2693 969 2746 1022 h.
2775 982 2828 1023 a.
2863 982 2920 1024 ιι.
2957 966 3040 1024 44.

2503 1055 2781 1112 Sirmium
2813 1058 3016 1113 Avaris
3041 1071 3073 1114 a
3103 1061 3378 1117 Romanis
3403 1063 3514 1118 de-

2431 1143 2640 1201 ditum.
2705 1145 2788 1202 Ibi
2845 1161 2900 1202 ιι.
2960 1145 3047 1218 45,
3098 1161 3166 1203 ex
3200 1151 3511 1208 Menandro

2432 1234 2673 1290 Protect.
2701 1249 2806 1308 pag
2837 1233 2962 1293 475.

2503 1325 2722 1382 Marius
2751 1326 3061 1397 episcopus
3089 1327 3510 1399 Aventicensis,

2437 1428 2537 1470 seu
2581 1415 2982 1484 Lausane'nsis,
3017 1417 3118 1487 qui
3163 1417 3514 1488 subscripsit

2433 1505 2686 1562 concilio
2758 1506 3164 1563 Matisconensi
3244 1523 3283 1564 ιι
3359 1522 3511 1566 anno

2429 1592 2556 1664 585,
2606 1595 2661 1650 h.
2709 1609 2761 1652 a.
2802 1597 3152 1654 Chronicum
3194 1612 3361 1654 suum
3401 1597 3512 1654 ab—

2431 1684 2607 1741 solvit
2631 1687 2981 1744 continuans
3005 1687 3270 1759 Prosperi
3296 1688 3503 1744 Chron.

2430 1775 2560 1846 Pag.
2598 1775 2700 1842 ibi,
2735 1771 2886 1832 n47.

425 1857 584 1964 5295
713 1865 836 1936 Imp
881 1865 970 1921 Ti.
1013 1865 1427 1964 Constantinus
1467 1867 1596 1964 Aug
1643 1883 1743 1964 cos

2297 1879 2314 1920 ι
2499 1865 2713 1938 Pelagii
2746 1863 2778 1921 4
2807 1872 2862 1922 et
2881 1863 2934 1922 5.
3617 1863 3715 1924 582

435 1953 509 2027 ζῇ
549 1949 586 2007 3
649 1965 800 2010 anno
841 1967 962 2023 vm,
1020 1955 1120 2026 qui
1169 1955 1294 2012 obit
1350 1953 1418 2013 44
1469 1957 1741 2030 Augusti,
1821 1955 1962 2018 4355
2065 1949 2115 1964 ⁸³
2279 1969 2320 2012 ιι
2503 1957 2556 2010 S.
2592 1956 2912 2027 Eutychius
2938 1957 3070 2012 Patr
3096 1956 3502 2014 Constantino-

421 2039 497 2112 θ
535 2039 604 2098 43
654 2050 845 2102 evecto
879 2045 1044 2114 prius
1089 2047 1158 2102 ad
1191 2047 1508 2121 Augustam
1536 2048 1742 2121 digni—
2430 2043 2727 2114 politanus
2765 2046 2890 2102 obit
2935 2045 2970 2102 6
3010 2047 3253 2116 Aprilis,
3299 2055 3353 2103 et
3383 2057 3510 2117 post

419 2135 471 2187 D
651 2135 1374 2208 tatemTt.Mnunmo,cui
1403 2137 1580 2194 ﬁliam
1603 2137 1742 2195 Con.
2424 2133 2552 2192 dies
2600 2149 2700 2192 sex
2753 2137 2998 2192 Joannes
3047 2137 3357 2202 Diaconus,
3407 2135 3510 2206 qui

399 2221 585 2279 Indici
635 2224 927 2282 santinam
961 2240 1195 2284 uxorem
1227 2227 1426 2285 tradit.
2421 2223 2720 2294 Jejunator
2775 2225 2971 2282 dictus
3032 2233 3140 2293 est,
3213 2238 3512 2282 successor

491 2326 564 2368 xv
708 2311 878 2371 Sacra
908 2317 1267 2389 Pragmatica
1290 2317 1510 2374 Tiberii
1541 2317 1621 2374 ita
1649 2318 1742 2374 si—
2423 2318 2817 2371 consecratur.
2849 2315 2992 2372 Vide
3020 2317 3259 2389 Pagium
3299 2329 3356 2373 ιι.
3387 2313 3423 2372 6
3454 2320 3514 2370 et

436 2397 541 2457 et4
637 2409 891 2475 gnatur:
955 2406 1100 2460 Data
1148 2408 1304 2462 tertio
1350 2407 1434 2463 1d.
1495 2409 1742 2476 Augusti
2425 2415 2524 2472 seq
2546 2404 2678 2459 h.a.

601 2492 1128 2564 ’ConstantinOpoli,
1207 2498 1564 2566 Imperatoris
1621 2498 1741 2551 Do-
2492 2491 2682 2548 Chron
2733 2492 2872 2548 Alex
2921 2493 3174 2550 Caesarea
3221 2494 3518 2564 dignitate

633 2583 774 2637 mini
838 2583 1043 2638 Tiberii
1102 2583 1448 2640 Constantini
1502 2587 1746 2654 Augusti
2421 2585 2654 2636 auctum
2704 2581 3042 2638 Mauritium
3093 2587 3292 2636 narrat
3332 2582 3431 2636 die
3477 2579 3522 2638 5

637 2685 784 2724 anno
863 2671 1022 2738 VIII,
1091 2676 1144 2726 et
1192 2677 1318 2742 post
1389 2689 1537 2729 cons.
1619 2674 1738 2742 ejus
2419 2670 2692 2741 Augusti,
2717 2671 2815 2728 Ind
2840 2685 2933 2739 xv,
2959 2676 3016 2726 et
3039 2675 3375 2727 coronatum
3398 2669 3521 2724 Au-

631 2772 778 2812 anno
835 2761 1014 2828 tertio,
1075 2766 1125 2816 et
1168 2761 1498 2816 nobilissimi
1559 2763 1741 2817 Flavii
2421 2764 2655 2832 gustum
2698 2759 2794 2816 die
2842 2757 2928 2830 43,
2961 2765 3018 2815 et
3058 2758 3154 2815 die
3204 2771 3306 2830 seq
3350 2771 3524 2813 mor—

633 2847 890 2902 Mauritii
939 2848 1260 2905 Felicissimi
1305 2849 1538 2908 Caesaris
1589 2866 1738 2907 anno
2422 2854 2585 2906 tuum
2619 2849 2685 2905 Τι
2722 2849 3189 2906 Constantinum.
3222 2848 3364 2906 Vide
3394 2849 3520 2922 Pag

637 2936 834 3005 primo.
2422 2938 2478 2995 h.
2512 2952 2564 2994 a.
2591 2951 2729 2994 num
2755 2936 2810 2994 9.

415 3019 562 3082 5296
707 3025 826 3096 Imp
871 3027 936 3082 Ti
972 3028 1271 3084 Mauritius
1313 3041 1466 3086 anno
1515 3027 1539 3085 4
1584 3033 1642 3087 et
1675 3028 1731 3087 2.
1813 3027 1952 3088 4335

2294 3040 2336 3082 ιι
2491 3027 2708 3100 Pelagii
2739 3027 2774 3085 5
2801 3032 2859 3084 et
2885 3028 2940 3086 6.
3192 3017 3202 3028 ’
3566 3048 3572 3052 ”
3625 3023 3717 3084 583

429 3117 503 3190 ᾖ)
551 3112 586 3168 4
693 3114 851 3172 Licet
905 3117 1164 3174 caruerit
1229 3118 1584 3176 Consulibus
1639 3119 1735 3176 hic
1813 3117 1952 3177 4336
2281 3130 2344 3172 ιιι
2490 3119 2873 3174 Terraemotus
2904 3124 3068 3174 atrox
3111 3116 3528 3174 Constantino-

422 3201 497 3275 θ
536 3200 604 3260 44
641 3217 850 3276 annus,
889 3206 989 3276 qui
1024 3207 1330 3280 signantur
1369 3209 1429 3264 in
1459 3207 1733 3277 nummis,
2051 3263 2098 3286 η
2425 3207 2540 3278 poli
2564 3207 2698 3264 diex
2726 3207 2938 3263 Maiih.
2963 3221 3016 3262 a.
3040 3207 3225 3275 primo
3243 3206 3518 3263 Ti.Mau-

459 3263 498 3350 ἶ)
642 3306 772 3350 eum
808 3263 1004 3352 nar-rat
1031 3263 1248 3354 Auctor
2050 3263 2100 3324 Ο
2426 3263 2555 3351 ritii
2607 3301 2961 3353 memoratur
3005 3263 3051 3351 al
3085 3293 3520 3366 Theophylacto

419 3383 607 3438 Indici
643 3383 777 3440 drin
812 3385 1158 3456 inscriptum
1195 3385 1411 3444 fuisse:
1446 3389 1574 3442 Post
1603 3386 1742 3443 Cons
2426 3384 2510 3440 lib
2561 3398 2620 3446 ιι,
2669 3399 2717 3440 c.
2766 3382 2852 3454 42,
2895 3389 2951 3440 et
2992 3383 3370 3454 TheOphane:
3408 3383 3519 3454 qui

480 3487 500 3526 ι
641 3471 846 3529 divinae
889 3490 1027 3530 mem
1074 3477 1156 3530 Ti.
1209 3475 1558 3531 Constantini
1596 3491 1742 3531 anno
2424 3473 2646 3528 addunt
2693 3474 2931 3545 Legatos
2974 3473 3221 3528 Avarum
3267 3486 3300 3528 a
3341 3473 3520 3527 Mau-

424 3563 477 3616 et
516 3573 556 3617 ιι
635 3567 853 3632 quarto.
934 3564 1050 3635 Pag
1113 3563 1171 3620 h.
1233 3577 1289 3619 ιι.
1361 3561 1430 3635 4,
1497 3577 1744 3636 sequens
2429 3561 3514 3632 ritiopostulasse.utannuaaipsorum

631 3656 819 3708 tamen
864 3665 1053 3708 annus
1099 3653 1158 3708 in
1193 3653 1388 3710 eodem
1433 3653 1624 3710 Chron
1656 3653 1746 3709 si—

2427 3649 2837 3708 distributioni
2882 3649 2954 3708 80
3004 3666 3075 3706 m.
3128 3650 3246 3706 alia
3289 3647 3380 3718 20,
3432 3662 3514 3704 ιιι.

645 3748 902 3811 gnatur:
989 3743 1120 3797 Post
1215 3743 1572 3799 Consulatum
1659 3744 1743 3797 Ti.
2427 3738 2806 3796 adderentur.
2867 3743 3118 3812 Negante
3162 3742 3517 3810 Imperatore

646 3830 904 3886 Mauritii
940 3833 1188 3901 Augusti
1242 3834 1413 3888 solius
1459 3834 1509 3888 Ι.
1563 3831 1750 3902 Quare
2430 3827 2538 3885 hoc
2565 3829 3022 3887 additamentum
3052 3831 3264 3886 Avares
3292 3826 3515 3884 bellum

646 3919 849 3975 consul
889 3920 1204 3978 Mauritius
1250 3921 1364 3978 fuit
1390 3921 1750 3978 Autumnum
2429 3916 2767 3986 decernunt,
2842 3919 3242 3990 Singidonem.
3303 3918 3517 3988 Augu-

649 4011 777 4075 post
813 4006 870 4060 h.
903 4021 956 4063 a.
1009 4009 1150 4065 Vide
1194 4011 1388 4067 Noris.
1439 4010 1511 4067 de
1551 4012 1663 4082 Syn
1692 4023 1744 4066 v.
2430 4011 2597 4072 stam,
2644 4015 2700 4063 et
2735 4007 3124 4064 Viminacium
3156 4011 3509 4076 expugnant.

649 4107 705 4163 p.
737 4090 828 4166 93,
855 4107 924 4151 ex
951 4096 1282 4155 Simocatta.
2427 4095 2570 4152 Vide
2591 4096 2828 4167 Pagium
2863 4095 2918 4152 h.
2946 4109 2996 4152 a.
3031 4110 3088 4152 ιι.
3123 4092 3190 4151 44
3207 4099 3264 4152 et
3290 4093 3376 4151 45.

720 4183 1078 4256 Langobardi
1113 4192 1242 4257 post
1271 4187 1612 4244 necennium
1639 4185 1750 4243 sub
2501 4185 2830 4241 Persecutio
2882 4177 3153 4240 Ecclesiae
3200 4182 3512 4240 Catholicae

648 4271 901 4330 ducibus
929 4281 1194 4332 exactum
1218 4278 1753 4347 regemcreantAu-
2430 4286 2462 4328 a
2511 4273 2842 4346 Leovigildo
2901 4287 3031 4346 rege
3079 4272 3399 4332 Gothorum
3449 4273 3510 4328 in

611 4360 852 4417 vtharim
904 4364 1297 4420 Veronensium
1338 4365 1528 4420 ducem
1558 4377 1751 4422 mense
2429 4362 2726 4433 Hispania.
2758 4362 2842 4418 Ibi
2875 4377 3010 4420 num
3037 4361 3092 4420 9.

647 4452 856 4508 Martio
881 4469 894 4506 :
918 4451 990 4507 de
1011 4465 1126 4522 quo
1145 4452 1462 4510 Panvinius
1476 4467 1548 4510 ex
1568 4453 1748 4510 Paulo

645 4540 788 4596 Diac
811 4541 936 4612 agit
960 4541 1240 4612 antiquit.
1263 4543 1444 4598 Veron
1474 4542 1513 4598 1.
1536 4557 1590 4604 v.
1614 4555 1665 4598 c.
1685 4540 1742 4596 8.

721 4628 1070 4700 Smaragdus
1104 4628 1401 4686 Exarchus
1430 4631 1496 4700 II,
1532 4629 1592 4686 in
1625 4632 1746 4686 lta—
2055 4637 2110 4698 ι)

650 4719 790 4776 liam
863 4717 1140 4775 mittitur.
1207 4719 1423 4776 Panvin
1489 4720 1621 4775 Fast
1674 4732 1742 4776 ex

648 4808 826 4866 Paulo
855 4807 1014 4865 Diac.

430 4897 572 4957 5297
718 4901 840 4970 Imp
867 4899 987 4954 Caes
1014 4899 1106 4956 Ti.
1153 4898 1466 4957 Mauritius
1510 4913 1662 4958 anno
1704 4897 1740 4958 2
1821 4897 1959 4958 4336

2250 4913 2314 4956 ιιι
2495 4901 2710 4974 Pelagii
2741 4899 2776 4957 6
2795 4906 2851 4957 et
2873 4898 2929 4956 7.
3617 4891 3717 4950 584

443 4992 518 5064 ιω
558 4987 595 5044 5
648 4994 706 5044 et
729 4987 784 5058 3,
815 5003 885 5044 ex
913 4990 1167 5046 nummis
1198 4990 1348 5048 idem
1367 4990 1600 5047 Consul.
1822 4987 1959 5046 4337
2249 5002 2305 5046 IV
2495 4990 2658 5046 Circa
2691 4991 2868 5060 hujus
2895 4989 3035 5046 anni
3069 4989 3260 5048 ﬁnem.
3291 4985 3379 5042 vel
3409 4998 3509 5042 se-

431 5076 506 5148 θ
531 5075 599 5132 45
705 5076 908 5134 Annus
950 5093 1202 5148 praesens
1255 5080 1314 5136 in
1361 5080 1550 5137 Chron
1607 5080 1747 5136 Alex
2424 5082 2658 5150 quentis
2691 5080 2926 5136 initium
2961 5080 3017 5135 S.
3051 5077 3369 5150 Gregorius
3398 5077 3508 5131 Pe—

431 5164 474 5218 B
512 5165 560 5218 A
645 5165 916 5236 signatur
945 5173 1073 5236 post
1111 5168 1415 5225 consulum
1456 5169 1742 5241 Mauritii,
2426 5169 2564 5240 lagii
2590 5171 2750 5238 Papae
2773 5169 3196 5238 apocrisiarius
3217 5167 3510 5224 Constan-

415 5251 598 5306 Indict
655 5259 720 5309 ut
749 5254 882 5308 card
921 5255 1088 5312 Noris
1131 5257 1395 5314 observat
1420 5259 1490 5314 de
1529 5259 1641 5330 Syn
1690 5271 1746 5312 v.
2425 5258 2669 5329 tinopoli
2705 5259 2933 5314 Romam
2981 5257 3152 5314 redit.
3195 5256 3408 5328 Pagius
3432 5255 3504 5310 ad

469 5351 512 5394 ιι
589 5383 594 5385 .
662 5337 1552 5414 p.93,licetejusdemconsulatu
1567 5347 1748 5404 fuerit
2425 5346 2484 5402 h.
2515 5360 2568 5402 a.
2599 5361 2657 5402 ιι.
2687 5346 2754 5403 43
2777 5347 2846 5404 ad
2879 5360 3046 5418 quem
3079 5351 3268 5402 exstat
3287 5343 3505 5414 Pelagii

431 5430 482 5478 et
510 5439 573 5482 ιιι
651 5426 996 5495 insignitus.
1031 5433 1114 5488 Ibi
1139 5446 1206 5490 ex
1230 5434 1563 5505 Simocatta,
1591 5435 1743 5506 quod
2425 5437 2671 5508 epistola
2701 5451 2771 5493 ex
2814 5437 3059 5493 Baronio
3101 5449 3234 5493 num
3265 5432 3332 5490 45
3372 5433 3508 5490 data

640 5511 862 5597 Pagius
885 5517 1187 5575 conﬁrmat
1204 5533 1276 5576 ex
1297 5521 1744 5594 Theophylacto.

2426 5539 2481 5582 ιν
2505 5527 2625 5582 Non
2651 5527 2757 5583 Oct
2787 5527 2882 5582 lnd
2916 5540 2982 5581 ιιι
3010 5527 3121 5597 Pag
3145 5538 3204 5580 ιι.
3241 5522 3325 5580 43.

713 5594 1085 5665 Chilpericus
1131 5607 1482 5665 Francorum
1532 5625 1625 5667 rex
1684 5612 1745 5666 h.
2495 5615 2715 5672 Bellum
2765 5615 3056 5672 Persicum
3093 5594 3499 5672 continuatur.

619 5699 691 5764 εἴ
725 5685 1037 5760 occiditur.
1066 5691 1151 5769 Ibi
1179 5695 1352 5752 n.‘46.

1179 5695 1352 5752 n.'46.
2425 5702 2511 5768 Ibi
2538 5717 2600 5758 ιι.
2627 5701 2713 5760 45.
