3906 6398
128 386 244 445 793
1089 390 1437 451 CHRONOL.
1476 395 1524 451 Α
1560 396 1616 454 S.
1659 400 2053 462 SYLVESTRO
2089 405 2183 463 AD
2218 409 2274 465 S.
2316 409 2526 467 GREG.
2565 413 2638 468 M.
3478 417 3588 476 794

204 513 404 609 ﬁmi?"
441 512 1515 609 1713121310333,"“ggnﬁllgflngqijlflfw-
1589 520 1747 609 ιξζιζξὶ
1848 532 1906 592 Α
1967 529 2143 609 Anni
2196 533 2650 609 Christianorum,
2701 538 3015 591 Judworum
3060 543 3111 592 et
3164 543 3287 609 ﬁni—
3394 542 3555 597 Anni

166 583 422 679 1371-11111-
538 599 684 647 rum,
712 599 797 638 res
825 590 990 653 gesta
1015 591 1066 639 et
1100 586 1439 643 documenta.
1613 594 1725 679 U‘G
1768 669 1780 679 ι
1848 583 1906 592 ”
1957 583 2169 673 Olymp.
2204 583 3288 679 robii/235;,

171 658 226 706 et
248 654 377 708 Ind.
1534 667 1790 802 μεριξ)
2023 654 2048 670 ”
2064 654 2085 656 ⁷⁷
2283 654 3288 749 Max:553};5i"a02.1;;;.;;;;z.‘1’
3356 654 3583 740 exegit.

209 846 357 905 5298
501 854 625 923 Imp
651 852 740 908 Ti.
771 853 1088 910 Mauritius
1131 853 1259 927 Aug
1287 869 1440 913 anno
1490 854 1526 912 3
1602 855 1742 915 4337
1964 851 2156 923 Οιυτηρ
2288 852 2737 927 Ρθιδςίί76ῑ8-
2863 918 2866 935 ,
3402 858 3513 917 585

175 942 252 1011 (ᾗ
327 945 361 1001 6
430 951 485 1000 et
515 941 566 1011 4,
594 944 652 997 P.
689 955 787 999 cos
813 944 941 1011 ejus
966 941 1022 998 2.
1601 944 1742 1004 4338
2011 939 2117 997 340
2280 944 2638 1001 Theodosius
2674 946 2831 1003 ﬁlius
2862 948 3124 1003 nascitur
3147 949 3301 1004 Mau-

188 1034 266 1106 θ
298 1032 365 1090 46
499 1034 778 1102 Signatur
807 1032 904 1087 hic
928 1045 1116 1088 annus
1139 1034 1199 1089 m
1228 1035 1526 1105 epitaphio
2033 1044 2086 1087 ιν
2216 1033 2356 1089 ritio
2394 1035 2522 1106 Aug
2552 1048 2620 1090 ex
2662 1037 2893 1107 Theopb
2939 1038 3053 1108 Pag
3079 1038 3149 1093 ad
3183 1051 3296 1093 ann

265 1124 310 1179 G
433 1121 704 1177 Candida
754 1134 810 1174 ιν
861 1121 942 1175 Id.
1000 1122 1136 1192 Sept
1180 1124 1303 1192 Imp
1354 1125 1418 1178 D.
1454 1126 1522 1179 N.

1000 1122 1136 1192 Sept
1180 1124 1303 1192 Imp
1354 1125 1418 1178 D.
1454 1126 1522 1179 N.
2031 1126 2082 1174 et
2206 1120 2315 1178 588
2348 1138 2404 1178 ιι.
2434 1122 2485 1179 9.

193 1214 379 1267 Indict
432 1210 709 1267 Mauritio
735 1211 837 1265 PP.
870 1210 999 1281 Aug
1039 1224 1191 1268 anno
1235 1225 1312 1267 IV.
1346 1214 1404 1267 Ρ.
1446 1204 1523 1268 Ἀ.
2010 1205 2109 1265 344
2276 1212 2335 1267 S.
2377 1214 2802 1286 Hermenegildi
2860 1216 3202 1286 martyrium
3235 1217 3292 1271 h.

252 1315 315 1356 ιιι
428 1300 593 1370 ejusd
626 1312 739 1353 ann
769 1312 830 1353 ιι.
864 1299 1055 1354 Indict
1091 1305 1314 1369 quarta.
1344 1302 1526 1357 Baron
2046 1313 2067 1351 ι
2203 1313 2253 1354 a.
2309 1302 2627 1371 contigisse
2668 1303 2871 1371 probat
2916 1306 3128 1375 Pagius
3172 1319 3228 1361 ιι.
3260 1302 3297 1362 2

200 1386 255 1437 et
314 1395 370 1438 ιν
440 1381 499 1435 in
553 1382 769 1448 Martyr
821 1380 960 1435 Rom
1006 1380 1075 1436 ad
1109 1381 1262 1435 diem
1312 1378 1524 1451 4Sept.
2209 1392 2267 1444 et
2290 1403 2391 1460 seq
2420 1391 2490 1446 ad
2517 1404 2631 1445 ann
2658 1390 2785 1447 584.

432 1468 639 1525 Reines
669 1482 720 1538 p.
757 1465 882 1535 960,
912 1482 980 1523 ex
1004 1468 1248 1538 Capacio
1274 1473 1328 1524 et
1349 1468 1526 1525 Sum-
2281 1479 2396 1535 Hoc
2424 1480 2663 1535 circiter
2700 1494 2851 1537 anno
2880 1483 2935 1537 S.
2985 1482 3299 1539 Columba-

437 1557 696 1615 montio:
746 1556 817 1613 de
848 1570 962 1627 quo
991 1558 1125 1614 vide
1170 1558 1409 1629 Pagium
1460 1571 1519 1613 ιι.
2208 1570 3010 1641 nusmonastlcaadisciplinze
3029 1586 3298 1642 propaga-

436 1645 487 1718 4,
519 1647 576 1702 h-
609 1661 662 1702 8-
2209 1663 2301 1713 tor
2318 1658 2519 1715 relicta
2550 1661 2824 1716 Hibernia
2854 1660 3047 1717 Insula
3077 1661 3136 1716 in
3165 1660 3296 1715 Gal-

502 1735 785 1792 Ebaricus
831 1734 990 1791 ﬁlius
1061 1735 1307 1792 Mironis
1350 1736 1523 1808 Regis
2206 1746 2343 1802 liam
2398 1749 2578 1816 venit,
2613 1756 2676 1806 ut
2716 1763 2784 1805 ex
2835 1756 3062 1807 vetusto
3091 1750 3296 1805 Codice

428 1826 741 1925 Suevorum
776 1827 836 1881 in
863 1826 1245 1929 Gallaecia,‘et
1281 1839 1520 1929 succes-
1838 1869 1889 1929 Β
2203 1837 2400 1908 arguit
2428 1837 2822 1908 Mabillonius,
2851 1848 3057 1896 etcum
3086 1852 3153 1895 eo
3184 1840 3297 1895 Pa-

434 1928 530 1971 sor
584 1914 852 1984 privatur
902 1928 1076 1986 regno
1124 1914 1195 1969 ab
1275 1914 1518 1987 Audica,
1840 1914 1889 1929 υ
2206 1926 2337 1997 gius
2370 1926 2426 1981 ὴ,
2461 1940 2514 1981 a.
2549 1941 2610 1982 η.
2650 1926 2705 1984 5.

428 2004 530 2073 qui
563 2003 924 2073 tyrannidem
959 2009 1221 2073 usurpat,
1259 2004 1363 2059 Sed
1390 2003 1516 2059 Au-
2275 2015 2681 2073 Cbildebertus
2766 2019 3113 2073 Francorum
3198 2032 3296 2074 rex

422 2092 613 2148 dicam
665 2093 720 2146 ιι.
776 2105 829 2147 a.
875 2092 1106 2162 expedit
1151 2092 1520 2163 Leovigildus
2205 2103 2444 2160 ulturus
2498 2119 2690 2162 necem
2754 2108 2811 2163 S.
2872 2106 3293 2175 Hermenegildi

425 2180 746 2236 Gothorum
810 2193 927 2247 rex.
988 2181 1068 2237 ila
1114 2182 1414 2237 άθῧοίθηιθ
1459 2182 1519 2237 in
2204 2195 2375 2263 cujus
2395 2208 2649 2251 sororem
2676 2197 2939 2267 duxerat,
2968 2197 3285 2252 exercitum

426 2269 1346 2338 HispaniaSuevorumdominatu
1365 2271 1517 2341 quod
2207 2283 2267 2338 in
2300 2284 2442 2353 Hisp
2476 2284 2694 2340 mittit:
2753 2286 2848 2342 sed
2906 2285 3211 2355 repellitur
3261 2298 3293 2340 a

429 2363 679 2427 cmperat
730 2371 881 2414 anno
930 2359 1150 2447 Christi
1200 2357 1325 2416 409.
1377 2359 1519 2447 Vide
2203 2372 2524 2428 Reccaredo
2549 2375 2867 2447 Leovigildi
2899 2375 3064 2431 duce.
3104 2374 3297 2431 Isido-

430 2447 610 2518 Pagiu
636 2464 663 2501 ιι
690 2461 758 2503 ex
776 2461 910 2503 num
938 2445 1023 2504 42.
1048 2450 1116 2504 ad
1146 2462 1361 2506 annum
1386 2446 1513 2505 582.

783 2461 910 2503 num
938 2445 1023 2504 42.
1048 2450 1116 2504 ad
1146 2462 1361 2506 annum
1386 2446 1513 2505 582.
2207 2476 2325 2518 rus.

206 2549 356 2608 5299
500 2554 623 2624 Imp
651 2554 770 2610 Caes
796 2555 883 2609 Ti.
914 2556 1226 2613 Mauritius
1246 2558 1374 2627 Aug
1401 2569 1515 2612 an—
1590 2553 1729 2613 4338
2052 2581 2073 2622 ι
2292 2570 2509 2641 Pelagii
2538 2570 2575 2626 8
2612 2576 2669 2628 et
2694 2571 2729 2627 9
3373 2569 3482 2628 586

178 2646 253 2716 Θ
341 2646 377 2705 7
440 2665 544 2706 nos
569 2651 627 2707 in
648 2652 903 2708 nummis
932 2652 1127 2726 signat
1150 2650 1184 2708 4
1210 2652 1383 2709 et5P.
1408 2653 1518 2711 Cos
1594 2652 1732 2711 4339
2046 2669 2087 2710 ιι
2274 2657 2543 2730 Pelagius
2584 2662 2652 2716 ad
2690 2662 2992 2732 episcopos
3021 2661 3208 2718 Istriaa
3234 2661 3294 2716 in

175 2739 254 2812 θ
307 2736 374 2795 47
428 2741 554 2810 ejus
582 2738 636 2796 3.
2206 2745 2961 2818 schismateperseverantes
2978 2750 3176 2805 Trium
3199 2748 3293 2815 Ca.

259 2831 307 2884 F
498 2830 781 2887 Autharis
824 2832 1328 2905 Langobardorum
1361 2834 1517 2905 regis
2203 2834 2525 2903 pitulorum
2568 2851 2742 2894 causa
2799 2841 2897 2896 dat
2943 2839 3189 2910 litteras,
3240 2844 3297 2895 et

191 2918 379 2975 Indict
433 2918 769 2976 electionem
800 2921 855 2976 h.
902 2935 955 2977 a.
991 2923 1255 2978 Mauritii
1305 2929 1515 2994 quarto
1931 2943 1939 2950 -
2200 2925 2567 2995 Legationem
2625 2926 2908 3000 instituit,
2957 2942 3171 3000 eosque
3216 2930 3286 2985 ad

251 3020 308 3063 tv
429 3009 795 3066 statuendum
828 3024 895 3066 ex
912 3010 1035 3066 Abb
1056 3011 1400 3068 Biclariensi
1430 3010 1514 3066 in-
2202 3010 2480 3070 unitatem
2505 3015 2775 3073 Ecclesia;
2794 3018 2989 3074 reduci
3008 3025 3175 3074 curat
3194 3018 3297 3073 im-

208 3101 265 3151 et
312 3108 348 3149 v
437 3097 623 3153 tendit
651 3099 861 3171 Pagius
915 3113 972 3155 ιι.
1017 3098 1054 3156 2
1107 3107 1163 3157 et
1192 3098 1227 3157 3
1278 3101 1349 3156 ad
1397 3113 1512 3156 ann
2201 3099 3294 3178 ploratoFl.Smaragdiexarchiauxi-

430 3182 554 3241 585.
1827 3191 1875 3252 C
2201 3188 2308 3245 lio:
2334 3204 2466 3247 cum
2495 3205 2610 3262 quo
2635 3193 2995 3264 Langobardi
3024 3195 3294 3251 inducias

501 3276 869 3348 Leovigildus
894 3292 994 3333 rex
1020 3280 1291 3348 moritur,
1325 3292 1516 3335 succe-
2200 3284 2522 3336 statuerant
2542 3279 2920 3339 formidantes
2936 3282 3291 3339 Childeberti

426 3364 596 3421 dente
648 3366 987 3422 Reccaredo.
1020 3364 1121 3437 (Ex
1175 3367 1366 3423 Biclar
1398 3368 1511 3438 Pag
2202 3367 2552 3424 Francorum
2598 3369 2752 3442 regis
2804 3371 3111 3426 adventum
3160 3382 3290 3425 cum

432 3453 515 3509 ibi
554 3467 612 3509 ιι.
657 3452 743 3526 44)
793 3455 904 3524 Qui
952 3457 1190 3527 Legatos
1253 3457 1324 3512 de
1382 3468 1516 3525 pace
2202 3455 2417 3511 validis
2440 3458 2630 3527 copiis
2662 3458 2720 3513 in
2751 3458 3040 3514 auxilium
3074 3458 3290 3513 Roma-

433 3543 614 3599 mittit
640 3545 709 3601 ad
732 3544 1158 3601 Guntramnum
1189 3546 1280 3600 Fr.
1308 3545 1514 3615 Regem
2202 3554 2427 3598 norum.
2460 3546 2542 3599 Ex
2570 3550 2815 3616 utroque
2835 3547 3135 3616 Gregorio,
3162 3547 3291 3600 Ma-

425 3633 538 3706 Pag
564 3633 648 3689 ibi
683 3648 739 3689 ιι.
776 3648 855 3689 x1.
2202 3642 2313 3701 gno
2390 3632 2635 3699 scilicet,
2706 3646 2773 3688 ac
2828 3634 3172 3703 Turonensi,
3262 3648 3294 3691 e

499 3721 910 3778 Childebertus
959 3721 1060 3793 qui
1091 3735 1124 3777 a
1154 3722 1236 3778 Fl.
1281 3723 1517 3779 Smara—
2200 3719 2377 3775 Paulo
2406 3720 2654 3777 diacono
2682 3721 2854 3778 Noris
2893 3726 2950 3778 et
2978 3723 3191 3794 Pagius
3215 3724 3285 3780 ad

428 3810 541 3882 gdo
580 3809 827 3866 exarcha
860 3809 1202 3867 muneribus
1235 3812 1519 3870 invitatus
2203 3807 2357 3864 hunc
2381 3821 2617 3866 annum.

427 3899 492 3955 in
514 3898 739 3954 Italiam
766 3900 1139 3955 descenderat
1162 3905 1364 3956 contra
1386 3902 1521 3957 Lan-

424 3987 712 4060 gobardos
729 3986 799 4043 ab
820 3987 1026 4043 iisdem
1056 3988 1181 4059 pari
1202 3989 1426 4045 ratione
1448 3989 1517 4045 ad

428 4090 621 4149 pacem
641 4090 833 4133 secum
864 4075 1208 4149 faciendam,
1231 4083 1289 4133 et
1317 4079 1385 4133 ad
1420 4092 1519 4134 re-

422 4179 684 4235 gressum
708 4166 768 4221 in
802 4166 1101 4222 Franciam
1133 4167 1514 4237 pertrahitur.

422 4256 507 4310 Ex
555 4256 751 4312 Turon
791 4260 849 4311 et
898 4255 1075 4312 Paulo
1115 4255 1268 4313 diac.
1306 4256 1518 4328 Pagius

427 4358 485 4399 ιι.
517 4340 572 4399 4.

199 4432 350 4492 5300
496 4434 619 4504 Imp
645 4433 766 4489 Caes
789 4434 877 4490 Ti.
909 4434 1225 4492 Mauritius
1252 4435 1380 4508 Aug
1404 4449 1517 4491 an-
1592 4433 1731 4493 4339
2031 4462 2073 4504 ιι
2271 4448 2489 4521 pelagii
2518 4446 2554 4504 9
2572 4453 2631 4505 et
2656 4445 2742 4504 lo.
3373 4446 3482 4505 587

167 4529 245 4601 ﬁ)
320 4531 359 4587 8
420 4545 527 4588 nos
565 4533 629 4588 in
661 4533 913 4589 nummis
943 4534 1137 4605 signat
1178 4532 1214 4590 5
1236 4540 1291 4591 et
1322 4533 1358 4591 6
1387 4539 1514 4606 post
1590 4531 1728 4592 4340
1827 4547 1884 4609 1)
2021 4552 2084 4595 ιιι
2266 4538 2508 4595 Romani
2543 4552 2642 4609 per
2668 4539 2793 4595 loca
2820 4536 3077 4594 Persidis
3113 4551 3282 4609 gras—

160 4623 243 4696 θ
291 4618 360 4677 48
428 4621 795 4678 consulatum
830 4624 959 4693 ejus
988 4630 1281 4694 quartum.
2197 4634 2425 4685 santur.
2474 4627 2687 4684 Avares
2764 4628 3067 4684 Thraciam
3130 4626 3287 4684 infe-

251 4713 304 4765 E
496 4712 740 4767 Severus
778 4711 1175 4783 Aquilejensis
1201 4713 1513 4784 episcopus
2197 4722 2371 4774 stant.
2405 4716 2485 4773 Ex’
2536 4716 2961 4788 Theophylacto
3002 4717 3086 4773 lib
3130 4731 3193 4783 ll,
3226 4732 3277 4772 c.

174 4800 372 4858 Indict
422 4801 523 4870 qui
559 4800 733 4856 Heliae
758 4809 1134 4872 successerat,
1169 4807 1225 4858 et
1256 4815 1367 4860 non
1398 4802 1518 4858 mi-
2200 4805 2286 4863 40.
2321 4807 2534 4878 Pagius
2562 4807 2631 4863 ad
2666 4807 2720 4862 h.
2764 4820 2816 4862 a.
2850 4820 2907 4861 ιι.
2937 4802 2971 4861 3
2995 4811 3052 4861 et
3081 4803 3133 4861 4.

251 4904 288 4945 v
424 4902 539 4947 nus
590 4889 806 4946 acriter
838 4905 941 4961 pro
970 4890 1185 4948 Tribus
1225 4891 1515 4962 Capitulis
2267 4898 2348 4951 Ex
2377 4896 2676 4966 epitaphio
2722 4894 2984 4951 Caesarne
3032 4895 3093 4950 in
3122 4895 3287 4952 Dite-

194 4985 248 5037 et
280 4993 336 5035 v1
426 4978 797 5052 depugnabat
837 4994 967 5036 cum
993 4980 1175 5036 sociis
1204 4982 1513 5050 episcOpus
2194 4983 2312 5039 cesi
2342 4983 2598 5040 Avenion
2645 4985 2718 5040 ad
2751 4984 3056 5040 Baronium
3087 4989 3285 5041 trans-

416 5075 642 5139 captus,
676 5075 733 5125 et
782 5070 1107 5125 Ravennam
1135 5070 1513 5139 perductusa
2197 5073 2396 5139 misso,
2468 5073 2526 5128 in
2596 5088 2709 5144 quo
2786 5075 3035 5131 medium
3095 5075 3286 5132 noctis

416 5158 731 5230 Smaragdo
799 5171 992 5215 coram
1042 5159 1125 5214 lo.
1186 5157 1512 5214 Ravennate
2190 5162 2288 5218 die
2312 5161 2613 5217 Dominica
2660 5162 3049 5221 inlucescente
3091 5177 3146 5220 vr
3198 5166 3278 5221 ld.

418 5247 597 5317 episc.
657 5247 793 5304 Tria
841 5246 1115 5317 Capitula
1161 5261 1291 5303 cum
1331 5247 1513 5303 sociis
2192 5248 2469 5305 Decembr
2524 5251 2882 5321 quadragies,
2927 5258 2984 5307 et
3010 5267 3063 5308 γι
3110 5254 3170 5308 P.
3219 5254 3281 5309 Ο.

419 5335 677 5405 damnat,
723 5342 779 5393 et
810 5336 959 5393 liber
982 5336 1336 5409 dimittitur.
1372 5336 1513 5394 Vide
2192 5337 2397 5394 Basilii
2436 5338 2570 5394 Jun.
2601 5339 2659 5393 ν.
2689 5339 2751 5394 C.
2787 5339 2847 5393 C.
2876 5352 3028 5396 anno
3073 5355 3156 5397 xu
3186 5356 3283 5398 re-

416 5424 594 5483 Noris
617 5426 688 5483 de
708 5439 764 5481 v.
792 5427 905 5497 Syn
937 5441 993 5497 p.
1026 5424 1148 5483 402.
2191 5428 2289 5502 gni
2334 5426 2563 5482 Domini
2592 5426 2947 5484 Childeberti
2996 5430 3150 5500 regis
3180 5433 3281 5487 ln-

486 5514 801 5587 Smaragdo
832 5515 1081 5572 exarcbo
1125 5515 1336 5571 tertius
1364 5529 1504 5572 suc—
2185 5516 2310 5573 dict
2326 5517 2532 5587 quinta
2548 5517 2741 5587 plures
2759 5516 3006 5587 epochas
3017 5518 3275 5578 stabiliri

421 5603 578 5659 cedit
624 5605 919 5662 Romanus
985 5604 1203 5659 Pauvin
1257 5604 1387 5659 Fast
1437 5617 1506 5660 ex
2193 5605 2404 5679 Pagius
2428 5605 2595 5662 docet
2621 5610 2677 5666 ιι.
2706 5625 2760 5668 a.
2787 5621 2842 5663 ιι.
2877 5603 2964 5662 42.

421 5691 604 5749 Paulo
634 5692 786 5749 diac.
