3906 6414
427 512 584 564 Αηηί
653 512 1033 579 Imperatores,
1119 509 1390 570 Consules,
1470 512 1745 564 Romano—
1815 511 1972 563 Anni

379 584 498 636 Per.
521 583 633 634 Jul.
747 597 891 652 rum,
926 599 1009 636 res
1043 588 1200 650 gesta:
1257 587 1306 634 et
1337 580 1668 635 documenta.
1825 582 1886 634 U.
1922 580 1977 634 C.

422 657 471 706 et
499 653 626 708 Ind.
1781 657 1907 705 ante
1936 657 1988 705 et

1725 729 1846 794 post
1869 724 1990 777 Pal.

428 843 562 902 5304
717 847 838 914 Imp
866 844 986 900 Caes
1010 845 1098 899 Ti.
1133 845 1447 900 Mauritius
1474 845 1600 918 Aug
1629 861 1740 902 an—
1816 844 1954 902 4340

550 940 585 998 9
649 956 754 998 nos
781 941 838 996 in
883 941 1141 997 nummis
1166 942 1360 1014 signat
1387 941 1420 998 6
1448 940 1561 999 et'7
1592 949 1647 999 et
1679 945 1737 1000 in
1815 941 1944 1000 4344

419 1033 490 1104 θ
523 1029 589 1086 49
649 1031 796 1087 octis
848 1030 1103 1100 publicis
1150 1031 1244 1086 hic
1273 1046 1464 1088 annus
1515 1033 1736 1089 dicitur

451 1125 499 1175 D
525 1121 565 1174 C
657 1126 782 1190 post
813 1119 1180 1174 consulatum
1208 1121 1335 1189 ejus
1368 1121 1631 1192 quintus.

412 1209 592 1264 Indict
721 1208 1036 1262 Panvinius
1064 1208 1324 1277 antiquit
1373 1211 1551 1264 Veron
1595 1209 1736 1266 libv

469 1310 525 1351 v1
649 1310 753 1365 cap
781 1294 816 1349 8
843 1295 949 1351 hoc
975 1308 1126 1350 anno
1154 1296 1381 1351 tradita
1410 1297 1737 1352 Childeber—

434 1391 482 1440 ct
503 1399 580 1441 vu
656 1390 714 1441 to
737 1386 988 1440 Francia:
1015 1398 1143 1454 rege
1163 1386 1401 1440 missum
1432 1386 1488 1440 in
1510 1386 1733 1442 Italiam

649 1475 964 1530 exercitum
1028 1481 1226 1530 contra
1310 1475 1730 1546 Langobardos,

649 1563 744 1618 sed
779 1561 946 1632 fame,
997 1577 1063 1618 ac
1118 1563 1315 1620 morbo
1355 1564 1575 1634 regredi
1633 1578 1735 1620 co—

645 1662 834 1709 actum
860 1659 986 1723 post
1009 1667 1252 1709 mensem
1274 1655 1507 1710 tertium
1525 1655 1736 1711 Autha-

651 1743 762 1798 rim
831 1757 1058 1813 quoque
1116 1759 1300 1814 regem
1366 1744 1537 1814 paulo
1611 1751 1737 1814 post

648 1831 800 1887 diem
825 1832 1040 1888 obiisse
1069 1835 1196 1889 :cui
1223 1841 1465 1904 quartus
1487 1836 1543 1890 in
1569 1835 1736 1902 Italia

653 1935 750 1976 rex
829 1922 1328 1992 Langobardorum
1409 1925 1739 1996 sublegitur

648 2009 1000 2081 Agilulphus
1021 2025 1088 2065 ex
1115 2012 1260 2068 duce
1279 2015 1622 2070 Taurinensi
1649 2029 1739 2084 pa-

661 2105 746 2155 ter
775 2099 978 2155 Aoaldi
1029 2101 1130 2171 qui
1165 2116 1313 2158 anno
1347 2118 1459 2158 xxv
1511 2105 1734 2172 paterni

651 2191 813 2261 regni
859 2190 1044 2246 eidem
1090 2193 1389 2249 successit.
1449 2194 1553 2249 Sed
1608 2194 1740 2250 vide

652 2293 763 2335 ann
795 2277 920 2334 590.

431 2369 576 2429 5302
722 2371 842 2438 Imp
877 2370 997 2424 Czes
1026 2369 1112 2424 Ti.
1148 2371 1462 2427 Mauritius
1492 2371 1622 2443 Aug
1647 2373 1739 2428 si-
1816 2370 1945 2428 4344

428 2466 498 2537 ζπΞ)
536 2469 602 2526 40
652 2473 788 2538 gnat
821 2467 878 2520 in
931 2469 1184 2522 nummis
1229 2484 1340 2524 ann
1384 2468 1418 2524 7
1475 2476 1530 2524 et
1561 2485 1672 2526 ann
1704 2471 1740 2524 8
1814 2467 1953 2526 4342

430 2559 504 2630 θ
571 2557 593 2612 4
656 2557 756 2625 qui
779 2554 837 2608 in
866 2558 1013 2612 actis
1034 2557 1205 2612 etiam
1226 2559 1450 2614 dicitur
1467 2565 1595 2628 post
1614 2572 1742 2614 con-

467 2649 522 2718 [Β
650 2649 902 2704 sulatum
931 2648 1058 2715 ejus
1082 2647 1452 2716 sextus,aliis
1474 2648 1735 2718 quintus.

415 2737 598 2790 Indict
720 2737 1068 2791 Francorum
1087 2736 1375 2792 exercitus
1390 2749 1423 2789 a
1439 2737 1742 2791 Guntram-

469 2837 552 2878 vn
653 2838 724 2880 no
748 2838 876 2894 rege
905 2825 1302 2892 transmissus,
1332 2825 1547 2882 Bosone
1571 2827 1734 2896 duce,

427 2919 477 2967 et
504 2925 605 2967 VIII
651 2912 969 2967 inGalliam
996 2913 1556 2984 Narbonensem,per
1577 2914 1740 2969 Clau-

651 3001 813 3056 dium
843 3002 1178 3056 Lusitanum
1201 3003 1504 3058 Reccaredi
1535 3003 1736 3059 ducem

655 3090 918 3160 caeditur,
966 3097 1021 3144 et
1073 3093 1280 3145 castris
1310 3091 1496 3160 captis
1527 3094 1583 3147 in
1638 3092 1740 3148 fu-

656 3192 780 3247 gam
833 3179 1101 3235 vertitur.
1170 3180 1358 3235 Biclar
1403 3180 1536 3236 Chr.
1600 3183 1739 3237 Vide

656 3267 766 3336 Pag
797 3267 851 3321 h.
883 3280 936 3322 a.
970 3283 1104 3322 num
1135 3283 1210 3322 1x.

731 3357 932 3411 Eodem
964 3371 1115 3412 anno
1135 3359 1394 3414 Mauritii
1415 3361 1505 3415 VII
1529 3361 1628 3429 qui
1651 3368 1738 3415 est

656 3443 959 3500 Reccaredi
1031 3449 1184 3516 regis
1253 3451 1462 3504 tertius
1517 3449 1740 3504 Uldilas

651 3542 847 3604 contra
873 3537 1254 3592 Reccaredum
1287 3540 1616 3607 conjurans,
1646 3539 1740 3593 ei—

655 3637 763 3692 que
793 3625 1041 3680 insidias
1093 3632 1323 3682 struens
1365 3629 1422 3682 in
1467 3627 1740 3683 exsilium

658 3713 916 3781 pellitur.
965 3716 1153 3771 Biclar
1184 3718 1264 3772 ibi
1303 3732 1439 3773 num
1476 3715 1562 3772 42.

726 3803 1050 3860 Concilium
1102 3806 1437 3861 Toletanum
1496 3821 1558 3861 Ill
1600 3806 1655 3861 h.
1689 3820 1738 3860 a.

655 3889 996 3946 celebratur.
1047 3893 1127 3947 lbi
1164 3909 1218 3950 n.
1275 3894 1308 3950 4
1335 3903 1391 3950 et
1419 3895 1454 3949 6
1484 3910 1596 3965 quo
1625 3896 1746 3950 Go-

659 3977 744 4030 thi
773 3985 828 4032 et
852 3980 1017 4034 Suevi
1045 3983 1112 4036 ad
1162 3983 1516 4040 Catholicam
1550 3985 1743 4040 Fidem

658 4069 937 4122 conversi.
964 4069 1045 4124 Ibl
1081 4085 1138 4125 n.
1160 4071 1212 4126 8.

441 4150 585 4207 5303
729 4155 849 4225 Imp
878 4157 995 4213 C(BS
1033 4161 1119 4216 Ti.
1150 4162 1460 4218 Mauritius
1497 4162 1624 4234 Aug
1652 4163 1744 4216 si-
1822 4161 1960 4218 4342

438 4252 508 4323 ζῇ
550 4252 607 4309 44
653 4265 787 4330 gnat
821 4261 877 4315 in
911 4261 1163 4317 nummis
1191 4273 1299 4314 ann
1323 4259 1430 4314 8et
1457 4259 1512 4328 9,
1537 4261 1638 4330 qui
1670 4261 1742 4316 ab
1820 4259 1957 4317 4343

435 4348 506 4419 θ
561 4347 596 4403 2
654 4349 771 4404 hist
803 4351 974 4405 etiam
1015 4351 1238 4405 dicitur
1270 4357 1398 4419 post
1439 4363 1578 4404 cons
1618 4351 1743 4419 ejus

481 4439 529 4493 Λ
664 4440 968 4509 septimus,
1000 4439 1139 4494 aliis
1160 4440 1332 4494 etiam
1361 4446 1576 4495 sextus.
1621 4444 1630 4453 ‘

428 4534 605 4586 Indict
724 4529 1048 4585 Concilium
1099 4529 1432 4597 IIispalense
1493 4530 1741 4597 primum

459 4635 564 4676 vm
658 4621 713 4675 h.
742 4633 801 4674 a.
839 4617 1186 4672 celebratum
1209 4617 1398 4687 signat
1420 4630 1622 4672 seram:
1655 4618 1744 4672 die

447 4717 578 4766 etlx
645 4712 826 4780 primo
878 4708 1162 4761 Nonarum
1191 4707 1568 4761 Novembrium
1597 4722 1742 4760 anno

660 4801 848 4869 quinto
895 4797 1052 4864 regni
1105 4795 1484 4862 gloriosissimi
1528 4796 1746 4849 Domini

660 4890 836 4943 nostri
861 4886 1151 4942 Reccarcdi
1187 4888 1327 4952 regis
1349 4903 1442 4941 era
1465 4897 1736 4940 Dcxxvul.

660 4978 801 5032 Vide
833 4976 1067 5047 Pagium
1102 4975 1154 5029 h.
1183 4989 1237 5030 a.
1267 4989 1320 5030 u.
1364 4973 1415 5030 6.

733 5067 797 5119 II.
826 5080 878 5120 a.
923 5065 1273 5120 Childeberti
1329 5065 1480 5136 regis
1532 5064 1622 5119 Fr.
1669 5079 1742 5120 xv

657 5157 821 5224 juxta
859 5156 1242 5210 Turonensem
1273 5155 1311 5210 l.
1359 5169 1416 5209 x.
1451 5169 1498 5210 c.
1532 5153 1585 5221 3,
1620 5157 1746 5223 ejus

662 5243 954 5298 exercitus
988 5257 1086 5312 per
1109 5249 1226 5298 tres
1258 5258 1477 5300 menses
1517 5246 1742 5314 Lango-

663 5331 872 5386 bardos
895 5331 952 5385 in
987 5333 1150 5386 Italia
1175 5333 1437 5388 vexabat.
1469 5335 1746 5388 Aulharis

665 5423 731 5476 ad
752 5422 1170 5476 Guntramnum
1193 5435 1376 5492 regem
1391 5423 1742 5478 Childeberti

664 5525 731 5564 ex
811 5510 986 5564 fratre
1076 5516 1332 5575 nepotem
1405 5512 1742 5581 legationem

668 5599 866 5667 mittit,
920 5605 983 5653 ut
1037 5609 1226 5663 pacem
1285 5612 1316 5652 a
1369 5609 1573 5668 patruo
1622 5603 1748 5670 ejus

667 5685 946 5751 impetret.
981 5682 1089 5738 Sed
1144 5685 1392 5740 nondum
1444 5689 1687 5742 reversis
1715 5701 1745 5740 e

2054 511 2112 568 A
2213 511 2369 562 Anni
2442 511 2894 575 Christianorum,
2935 510 3250 564 Judaeorum
3299 519 3348 566 et
3392 515 3518 581 ﬁni-

2181 580 2389 634 OIt/mn.
2503 583 2752 634 timorum
2796 583 3141 634 vonulorum.
3197 585 3498 634 Pontifices.

2245 597 2389 650 y-mp.

2245 861 2305 904 Ill

2243 951 2297 993 IV

2170 2365 2379 2434 Olymp.

2219 2450 2316 2508 344

2243 2555 2296 2597 ιν

2238 2635 2288 2686 et

2219 2718 2326 2776 342

2267 4179 2282 4220 ι

1154 375 1249 432 AD
1284 375 1718 433 ANASTASIUM
1759 379 2274 438 PROLEGOMENA
2317 381 2491 435 EDIT.
2533 377 2967 434 ηοω-ητις.
3679 381 3772 442 796

2503 517 2894 575 tristianorum,
2935 517 3250 564 Judaeorum
3299 519 3348 566 et
3392 517 3518 581 ﬁni—
3606 517 3749 570 Anni

2503 583 2752 635 timorum
2792 583 3141 651 populorum,
3187 585 3499 655 Pontiﬁces,
3627 589 3758 640 zErz

2494 668 2664 720 reges,
2713 668 2799 706 res
2851 659 3014 720 gestae
3046 660 3096 708 et
3161 654 3500 712 documenta.
3569 658 3774 712 Christi.

2491 847 2705 919 Pelagii
2733 845 2798 904 40
2828 853 2885 903 et
2917 845 3003 904 44.
3600 848 3704 908 588

2477 938 2560 992 Jo.
2608 938 2941 992 Patriarcha
2965 937 3509 1010 ConstantinOpoli-

2415 1035 2585 1081 tanus
2629 1027 2917 1097 Synodum
2994 1026 3163 1082 habet
3204 1028 3262 1082 in
3331 1042 3503 1084 causa

2413 1115 2676 1185 Gregorii
2705 1117 2836 1170 Patr
2860 1117 3203 1171 Antiocheni
3243 1119 3500 1174 accusati

2411 1204 2482 1258 de
2514 1204 2751 1268 incesto,
2783 1204 2884 1274 qui
2928 1205 3203 1260 innocens
3237 1206 3503 1262 declara-

2413 1299 2530 1361 tur,
2561 1300 2616 1348 et
2674 1293 2742 1347 ad
2773 1308 2942 1350 suum
2983 1295 3375 1363 episcopatum
3404 1310 3502 1352 re—

2415 1383 2522 1451 dit,
2553 1397 2666 1452 quo
2701 1388 2953 1453 tempore
2985 1387 3276 1440 exercitus
3306 1385 3500 1442 Roma-

2417 1486 2525 1527 nus
2556 1478 2754 1528 contra
2814 1474 3012 1529 Persas
3058 1475 3346 1531 dimicans
3399 1483 3502 1532 tu-

2416 1561 2814 1617 multuabatur
2839 1569 3070 1633 propter
3113 1578 3352 1619 annonae
3379 1566 3496 1621 im-

2417 1651 2796 1706 minutionem
2827 1665 2859 1706 a
2901 1653 3227 1722 Philippico
3251 1652 3498 1710 fraudu-

2417 1739 2598 1794 lenter
2622 1747 2946 1810 suggestum
2970 1783 2984 1811 ,
3018 1743 3214 1796 sedato
3245 1743 3496 1800 tumultu

2414 1828 2654 1883 Romani
2697 1829 2997 1884 victoriam
3057 1831 3338 1902 insignem
3422 1832 3494 1886 de

2418 1918 2608 1972 Persis
2652 1925 2965 1990 reportant,
2999 1925 3055 1975 et
3093 1919 3275 1989 spolia
3303 1921 3489 1990 Opima

2416 2006 2975 2076 ConstantinOpolim
3061 2008 3478 2063 transmittunt.

2416 2097 2530 2166 Pag
2581 2095 2634 2150 h.
2688 2109 2741 2150 a.
2773 2109 2840 2152 ex
2878 2096 3190 2167 Theophyl.
3222 2102 3326 2153 etc.
3383 2094 3495 2151 n.3

2417 2191 2652 2256 etseqq.

2494 2365 2708 2436 Pelagii
2740 2361 2799 2418 44
2835 2372 2891 2419 et
2922 2363 3005 2418 42.
3600 2361 3701 2418 589

2487 2453 2727 2508 Romani
2760 2466 2888 2506 cum
2923 2451 3130 2518 Persis,
3182 2451 3319 2506 licet
3349 2465 3508 2508 anno

2415 2542 2712 2607 superiore
2741 2540 2925 2609 caasis,
2957 2538 3104 2606 apud
3135 2539 3514 2607 Martyropo—

2414 2628 2514 2684 lim
2535 2629 2784 2698 praeliari
2816 2643 2926 2684 non
2945 2627 3250 2682 desistunt.
3283 2627 3510 2696 Philip-

2418 2719 2582 2788 picus
2602 2731 2748 2789 aegre
2767 2718 3102 2773 admittitur
3123 2717 3243 2771 dux
3263 2715 3332 2770 ab
3350 2729 3517 2772 exer-

2418 2811 2540 2866 citu
2563 2809 2832 2864 suasione
2847 2807 3111 2878 Gregorii
3131 2806 3281 2860 Arch
3304 2806 3511 2862 Antio-

2416 2901 2583 2958 cheni
2619 2919 2632 2954 :
2665 2913 2861 2955 verum
2894 2897 3208 2952 infeliciter
3232 2907 3504 2966 pugnans

2417 2995 2736 3060 revocatur,
2766 2994 2819 3043 et
2854 2988 2942 3042 illi
2971 2985 3267 3041 sufﬁcitur
3292 2998 3321 3038 a
3345 2986 3508 3040 Mau-

2417 3079 2555 3135 ritio
2603 3077 3015 3134 Comentiolus.
3067 3077 3148 3130 Ex
3208 3073 3508 3144 Theophy-

2417 3167 2586 3234 Iacto,
2620 3172 2676 3222 et
2704 3168 2889 3236 Evagr
2920 3165 3128 3235 Pagius
3163 3164 3223 3218 h.
3263 3176 3314 3218 a.

2485 3256 2711 3310 Tiberis
2771 3254 3077 3309 inundatio
3137 3265 3325 3307 mense
3378 3251 3506 3306 Nov
3573 3317 3578 3320 _

2416 3345 2604 3400 Romae
2654 3345 2935 3415 contigit:
2985 3356 3154 3414 quam
3188 3347 3502 3398 consecuta

2417 3441 2502 3488 est
2559 3434 2815 3502 proxime
2860 3433 3071 3500 clades,
3106 3447 3206 3487 seu
3240 3431 3365 3486 lues
3397 3432 3503 3485 in-

2419 3523 2708 3594 guinaria.
2759 3525 3055 3579 Turonens
3096 3522 3178 3576 lib
3208 3537 3242 3576 x
3286 3535 3391 3591 cap
3417 3517 3468 3574 4.

2502 4164 2716 4233 Pelagii
2780 4160 2866 4233 42,
2940 4163 3039 4231 qui
3090 4161 3215 4217 obit
3259 4157 3292 4215 7
3350 4159 3516 4215 Febr.
3615 4155 3712 4215 590

2424 4254 2566 4309 Vide
2594 4261 2754 4308 notas
2788 4253 2857 4308 ad
2888 4253 3072 4324 Pelag.
3105 4258 3161 4307 et
3181 4252 3352 4307 Noris
3381 4251 3503 4305 dev

2420 4343 2532 4414 Syn
2565 4358 2618 4412 p.
2646 4339 2764 4397 405.

2493 4432 2851 4489 Theodosius
2888 4433 3149 4489 Mauritii
3197 4431 3357 4487 ﬁlius
3383 4445 3504 4487 suae

2423 4524 2611 4579 :etatis
2641 4536 2853 4578 annum
2889 4537 3062 4594 agens
3094 4520 3144 4585 4,
3196 4528 3253 4577 et
3281 4535 3508 4578 menses

2421 4627 2517 4669 sex
2563 4619 2874 4668 coronatur
2916 4615 3060 4684 Aug.
3111 4613 3318 4668 Chron.
3362 4611 3506 4666 Alex

2419 4709 2476 4759 et
2519 4703 2849 4773 TheOphan.
2920 4703 3062 4759 Vide
3118 4703 3355 4773 Pagium
3433 4702 3502 4756 ad

2421 4808 2533 4849 ann
2555 4791 2681 4856 588,
2723 4807 2778 4848 n.
2811 4790 2866 4857 8,
2901 4798 2954 4848 et
2974 4792 3042 4848 ad
3074 4793 3130 4847 h.
3164 4806 3216 4848 a.
3250 4805 3307 4846 n.
3341 4789 3391 4847 3.

2490 4885 2625 4939 Post
2644 4883 2980 4938 diuturnam
3009 4882 3362 4937 vacationem
3389 4880 3512 4937 Ro-

2423 4987 2602 5029 manae
2626 4973 2791 5028 Sedis
2835 4974 3159 5027 Gancoaws
3181 4973 3280 5043 qui
3310 4977 3509 5042 postea

2421 5065 2660 5132 Magnus
2686 5063 2882 5117 dictus
2906 5069 3010 5126 est,
3037 5063 3345 5118 ordinatur
3375 5076 3507 5117 suc-

2421 5168 2612 5208 cessor
2641 5152 2736 5207 die
2760 5150 2795 5207 3
2820 5151 3113 5221 Septembr
3142 5153 3196 5206 h.
3231 5166 3281 5206 a.
3318 5152 3509 5206 Indict

2420 5241 2472 5296 9.
2499 5243 2638 5297 Vide
2668 5242 2838 5297 Noris
2857 5242 2973 5296 dev
3000 5241 3111 5311 Syn
3139 5255 3244 5312 pag
3270 5239 3360 5297 93.

2491 5333 2742 5387 Amorte
2780 5333 2835 5385 S.
2883 5331 3148 5386 Silvestri
3208 5345 3389 5400 usque
3437 5333 3506 5387 ad

2426 5422 2661 5476 initium
2691 5422 2954 5489 Gregorii
2990 5422 3176 5487 Magni
3213 5421 3381 5490 juxta
3411 5422 3514 5477 Co-

2422 5511 2581 5566 dices
2627 5511 3039 5567 Anastasianos
3089 5518 3240 5568 recte
3299 5525 3514 5567 nume—

2427 5608 2628 5654 rantur
2644 5601 2780 5654 anni
2811 5613 3024 5655 ccxcvr.
3048 5601 3210 5656 Obiit
3230 5602 3382 5656 enim
3403 5601 3516 5656 Sil-

2418 5694 2604 5744 vester
2628 5695 2872 5746 exeunte
2902 5703 3053 5746 anno
3097 5688 3224 5746 335.
3255 5691 3517 5746 Ordina-
