3906 6398
140 372 247 432 797

202 500 360 555 Anni
422 503 804 573 Imperatores,
885 502 1140 559 Consules
1220 505 1498 559 Romano—
1561 506 1719 561 Anni

169 573 294 627 Per.
321 575 418 629 Jul
523 590 668 645 rum,
701 590 787 629 res
816 580 981 642 gestae
1011 580 1061 630 et
1109 576 1448 631 documenta.
1598 579 1660 632 U.
1691 577 1747 632 C.

196 648 247 701 et
268 645 379 702 Ind
1541 654 1667 702 ante
1695 654 1747 703 et

1484 726 1611 791 post
1638 720 1758 777 Pal.

420 915 610 972 Gallia
642 915 849 988 legatis
875 914 1155 970 Autbaris
1181 916 1331 985 apud
1355 914 1521 973 Tici-

420 1018 559 1060 num
601 1006 850 1061 moritur
905 1006 1030 1060 Non
1073 1005 1207 1073 Sept
1251 1017 1365 1060 non
1397 1006 1525 1062 sine

421 1094 635 1148 Veneni
660 1094 1016 1164 suspicione,
1052 1108 1181 1150 cum
1209 1107 1308 1148 sex
1341 1107 1524 1151 annos

421 1188 717 1254 regnasset
758 1201 770 1237 :
815 1182 1157 1238 succedente
1185 1182 1521 1253 Agilulpho.

418 1272 499 1327 Ex
514 1271 849 1326 Paulodiac.
874 1271 1086 1342 Pagius
1102 1271 1170 1326 ad
1193 1272 1252 1334 h,
1269 1285 1323 1327 a.
1345 1285 1400 1326 n.
1430 1267 1517 1342 l7,

421 1365 477 1416 et
497 1372 566 1415 ex
594 1360 951 1431 GregoriiM.
977 1360 1225 1430 epistola
1252 1356 1338 1431 t7,
1370 1359 1450 1415 lib
1473 1362 1518 1430 Ι,

421 1447 737 1504 Panvinius
771 1448 891 1504 haec
932 1448 1107 1505 refert
1136 1448 1204 1504 ad
1237 1460 1352 1503 ann
1391 1444 1518 1503 598.

415 1537 558 1594 Vide
577 1551 773 1608 supra.

1199 376 1411 433 CENNI
1447 376 1806 435 PREFATIO
1842 377 1934 434 AD
1973 378 2316 438 CHRONOL.
2356 380 2503 451 δερ.

3470 390 3582 452 798

1830 508 1888 567 A
1926 508 2085 586 4am
2178 509 2634 586 Christianorum,
2683 512 3001 586 Iudaeorum
3049 519 3101 569 et
3131 520 3270 586 ﬁni—
3336 519 3494 576 Anni

1945 579 2156 652 Olymp.
2271 584 2522 657 timorum
2559 585 2927 657 p0pulorum,
2978 579 3285 657 Pontiﬁces,
3350 594 3504 649 ιΕνω

2275 655 2463 722 Reges,
2490 671 2576 710 res
2617 661 2782 723 gesta:
2831 661 2880 711 et
2899 655 3237 715 documenta.
3274 661 3495 720 Christi.

2201 764 2289 816 tas
2352 760 2466 818 fuit
2511 760 2890 835 Gregorius3
2934 765 3292 836 Septembris

2198 846 2324 906 590.
2357 850 2500 907 Vide
2524 857 2691 909 notas
2720 853 2789 909 ad
2835 852 3178 927 Gregorium
3217 859 3292 915 Μ.

1000 1885 1976 2007 CAJETANI
2091 1886 2675 2009 CENNI

1390 2106 1817 2163 PRESBYTER!
1864 2106 2329 2165 PISTORIENSIS

426 2256 555 2341 AD
643 2255 1575 2359 CONTINUATIONEM,
1649 2257 2385 2363 CHRONOLOGI/E
2486 2261 3278 2379 BLANCHINIAN/E

1470 2460 2199 2574 PIUEFATIO

1375 2800 1710 2863 SUMMA
1786 2797 2320 2863 SECTIONUM.

123 2948 482 3018 continuatur
508 2946 906 3018 “ChAronologia
922 2948 1308 3018 _Blancbin_ian.a
1334 2948 1415 3018 ab
1451 2962 1587 2997 anno
1622 2947 1812 3018 C_hristi
1844 2949 1895 3010 Β
1989 2951 2272 3018 Utrumque
2305 2967 2523 3018 regnum
2561 2967 2715 3016 pares
2770 2955 3153 3004 vicissitudines
3196 2968 3427 3017 passum,
3470 2956 3581 3018 pari

189 3014 308 3070 590,
334 3025 423 3058 seu
452 3025 480 3058 a
506 3010 559 3060 S.
601 3010 854 3070 Gregorio
887 3010 980 3067 M.,
1018 3025 1109 3072 per
1134 3012 1231 3059 tria
1270 3012 1470 3071 integra
1505 3012 1713 3059 saecula.
1751 3038 1810 3047 —

192 3073 269 3123 II.
305 3073 624 3122 (Economia
645 3072 800 3134 hujus
825 3074 987 3135 quarti
1014 3073 1315 3126 voluminis.
1346 3102 1405 3108 —
1428 3073 1517 3122 III.
1550 3074 1707 3122 Italia:
1727 3088 1810 3122 res

193 3135 459 3194 obscurm,
496 3135 625 3183 lucis
674 3135 892 3183 multum
929 3137 1187 3196 accipiunt
1221 3136 1284 3183 ab
1318 3137 1546 3183 editione
1582 3136 1801 3189 Mediol.

196 3198 466 3258 Scriptor.
512 3197 734 3245 Italicor.
769 3226 827 3233 —
850 3197 944 3245 IV.
974 3199 1213 3246 Dissidiis
1244 3199 1597 3246 recentiorum
1624 3198 1810 3246 obscu-

196 3261 369 3308 riores
409 3259 572 3307 facta}.
610 3287 669 3294 -—
704 3261 774 3311 V.
816 3260 1040 3309 Unicum
1076 3263 1252 3308 essent
1284 3261 1586 3322 praesidium
1620 3261 1806 3308 iisdem

192 3324 452 3370 vetustate
480 3322 676 3369 obrutis
708 3326 1044 3369 monumenta
1073 3326 1322 3370 veterum.
1351 3350 1410 3357 -—
1434 3323 1527 3371 VI.
1558 3325 1626 3370 At
1646 3322 1798 3371 Coss.

191 3385 523 3446 privatorum
545 3385 764 3433 exoletis
789 3384 1004 3431 tutiores
1024 3383 1353 3432 characteres
1372 3391 1664 3445 temporum
1688 3387 1808 3432 sunt

192 3448 323 3495 anni
356 3446 441 3495 PC
474 3448 563 3508 qui
599 3462 763 3508 usque
796 3448 859 3493 ad
890 3447 981 3493 668
1015 3446 1108 3492 rite
1136 3450 1439 3508 numeratur
1466 3460 1478 3503 ;
1526 3447 1647 3494 inde
1682 3460 1806 3495 vero

187 3513 444 3570 tanquam
466 3507 742 3557 tribunitiae
762 3511 1060 3570 potestates.
1096 3534 1154 3570 —_7
1178 3507 1303 3558 VII.
1355 3508 1556 3567 Regum
1606 3509 1806 3568 Lango-

186 3568 472 3619 bardorum
520 3574 567 3619 et
604 3568 966 3628 exarchorum,
1002 3571 1089 3631 qui
1111 3568 1254 3618 Coss.
1296 3575 1682 3630 successerunt,
1712 3584 1805 3631 pa-

188 3647 313 3682 rum
351 3634 515 3680 curati
546 3635 666 3680 anni
704 3634 839 3694 apud
857 3639 1078 3679 veteres.
1106 3657 1168 3694 έ-
1191 3632 1335 3679 VIII.
1371 3632 1449 3680 Illi
1482 3633 1690 3694 quidem
1713 3646 1804 3680 eos

186 3695 546 3743 numerabant
576 3696 627 3742 in
663 3692 809 3743 Actis
843 3694 1087 3755 publicis,
1123 3692 1176 3739 hi
1206 3697 1377 3742 autem
1410 3692 1585 3741 secus.
1615 3721 1676 3730 —
1711 3694 1801 3742 IX.

187 3758 357 3807 Varia
387 3758 454 3805 de
490 3758 717 3818 utrisque
749 3758 886 3817 apud
923 3758 1205 3817 scriptores
1259 3757 1457 3818 opinio.
1490 3782 1555 3792 —
1597 3756 1660 3804 X.
1697 3757 1804 3805 Res

186 3821 521 3871 Francorum
548 3820 825 3875 diligenter
855 3819 1058 3878 scriptae
1094 3832 1105 3875 ;
1129 3821 1180 3865 at.
1201 3818 1649 3877 Merovingiorum
1672 3822 1804 3867 tem-

186 3896 323 3945 pore
343 3894 528 3944 parum
554 3881 977 3945 conjunctaeicum
1000 3881 1214 3945 nostris.
1233 3907 1293 3915 —
1314 3880 1410 3929 XI.
1430 3880 1805 3945 Posthegiram

189 3942 542 4006 olympiades,
573 3945 630 4006 et
656 3944 775 3990 anni
814 3943 967 3992 Urbis
1012 3942 1111 3990 rari
1147 3956 1273 3990 usus
1288 3942 1599 4006 _;___ep_oclias
1633 3946 1805 4006 tamen

189 4003 383 4056 omnes
408 4004 791 4055 Blanchiniana:
804 4006 1188 4053 continuantur.
1206 4032 1265 4039 —
1287 4003 1617 4066 XIIICyclus
1632 4005 1806 4052 Victo-

188 4071 257 4119 rii
293 4068 464 4117 adhuc
501 4069 554 4116 in
586 4082 685 4115 usu
711 4072 819 4115 erat
854 4068 990 4129 apud
1026 4066 1183 4115 Italos
1225 4070 1275 4115 et
1315 4066 1493 4115 Gallos
1529 4080 1621 4128 per
1655 4068 1809 4129 septi-

190 4145 343 4181 mum
381 4133 431 4179 et
466 4137 703 4178 octavum
751 4129 1023 4180 saeculum.
1058 4157 1117 4164 —
1148 4129 1295 4177 XIII.
1365 4129 1491 4177 [Era
1525 4130 1808 4177 descensus

194 4193 670 4253 Langobardorum
695 4194 742 4240 in
772 4193 966 4241 Italiam
995 4207 1025 4240 a
1046 4192 1334 4240 Blanchino
1370 4191 1623 4251 neglecta,
1662 4192 1810 4239 omit-

200 4258 353 4311 titur,
385 4270 681 4318 quanquam
714 4270 817 4303 non
842 4256 1003 4303 semel
1024 4256 1160 4318 apud
1200 4259 1397 4303 veteres
1421 4257 1722 4302 memorata.
1750 4279 1810 4318 -τ

189 4319 317 4367 XIV
352 4317 555 4369 etXV.
603 4320 776 4367 Status
812 4318 1057 4366 Ecclesia;
1119 4317 1479 4377 Hispaniensis
1531 4330 1695 4379 usque
1747 4317 1811 4365 ad

195 4382 266 4431 S.
300 4380 612 4440 Gregorium
644 4381 722 4428 M.
762 4382 882 4427 dum
909 4381 1063 4429 Gothi
1089 4394 1235 4437 reges
1251 4382 1427 4427 Ariani
1448 4394 1618 4427 rerum
1653 4379 1812 4439 potie-

194 4445 410 4493 bantur.
445 4469 502 4477 —
524 4443 649 4491 XVI
680 4446 727 4491 et
750 4443 903 4491 XVII
960 4444 1135 4490 Status
1152 4442 1396 4490 EcCIesia)
1430 4443 1809 4489 Britanniarum

194 4518 372 4569 usque
395 4506 458 4569 ad
486 4506 729 4553 eumdem
761 4505 1080 4566 pontificem,
1112 4505 1233 4552 dum
1256 4506 1318 4553 ad
1341 4504 1811 4569 idololatriainper

195 4565 641 4629 Anglia-Saxones
676 4565 1027 4616 introductam
1062 4581 1279 4616 reversae
1315 4571 1481 4616 erant.
1518 4594 1576 4601 —
1608 4565 1806 4615 XVIII.

209 4684 268 4741 4.
302 4686 438 4740 Eam
460 4698 597 4776 sane
629 4686 1266 4776 prJovinciamsLortitus
1292 4699 1443 4776 sum:
1480 4698 1591 4776 qua
1622 4696 1808 4776 operai

128 4761 398 4828 alezeque
428 4757 652 4826 plenior
675 4757 906 4811 decerni
939 4757 1079 4810 mihi
1114 4770 1221 4811 non
1251 4756 1457 4828 potuit.
1484 4756 1810 4828 Chronolo-

127 4825 850 4903 giam'qulppeciesaream
875 4828 1225 4903 pontiﬁcium
1243 4829 1300 4882 in
1327 4827 1560 4882 Librum
1583 4825 1812 4903 Pontiﬁ-

128 4898 322 4960 éalem
350 4899 422 4954 ab
447 4900 704 4955 omnium
738 4900 1187 4968 disciplinarum
1211 4912 1415 4971 genere
1431 4898 1808 4953 ornatissimo

131 4971 389 5045 praesule
408 4972 712 5045 Francisco
730 4972 1046 5045 Blanchino
1066 4971 1375 5045 Veronensi
1392 4975 1736 5045 susceptam,
1753 4975 1809 5023 et

133 5039 332 5114 iisque
354 5043 423 5098 ad
445 5057 660 5099 annum
679 5044 867 5113 Magni
895 5042 1159 5113 Gregorii
1183 5043 1465 5165 primum,
1491 5039 1617 5093 Tib.
1642 5042 1808 5095 Mau-

133 5116 271 5165 ritii
293 5128 530 5165 nonum.
558 5115 659 5165 PC.
679 5116 806 5165 eius
824 5115 1156 5165 septimum.
1206 5112 1433 5165 eliciter
1454 5112 1806 5165 perductam.

130 5112 271 5172 ritii
293 5128 530 5182 nonum,
558 5115 659 5169 PC.
679 5112 806 5183 ejus
824 5115 1156 5181 septimum,
1183 5112 1433 5165 feliciter
1454 5112 1806 5183 perductam,

132 5195 219 5255 at,
258 5200 386 5257 quas
420 5181 800 5257 humanarum
848 5199 1037 5240 rerum
1084 5183 1346 5257 conditio
1388 5188 1493 5252 est,
1531 5183 1588 5257 in
1623 5181 1810 5257 medio

1985 3014 2227 3065 felicitate
2293 3017 2425 3065 redit
2487 3014 2578 3065 ad'
2603 3018 2757 3065 Iidem
2799 3018 2990 3066 saecqu
3025 3021 3171 3067 sexto
3197 3014 3449 3071 exeunte.
3471 3014 3499 3065 ⁷.
3520 3043 3581 3053 -

1982 3076 2129 3128 XIX.
2153 3079 2267 3136 Quo
2290 3081 2521 3140 tempore
2539 3093 2733 3127 novum
2758 3079 3021 3138 Hispaniae
3038 3079 3579 3129 acciditinfortunium

1984 3141 2260 3190 Saracenis
2286 3154 2399 3189 eam
2428 3142 2811 3201 invadentlbus,
2845 3142 3137 3191 Germaniae
3169 3143 3310 3190 omni
3346 3143 3581 3200 Evange-

1979 3202 2103 3251 Iium
2138 3204 2485 3251 annuntiatur.
2517 3231 2577 3238 -—
2612 3203 2735 3251 XX.
2780 3203 3068 3253 Occasione
3097 3205 3342 3253 laudandi
3372 3202 3578 3251 muniti-

1979 3266 2200 3339 centi'am
2218 3268 2356 3324 regis
2379 3266 2611 3339 Eipini‘et
2631 3266 2999 3339 imperatorum
3026 3266 3294 3339 CarolioM.
3324 3279 3383 3338 ac
3409 3265 3582 3313 Ludo-

1976 3328 2078 3375 vici
2114 3328 2193 3375 Pii
2224 3341 2349 3387 erga
2379 3327 2440 3374 S.
2478 3329 2672 3375 sedem.
2700 3329 2857 3374 totius
2888 3328 3217 3376 Anastasiani
3242 3328 3417 3387 operis
3447 3339 3584 3374 (nco-

1979 3390 2153 3461 npmia
2164 3389 2493 3461 proponitur.
2527 3415 2587 3461 τ
2606 3388 2743 3436 XXI.
2776 3389 2911 3436 Ditio
2934 3388 3289 3461 ecclesiastica
3304 3401 3578 3461 emergens

1978 3451 2042 3498 ab
2114 3452 2356 3497 Italorum
2389 3449 2697 3507 defectione,
2735 3462 2899 3512 quum
2932 3451 3001 3497 im
3044 3451 3079 3497 ii
3111 3451 3288 3509 Augg.
3369 3450 3581 3511 ersequi

1979 3511 2437 3581 sacres'imagines
2468 3515 2753 3581 cmperunt,
2776 3524 2960 3581 a_rege
3000 3464 3577 3581 Eipinqampfiﬂcatur.

1980 3600 2038 3647 -Τ
2071 3571 2629 3647 XXILnIl'istin'g‘uitur
2647 3573 2858 3644 ditionis
2884 3571 3150 3647 epo‘chc‘a
3179 3572 3457 3647 donatione
3494 3572 3580 3647 Pi:

1977 3636 2109 3697 pini.
2153 3632 2408 3681 —XXIIt.
2445 3635 2653 3682 Primus
2688 3632 2931 3682 omnium
2964 3634 3181 3680 ducatus
3222 3636 3485 3681 Romanus
3516 3633 3579 3682 ab

1978 3699 2289 3758 imperatore
2326 3694 2553 3743 Orientis
2590 3708 2707 3742 cum
2742 3694 3034 3758 tota_ltalia_
3061 3695 3307 3758 deﬁciens
3336 3696 3391 3743 in
3423 3695 3579 3758 ditio-

1977 3756 2096 3807 nem
2118 3758 2361 3806 Ecclesia;
2388 3758 2646 3805 concedit.
2672 3782 2736 3793 -
2755 3756 2949 3818 XXIV.
2976 3756 3234 3805 Divinitus
3266 3757 3392 3805 ﬂtut
3412 3757 3578 3818 impio

1977 3822 2153 3870 Leone
2187 3824 2468 3868 temerante
2510 3832 2707 3867 sacros.
2750 3817 2995 3867 Ecclesia
3028 3818 3225 3867 reditus
3252 3833 3315 3867 ex
3342 3817 3587 3880 patrimo-

1976 3884 2095 3942 niis,
2119 3883 2420 3942 pinguiores
2440 3882 2596 3931 iidem
2611 3881 2892 3930 succedant
2911 3895 2973 3929 ex
2998 3881 3190 3929 ditione
3205 3881 3578 3931 ecclesiastica.

1974 3972 2037 3983 —
2071 3942 2231 3994 XXV.
2276 3944 2331 3992 1n
2349 3944 2501 3993 rebus
2526 3944 2590 3992 ad
2614 3946 2671 3993 ὃ.
2704 3944 2878 3991 sedem
2897 3944 3273 4006 pertinentibus
3298 3942 3576 4006 praeferen-

1979 4008 2037 4080 da
2065 4008 2263 4080 caeteris
2287 4006 2463 4066 opinio
2478 4006 2615 4080 card.
2639 4006 2865 4080 Baropii.
2896 4032 2955 4080 τ-
2975 4005 3151 4080 XXIV
3171 4008 3219 4055 et
3245 4005 3389 4080 seqq.
3406 4006 3578 4080 Epeo-

1978 4070 2163 4133 phanis
2182 4068 2607 4133 Coronograpbia
2624 4068 2688 4133 de
2708 4067 2872 4115 tribus
2889 4068 3069 4133 Augg.
3099 4067 3392 4133 Anastasio,
3406 4067 3579 4118 Theo.

1979 4130 2148 4191 dosio,
2180 4135 2231 4179 et
2259 4132 2435 4180 Leone
2494 4130 2717 4179 Isaurico
2751 4130 2999 4192 asseritur
3057 4135 3236 4180 contra
3275 4131 3497 4192 Pagium
3532 4133 3584 4180 ct

1980 4195 2317 4243 recentiores.
2359 4219 2422 4229 —
2451 4193 2649 4241 XXXI.
2685 4191 2967 4252 Catalogus
2991 4206 3172 4251 regum
3207 4191 3580 4253 Langobardo-

1978 4271 2118 4305 rum.
2148 4284 2211 4293 —
2239 4256 2439 4305 XXXII
2468 4259 2516 4303 et
2547 4270 2698 4317 seqq.
2728 4255 2875 4302 Notae
2899 4257 2948 4301 et
2970 4254 3360 4317 observationes
3388 4256 3442 4317 in
3477 4254 3575 4303 Ca-

1983 4320 2213 4379 talogum
2244 4333 2422 4379 regum
2458 4314 3010 4377 Langobardorum.——
3032 4314 3280 4379 XXXIX.
3301 4315 3582 4377 Catalogus

1983 4378 2322 4430 exui-chorum
2353 4383 2632 4431 Ravennae.
2659 4408 2715 4415 —
2744 4380 2858 4429 XL.
2890 4379 3038 4428 Nota
3061 4381 3107 4426 et
3130 4378 3582 4428 observationesin

1983 4444 2285 4504 Catalogum
2315 4444 2652 4493 exarcborum
2683 4443 2960 4491 Ravennae.
2982 4468 3047 4478 —
3066 4441 3181 4490 XLI
3211 4444 3261 4489 et
3287 4440 3454 4504 XLII.
3487 4441 3581 4489 Pa-

1980 4502 2244 4555 triciorum
2281 4507 2469 4568 duplex
2496 4519 2679 4566 genus,
2708 4505 3071 4567 imperialium,
3093 4507 3149 4568 et
3178 4502 3580 4568 pontiﬁciorum.

1980 4570 2190 4618 Patricii
2220 4564 2539 4631 imperiales.
2580 4596 2642 4604 —
2672 4564 2869 4617 XLI—II.
2913 4567 3126 4617 Patricii
3150 4564 3422 4629 pontiﬁcii.

1918 4686 2244 4755 praepediti,
2278 4700 2308 4740 a
2341 4685 2773 4755 multiplicibus
2814 4685 3047 4741 scilicet
3069 4683 3439 4755 diversisque
3486 4681 3587 4755 in:

1918 4751 2264 4829 gruentibus
2300 4751 2560 4827 undique
2593 4757 2845 4829 negotiis
2899 4757 3180 4829 violenter
3220 4751 3466 4829 abrepti,
3514 4751 3585 4829 ab

1922 4824 2129 4882 itinere
2188 4824 2481 4883 instituto'
2513 4830 2580 4882 ad
2630 4824 2821 4883 aliena
2849 4828 3105 4882 curanda
3137 4825 3478 4895 oportuerit,
3512 4824 3582 4880 ad

1922 4913 2124 4968 passus
2180 4897 2354 4953 ferme
2407 4899 2675 4968 singulos
2723 4899 3123 4968 divertisse.»
3170 4896 3316 4967 (Bar.
3369 4895 3581 4968 Annal.

1920 4967 2055 5025 tom.
2088 4969 2224 5036 VIII,
2259 4986 2393 5022 ann.
2438 4967 2575 5038 :14.)
2604 4969 2992 5038 Quamtamen
3027 4967 3355 5023 obtinuisse
3386 4979 3474 5021 me
3495 4967 3590 5037 ju-

1920 5046 2031 5095 vat.
2065 5040 2175 5109 Qui
2206 5040 2358 5095 enim
2386 5040 2591 5095 melius
2627 5040 2940 5094 immortali
2968 5040 3095 5108 ejus
3125 5039 3346 5094 nomini
3371 5050 3585 5108 paren—

1921 5121 2121 5181 tarem,
2170 5112 2341 5179 cujus
2382 5112 2499 5180 jam
2551 5111 2904 5167 senescentis
2960 5111 3380 5166 consuetudine
3439 5123 3584 5165 usus

1922 5198 2071 5265 sum,
2098 5187 2408 5265 “praecepta
2436 5182 2699 5265 "audivi;
2742 5185 3052 5265 immensas
3075 5181 3273 5265 aliqua
3294 5195 3360 5235 ex
3419 5183 3579 5250 parte

132 5252 323 5315 cursu
358 5256 639 5323 relictam,
691 5271 794 5329 ego
819 5257 1099 5313 conﬁcere
1122 5256 1326 5329 jussus
1364 5267 1524 5329 sum.
1570 5252 1812 5329 Provin—
1840 5260 1891 5320 1)
1923 5254 2352 5329 sollicitudines
2398 5252 2636 5307 allevavi
2670 5253 2699 5306 ‘?
2746 5254 2859 5329 Aut
2905 5254 3008 5323 qui
3061 5252 3273 5329 melius
3316 5264 3579 5323 ponerem

131 5332 316 5398 ciam,
334 5335 398 5385 ut
411 5344 605 5385 verum
622 5325 821 5400 fatear,
846 5343 1014 5397 cujus
1029 5328 1198 5400 tertia
1212 5327 1307 5400 vix
1323 5332 1480 5400 parte
1500 5325 1809 5400 Annalium

133 5396 416 5459 Ecclesia:
439 5396 992 5471 parensdefunctus:
1012 5419 1037 5449 «
1059 5399 1212 5465 Jure,
1236 5398 1340 5471 ait,
1362 5396 1737 5466 quiescimus,
1757 5402 1813 5451 et

136 5474 381 5544 quidem
436 5470 646 5528 itinere
680 5472 935 5543 fatigati,
966 5485 1095 5526 cum
1122 5470 1419 5544 interdum
1456 5482 1563 5544 per
1583 5476 1809 5544 vastam

135 5539 339 5601 rerum
376 5550 663 5614 gestarum
701 5539 1028 5616 ignorantia
1055 5541 1428 5616 solitudinem
1449 5539 1700 5616 t'uer_iti_n
1729 5540 1811 5592 in-

134 5620 238 5672 vio
273 5612 696 5671 via'laboriose
731 5612 1040 5685 quaerenda
1087 5629 1101 5679 ς
1137 5612 1451 5685 aliquando
1493 5612 1676 5685 voluti
1713 5623 1812 5685 per

135 5690 328 5743 ardua
358 5688 641 5742 montium
674 5682 857 5742 instar
880 5685 1133 5740 Jonathee
1162 5682 1336 5739 fuerit
1363 5682 1628 5737 manibus
1661 5682 1811 5752 pedi-

137 5762 377 5830 busque
419 5760 782 5828 reptantium,
821 5763 885 5813 ut
909 5759 1203 5826 oppositas
1249 5756 1558 5830 immensas
1598 5754 1814 5830 ubique

139 5827 526 5890 diﬁicultates
578 5844 851 5901 superare
898 5843 1192 5898 possemus
1240 5844 1253 5882 ε
1303 5843 1431 5901 eum
1494 5828 1644 5901 inter
1689 5827 1818 5901 lucc

140 5904 349 5959 omnia
372 5915 545 5973 quam
566 5897 885 5975 saepissime
900 5897 1208 5957 densarum
1228 5898 1526 5970 spinarum
1553 5897 1820 5954 obicibus

1923 5324 2288 5387 tirocinium,
2340 5338 2509 5393 quam
2560 5338 2681 5378 eam
2714 5324 2978 5380 obeundo
3020 5323 3397 5394 provinciam,
3458 5335 3586 5393 qua:

1921 5407 1977 5452 et
2003 5397 2147 5450 tanti
2185 5397 2450 5465 praesulis
2473 5396 2802 5450 memoriam
2837 5402 2893 5449 et
2934 5393 3118 5451 meum
3152 5393 3403 5451 oﬁicium
3437 5394 3586 5449 seris

1923 5468 2169 5538 posteris
2191 5474 2499 5522 testaretur
2514 5467 2542 5520 ‘?
2560 5467 2701 5521 Hinc
2716 5473 2803 5521 est
2822 5469 2971 5537 quod
2997 5480 3179 5538 neque
3199 5466 3361 5521 labor
3379 5466 3588 5538 impro-

1921 5536 2049 5603 bus,
2098 5553 2281 5608 neque
2328 5539 2525 5593 suavia
2584 5538 2778 5593 eadem
2818 5536 2943 5593 esse
2999 5537 3249 5593 officium
3324 5536 3467 5591 mihi
3528 5542 3588 5591 et

1922 5613 2242 5666 necessaria
2267 5624 2393 5665 esse
2426 5610 2708 5671 intellexi,
2739 5624 2826 5664 me
2856 5624 3119 5681 unquam
3141 5611 3580 5665 deterruerunt:

1922 5684 2064 5753 quin
2117 5681 2311 5751 potius
2364 5682 2563 5735 suavia
2614 5679 2983 5753 eademesse
3039 5679 3287 5737 oﬁiclum
3341 5680 3485 5735 mihi
3530 5683 3587 5753 et

1924 5747 2084 5808 amor
2119 5747 2551 5821 persuaserunt.
2599 5752 2976 5820 Quamobrem
3034 5767 3158 5824 quae
3215 5752 3327 5807 tria
3374 5747 3585 5824 sarcula

1927 5818 2345 5881 Blancliiniana
2378 5818 2752 5900 chronologia
2782 5818 3305 5900 reliquit'intactal
3332 5818 3585 5900 eadili-

1930 5903 2151 5968 genter.
2183 5901 2524 5968 pervagatus
2571 5887 2860 5969 quidquid
2893 5887 2962 5953 ad
2994 5895 3229 5955 Librum
3269 5887 3583 5951 Pontiﬁca—
