3906 6440
98 398 204 457 805

1152 399 1362 456 CENNI
1400 398 1760 458 PREFATIO
1798 400 1890 457 AD
1926 401 2272 460 CHRONOL.
2312 405 2461 475 SEQ.

3421 408 3531 468 806

105 530 296 583 autem
326 526 439 581 ista
461 526 655 581 omnia
684 524 1002 651 diligenter
1033 526 1420 596 praestiterim,
1455 528 1770 599 multisque
1792 528 1847 588 A
1883 536 1946 586 ut
1977 531 2148 586 hodie
2173 532 2348 587 etiam
2390 531 2691 588 Florentia:
2720 537 2775 588 et
2812 532 2979 588 alibi.
3014 534 3329 592 Bucherius
3361 537 3535 592 insu-

105 612 296 651 rerum
331 596 771 651 accessionibus
845 597 1106 651 itaverim
1139 597 1593 651 chronologiam.
1623 614 1769 651 0οη-
1883 615 1980 651 ner
2008 603 2198 651 vigere
2227 604 2375 651 atmd
2409 603 2607 651 Gallos
2638 605 2888 651 Victoris
2916 605 3142 651 Cvnlnm
3178 607 3441 651 nhsnrvnt
3473 608 3530 651 in

105 612 296 670 rerum
331 596 771 653 accessionibus
799 596 1106 670 ditaverim
1139 597 1593 670 chronologiam,
1623 596 1769 656 con-

103 669 286 725 sulari
318 682 382 741 ea
406 667 937 741 semperconcedet,
972 681 1075 724 nec
1106 682 1301 741 rerum
1330 667 1769 741 temporumque

106 741 265 796 illam
307 740 633 822 ﬁrmitatem
670 739 1203 822 praesefenret‘quam
1249 740 1307 795 id
1348 739 1767 822 Blanchiniana

102 812 510 868 consuevimus
533 810 835 867 admirari.
869 810 1030 879 Quod
1062 811 1112 866 si
1143 826 1332 867 rerum
1367 814 1562 882 potius
1583 814 1767 870 vicis-

102 883 369 967 situdi‘ni.
395 898 567 967 quam
608 883 855 967 socordi.
886 883 1120 967 ingenio
1154 890 1412 967 vertatur
1444 885 1611 955 vitio,
1660 898 1766 941 nec

101 954 331 1024 veritati
358 954 596 1024 injuria,
628 968 729 1010 nec
758 954 900 1009 mihi
937 954 1032 1008 ﬁet
1064 954 1304 1011 invidia.

175 1023 262 1081 44.
316 1023 470 1097 Quas
513 1041 647 1101 vero
689 1027 1048 1101 accessiones
1093 1024 1321 1101 fecerim
1350 1027 1763 1101 ichronologia‘.

100 1097 369 1170 Caesareae
394 1098 723 1165 pontiﬁciae,
756 1098 860 1153 abs
894 1112 950 1152 re
985 1111 1095 1152 non
1127 1100 1241 1154 erit
1268 1098 1542 1155 indicare.
1578 1097 1765 1170 Equi-

103 1168 230 1225 dem
272 1183 381 1241 per
405 1182 586 1224 annos
615 1170 832 1241 digessi
862 1183 954 1225 res
979 1171 1319 1240 praecipuas,
1366 1178 1485 1226 tum
1535 1168 1760 1240 civiles,

103 1247 224 1296 tum
272 1240 717 1309 ecclesiasticas,
760 1241 1306 1297 ﬂorentissimorum
1359 1248 1554 1298 nostra
1601 1249 1766 1298 aetate

103 1325 442 1385 regnorum,
456 1312 767 1385 Hispaniae,
790 1314 1006 1385 Magnae
1024 1313 1401 1369 Britannimet
1419 1314 1762 1383 Germanim,

103 1382 233 1455 qua:
265 1383 325 1438 in
361 1382 531 1455 Libro
563 1382 1018 1440 Pontificali'aut
1049 1389 1440 1441 memorantur
1463 1391 1564 1441 aut
1593 1399 1769 1442 enar—

101 1454 332 1511 rantur.
364 1455 443 1509 De
486 1454 690 1510 iisdem
727 1457 922 1525 regnis
960 1471 1066 1512 cur
1090 1470 1258 1525 parce
1278 1462 1381 1511 aut
1408 1456 1556 1512 nihil
1597 1457 1771 1513 Blan-

100 1526 383 1598 chiniana
406 1527 783 1598 chronologia
805 1526 1097 1598 loquatur,
1122 1526 1329 1584 infelix
1350 1541 1547 1583 eorum
1575 1528 1770 1598 condi-

102 1597 190 1654 tio
235 1604 366 1653 ante
413 1597 755 1669 Gregorium
823 1597 1087 1669 magnum
1141 1612 1315 1655 causa
1356 1605 1487 1654 est:
1555 1597 1770 1655 Ariana

97 1669 260 1724 enim
295 1669 529 1725 haeresis
551 1670 839 1741 Hispaniae
866 1684 1126 1741 regnum,
1159 1673 1273 1726 duo
1289 1675 1490 1726 caztera
1518 1670 1770 1727 idolola-

98 1742 220 1796 tria
265 1742 730 1810 pessumdabant.
779 1744 890 1798 Hoc
921 1749 1108 1797 tamen
1155 1743 1468 1798 discrimen
1502 1748 1589 1797 est
1620 1743 1773 1797 inter

100 1812 209 1885 illa
256 1812 405 1882 quod
451 1813 759 1869 Germania
795 1819 932 1869 tunc
978 1815 1227 1883 primum
1273 1814 1465 1869 audiit
1512 1815 1772 1885 Evange-

1883 615 1980 675 per
2008 603 2198 673 vigere
2227 604 2377 671 apud
2409 603 2607 658 Gallos
2638 605 2888 675 Victoris
2916 605 3145 675 Cyclum
3178 607 3442 663 observat
3473 608 3533 661 in

1876 673 2069 745 Doctr.
2104 681 2273 743 temp.
2303 687 2453 729 anno
2484 675 2714 745 Dionys.
2740 673 2865 737 740,
2894 673 2971 731 ex‘
2991 677 3243 734 dissidio
3276 678 3533 734 Paschali

1877 744 2131 813 ejusdem
2157 745 2292 800 anni
2323 758 2482 813 ;nam
2510 744 2828 801 VictOriani
2855 761 2927 801 xv
2942 747 3064 802 Kal.
3085 749 3535 811 Mai-ts.Alexan-

1876 815 2035 870 drini
2062 830 2164 871 vm
2189 816 2312 871 Kal.
2341 816 2745 873 celebrandum
2776 818 3211 875 contendebant.
3249 822 3397 876 Idem
3420 820 3537 875 dis-

1879 886 2092 960 sidium
2138 888 2521 960 instauratum
2568 888 2682 944 fuit
2711 889 2919 960 viginti
2955 896 3080 959 post
3109 892 3300 951 annis.
3335 904 3535 960 nempe

1875 953 2024 1031 160':
2082 973 2210 1031 cum
2253 959 2405 1031 enim
2453 965 2615 1014 term.
2665 953 2859 1031 Pasch.
2914 953 3063 1016 esset
3100 962 3227 1017 dies
3272 960 3309 1018 5
3358 953 3531 1031 Apr'.,

1875 1029 2194 1084 Victoriani
2245 1029 2558 1086 noluerunt
2605 1045 2734 1086 cum
2787 1030 3201 1089 Alexandrinis
3247 1029 3537 1088 celebrare

1874 1101 2089 1156 Pascha
2116 1115 2235 1171 seq,
2268 1103 2362 1157 die
2386 1103 2549 1172 Dom.
2586 1100 2620 1157 6
2659 1101 2820 1172 Apr.,
2854 1109 2912 1158 at
2937 1104 3295 1160 distulerunt
3336 1105 3405 1160 ad
3440 1118 3537 1159 se—

1877 1180 2142 1242 quentem
2174 1170 2334 1227 Dom.
2371 1170 2437 1226 i3
2460 1170 2724 1241 ejusdem
2750 1170 2982 1229 mensis.
3014 1175 3393 1244 Quamobrem
3427 1177 3537 1230 Pa—

1877 1244 2027 1317 gius.
2068 1244 2142 1317 ad
2184 1257 2313 1317 eum
2359 1256 2571 1317 annum
2622 1258 2779 1300 num.
2832 1245 3079 1317 6,,recte
3121 1248 3387 1303 admonet
3422 1247 3538 1317 Cy—

1875 1315 2029 1388 clum
2060 1315 2312 1370 Victoris
2342 1314 2597 1388 viguisse
2625 1317 2775 1388 apud
2817 1316 3013 1372 Gallos
3045 1332 3226 1388 usque
3255 1318 3323 1373 ad
3355 1314 3539 1373 Caro-

1880 1386 1999 1468 lum
2033 1388 2342 1468 Magnumn
2368 1385 2609 1468 [ferinde
2640 1386 2961 1468 ltaloshqui
2995 1385 3395 1468 Paschajuxta
3424 1389 3539 1468 Cy:-

1880 1457 2035 1513 clum
2085 1453 2347 1524 Dionysii
2377 1453 2448 1510 95
2495 1453 2953 1526 annorum.'jam
2997 1458 3103 1514 diu
3151 1453 3535 1526 celebrabant,

1883 1542 1995 1584 non
2021 1529 2254 1599 penitus
2296 1526 2563 1583 omisisse
2581 1528 2812 1598 Cyclum
2843 1529 3093 1585 Victoris
3112 1540 3309 1585 octavo
3329 1530 3539 1586 saeculo

1883 1600 2139 1667 ineunte,
2182 1600 2326 1655 satis
2366 1611 2651 1671 superque
2681 1605 2907 1655 constat
2935 1614 3004 1655 ex
3045 1607 3410 1657 monumento
3443 1615 3543 1671 per

1883 1685 1971 1728 me
1999 1671 2174 1727 allato
2221 1671 2277 1725 in
2308 1670 2463 1725 notis
2484 1669 2923 1742 Chronologicis
2952 1674 3337 1738 Constantini,
3370 1669 3541 1728 vide—

1884 1743 2063 1799 licet:
2113 1744 2297 1797 Primo
2350 1757 2494 1795 anno
2534 1744 2881 1812 pontiﬁcatus
2910 1743 3028 1811 ejus
3072 1745 3367 1812 implentur
3404 1745 3543 1798 anni

1882 1820 2094 1869 centum
2121 1815 2531 1883 quinquaginta
2575 1813 2642 1867 de
2686 1817 2910 1883 repetito
2941 1814 3098 1883 Cyclo
3134 1817 3367 1870 Victorii
3416 1816 3537 1869 ind.

101 1884 276 1951 lium,
312 1885 585 1954 Hispania
625 1899 758 1940 vero
787 1895 841 1941 et
871 1886 1171 1941 Britannia
1202 1885 1272 1941 ab
1317 1885 1510 1941 eodem
1542 1884 1770 1941 deiece—
1805 1894 1851 1953 Β
1881 1900 1984 1944 vn.
2032 1902 2175 1940 anno
2227 1887 2406 1955 primo
2458 1885 2670 1939 Tiberio
2710 1887 3010 1954 imperante
3058 1902 3177 1940 cum
3223 1888 3541 1941 Justiniano

98 1960 256 2010 rant.
296 1956 606 2028 Eapropter
632 1971 837 2013 causas
866 1971 973 2012 cur
996 1962 1306 2028 utrumque
1340 1970 1575 2027 regnum
1607 1955 1770 2012 defe—

98 2027 273 2095 cerit,
302 2025 461 2082 brevi
487 2025 818 2084 narratione
834 2028 1197 2097 complectar,
1212 2025 1293 2083 ‘ut
1316 2025 1678 2083 redeuntium
1698 2028 1767 2083 ad

96 2097 277 2171 ﬁdem
304 2099 666 2171 maximeque
691 2099 1121 2169 proﬁcientium
1150 2099 1333 2171 magis
1372 2100 1614 2155 delectet
1658 2099 1771 2156 his-

92 2169 278 2224 toria.
331 2170 432 2224 His
472 2169 663 2225 autem
719 2171 991 2241 praemitti
1038 2169 1263 2241 oportet
1289 2185 1414 2241 quae
1460 2178 1673 2226 restant
1704 2172 1774 2227 de

94 2240 575 2297 indicationibus
590 2240 1040 2313 chrOnologicis.
1074 2240 1518 2298 Blanchinianas
1538 2242 1771 2313 quidem

91 2326 251 2368 teras
274 2325 459 2382 usque
488 2314 558 2367 ad
593 2312 757 2368 tinem
788 2314 945 2368 Libri
970 2314 1326 2369 Pontiﬁcalis
1350 2312 1616 2369 adhibui.
1651 2312 1773 2382 Qua

93 2384 161 2439 in
199 2390 262 2455 re
296 2383 541 2438 fortasse
574 2385 978 2454 reprehendar.
1009 2387 1173 2441 Dicet
1196 2387 1346 2440 enim
1394 2385 1615 2455 aliquis
1639 2399 1772 2441 cum

93 2454 283 2527 Pagio
316 2471 334 2527 :7
368 2455 668 2527 Periodum
715 2456 1025 2525 Julianam,
1075 2457 1264 2527 cyclos
1311 2456 1456 2512 solis
1496 2454 1552 2511 et
1599 2457 1770 2525 lunae,

90 2525 497 2582 Dominicales
528 2526 772 2595 litteras,
810 2525 1162 2583 inductiones
1190 2528 1495 2583 Caesareas.
1526 2532 1582 2583 et
1603 2542 1772 2583 atram

91 2597 543 2668 Dionysianam,
609 2598 753 2652 utile
810 2598 1044 2668 quidem
1101 2605 1158 2653 et
1215 2599 1601 2654 necessarium
1661 2597 1775 2654 fuit

90 2667 465 2723 adhibuisse.
501 2667 869 2738 Olympiades
900 2683 1032 2725 vero
1061 2676 1116 2724 et
1146 2682 1328 2725 annos
1360 2669 1530 2724 Urbis
1558 2677 1691 2725 ante
1718 2675 1776 2726 et

93 2744 239 2810 post
261 2739 485 2807 Palilia,
520 2753 779 2809 quamam
807 2739 1055 2802 utilitas,
1083 2754 1279 2810 quaeve
1309 2741 1621 2797 necessitas
1645 2755 1775 2797 con-

92 2810 333 2883 tinuari
360 2816 623 2883 oportere
645 2811 1105 2881 persuaserunt?
1134 2812 1439 2868 Enimvero
1470 2819 1772 2883 postquam

90 2881 287 2951 capit
317 2894 457 2937 nova
481 2881 584 2937 illa
614 2896 748 2951 aera,
776 2883 1109 2939 Christiano
1146 2884 1288 2939 adeo
1319 2883 1542 2939 nomini
1573 2881 1776 2940 infau—

92 2959 195 3008 sta
255 2965 453 3023 nempe
496 2953 715 3025 hegira,
753 2960 1060 3025 utramque
1093 2968 1313 3015 earum.
1349 2959 1412 3010 ut
1446 2955 1562 3010 rari
1600 2956 1776 3011 dein-

91 3036 243 3099 ceps
283 3026 682 3099 usus,__omitti
729 3040 894 3099 posse
928 3028 1152 3099 Pagius
1180 3027 1367 3099 docet,
1408 3031 1465 3081 et
1506 3039 1639 3099 vere
1681 3040 1777 3083 eas

92 3094 373 3169 omittit;
407 3095 548 3169 mihi
571 3094 759 3153 autem
791 3094 1459 3169 libuitchronographos
1478 3098 1776 3167 aliosjure

90 3179 239 3240 cum
292 3166 469 3240 Pagio
495 3169 908 3238 comparandos
946 3169 1133 3240 sequi,
1179 3166 1672 3239 cum'prtesertim
1703 3169 1775 3224 ab

1875 1968 2054 2028 patre.
2086 1958 2144 2013 Si
2177 1958 2331 2013 enim
2370 1956 2426 2010 in
2459 1955 2961 2028 Catalogoaaquali
2993 1971 3190 2013 eorum
3220 1966 3540 2027 temporum

1884 2027 2184 2099 pontiﬁces
2229 2027 2467 2083 Romani
2508 2027 3137 2097 recensebanturjuxta
3167 2028 3397 2098 Cyclum
3434 2029 3545 2084 Vi—

1885 2098 2083 2167 ctoris,
2112 2113 2219 2155 non
2247 2100 2431 2170 igitur
2447 2099 2589 2154 tanti
2618 2098 2935 2155 habebatur
2949 2113 3061 2154 tera
3082 2101 3451 2170 Dionysiana,
3481 2104 3546 2155 ut

1885 2172 2299 2243 praetereunda:
2340 2171 2481 2243 mihi
2517 2171 2655 2226 visa;
2695 2172 2813 2226 sint
2843 2172 3118 2227 certiores
3158 2185 3302 2239 iﬁl‘iﬁ,
3337 2172 3543 2243 cujus—

1887 2241 2039 2300 inodi
2072 2249 2209 2299 sunt
2252 2241 2603 2311 olympiades
2629 2248 2686 2297 et
2713 2243 2851 2297 anni
2898 2242 3087 2312 Urbis,
3122 2256 3189 2297 ne
3232 2242 3547 2299 chronolo-

1884 2316 2035 2387 giam
2084 2315 2362 2387 inhaerere
2396 2319 2616 2387 paterer
2652 2314 2853 2387 dubiis
2896 2314 3085 2387 adhuc
3123 2314 3359 2383 epochis
3388 2333 3418 2387 :_
3452 2320 3547 2387 ta—

1889 2384 2053 2441 metsi
2078 2386 2423 2456 Dionysiana
2436 2386 2649 2453 eadem,
2667 2400 2793 2455 quae
2806 2384 2963 2439 brevi
2985 2384 3201 2456 ubique
3217 2386 3368 2455 apud
3392 2385 3549 2441 Occi-

1884 2458 2142 2514 dentales
2173 2455 2449 2521 obtinuit,
2486 2456 2690 2511 merito
2719 2457 2859 2511 aliis
2889 2455 3159 2511 omnibus
3188 2456 3544 2525 praeferatur.

1959 2527 2027 2585 43
2088 2530 2412 2597 Optandum
2454 2540 2589 2581 sane
2623 2534 2745 2582 erat
2775 2532 2837 2581 ut
2882 2527 3156 2596 quoniam
3203 2528 3361 2582 varia
3393 2528 3550 2582 scri—

1889 2605 2114 2671 ptorum
2142 2596 2365 2671 opinio
2392 2612 2696 2671 operosum
2743 2596 2995 2671 reddidit
3048 2598 3546 2671 Langobardorum

1888 2669 2085 2743 regum
2111 2684 2293 2725 annos
2324 2670 2669 2739 singillatim
2713 2669 3047 2794 exgendere.
3079 2669 3280 2723 saltem
3328 2669 3549 2793 grivata

1888 2755 2079 2794 rerum
2126 2741 2457 2794 Italicarum
2502 2740 2717 2794 euoche
2746 2753 2777 2794 a
2848 2740 3097 2794 adventu
3137 2741 3326 2794 Lango
3369 2740 3549 2794 ardo—

1887 2740 2079 2798 rerum
2125 2741 2457 2797 Italicarum
2502 2740 2717 2810 epoche
2746 2740 2817 2795 ab
2848 2740 3550 2811 adventuALangobardo—

1886 2828 2013 2869 rum
2042 2828 2215 2883 supra
2253 2809 2561 2867 memorato
2597 2824 2697 2883 per
2714 2824 2906 2883 annos
2936 2809 3202 2881 singulos
3227 2809 3549 2883 deducere-

1884 2890 1985 2941 tur
2011 2903 2026 2953 ς
2051 2881 2339 2955 siquidem
2381 2882 2518 2938 anni
2560 2881 2633 2937 ab
2663 2881 3054 2955 illogadventu
3084 2894 3196 2937 non
3238 2882 3413 2937 semel
3448 2894 3546 2951 per

1886 2953 2195 3026 septimum
2218 2962 2608 3026 octavumque,
2628 2953 2901 3009 saeculum
2932 2958 3331 3026 numerantur.
3362 2955 3448 3026 Ei,
3490 2956 3553 3026 ut

1886 3023 2075 3083 dicam
2104 3027 2253 3098 quod
2287 3023 2900 3098 sentio,'vehemeute_r_
2922 3025 3166 3081 miratus
3197 3037 3325 3098 sum
3359 3023 3434 3098 idg
3454 3023 3555 3078 mi-

1889 3100 2042 3155 nime
2066 3094 2393 3154 in‘mentem
2420 3099 2643 3152 venisse
2670 3095 2985 3151 Blanchino
3010 3096 3243 3165 praesuli
3271 3115 3285 3159 ς
3334 3094 3553 3165 quippe

1890 3183 2057 3242 quem
2077 3170 2193 3225 vidi
2224 3169 2577 3242 invasiouem
2599 3168 2836 3242 alteram
2862 3168 3039 3222 Italia:
3065 3181 3096 3222 a
3113 3166 3322 3242 Gothis
3344 3166 3550 3242 iactam

90 3235 592 3320 eminentissimo
615 3235 967 3320 chronologo
1000 3235 1370 3320 necessarias
1390 3255 1514 3320 esse
1542 3241 1777 3320 didice—
1807 3235 1853 3293 Ο
1885 3235 2019 3320 ante
2035 3240 2541 3320 Langobardicam,
2563 3252 2675 3294 non
2702 3238 2865 3294 modo
2893 3252 2991 3320 per
3011 3251 3193 3294 annos
3215 3238 3554 3320 digessisse,

94 3310 219 3366 rim
253 3308 517 3382 laudatas
541 3308 931 3381 olympiadum
960 3318 1017 3367 et
1040 3312 1212 3367 Urbis
1238 3325 1401 3379 teras,
1436 3313 1505 3368 ad
1535 3313 1776 3382 parian—

92 3382 228 3455 dos
259 3381 541 3455 Arabum,
580 3395 680 3438 seu
714 3382 947 3455 hegirie,
979 3388 1038 3437 et
1076 3382 1404 3455 Graecorum
1435 3381 1619 3455 annos
1643 3397 1774 3439 cum

94 3452 356 3509 Latinis.
384 3453 569 3525 (Gard.
611 3456 770 3519 Nor.,
794 3452 866 3509 ae
908 3455 1110 3524 Epoch.
1140 3454 1374 3525 Syram.)
1413 3454 1581 3510 Nulla
1621 3456 1775 3511 enim

93 3530 168 3582 ut
189 3522 401 3580 verum
416 3522 616 3586 fatear.
642 3539 713 3581 ex
736 3522 1193 3595 Blanchinianis,
1215 3522 1491 3581 concessu
1513 3527 1775 3582 omnium

91 3595 502 3667 eruditorum,
543 3597 728 3652 tutior
776 3596 993 3668 epocha
1044 3601 1132 3651 est
1176 3596 1404 3653 duabus
1459 3598 1772 3666 prtedictis.

90 3669 428 3738 Eapropter
468 3668 707 3739 lunares
745 3668 969 3739 etipse
1004 3680 1187 3723 annos
1220 3667 1431 3739 hegirm
1477 3682 1779 3725 numerare

91 3753 281 3796 orsus
306 3752 493 3795 suma
523 3740 621 3795 die
650 3738 717 3794 46
739 3737 905 3801 Julii,
948 3737 1052 3794 fer.
1085 3752 1164 3807 v1,
1197 3737 1326 3794 cum
1366 3738 1580 3795 Arabes
1622 3740 1779 3796 inci—

95 3812 288 3893 piunt
321 3824 358 3893 _a
408 3809 1031 3893 fuganMa‘liummedis‘.
1072 3815 1204 3866 ante
1249 3810 1488 3893 initiunm
1539 3811 1777 3893 secundi

94 3879 245 3954 anni
280 3879 633 3954 olympiadis
653 3879 779 3954 350,
811 3881 929 3954 qui
940 3887 1029 3954 est
1058 3893 1245 3937 annus
1265 3882 1782 3954 airgepionysiante

93 3953 214 4010 622
243 3954 312 4009 U.
340 3949 402 4009 C.
442 3949 593 4025 ante
622 3949 787 4008 Palil.
830 3949 987 4025 4374,
1019 3958 1146 4025 post
1186 3952 1307 4025 Pal.
1340 3949 1480 4009 4375
1510 3973 1525 4023 ;
1568 3949 1783 4025 singu—

98 4026 306 4097 lisque
326 4026 499 4081 annis
539 4024 693 4080 diem
747 4024 965 4097 mensis
990 4031 1047 4080 et
1092 4024 1293 4097 feriam
1333 4025 1405 4080 de
1437 4038 1591 4081 more
1617 4024 1785 4081 indi—

97 4095 265 4155 cavi.
298 4110 370 4153 ne
401 4110 545 4152 nova
571 4109 857 4153 annorum
881 4095 1393 4153 formaturbentur
1427 4109 1516 4151 res
1540 4102 1779 4152 nostrai:

97 4176 369 4225 attamen
394 4168 788 4239 olympiadum
829 4167 883 4224 el
924 4170 993 4224 U.
1030 4167 1072 4231 Ο
1113 4181 1295 4224 annos
1339 4176 1615 4238 perpetuo
1652 4181 1784 4224 cum

95 4239 368 4297 Calvisio
395 4245 452 4294 et
480 4239 619 4295 aliis
646 4239 887 4295 deduxi.

180 4310 276 4367 42.
334 4311 425 4383 Ut
455 4310 689 4380 planius
735 4317 923 4367 autem
964 4312 1043 4368 sit
1082 4325 1188 4368 cur
1229 4310 1786 4383 doctissimorl’agio

99 4385 259 4456 quin
293 4382 531 4456 audiam
566 4396 793 4456 recuso,
830 4383 974 4438 illud
1007 4383 1176 4439 velim
1216 4382 1598 4456 animadverti
1627 4382 1780 4453 quod

97 4454 316 4526 cyclus
357 4466 478 4524 ipse
511 4454 923 4524 Dionysianus,
969 4456 1139 4524 cujus
1168 4454 1607 4526 zeraicelebrior
1632 4459 1785 4509 certe

96 4525 201 4583 est
245 4539 418 4597 quam
454 4525 720 4596 Arabica,
760 4526 992 4581 nonnisi
1046 4525 1405 4597 temporibus
1432 4525 1624 4581 Caroli
1662 4528 1789 4581 Ma-

1888 3314 1982 3370 sed
2002 3309 2487 3382 ipsisGothorum
2515 3322 2749 3382 regnum
2772 3309 2943 3363 annis
2969 3322 3079 3382 una
3099 3322 3229 3364 cum
3256 3309 3555 3382 imperato;

1888 3374 2419 3450 rum'enumeratts,
2452 3382 2523 3435 ab
2553 3374 2832 3435 Odoacris
2861 3380 3111 3448 appulsu
3142 3390 3292 3450 anno
3322 3374 3551 3450 £76,_ad

1886 3455 2129 3511 Totilam
2155 3444 2727 3521 Tejamquedevictos
2757 3444 2972 3521 virtute
3006 3448 3264 3505 Narsetis
3301 3444 3557 3521 ann.gi_52

1887 3531 1944 3581 et
1991 3523 2114 3592 453,
2149 3518 2324 3578 totam
2369 3518 2470 3590 per
2507 3522 2836 3577 eorumdem
2870 3519 2929 3573 in
2961 3521 3130 3575 Italia
3164 3531 3377 3592 moram
3407 3518 3544 3574 dili-

1890 3589 2647 3669 gentiSSimedescripsisse.
2669 3592 2774 3647 Sed
2810 3595 3022 3669 postea,
3052 3603 3113 3669 re
3128 3589 3410 3669 attentius
3432 3601 3558 3669 con-

1890 3660 2164 3733 siderata,
2196 3665 2319 3719 vidi
2362 3663 2766 3718 doctissimum
2800 3661 2989 3733 virum
3012 3660 3099 3716 ab
3139 3660 3195 3715 id
3220 3661 3556 3733 praestando

1893 3739 2075 3795 fuisse
2100 3731 2442 3793 deterritum
2464 3740 2547 3789 tot
2567 3739 2796 3801 tamque
2823 3732 3003 3788 variis
3027 3731 3443 3803 Langobardici
3464 3732 3559 3787 ad-

1893 3817 2097 3866 ventus
2115 3805 2666 3877 opinionibus,qua3
2690 3803 2955 3877 inutilem
2978 3803 3556 3877 ejusmodiepochem

1864 3871 2306 3947 ‘reddidissent,
2342 3883 2406 3933 ut
2430 3871 2653 3931 aiebam
2676 3887 2836 3929 num.
2867 3871 2921 3942 7,
2960 3871 3074 3930 rem
3111 3871 3381 3947 inutilem
3406 3873 3561 3947 futu-

1895 3966 2015 4010 ram
2048 3965 2231 4006 annos
2261 3946 2458 4018 regum
2489 3948 2615 4017 ejus
2646 3947 2834 4017 gentis
2854 3952 2911 4002 et
2934 3946 3334 4018 exarchorum,
3369 3946 3440 4002 ab
3465 3959 3560 4002 an-

1896 4024 2084 4095 tiquis
2115 4021 2422 4095 neglectos,
2454 4031 2764 4095 recensere.
2796 4018 3069 4095 Prmterea
3123 4019 3376 4095 privatas
3410 4018 3558 4075 idem

1895 4088 2066 4153 curas
2099 4088 2216 4149 non
2236 4091 2508 4161 adjunxit
2533 4088 2973 4161 Langobardicze
2997 4088 3276 4147 histbrite.
3301 4092 3558 4160 Namque

1895 4165 2210 4224 adhmsisse
2232 4160 2363 4219 eum
2390 4165 2556 4218 video
2581 4160 2970 4231 chrmmIOgiae
3012 4164 3327 4229 praesertim
3374 4161 3556 4232 Pagii,

1897 4239 2000 4310 qui
2028 4238 2343 4314 scriptores
2374 4233 2678 4314 Francicos
2706 4236 2962 4314 secutus,
2996 4233 3342 4303 quandoque
3366 4232 3566 4314 ad_ve_r-

1898 4302 2060 4366 satur
2092 4302 2261 4363 Libro
2285 4305 2604 4362 Pontiﬁcali
2625 4309 2683 4359 et
2706 4303 2878 4358 Paulo
2899 4302 3151 4357 Diacono
3180 4321 3191 4356 :
3222 4302 3288 4358 ac
3321 4302 3562 4373 proinde

1898 4382 1969 4437 ab
2014 4381 2208 4437 eodem
2260 4379 2364 4434 hac
2414 4378 2475 4432 in
2530 4390 2591 4431 re
2631 4374 2866 4445 paulum
2910 4374 3137 4445 digredi
3183 4381 3419 4445 coactus
3464 4386 3562 4429 ero

1900 4454 1961 4509 in
1989 4451 2157 4507 fastis
2186 4448 2564 4506 conﬁciendis
2596 4444 2742 4518 quos
2761 4459 2888 4501 sum
2926 4444 3245 4515 pollicitus.
3285 4444 3560 4518 Equidem

1901 4537 2067 4594 parce
2112 4528 2169 4578 et
2208 4522 2437 4577 timoris
2487 4516 2723 4594 semper
2758 4519 2957 4594 plenus
2992 4518 3058 4594 in
3083 4516 3561 4594 peregrinorum,

98 4598 213 4672 gni
243 4586 507 4687 prieferri
531 4607 615 4687 est
645 4586 870 4687 emptus
901 4586 1325 4687 Victorianoin
1352 4596 1584 4687 Galliis.
1610 4602 1688 4687 et,
1724 4597 1784 4652 ni
1824 4627 1872 4687 ι)
1899 4586 2072 4687 etiam
2112 4606 2451 4687 animorum,
2482 4586 2954 4687 sententiamivi.
2985 4586 3566 4687 Ubieninmﬂvidinab-

94 4667 221 4741 égo
249 4667 443 4741 fallor,
475 4669 536 4741 in
570 4667 900 4741 Italiaipsa,
936 4675 1002 4724 ut
1025 4683 1154 4741 mox
1181 4669 1495 4725 ostendam.
1539 4670 1788 4739 Indeque

96 4738 199 4799 est
226 4739 407 4810 quod,
441 4738 831 4809 olympiadum
859 4747 915 4796 et
946 4740 1118 4796 Urbis
1147 4742 1317 4796 annis
1346 4741 1603 4799 omissis.
1633 4738 1788 4796 certa

98 4813 331 4885 quavis
360 4813 576 4880 epocha
602 4813 1065 4885 destituerentur
1084 4826 1172 4885 res
1196 4818 1424 4881 nostrte,
1448 4813 1790 4885 Gallorum-

98 4882 231 4955 (iue
260 4896 395 4955 cum
431 4882 650 4955 nostris
675 4890 892 4949 octavo,
938 4890 1003 4940 ut
1031 4884 1273 4951 aiebam,
1306 4884 1518 4940 sarculo
1539 4883 1791 4955 conjun-

95 4953 419 5013 ctissimtr.
450 4953 751 5026 Siquidem
788 4955 941 5011 Galli
990 4968 1140 5011 anno
1172 4956 1522 5026 Olympiadis
1556 4954 1663 5009 369
1692 4967 1795 5009 se-

94 5026 335 5098 cundo,
371 5026 435 5081 U.
476 5024 549 5098 (ζ.
583 5024 714 5081 4454
753 5033 885 5082 ante
916 5026 1010 5082 Pal
1069 5027 1169 5098 qui
1202 5024 1287 5082 est
1322 5024 1446 5082 {erat
1478 5026 1794 5098 Dionysia-

100 5066 714 5167 ἧέ’ἓ9ὀ,”υιεδρηιιῖιι
743 5066 1511 5168 ἕρἒὲὧῖἶὶιὸιξὶῖῖἰίῖιοιαι
1539 5066 1794 5168 scaliger

97 5185 185 5226 ex
211 5168 620 5225 vetustissimo
646 5169 774 5226 cod.
807 5169 1014 5225 Euseb.
1047 5170 1258 5225 Chron.
1288 5174 1499 5223 etcum
1531 5181 1597 5224 eo
1626 5169 1795 5223 Noris

95 5244 188 5299 de
214 5241 380 5313 cyclo
422 5242 669 5299 Ravenn.
716 5256 783 5297 ac
827 5243 1039 5313 Pagius
1069 5241 1139 5313 ad
1172 5253 1270 5313 an.
1302 5236 1436 5313 7699A,
1484 5251 1539 5313 η.
1594 5236 1793 5313 49.1bi

94 5311 281 5371 enim
332 5311 587 5384 legitur:
647 5314 736 5368 In.
780 5311 1011 5367 annum.
1076 5312 1146 5368 V.
1210 5311 1561 5384 Chitdeberti,
1608 5311 1794 5377 Regis.

94 5379 483 5441 Francorum.
520 5385 737 5453 Pipino.
769 5386 1014 5440 Jubente.
1059 5384 1148 5438 ab.
1200 5379 1403 5437 Adam.
1438 5388 1586 5437 sunt.
1639 5384 1794 5436 anni.

108 5458 192 5512 V.
244 5458 449 5510 millia.
499 5455 736 5511 DCCCC.

92 5526 401 5584 Ascensio.
455 5529 700 5584 Domini.
771 5531 905 5596 fuit.
959 5529 1027 5583 K.

95 5614 438 5657 numerum.
486 5615 779 5653 annorum.
830 5599 976 5655 CLX.
1024 5599 1316 5668 Repetitio.
1364 5613 1416 5650 α.
1451 5599 1645 5667 capite.
1695 5597 1798 5666 Cy-

94 5672 211 5751 cii.
250 5671 928 5751 Praetereacontinuator
961 5669 1285 5751 Fredegarii
1315 5682 1475 5751 suam
1498 5669 1804 5751 continua-

97 5746 341 5803 tionem
393 5742 698 5800 absolvt-ns
738 5756 889 5799 anno
943 5756 1069 5797 aera:
1100 5736 1331 5811 Dionys.
1362 5736 1470 5796 736
1508 5742 1742 5797 ineunte
1783 5758 1797 5794 :

98 5819 172 5875 Α
204 5818 487 5888 passione,
548 5815 764 5886 inquit,
821 5816 1039 5871 Domini
1069 5828 1241 5883 usque
1264 5816 1351 5888 λῃ
1390 5816 1558 5888 istum
1582 5827 1804 5888 annum

88 5882 448 5963 grazsentem
477 5890 539 5943 in
571 5882 1012 5963 Qjcio'Victoris
1038 5882 1184 5963 anno
1233 5882 1355 5950 177,
1394 5886 1523 5942 Και.
1568 5887 1797 5963 ianuam

98 5956 214 6016 Hie
234 5964 394 6017 Dom.
429 5963 567 6015 anni
732 5976 748 6031 ς
774 5963 1039 6016 numerat
1063 5958 1277 6031 quippe
1303 5972 1336 6015 a
1363 5970 1553 6015 mense
1573 5956 1801 6032 Martio,

783 5459 918 5525 fuit.
978 5456 1205 5511 Pascha.
1264 5454 1330 5507 Χ.
1378 5455 1501 5507 Kal.
1553 5454 1790 5524 Aprilis.

1086 5526 1326 5581 madias.
1370 5541 1492 5595 per.
1556 5526 1797 5595 Cyclum.

1901 4668 2088 4741 batem
2115 4666 2514 4741 Bicl‘arensem,
2539 4662 2813 4741 aequalem
2837 4675 3033 4718 eorum
3056 4667 3395 4741 temporum,
3420 4669 3567 4741 con-

1901 4740 2109 4793 stituta
2158 4738 2331 4807 primi
2376 4729 3085 4807 Langobardorumregts
3126 4729 3360 4807 Alboiui
3414 4729 3567 4807 caede

2602 4805 2919 4877 Leovigildi
3046 4802 3568 4884 ῳζεεξρψςξχξίειῃξθ

1901 4878 2029 4955 512.
2058 4872 2686 4955 oeto__d_untaxat_'post
2722 4872 2993 4955 annos,__5_
3021 4874 3292 4955 videlicet
3319 4872 3565 4955 Tiberii,

1906 4951 1974 5008 43
1991 4951 2329 5022 Leovigildi,
2357 4943 2687 5022 principum
2700 4943 3393 5022 Antharithnconmgnare,
3414 4943 3565 5022 quod

1905 5029 2100 5104 apere
2132 5014 2373 5104 911393.25
2391 5033 2521 5102 οιιειι
2555 5014 3570 5104 itaniaWers‘ét‘tiﬂistetisses

1904 5086 1959 5150 SI
2000 5086 2267 5164 Gregorii
2300 5090 2513 5164 Magni,
2562 5089 2619 5164 id
2665 5101 2884 5143 mecum
2916 5087 3339 5164 deliberaviAut
3358 5086 3571 5164 exteris

1907 5179 1999 5222 res
2044 5158 2273 5220 nostras
2314 5158 2699 5217 reﬂuentibus
2749 5172 2859 5214 non
2904 5159 3186 5214 audirem.
3233 5158 3376 5228 Quis
3414 5159 3569 5213 enim

1908 5236 2053 5293 {erat
2084 5247 2321 5307 regnum
2351 5232 2662 5302 Clephonis
2692 5230 3007 5307 octodecim
3042 5229 3345 5307 mensium,
3376 5244 3441 5285 ac
3465 5230 3575 5286 de-

1908 5300 2560 5375 cennaleinterregn‘um
2592 5308 2718 5372 post
2741 5300 2973 5357 Alboini
3005 5302 3236 5375 caedem,
3264 5307 3571 5372 antequam

1907 5379 2186 5435 Autharis
2206 5374 2509 5447 levaretur,
2532 5376 2599 5430 ad
2621 5374 3193 5447 auctoresynchrouo
3226 5376 3375 5447 intra
3390 5379 3575 5428 octen-

1912 5452 2075 5506 nium
2093 5455 2315 5506 coarcta
2326 5449 2374 5504 ri
2394 5444 2629 5517 'lltaque
2647 5445 2867 5501 veniam
2901 5444 3043 5517 mihi
3074 5445 3219 5517 hanc
3238 5446 3401 5501 dabit
3423 5459 3575 5515 prie-

1911 5522 2002 5579 sul
2033 5522 2432 5586 doctissimus,
2466 5516 2547 5573 ut
2570 5518 2641 5572 ab
2679 5531 2739 5573 se
2775 5516 3029 5571 recedam
3074 5516 3133 5571 in
3169 5517 3574 5588 Langobardo—

1916 5607 2039 5650 rum
2068 5594 2217 5649 serie
2239 5591 2498 5657 texenda,
2524 5591 2665 5657 sive,
2687 5593 2750 5644 ut
2772 5589 2964 5642 verius
2984 5587 3206 5657 loquar.
3231 5591 3573 5645 sententiam

1912 5665 2151 5721 Antonii
2184 5663 2345 5735 Pagii
2382 5675 2512 5717 cum
2540 5662 2780 5735 scriptis
2810 5658 3098 5735 conici-am
3128 5666 3430 5735 auctorum
3463 5674 3573 5717 no-

1915 5738 2206 5799 stratium,
2241 5732 2311 5791 n'e
2336 5748 2465 5790 cum
2501 5733 2813 5789 Blanchino
2844 5732 2936 5787 abi
2968 5732 3354 5801 decipiantur.

1990 5806 2076 5865 44.
2120 5809 2221 5863 llis
2251 5806 2526 5863 delibatis
2555 5807 2625 5861 de
2655 5803 3084 5875 chronologicns
3116 5802 3574 5875 indicationibus

1916 5880 2231 5954 przecipuis
2261 5878 2394 5954 (non
2434 5879 2587 5935 enim
2628 5876 2883 5954 estquid
2918 5873 3123 5954 loquar
3164 5878 3234 5933 de
3277 5873 3575 5954 nonnuliis

1917 5947 2324 6012 astronomicls
2356 5964 2481 6023 quae
2511 5949 2765 6023 prepriis
2795 5949 2985 6019 signis
3004 5950 3312 6005 incurrunt
3343 5947 3403 5998 iu
3425 5951 3571 5995 ocu—
