3906 6462
353 365 460 429 807

1175 357 1266 413 AD
1302 354 1737 412 ANASTASIUM
1775 348 2287 408 PROLEGOMENA
2324 353 2498 408 EDIT.
2546 352 2978 410 ROM.-VATIC.
3669 361 3754 424 808

361 493 486 561 los),
520 486 688 561 venio
734 482 1007 561 nuncad
1031 481 1321 561 Hispania
1351 493 1428 561 ac
1460 481 1671 550 Magna
1709 475 2020 561 Britannia
2047 477 2099 534 A
2131 477 2352 561 niensis
2377 478 2630 561 Ecclesia
2663 477 2976 561 uuiversim
3007 477 3216 561 misera
3248 494 3434 561 usque
3471 483 3540 539 ad
3577 485 3754 544 Becca-

355 549 707 620 defe'ctiones
731 569 764 610 a
795 553 1079 610 catholica
1113 551 1222 607 ﬁde
1253 551 1501 606 breviter
1525 549 1930 620 enarrandum,
1957 551 2022 602 ut

359 619 484 705 qua
507 625 1078 705 sparsimuleguntur
1106 623 1165 704 iu
1201 621 1677 705 chronoiogia‘de
1714 619 2022 705 utriusque

354 689 424 760 a'd
455 689 616 758 illam
649 697 840 753 reditu
863 689 1105 750 facilius
1133 689 1540 763 intelligantur
1581 691 1662 747 Ac
1685 689 2022 763 primum_de

355 771 654 842 Hispania.
688 769 816 842 Hac
845 766 916 821 ab
938 765 1091 842 ipsis
1119 760 1511 842 apostolorum
1544 760 2022 842 temporibu_s__Ec-

355 831 590 902 clesiam
643 839 868 904 habuit,
919 831 1126 891 deinde
1160 831 1466 904 ’episcoiios
1510 840 1565 888 et
1604 831 2017 904 metrOpolitas.

354 901 566 972 Tribus
599 901 1063 976 persecutionum
1091 901 1323 960 saeculis
1352 901 1664 976 martyrum
1688 901 1934 976 numero
1957 901 2024 957 il-

359 986 566 1043 lustris
586 973 615 1038 ι’
614 983 720 1038 uit.
747 981 886 1034 Pace
903 991 1004 1048 per
1017 977 1398 1032 Constantinu
1411 990 1456 1048 m
1485 973 1753 1048 Ecclesia
1775 973 2016 1048 reddita,

357 1053 773 1114 sacrisadibus
787 1044 1120 1118 sanctisque
1133 1047 1471 1118 constitutis
1489 1046 1827 1118 catholicam
1842 1044 2018 1118 ﬁdem

357 1135 413 1184 et
451 1127 717 1184 Ecclesia
750 1115 1121 1188 disciplinam
1160 1119 1324 1189 longe
1350 1117 1575 1188 lateque
1603 1116 1856 1189 diﬁ‘undi
1890 1115 2022 1189 glo—

359 1201 508 1255 riata
555 1203 658 1252 est.
706 1193 788 1248 Ab
843 1185 1095 1245 Adriano
1146 1185 1418 1257 primum,
1459 1185 1668 1243 deinde
1707 1185 1778 1240 ab
1822 1185 2018 1241 eodem

356 1268 703 1326 Contantino
723 1265 782 1318 in
816 1261 1074 1332 quinque
1098 1260 1423 1332 provincias
1439 1258 1629 1313 divisa
1650 1257 2018 1332 (Mauritania

358 1341 513 1397 enim
533 1329 850 1408 Tingitana
865 1338 921 1386 et
943 1329 1200 1408 Baleares
1224 1329 1607 1408 insulaextra
1630 1329 2016 1408 continentem

359 1413 486 1468 sita
513 1399 688 1478 suntj,
715 1404 997 1478 Baeticam,
1031 1401 1410 1478 Lusitaniam,
1432 1399 1784 1478 Galiaciam,
1805 1399 2020 1478 Tarra—

357 1470 686 1538 conensem’.’
718 1473 1216 1545 Cathaginensem,
1244 1471 1508 1545 totidem
1550 1470 1755 1526 habuit
1799 1475 2020 1545 metro-

359 1553 591 1624 politas,
620 1559 867 1624 quorum
893 1540 1150 1614 singulis
1167 1541 1422 1624 episcopi
1459 1540 1651 1624 plures
1682 1544 2018 1624 paruerunt.

359 1613 520 1680 Brevi
565 1613 655 1676 éa'
679 1617 871 1676 omnia
922 1613 1311 1685 peSsumeunt.
1354 1613 1606 1685 Honorio
1641 1619 2021 1685 octavummac

325 1721 331 1726 -
357 1679 682 1750 Theodosio
714 1679 947 1744 tertium
981 1699 1154 1754 coss.,
1186 1697 1336 1740 anno
1365 1697 1490 1738 ara
1519 1683 1864 1739 Christiana
1891 1679 2017 1748 709,

361 1765 554 1828 Alani,
577 1759 874 1830 Wandali,
899 1757 1067 1813 Suevi
1099 1755 1412 1830 pervaduut
1441 1755 1783 1830 Hispaniam
1805 1759 1862 1830 et
1891 1767 2023 1830 om:

2129 547 2326 603 redum
2360 561 2557 626 regem.
2585 548 2812 609 duobus
2843 549 2957 626 fere
2984 551 3222 626 _saculis
3253 547 3366 626 fuit
3396 572 3410 622 ;
3458 567 3636 626 neque
3662 573 3755 615 un-

2131 631 2328 700 quam“
2355 619 2658 700 emersisse
2709 633 2831 675 eam
2885 619 3156 700 legimus,
3185 619 3755 700 _nisiannojPelagii

2132 689 2425 769 pontiﬁcis
2448 697 2720 769 extremo,
2745 705 2899 769 cum,
2917 689 3366 769 concil_io_Tol_eti
3397 709 3462 750 lli
3483 689 3754 769 celebrato,

2131 765 2253 834 tum
2287 774 2404 834 rex,
2446 769 2568 834 tum
2603 767 2720 818 tota
2763 763 2889 834 ejus
2915 775 3054 833 gens
3082 761 3508 834 ‘Arianismum,
3539 761 3757 826 Leandre

2130 831 2457 904 Hispalensi
2485 838 2540 888 et
2568 833 2846 889 monacho
2881 831 3160 903 Eutropio
3183 831 3644 904 pradicantibus.
3670 842 3754 897 de-

2133 903 2326 978 testati
2371 909 2528 978 sunt.
2571 906 2784 978 Catera
2827 910 2977 978 etex
3015 903 3390 978 chronologia
3433 915 3490 964 et
3537 923 3604 966 ex
3630 913 3760 968 notis

2135 975 2283 1050 inira
2318 975 2574 1050 petenda.
2616 974 2907 1050 Eteninia
2933 976 2989 1030 S.
3017 977 3283 1050 Gregorii
3303 974 3506 1048 'Magni
3537 981 3761 1050 primor-

2128 1045 2248 1100 diis
2272 1045 2339 1100 ad
2367 1046 2422 1101 S.
2449 1047 2787 1116 Gregorium
2819 1047 2884 1115 Il,
2929 1059 3128 1114 nempe
3144 1045 3220 1102 ab
3254 1045 3498 1105 exeuute
3535 1045 3680 1108 Sexto
3700 1054 3757 1110 ad

2129 1118 2312 1191 octavi
2336 1117 2531 1191 saeculi
2564 1117 2942 1191 principium,
2967 1119 3127 1191 nulla
3143 1119 3534 1178 Occidentalis
3553 1125 3763 1191 patriar-

2127 1187 2332 1242 chatus
2362 1186 2589 1243 felicior
2607 1187 3020 1260 ﬁorentiorque
3049 1189 3284 1246 diacesi
3319 1186 3602 1260 Hispana;
3650 1195 3761 1250 inde

2128 1272 2259 1314 vero
2304 1274 2521 1334 rursus
2550 1259 2813 1313 miseram
2850 1259 3146 1334 multoque
3191 1259 3760 1334 infelicibremquam

2127 1334 2292 1384 antea
2325 1327 2462 1384 fecit
2489 1331 2903 1385 Saracenorum
2937 1327 3183 1386 invasio.

2201 1397 2290 1454 46.
2331 1400 2412 1475 Ab
2440 1401 2924 1475 Hispania_nu_nc_
2943 1415 3114 1472 pergo
3157 1402 3216 1475 in
3255 1404 3514 1475 Magnam
3553 1407 3764 1462 Britan-

2129 1470 2306 1526 niam.
2339 1471 2683 1547 Haealtero
2707 1470 3242 1547 Ecclesiasacuio,
3277 1470 3430 1545 regis
3465 1477 3624 1532 Lucii
3656 1478 3765 1547 pie-

2129 1547 2244 1618 tate
2276 1556 2309 1597 a
2339 1543 2760 1618 S.__Eleuthe_rio
2793 1556 2934 1612 papa
2959 1543 3563 1618 obtinuitevaitgelica
3587 1543 3767 1618 pradi-

2129 1614 2354 1668 catione
2393 1613 2704 1687 illustrari,
2735 1621 2794 1687 at
2825 1621 3037 1682 postea,
3083 1629 3208 1687 qua
3239 1613 3410 1687 regni
3449 1613 3612 1674 illius
3634 1620 3766 1674 vices

2130 1689 2288 1747 sunt,
2337 1698 2367 1740 a
2401 1685 2508 1756 ﬁde
2551 1685 2838 1740 discessit.
2876 1687 3089 1756 Magna
3122 1685 3553 1755 hujus’insula
3582 1689 3767 1746 notitia

2133 1760 2253 1810 tum
2298 1755 2690 1811 ecclesiastica
2719 1763 2836 1812 tum
2883 1755 3078 1811 civilis
3111 1758 3288 1826 repeti
3322 1761 3596 1816 memoria
3623 1761 3767 1817 debet

363 1837 464 1893 nia
495 1823 736 1891 miscent
769 1851 780 1886 :
814 1823 1186 1900 ii'postmodo
1208 1823 1576 1881 debellantur
1599 1839 1632 1880 a
1655 1826 1884 1892 Gothis,
1914 1823 2020 1900 _qui
2050 1840 2100 1900 Β
2131 1840 2200 1882 ex
2238 1827 2638 1900 eruditissima
2677 1827 3066 1900 descriptione
3097 1823 3359 1900 praesulis
3387 1830 3678 1887 Blanchini
3717 1831 3764 1885 in

363 1920 556 1964 rerum
579 1896 924 1974 potiuntur}
950 1897 1178 1974 barbari
1198 1910 1748 1974 omnes,_omitesque
1765 1910 1795 1952 a
1818 1896 2023 1974 catho-

363 1978 476 2034 lica
509 1967 618 2032 ﬁde
647 1973 1042 2030 abhorrentes.
1075 1970 1148 2024 At
1177 1971 1492 2038 prasertim
1525 1967 1721 2036 Gothi,
1757 1967 1859 2038 qui
1885 1967 2024 2022 duo-

365 2049 474 2105 bus
506 2047 622 2102 fere
647 2043 880 2100 saculis
907 2047 1041 2096 ante
1070 2040 1450 2095 Reccaredum
1483 2052 1691 2109 regem,
1715 2039 1816 2108 qui
1837 2039 2023 2109 hare—

361 2121 473 2175 sim
501 2121 816 2174 detestatus
854 2119 962 2181 est,
989 2111 1310 2167 catholicos
1339 2108 1708 2170 vexaverunt,
1751 2108 2024 2181 Arianis-

363 2204 518 2247 mum
562 2180 996 2259 proﬁtebantur.
1046 2184 1173 2259 Hace
1203 2181 1522 2259 Gpthorum
1557 2181 1804 2259 religio;
1855 2180 2024 2259 cujus

362 2249 646 2333 originem
677 2259 883 2333 audire
919 2258 1200 2333 opponet.
1233 2253 1370 2333 Cum
1404 2264 1543 2324 gens
1579 2249 2025 2333 Gothorumlvab

360 2321 588 2389 Huﬁnis
627 2329 815 2400 pulsa,
847 2328 906 2382 in
938 2321 1184 2400 Thracia
1212 2321 1464 2400 primum
1493 2324 1816 2400 consistere
1839 2335 1872 2376 a
1908 2321 2024 2375 Va-

363 2404 514 2460 lente
559 2393 908 2470 impetravit,
957 2410 1087 2470 mox
1131 2394 1404 2470 deﬁciens
1451 2407 1567 2470 noxi
1612 2397 1738 2470 sine
1773 2393 2026 2470 Romano

361 2462 658 2546 sanguine
677 2465 1140 2546 proﬁigata_fuit,
1175 2479 1238 2546 ac
1268 2463 1802 2546 demumOGratiano
1835 2462 2028 2546 impe—

363 2533 546 2602 rante.
583 2533 772 2615 fadus
811 2533 940 2615 cum
963 2537 1245 2615 Romanis
1265 2535 1570 2615 percussit,
1599 2533 1888 2615 Uipliilam
1919 2533 2026 2615 ha-f

359 2613 862 2683 buitepiscOpum.
888 2611 1046 2662 Hunc
1063 2602 1380 2683 principem
1393 2602 1872 2683 iegationisfecit,
1895 2614 2025 2657 cum

361 2674 827 2752 terra'indigens
858 2691 1026 2752 quam
1057 2674 1354 2752 coleretia
1393 2675 1664 2752 Romanis
1697 2674 1866 2752 petiit
1895 2685 2026 2752 tuo-

365 2757 482 2812 rari
509 2743 856 2824 quocunque
876 2743 1005 2824 loci
1010 2747 1242 2824 velient.
1263 2743 1448 2824 Quare
1483 2743 1788 2824 episcopus
1802 2743 2026 2824 Gothus

360 2815 943 2896 Cpoli'degens'anno
973 2815 1070 2896 3_8_l
1111 2816 1380 2896 interfuit
1398 2815 1923 2896 conciiiogeneraii
1959 2827 2022 2881 ll,

364 2886 778 2962 tuentibusque
803 2889 1143 2962 sententiain
1169 2887 1530 2962 Nicanorum
1566 2889 1792 2962 Patrum
1825 2886 2025 2962 adha-

364 2969 461 3022 sit.
490 2957 936 3030 Postea‘ApoIim
965 2959 1212 3026 rediens,
1246 2960 1526 3030 incertum
1557 2972 1691 3014 num
1717 2957 2026 3030 legationis

365 3037 620 3093 fautores
649 3028 1028 3104 qua—rens,an
1056 3043 1156 3099 pro
1177 3029 1715 3104 acceptoebeneﬁcio
1742 3028 2024 3104 gratiﬁca-

364 3115 556 3174 turus,
590 3101 720 3161 cuin
750 3103 985 3174 Arianis
1015 3101 1502 3174 communicavit._
1526 3104 1637 3174 Nec
1683 3101 1862 3174 multo
1884 3105 2024 3174 _post

362 3171 778 3241 Gothiomnes,
808 3173 1053 3234 Uluhila
1083 3173 1386 3242 praceptis
1408 3171 1640 3242 imbuti,
1671 3171 1743 3226 ab
1769 3171 2022 3226 Ecclesia

363 3248 648 3305 catholica
677 3253 950 3315 tanquam
982 3244 1181 3315 Ariani
1213 3242 1398 3298 avulsi
1431 3248 1588 3315 sunt.
1624 3243 1822 3315 Iidem,
1865 3243 2023 3315 vario

365 3325 586 3376 tantum
616 3312 845 3373 nomine
872 3314 1304 3384 Visigothorum
1345 3320 1401 3369 et
1429 3312 1930 3384 Ostrogothorum,
1963 3313 2022 3367 bi

365 3394 426 3448 in
453 3390 698 3457 Italiam,
730 3387 818 3442 illi
851 3387 908 3441 in
940 3385 1187 3441 Galliam
1220 3391 1274 3440 et
1303 3386 1638 3454 Hispaniam
1667 3385 1948 3457 irrupere.

437 3461 524 3518 45.
568 3453 695 3530 Qui
723 3462 1030 3530 tenuerunt
1060 3453 1684 3530 Hispaniampnempe
1708 3453 2021 3530 Yisigothi,

363 3526 625 3590 haresim
673 3530 756 3586 ibi
787 3529 969 3584 altius
1004 3526 1176 3598 ﬁgere
1204 3541 1370 3598 quam
1402 3526 1506 3582 alii
1537 3527 1686 3598 apud
1710 3527 2025 3598 Italosepo-A-

361 3609 616 3672 tuerunt,
649 3601 948 3657 Gothicam
973 3596 1167 3654 statim
1199 3596 1498 3672 liturgiam
1528 3597 1740 3672 ubique
1756 3596 2022 3672 adhiberi

361 3678 420 3732 vi
451 3681 508 3732 et
535 3668 712 3730 armis
731 3671 1100 3738 conatisunt;
1128 3684 1288 3726 sacra
1305 3670 1513 3726 deinde
1533 3670 1726 3724 omnia
1747 3668 2020 3738 paulatim

363 3748 668 3803 invertere.
692 3744 1091 3814 Nequidquam
1114 3741 1657 3814 catholiciepiscoiii
1679 3739 2026 3814 ecclesiasti-

362 3832 486 3875 cam
524 3809 896 3885 disciplinam
927 3809 1100 3882 tueri,
1131 3818 1234 3868 aut
1263 3809 1613 3885 catholicam
1647 3810 1850 3885 saltem
1880 3809 2026 3885 reli-

365 3891 590 3961 gionem
611 3881 1029 3957 periclitantem
1043 3897 1268 3961 servare
1283 3883 1630 3961 nitebantur.
1654 3881 1854 3961 Ariani
1870 3881 2022 3961 enim
2049 3936 2053 3940 _

364 3953 526 4030 reges
560 3953 807 4030 errorem
839 3956 1306 4030 constantissime
1335 3953 1734 4030 defendebant,
1769 3965 1870 4007 nec
1897 3953 2022 4022 pie-

366 4025 481 4085 tate
511 4027 883 4094 sanguinisve
903 4027 1314 4094 conjunctione
1334 4025 1404 4080 ab
1435 4025 1688 4093 ejusdem
1721 4035 2019 4094 oppugna-

367 4100 596 4156 toribus
615 4097 1030 4168 deportatione,
1053 4097 1286 4163 exsilio,
1309 4097 1497 4165 capite
1521 4097 1836 4168 plectendis
1854 4100 2027 4168 retar-

365 4172 485 4227 dati
523 4165 770 4241 unquam
803 4177 960 4224 sunt.
991 4170 1182 4223 Testes
1208 4174 1346 4224 sunt
1374 4174 1488 4222 tam
1517 4165 1684 4221 multi
1717 4165 2026 4241 episcopie

366 4243 492 4299 suis
522 4234 759 4317 sedibus
789 4241 955 4309 ejecti
984 4256 998 4307 ;
1028 4245 1202 4317 testes
1218 4245 1355 4293 sunt
1377 4244 1464 4317 tot
1487 4234 1764 4317 martyres
1795 4234 2026 4317 pridﬁde

365 4308 834 4370 constantissime
865 4311 1267 4367 occumbentes
1292 4329 1304 4365 -.
1338 4309 1504 4364 testis
1524 4308 1774 4375 denique
1795 4311 1882 4360 est
1905 4308 2026 4374 ipse

369 4383 856 4454 llermenegildus.
887 4381 1042 4450 regis
1063 4379 1600 4454 Leovigildiﬁlius,
1621 4382 1726 4454 _qui
1749 4391 1878 4432 cum
1899 4376 2026 4454 suis

368 4455 598 4510 fortiter
624 4447 886 4522 p'ugnans
908 4447 1027 4522 pro
1056 4451 1182 4522 ﬁde,
1215 4447 1287 4504 ab
1318 4447 2026 4522 Arianis_victus_oceidi_-

371 4531 486 4580 tur.
512 4518 790 4578 Nonnulli
820 4518 1049 4590 quidem
1081 4521 1362 4590 episcopi,
1395 4519 1692 4576 catholica
1722 4518 2024 4588 religionis

2135 1898 2290 1973 notis
2319 1897 2618 1953 historicis
2645 1898 2712 1953 ad
2735 1900 2790 1973 S.
2832 1899 3222 1973 Eleutherium
3242 1917 3264 1973 _;
3298 1906 3610 1973 utrumque
3632 1903 3767 1958 enim

2133 1969 2258 2043 ejus
2291 1975 2503 2043 statum
2539 1976 2654 2043 tam
2704 1969 2820 2043 alte
2851 1969 3374 2043 insculpitanimo,
3423 1978 3489 2027 ut
3516 1969 3767 2043 ‘priorum

2133 2040 2312 2094 trium
2345 2039 2607 2115 Ecclesia
2638 2040 2978 2115 saeuiorum
3014 2041 3237 2115 nullius
3257 2039 3565 2111 provincia
3587 2043 3772 2115 imagi-

2134 2125 2260 2166 nem
2300 2117 2412 2166 tam
2444 2109 2656 2166 ali‘abre
2693 2111 3040 2167 elaboratam
3072 2109 3269 2168 fatear
3291 2127 3376 2168 me
3409 2115 3626 2171 vidisse
3672 2109 3774 2170 un—

2134 2195 2323 2251 quam.
2372 2182 2588 2238 Deinde
2620 2189 2683 2238 ut
2716 2197 2830 2238 uno
2855 2183 3010 2238 velut
3039 2183 3218 2240 ductu
3257 2185 3326 2238 ad
3369 2185 3632 2242 monachi
3661 2185 3773 2241 Au-

2135 2253 2357 2324 gustini
2393 2253 2856 2322 pradicationem
2889 2254 3102 2324 gradus
3135 2254 3252 2324 ﬁat,
3284 2269 3507 2312 summa
3541 2259 3658 2312 bac
3687 2255 3774 2311 fu-

2135 2324 2312 2378 sioris
2333 2323 2590 2380 historia
2610 2325 2798 2393 capita
2833 2323 3165 2381 meminisse
3212 2333 3454 2392 oportet.
3501 2327 3773 2384 Constan-

2136 2395 2260 2469 tino
2300 2393 2539 2450 formam
2592 2395 2822 2469 imperii
2853 2397 2925 2451 ab
2962 2395 3217 2451 Adriano
3257 2402 3636 2469 excogitatam
3663 2402 3774 2466 post

2134 2465 2428 2538 Nicanum
2459 2466 2772 2522 concilium
2795 2469 3174 2538 instaurante,
3198 2483 3264 2524 ac
3293 2465 3483 2525 diviso
3512 2469 3651 2526 orbe
3668 2465 3778 2522 Ro-

2137 2549 2303 2608 mano
2332 2536 2484 2591 inter
2512 2542 2762 2608 quatuor
2783 2539 3036 2606 pratorii
3071 2536 3364 2608 prafectos
3387 2559 3401 2606 ;
3425 2541 3607 2597 trium
3641 2540 3778 2595 dite-

2134 2605 2352 2660 cesium
2387 2612 2606 2679 tractus
2633 2605 2975 2675 Galliarum,
3007 2605 3439 2679 Hispaniarum,
3471 2610 3780 2666 Britannia-

2087 2690 2092 2695 ‘
2135 2690 2294 2748 rum:
2317 2674 2578 2748 prafecto
2612 2679 2867 2748 praetorii
2904 2674 3222 2736 Galliarum
3259 2674 3512 2738 obvenit.
3549 2681 3782 2737 Provin-

2134 2747 2238 2822 cia
2269 2747 2697 2822 Britanniarum
2727 2761 2758 2822 _a
2781 2750 3156 2822 Constantino
3185 2761 3434 2822 quatuor
3463 2754 3777 2815 instituta;

2135 2819 2239 2873 has
2288 2819 2588 2894 postmodo
2627 2819 3263 2894 _Valentinianusfecit
3306 2824 3576 2894 quinque
3619 2843 3634 2889 ;
3684 2829 3782 2876 tres

2137 2889 2513 2959 prasidiales,
2550 2889 2903 2944 Britanniam
2933 2892 2950 2943 l
2981 2899 3036 2945 et
3063 2893 3126 2956 ΙΙ,
3161 2900 3218 2948 et
3242 2889 3779 2959 Fl.‘Casariensem;

2134 2961 2468 3016 consulares
2498 2961 2663 3030 duas,
2707 2961 3010 3014 Maximam
3041 2963 3443 3019 Casariensem
3475 2973 3542 3021 et
3593 2964 3782 3020 Valen-

2133 3033 2294 3086 tiam.
2335 3032 2430 3106 Sic
2461 3032 2655 3106 divisa
2691 3031 2958 3106 diacesis
3003 3033 3303 3106 Spectabili
3343 3035 3582 3106 vicario
3615 3033 3782 3106 paruit

2135 3115 2316 3178 usque
2337 3103 2406 3157 ad
2435 3116 2579 3178 coss.
2616 3104 2823 3178 Houoi.
2854 3102 3006 3178 Aug.
3039 3105 3126 3157 VH
3157 3109 3212 3158 et
3232 3104 3520 3178 Theodos.
3557 3102 3702 3178 Aug.
3728 3105 3778 3178 il,

2081 3217 2100 3240 η
2133 3170 2254 3229 sive
2285 3187 2464 3242 usque
2493 3175 2560 3228 ad
2589 3186 2682 3228 an.
2703 3170 2825 3228 407.
2853 3170 2994 3228 Tum
3029 3187 3158 3229 vero
3179 3175 3554 3242 tyrannidem
3595 3170 3780 3241 induit,

2077 3252 2102 3276 λ
2135 3245 2449 3314 levatisque
2473 3258 2540 3299 ac
2567 3244 2722 3298 brevi
2749 3245 2915 3298 casis
2949 3247 3132 3299 Marco
3157 3251 3212 3298 et
3233 3243 3545 3316 Gratiano,
3582 3247 3782 3316 felicior

2133 3316 2393 3371 succedit
2408 3315 2802 3384 Constantius,
2831 3316 2932 3384 qui
2965 3316 3262 3384 trajiciens
3285 3315 3342 3368 in
3367 3315 3650 3382 Galliam,
3677 3315 3780 3372 uni-

2132 3400 2358 3442 versum
2381 3387 2609 3442 Gallum
2636 3387 3108 3458 Aquitanumque
3133 3385 3374 3458 militem
3401 3387 3472 3442 ad
3498 3403 3644 3444 suas
3665 3401 3780 3458 par-

2133 3464 2218 3513 tes
2249 3457 2447 3512 trahit.
2485 3457 2648 3512 Nacti
2685 3457 3042 3512 occasionem
3073 3456 3302 3512 barbari
3328 3457 3623 3515 invadunt
3658 3456 3780 3514 Gaio

2134 3528 2267 3597 lias,
2301 3528 2660 3597 Respublica
2691 3527 2907 3597 ubique
2949 3534 3246 3598 emergunt
3278 3529 3610 3598 irBritanni
3664 3528 3779 3598 ipsi,

2131 3595 2270 3655 dum
2301 3595 2568 3654 Alaricus
2600 3595 2830 3670 Romam
2862 3595 3152 3670 expugnat
3181 3612 3252 3654 an
3274 3595 3409 3670 709,
3447 3613 3580 3656 sese
3625 3595 3782 3656 in'li-

2134 3669 2406 3742 bertatem
2451 3676 2740 3726 asserunt.
2771 3668 2865 3725 Sic
2894 3668 3093 3742 magna
3118 3669 3335 3742 insula
3368 3671 3782 3742 pracipitide-

2135 3741 2380 3797 fectione
2409 3742 2479 3796 ab
2508 3742 2749 3811 imperio
2779 3739 3008 3810 avulsa,
3044 3741 3290 3810 primum
3323 3739 3570 3810 infelix,
3593 3739 3782 3798 deinde

2136 3815 2363 3868 misera.
2397 3815 2650 3869 Romano
2679 3813 2982 3882 spoliatam
3019 3813 3224 3882 milite,
3251 3813 3576 3884 pradaque
3606 3820 3780 3884 trans-

2136 3884 2490 3938 marinarum
2522 3885 2778 3956 gcntium
2803 3890 3137 3956 _patetitem,
3171 3898 3314 3955 agre
3347 3882 3594 3940 tuen—tur
3639 3882 3785 3956 indic

2135 3969 2315 4025 gena.
2353 3953 2545 4024 Quare
2567 3969 2718 4012 anno
2757 3953 2854 4010 421
2891 3955 3096 4026 legatis
3125 3953 3194 4011 ad
3225 3953 3544 4012 Honorium
3580 3953 3782 4026 missis.

2135 4027 2546 4095 subjectionem
2600 4028 2964 4096 promittunt,
3018 4029 3184 4083 modo
3229 4040 3262 4082 a
3303 4026 3483 4082 Pictis
3523 4033 3587 4083 et
3619 4025 3786 4096 Sectis

2138 4097 2506 4170 invasoribus
2523 4095 2867 4170 liberentur.
2893 4099 3068 4153 Roma
3100 4098 3352 4154 mittitur
3371 4097 3551 4170 legio;
3569 4098 3642 4154 ab
3665 4095 3785 4152 infe-

2135 4169 2488 4224 stationibus
2519 4169 2859 4237 liberantur,
2891 4170 2962 4224 de
2990 4171 3139 4224 muri
3177 4168 3450 4240 repagqu
3496 4172 3786 4240 admonenj

2135 4244 2250 4294 tur.
2290 4241 2439 4294 Nova
2487 4246 2671 4295 tamen
2702 4241 2924 4296 auxilia
2951 4254 2981 4295 a
3013 4237 3280 4296 lto-nanis
3317 4237 3506 4310 petita
3534 4237 3784 4310 sequenti

2134 4323 2328 4379 anno;
2363 4310 2422 4364 hi
2449 4317 2637 4365 autem
2683 4311 2908 4382 fatigati
2935 4309 3427 4382 expeditionibus,
3456 4311 3588 4367 vale
3615 4309 3688 4366 iis
3714 4309 3786 4364 di-

2134 4389 2293 4454 cunt.
2315 4382 2467 4454 Facti
2517 4383 2701 4454 igitur
2730 4383 2996 4438 saviores
3024 4384 3421 4454 transmarini,
3452 4383 3672 4452 pradis
3703 4393 3787 4435 ca-

2133 4451 2422 4525 dibusque
2441 4451 2753 4525 Britannia
2776 4453 3104 4510 infestiores
3124 4460 3262 4510 sunt
3285 4451 3469 4525 usque
3488 4455 3562 4510 ad
3587 4463 3784 4509 annum

2136 4519 2260 4598 446,
2309 4519 2438 4578 cum
2477 4524 2902 4598 wortigernus,
2960 4519 3538 4598 Britannorumirex,
3572 4527 3785 4598 _tentato

369 4595 490 4650 zelo
531 4592 892 4665 inﬂammati,
918 4591 1073 4665 _dum
1105 4591 1454 4665 dissidentes
1485 4590 1715 4644 barbari
1741 4590 2023 4665 Hispanas
2057 4600 2112 4662 D
2141 4597 2346 4650 iterum
2399 4590 2784 4665 nequidquam
2833 4590 3217 4653 Remanorum
3260 4595 3487 4652 auxilio
3525 4590 3607 4651 'ab
3637 4593 3784 4650 Aetio

371 4664 699 4736 provincias
729 4659 1076 4736 lacerabant,
1107 4661 1537 4736 catholicosque
1562 4661 2018 4736 _tamuvehemen-

366 4731 456 4794 ter
486 4733 958 4804 insequebantur,
985 4745 1178 4804 sacros
1207 4745 1453 4788 canones
1481 4731 1806 4788 defendisse
1828 4745 2026 4788 memo-

368 4815 588 4865 rantur.
626 4803 768 4860 Hinc
797 4809 884 4859 est
922 4803 1072 4874 quod
1103 4803 1272 4858 rebus
1313 4804 1378 4859 ad
1413 4810 1727 4859 extremum
1773 4805 2020 4872 miseris,

367 4879 604 4937 Romani
655 4877 999 4948 pontifices,‘
1023 4889 1105 4948 ne,
1130 4875 1414 4946 quidquid
1444 4877 1880 4945 jurisdictionis
1903 4883 2024 4948 erat

368 4954 519 5008 inter
545 4945 848 5021 episcopos
865 4945 1332 5021 confunderetur,
1362 4948 1671 5021 identidem
1689 4961 1884 5003 eorum
1911 4947 2022 5002 ali-

368 5037 556 5094 quem,
584 5019 704 5076 aelo
733 5021 957 5076 caeteris
988 5020 1465 5094 prastantiorem2
1498 5019 1782 5094 vicariaetu
1802 5025 2024 5094 aposto-

371 5089 482 5150 lico
513 5099 812 5160 ornarunt,
847 5099 910 5146 ut
941 5092 1123 5146 nullis
1153 5093 1408 5146 studium
1439 5091 1567 5146 ﬁdei
1601 5104 1666 5145 ac
1693 5089 2022 5158 disciplina

369 5165 663 5219 limitibus
683 5164 1094 5228 contineretur,
1115 5169 1173 5218 at
1197 5163 1527 5232 ubicunque
1547 5162 1794 5216 Ecclesia
1817 5161 2026 5217 catho—

371 5235 612 5291 licorum
641 5241 807 5303 esset,
831 5235 911 5288 ibi
941 5235 1250 5288 incolumis
1271 5235 1462 5289 eadem
1492 5239 1835 5288 servaretur.
1866 5235 2024 5288 Hunc

371 5307 642 5360 honorem
659 5306 914 5360 omnium
937 5306 1122 5372 primo
1135 5303 2024 5373 AsturicensiepiscopoTuribio

369 5388 494 5430 esse
520 5376 718 5447 datum
747 5375 1037 5447 legimusa
1060 5377 1238 5447 Leone
1253 5377 1454 5447 Magno
1479 5377 1762 5430 :eumdem
1790 5376 1890 5430 uni
1921 5381 2026 5430 aut

369 5446 536 5500 alteri
585 5445 905 5513 Hispalensi
936 5445 1278 5515 Simplicius
1302 5445 1364 5501 et
1388 5447 1689 5501 Hormisda
1733 5453 1867 5502 sunt
1908 5447 2026 5500 im-

371 5517 592 5584 pcrtiti,
638 5527 853 5570 necnon
893 5517 1095 5570 Joanni
1125 5517 1534 5572 Tarraconensi
1576 5517 1844 5586 episcopo
1875 5519 2024 5571 Hor-

371 5586 555 5640 misda
579 5587 728 5640 idem
765 5587 1063 5640 concessit.
1105 5587 1377 5642 Praterea
1415 5588 1554 5641 recti
1593 5587 1841 5656 ﬁdeique
1867 5599 2024 5642 sem-

371 5669 471 5724 per
499 5656 951 5710 retinentissima
984 5657 1257 5724 Hispania
1301 5658 1826 5712 turbuientissimis
1865 5658 2022 5711 hisce

369 5727 542 5780 etiam
585 5725 939 5792 temporibus
982 5726 1262 5780 nonnulla
1309 5727 1724 5782 catholicorum
1772 5728 2023 5782 concilia

369 5794 699 5866 celebravit,
743 5794 971 5864 aliaque
1006 5794 1204 5866 gessit
1218 5810 1327 5866 _non
1367 5809 1566 5866 pauca,
1599 5810 1719 5851 eam
1760 5797 2024 5852 incolen-

368 5868 516 5922 tium
540 5865 739 5937 gloria
772 5870 1042 5933 perpetuo
1063 5864 1418 5922 ascribenda.
1445 5866 1596 5934 Quid
1617 5880 1748 5924 vero
1768 5868 1796 5923 ἱ)
1812 5869 2024 5940 Hispa-

2138 4665 2412 4736 magistro
2441 4665 2692 4722 militum
2730 4667 3114 4724 Valentiniani
3145 4669 3236 4734 Ill,
3277 4668 3348 4723 de
3393 4669 3686 4724 Saxonum
3713 4675 3781 4734 pe-

2137 4738 2304 4806 tenda
2335 4751 2440 4806 ope
2469 4745 2664 4794 coacto
2693 4739 2943 4795 consilio
2969 4740 3268 4795 deliberat.
3380 4789 3396 4793 _

2209 4805 2294 4862 47.
2341 4805 2714 4878 Quamobrem
2763 4812 3026 4881 sequenti
3075 4824 3226 4866 anno
3271 4811 3438 4880 juxta
3481 4808 3779 4866 consilium

2137 4879 2472 4951 imprudens
2502 4895 2700 4950 procer
2715 4895 2821 4950 .im,
2848 4879 3031 4937 “missa
3073 4879 3355 4943 legatione
3388 4881 3608 4936 invitat
3635 4881 3782 4935 Saxo-

2133 4965 2254 5019 nes,
2329 4952 2429 5022 qui
2491 4954 2606 5022 jam
2661 4953 2766 5008 diu
2844 4968 3014 5022 regno
3085 4954 3212 5021 ejus
3271 4953 3602 5007 inhiabant.
3668 4953 3781 5022 Post

2133 5021 2432 5078 biennium
2496 5021 2854 5080 robustiores
2912 5021 3234 5079 Germaniae
3298 5023 3499 5094 populi
3557 5021 3778 5094 Angli.

2131 5094 2410 5172 Saxones,
2451 5095 2641 5172 Jutta,
2697 5096 3000 5172 Hengistro
3053 5096 3220 5172 duce,
3280 5089 3781 5172 prasidiumfaﬁtc-

2133 5172 2270 5220 runt
2319 5167 2637 5226 Britannis.
2693 5165 2837 5222 mox
2885 5166 3206 5236 periculum
3255 5166 3518 5221 allaturi.
3577 5165 3685 5236 Vix
3731 5165 3777 5215 in

2135 5237 2384 5310 insulam
2465 5239 2734 5310 ingressi,
2808 5233 3062 5310 sedeque
3139 5239 3196 5294 in
3277 5237 3552 5310 orientali
3637 5233 3779 5310 plaga

2133 5308 2470 5372 constituta,
2537 5308 2689 5365 ‘cum
2761 5309 2938 5364 Pictis
3041 5315 3097 5364 et
3195 5310 3383 5364 Scotis
3474 5309 3776 5365 decertant.

2132 5391 2342 5451 eosque
2393 5379 2450 5434 in
2501 5379 2692 5451 fugam
2747 5385 2995 5436 vertunt.
3049 5381 3402 5437 Conventum
3459 5386 3658 5448 postea
3708 5379 3780 5429 est

2136 5449 2286 5522 inter
2329 5449 2634 5508 Britannos
2671 5456 2730 5506 et
2757 5452 3230 5522 Anglo—Saxones
3271 5452 3382 5522 (ita
3420 5457 3540 5506 tres
3584 5463 3662 5506 ea
3704 5458 3778 5522 na-

2131 5521 2319 5598 tiones
2346 5523 2608 5598 _conﬁato
2640 5521 2870 5598 nomine
2907 5523 3227 5598 appellata)
3250 5528 3323 5598 _ut
3373 5521 3431 5576 hi
3469 5521 3775 5598 pugnarent

2135 5590 2193 5645 in
2236 5596 2522 5664 posterum
2575 5609 2675 5664 pro
2707 5590 3108 5650 Britannorum
3155 5590 3397 5650 laribus.
3441 5590 3675 5648 militia
3696 5590 3778 5664 _sii-

2135 5657 2340 5737 pendia
2395 5657 2708 5737 accepturi.
2764 5667 2980 5736 Pugnat
3014 5665 3422 5737 Wortigernus
3480 5677 3638 5719 anno
3691 5657 3775 5737 ῥὸο

2131 5745 2260 5808 eum
2307 5731 2591 5800 hostibus,
2631 5736 2815 5806 deque
2847 5731 2922 5791 iis
2950 5731 3237 5808 insignem
3278 5737 3590 5791 victoriam
3624 5731 3774 5808 refert

2133 5801 2867 5879 [aderator_um_auxiliis,
2921 5801 3101 5879 quare
3161 5808 3458 5879 pramium
3501 5806 3774 5879 eHengisto

2131 5874 2394 5955 Cantium
2435 5875 2704 5949 largitur.
2753 5874 2974 5936 Interea
3021 5874 3356 5952 Hengistus,
3411 5874 3777 5934 defectionem
