3906 6416
161 416 273 474 847

1248 421 1458 482 CENNI
1493 420 1857 478 PREFATIO
1894 423 1989 476 AD
2029 421 2371 478 CHRONOL.
2412 421 2554 490 SEQ.

3493 415 3602 474 848

172 554 407 615 nymus,
443 544 522 615 et!
547 546 863 599 coronatur
902 544 1082 615 Maria
1115 558 1261 601 uxor
1289 546 1385 601 die
1426 543 1489 600 2i
1538 546 1825 614 Octobris,
1852 544 1909 603 A
1939 546 1997 600 d.
2024 544 2125 613 20;
2161 560 2263 602 nec
2317 549 2612 602 remanent
2640 544 2757 599 nisi
2791 544 2929 599 anni
2954 541 3011 610 2,
3060 559 3134 600 m.
3157 542 3212 615 9,
3244 545 3302 600 d.
3331 541 3419 611 2l,
3445 542 3598 599 inter

169 620 236 667 ut
262 613 436 668 habet
463 613 857 683 Theophanes,
902 631 999 671 seu
1032 614 1103 672 25
1143 616 1490 682 Decembris,
1534 625 1598 673 ut
1626 613 1828 673 auctor

164 683 461 757 Miscellaaz
479 699 606 755 qua:
623 687 849 757 Pagius,
865 687 1222 743 similimodo
1237 690 1823 757 arguensBaronium.

170 727 461 829 Eir‘éﬁ'hTi'
480 727 1222 829 ίέςῖιῆἱιῖῒῐὲῖἰὶἕέζῖγῖῗ
1237 727 1483 827 Ἠῶῗὶἱῗ
1494 727 1587 827 δῖ’
1603 727 1826 829 ’6ὰὲἕὲὶί

168 839 355 880 nunc:
394 827 444 882 si
471 827 568 882 die
594 826 631 881 8
665 828 865 882 Octob.
911 826 1161 889 an.'7l6,
1191 838 1314 884 erat
1344 826 1405 883 in
1430 844 1607 885 cursu
1638 826 1826 884 annus

164 894 219 964 2,
257 899 484 962 Leonis,
507 911 574 952 ac
606 894 677 952 24
706 898 905 970 Octob.
931 901 1228 970 sequentis
1255 901 1392 954 anni
1426 902 1651 955 tertius.
1677 903 1824 970 gujo

168 980 298 1022 nam
322 970 433 1024 Leo
453 970 837 1039 inauguratus
863 968 1042 1026 fuerit
1065 972 1162 1027 die
1185 970 1256 1027 2i
1284 972 1477 1026 Martii
1500 972 1638 1027 anni
1668 968 1772 1025 747
1796 970 1825 1024 Ῡ

163 1039 333 1107 Apud
369 1041 716 1097 recentiores
737 1042 815 1096 sit
835 1040 995 1097 ﬁdes.

236 1108 329 1165 29.
357 1111 457 1166 Vel
491 1110 629 1166 hinc
671 1125 868 1169 omnes
906 1113 1103 1168 vident
1140 1114 1381 1168 Leonem
1408 1114 1673 1183 coepisse
1703 1113 1820 1167 im—

170 1193 372 1246 perare
397 1187 530 1254 ante
555 1192 805 1254 mensem
856 1183 1156 1239 Octobrem
1202 1187 1340 1239 anni
1399 1182 1527 1240 746.
1560 1184 1819 1254 Epistola

165 1258 368 1325 autem,
391 1253 606 1322 saapius
629 1253 861 1309 laudata
907 1256 1171 1325 Gregorii
1205 1258 1252 1310 Il
1295 1253 1621 1325 primordia
1655 1256 1820 1323 ejus—

166 1324 413 1395 petenda
432 1337 557 1379 esse
576 1326 779 1379 suadet
804 1331 935 1381 ante
968 1324 1214 1381 mensem
1243 1324 1629 1395 Septembrem
1655 1328 1820 1393 ejus-

162 1392 292 1468 dem
341 1395 502 1449 anni.
552 1396 855 1468 Equidem,
909 1402 973 1453 ut
1027 1399 1214 1453 dicam
1266 1392 1416 1468 quod
1470 1392 1820 1463 sentio,’Leo

162 1464 519 1521 acclamatus
542 1464 656 1522 fuit
679 1466 902 1522 Amorii
932 1468 1222 1537 principio
1247 1464 1637 1538 expeditionis
1663 1469 1729 1521 Sa
1742 1480 1819 1521 ra-

166 1548 468 1608 cenorum,
498 1537 743 1607 indeque
790 1551 972 1595 annos
999 1546 1262 1594 numerat
1294 1537 1688 1608 Theophanes,
1718 1539 1819 1607 qui

160 1606 318 1660 diem
344 1621 574 1678 quoque
600 1606 816 1677 innuit,
842 1623 1042 1679 nempe
1072 1608 1142 1664 2i
1171 1612 1384 1677 mensis
1414 1606 1608 1665 Martii
1634 1628 1649 1677 -,
1680 1608 1823 1663 falso

158 1682 354 1732 autem
385 1680 591 1747 Pagius
613 1680 821 1735 clamat
845 1689 1043 1735 contra
1074 1682 1377 1736 Baronium
1401 1682 1481 1735 ita
1507 1682 1823 1748 docentem,

170 1748 468 1803 inhaerens
493 1751 747 1818 ejusdem
791 1752 1158 1821 Theophanis
1185 1753 1546 1819 auctoritati,
1581 1751 1680 1821 qui
1708 1764 1826 1804 nu—

163 1826 351 1891 merat
380 1833 595 1891 annum
633 1824 883 1891 primum
939 1824 1146 1878 Leonis
1197 1823 1269 1876 ab
1315 1823 1413 1876 Ind
1447 1836 1519 1876 xv
1573 1828 1629 1877 et
1669 1834 1820 1875 anno

158 1889 332 1969 Alex.
383 1888 525 1969 7_(_)9;
559 1888 709 1947 recte
747 1894 902 1948 enim
954 1892 1817 1969 omniaAproceduntLetenim
1856 1912 1900 1969 Β

161 1966 279 2033 tam
318 1961 538 2018 indicto
571 1978 642 2017 xv
668 1977 836 2033 quam
866 1978 1054 2019 annus
1087 1960 1515 2033 706fincipiunt
1544 1963 1819 2017 Kalendis

153 2031 594 2100 Septembribus
615 2031 754 2089 anni
789 2035 1124 2103 Dionysiani
1150 2032 1289 2101 746;
1320 2031 1420 2089 nec
1441 2035 1600 2090 aliud
1628 2047 1818 2102 pecca-

154 2104 243 2175 vit
268 2104 646 2173 Theophanes
679 2117 850 2175 quam
900 2106 1212 2159 indicando
1246 2106 1436 2174 ipsum
1471 2118 1718 2161 mensem
1763 2110 1819 2159 et

149 2173 314 2228 diem
343 2175 595 2231 labentis
633 2173 795 2242 an‘ni,
830 2189 999 2244 quam
1030 2189 1146 2230 rem
1178 2173 1532 2245 persuasisse
1560 2183 1815 2242 putarem

152 2245 360 2317 Pugio,
397 2252 463 2300 ut
491 2248 749 2317 crederet
782 2246 1306 2317 chronographum,
1341 2249 1601 2303 consueti
1638 2247 1818 2302 moris

148 2314 435 2381 oblitum,
461 2331 573 2370 non
591 2316 846 2385 amplius
870 2314 1168 2372 numerare
1185 2314 1366 2374 annos
1380 2322 1662 2373 (la-sarum
1684 2330 1814 2373 cum

150 2400 313 2441 anno
359 2387 547 2453 civili,
600 2393 659 2441 at
700 2388 986 2457 singulari
1026 2389 1082 2442 in
1130 2391 1310 2444 Leone
1353 2390 1619 2444 methodo
1646 2403 1811 2443 usum

147 2470 300 2520 esse,
326 2459 443 2511 nisi
469 2458 539 2512 de
568 2460 773 2528 Leonis
800 2460 988 2527 ipsius
1012 2460 1302 2528 principio
1323 2462 1401 2515 ita
1426 2463 1641 2515 diserte
1666 2460 1812 2513 idem

150 2528 371 2601 Pagius
411 2532 523 2598 (an.
573 2526 698 2594 727,
744 2546 798 2581 η.
834 2526 939 2595 ⁷4);
1004 2526 1413 2601 JTheophan.,
1462 2532 1562 2601 qui
1612 2531 1815 2586 Leonis

152 2600 464 2654 exordium
484 2613 613 2653 cum
643 2613 794 2653 anno
816 2601 1170 2670 Dionysiano
1196 2600 1302 2656 746
1324 2600 1808 2669 ΓΘΟΙΕὈΟμυίξινίῐ,

152 2670 412 2738 primum
463 2670 694 2739 imperii
736 2671 861 2738 ejus
909 2684 1123 2726 annum
1169 2686 1201 2726 a
1232 2673 1356 2727 Kal.
1411 2671 1693 2741 Septemb.
1741 2673 1811 2727 de

152 2753 317 2795 more
340 2754 470 2796 cum
520 2754 671 2795 anno
710 2742 873 2795 civili
927 2742 1240 2797 inchoavit.
1278 2761 1303 2792 »
1349 2744 1439 2810 At,
1489 2744 1635 2798 bona
1677 2757 1808 2798 cum

149 2812 318 2884 Pagii
352 2812 537 2880 venia,
565 2812 704 2866 dum
749 2813 1122 2884 Theophanes
1146 2815 1216 2868 de
1244 2829 1397 2870 more
1427 2815 1637 2884 incipit
1667 2816 1810 2869 Leo—

152 2880 452 2937 nisannos
471 2897 602 2938 cum
625 2897 778 2938 anno
808 2884 971 2938 civili
996 2880 1125 2951 709,
1155 2899 1340 2940 nonne
1370 2880 1809 2941 omnisdoctri—

153 2966 228 3007 na
260 2953 391 3027 ejus
431 2959 640 3009 rueret.
675 2960 796 3010 tum
826 2955 895 3027 de
938 2956 1130 3010 reditu
1156 2958 1523 3027 TheOphanis
1559 2958 1616 3011 in
1654 2958 1803 3011 viam

148 3031 285 3093 post
315 3025 659 3081 diuturnum
694 3026 1240 3083 metachronismum
1277 3025 1477 3083 centra
1509 3029 1664 3083 viros
1694 3028 1807 3083 do-

145 3094 453 3151 ctissimos
476 3097 898 3151 Henschenium
920 3104 976 3152 et
998 3098 1450 3167 Papebrochium
1468 3099 1801 3154 continuari

143 3167 593 3233 contendentes;
623 3176 742 3223 tum
776 3170 846 3223 de
886 3169 1110 3224 ratione
1138 3172 1479 3226 numerandi
1510 3170 1580 3225 ab
1605 3170 1800 3225 eodem

142 3237 495 3306 Theophane
521 3238 806 3295 adhibita.
841 3239 891 3294 si
935 3254 1182 3295 mensem
1216 3243 1487 3296 Martium
1526 3243 1664 3296 anni
1694 3237 1801 3295 747

143 3310 481 3382 copulasset
500 3324 630 3365 cum
651 3306 759 3365 709
778 3310 1152 3366 Alexandrini
1190 3313 1479 3382 principio
1499 3312 1528 3365 ?
1562 3315 1803 3381 Insuper

140 3380 648 3454 animadversione
664 3383 835 3436 etiam
853 3382 1094 3453 dignum
1116 3380 1221 3449 est,
1242 3380 1397 3454 quod
1421 3380 1799 3439 indictionem

142 3463 219 3504 xv
247 3463 364 3524 non
388 3451 655 3523 adjungit
673 3451 1044 3521 Theophanes
1067 3451 1275 3509 Leonis
1294 3454 1652 3524 primordiis,
1681 3455 1796 3509 nisi

138 3534 275 3576 cum
312 3521 666 3592 loquitur‘de
694 3524 820 3591 ejus
852 3532 1031 3579 morte
1048 3532 1102 3579 et
1120 3526 1190 3579 de
1208 3521 1571 3580 successione
1585 3527 1795 3593 Copro-

142 3593 305 3665 nymi
333 3610 348 3659 ;
382 3608 493 3649 non
522 3596 675 3649 enim
707 3596 880 3665 aliam
907 3596 1110 3650 debuit
1138 3595 1367 3665 illigare
1392 3611 1519 3651 cum
1553 3597 1800 3665 Septem-

138 3663 237 3737 l_)ri_
268 3665 609 3737 Dionysiani
639 3666 775 3721 anni
807 3662 935 3737 746,
961 3667 1113 3722 unde
1141 3662 1797 3736 incipitAlexandrinus

132 3731 262 3808 709.
290 3731 509 3808 ibidem
537 3749 667 3791 vero
695 3743 843 3793 recte
876 3731 1097 3808 indicat
1130 3731 1505 3808 indictionem
1536 3752 1614 3803 1x,
1660 3740 1799 3808 quia

138 3807 213 3861 de
263 3807 365 3861 die
416 3808 541 3877 ipsa
573 3809 879 3863 emortuali
940 3806 1007 3863 48
1047 3810 1205 3863 Junii
1240 3810 1375 3863 anni
1407 3806 1506 3863 744
1561 3822 1651 3863 res
1680 3806 1795 3876 est,

137 3892 272 3931 cum
327 3891 478 3932 nona
521 3879 765 3933 indictio
815 3880 873 3934 in
919 3895 1094 3935 cursu
1154 3887 1297 3935 erat.
1359 3881 1683 3949 Eademque
1730 3882 1800 3935 de

136 3961 326 4020 causa,
348 3950 584 4005 orditur
609 3951 915 4019 imperium
942 3952 1195 4019 ejusdem
1222 3951 1567 4020 Copronymi
1599 3950 1671 4004 ab
1694 3964 1797 4006 eo—

135 4019 266 4073 dem
300 4019 732 4093 die‘emortuali
764 4023 1216 4093 etLindictione,
1255 4019 1399 4093 quas
1454 4019 1645 4093 illigat
1668 4035 1798 4076 cum

134 4104 291 4144 anno
344 4091 740 4146 Alexandrino
800 4090 927 4159 733,
982 4095 1154 4162 cujus
1195 4090 1385 4148 adhuc
1455 4090 1803 4161 supererant

137 4174 365 4235 menses
389 4163 506 4217 duo
538 4177 605 4218 ac
633 4164 760 4218 dies
782 4164 1084 4219 duodecim
1111 4184 1123 4219 :
1160 4179 1329 4235 quam
1359 4165 1637 4219 minutam
1664 4166 1800 4235 ani-

136 4233 590 4305 madversionem
632 4235 987 4305 negligentes
1007 4233 1400 4291 Hense‘henius
1429 4243 1484 4290 et
1513 4234 1799 4303 Papebro—

133 4304 334 4376 chius,
363 4304 1280 4363 continuari’metachronismum
1312 4321 1494 4376 usque
1520 4306 1589 4360 ad
1626 4309 1793 4361 tinem

136 4374 491 4448 Copronymi
525 4377 909 4432 tradiderunt.
943 4379 1219 4434 Caeterum
1251 4374 1626 4448 Theophanes
1645 4378 1793 4432 duos

143 4447 457 4513 pnrdictos
479 4461 700 4501 menses
719 4449 921 4503 acdies
941 4450 1243 4505 duodecim
1261 4451 1397 4504 anni
1412 4447 1790 4505 Alexandrini

130 4515 241 4571 733
274 4531 380 4587 pro
426 4531 579 4573 anno
623 4519 813 4575 solido
863 4527 1126 4576 numerat
1171 4521 1342 4576 semel
1370 4528 1426 4576 et
1470 4524 1677 4576 iterum
1732 4522 1789 4574 in

129 4589 516 4660 C0pronymo,
561 4604 727 4659 quem
768 4592 1078 4660 imperasse
1116 4593 1200 4647 ait
1252 4606 1435 4648 annos
1476 4592 1565 4659 35,
1599 4594 1793 4647 mani—

129 4659 279 4715 festo
301 4662 417 4714 sibi
446 4659 868 4727 contradicens,
909 4676 1037 4717 nam
1068 4666 1126 4718 in
1158 4667 1355 4731 Leone,
1381 4666 1640 4719 eumdem
1675 4664 1793 4718 im-

132 4745 381 4807 perasse
417 4733 897 4807 docueratsolos
948 4732 1037 4789 34.
1071 4740 1149 4789 Ac
1201 4736 1438 4807 proinde
1480 4737 1790 4806 utriusque

126 4804 385 4874 Augusti
409 4808 631 4859 aetatem
664 4803 733 4876 ad
766 4818 949 4859 annos
975 4803 1357 4876 Dionysianos
1387 4803 1791 4862 accommoda-

129 4883 245 4948 tam
275 4888 411 4948 cum
444 4874 839 4948 curonologia
867 4874 1234 4946 Theophanis
1262 4878 1413 4933 haud
1442 4885 1784 4948 pugnantem

127 4947 217 4999 sic
250 4945 725 5016 considerouteo
758 4945 1038 5016 ’lsaurus,’
1062 4949 1413 5003 acclamatus
1441 4945 1662 5003 Amorii
1694 4950 1789 5003 die

125 5015 198 5072 25
228 5017 428 5071 Martii
459 5029 553 5071 an.
580 5013 707 5085 7-l6,
745 5017 987 5143 imperat
1018 5013 1116 5075 an.
1149 5018 1241 5083 25,
1273 5017 1418 5076 m.2.
1445 5019 1501 5073 d.
1530 5018 1635 5085 25;
1663 5033 1791 5075 mo-

129 5090 288 5143 ritur
314 5089 416 5142 die
471 5086 539 5142 48
578 5090 738 5143 Junii
786 5086 819 5143 7
864 5089 912 5143 4.
941 5091 1355 5143 Constantinus
1396 5090 1790 5143 Conronvmus

129 5090 288 5160 ritur
314 5089 416 5142 die
464 5086 539 5160 48
578 5090 738 5143 Junii
786 5086 912 5143 744.
941 5091 1355 5145 Constantinus
1396 5090 1790 5160 Copronymus

129 5159 383 5229 imperat
424 5158 498 5214 ab
528 5160 723 5230 eodem
752 5172 905 5217 anno
931 5168 986 5217 et
1015 5161 1452 5230 dieemortuali
1484 5158 1663 5230 patris
1693 5175 1783 5216 an.

126 5228 229 5295 34,
252 5245 332 5301 ω.
363 5230 418 5294 2,
453 5231 509 5284 d.
541 5228 646 5293 26;
682 5233 928 5288 moritur
956 5234 1052 5288 die
1081 5228 1147 5285 44
1165 5228 1515 5301 Septembris
1536 5247 1627 5288 an.
1660 5230 1788 5289 775).

200 5299 293 5357 30.
351 5302 692 5373 Itaquenil
734 5305 894 5371 pensi
957 5304 1175 5359 habitis
1239 5299 1547 5373 postremis
1584 5305 1790 5360 Leonis

130 5374 325 5446 annis
342 5385 475 5446 cum
509 5371 677 5427 falsis
704 5375 1130 5431 Indictionibus
1146 5371 1454 5444 copulatis,
1486 5389 1792 5446 rerumque

125 5446 279 5499 serie
294 5444 616 5516 diligenter
631 5446 1015 5502 considerata.
1046 5459 1115 5501 ne
1134 5447 1357 5505 :lectam
1382 5461 1413 5500 a
1436 5444 1792 5516 TheOpha'nze

124 5523 359 5570 tetatem
390 5515 574 5583 hujus
611 5517 775 5584 impii
807 5518 1047 5571 Caesaris
1092 5518 1345 5587 implevi.
1376 5515 1794 5588 numerumque

125 5600 415 5641 annorum
445 5588 813 5655 Copronymi,
843 5588 914 5641 ah
939 5591 1183 5657 ipsomet
1210 5590 1552 5657 Theophane
1586 5593 1795 5645 incon-

125 5666 351 5713 stanter
387 5657 913 5730 inituerestitui.
944 5661 1086 5712 lliuc
1121 5660 1303 5730 liquet
1338 5662 1488 5729 quod
1531 5674 1598 5715 ex
1624 5662 1795 5715 annis

126 5730 213 5791 62,
273 5724 458 5797 ηιη4,
492 5728 551 5781 d.
600 5725 686 5795 12,
712 5730 811 5797 qui
862 5724 1213 5785 exrcuraunt
1262 5724 1532 5786 ab'Junii
1581 5734 1794 5787 mensis

125 5802 221 5854 die
275 5800 332 5865 3,
365 5796 666 5870 713,7cum
698 5796 1159 5870 inaugurabatur
1204 5802 1564 5865 Anastasius,
1618 5804 1681 5856 ad
1730 5801 1794 5858 44

124 5871 413 5940 Septemb.
440 5869 573 5937 775,
599 5869 973 5941 emortualem
992 5872 1354 5941 Copronymi,
1376 5874 1492 5927 duo
1515 5873 1795 5929 scelestis-

127 5939 259 5999 simi
284 5941 575 6014 Augusti,
609 5939 704 5994 hic
729 5945 785 5994 et
805 5947 983 6010 pater,
1016 5939 1372 6012 imperarunt
1399 5956 1492 5997 an.
1517 5944 1607 6011 59,
1639 5958 1709 5999 ιη.
1735 5946 1790 6015 5,

1936 618 2307 673 Anastasium
2355 622 2410 673 et
2440 616 2823 671 Theodosium
2852 616 3185 671 dividundi.
3236 615 3314 671 Ac
3356 616 3595 685 proinde

1937 689 2009 743 ab
2054 690 2357 744 Anastasio
2411 689 2468 742 in
2529 688 2790 742 ordinem
2850 688 3075 742 redacta
3125 689 3358 742 ineunte
3403 699 3593 741 mense

1937 761 2143 816 Martio
2183 774 2253 815 an
2291 757 2416 823 746,
2467 764 2595 827 post
2652 758 2884 826 imperii
2917 770 3100 813 annos
3150 761 3319 825 duos,
3367 770 3591 812 menses

1941 844 2158 898 novem,
2183 830 2506 885 Theodosio
2538 843 2649 883 non
2676 835 2975 898 remanent
3003 842 3185 897 usque
3214 830 3284 883 ad
3303 828 3592 882 acclama-

1937 908 2057 958 tum
2088 896 2325 956 Leonem
2358 901 2474 955 nisi
2502 901 2629 955 dies
2663 899 2880 968 praefati
2914 896 3002 965 2i,
3033 896 3164 954 cum
3188 905 3373 953 tamen
3407 905 3590 953 teste-

1936 980 2033 1026 tur
2082 972 2476 1040 Theophanes
2546 985 2675 1026 eum
2733 971 3046 1038 imperasse
3101 983 3317 1024 annum
3382 982 3584 1038 unum,

1933 1056 2153 1097 menses
2185 1048 2320 1111 tres,
2351 1044 2689 1113 priusquam
2724 1042 2990 1097 indueret
3022 1040 3386 1113 monachum.
3427 1040 3591 1108 Qua-

1932 1120 2164 1183 propter
2187 1114 2353 1182 juxta
2386 1127 2573 1169 rerum
2617 1113 2823 1177 seriem
2855 1126 2953 1181 per
2986 1126 3072 1167 me
3100 1112 3331 1166 allatam
3363 1117 3419 1166 et
3445 1115 3593 1183 Ana;

1930 1180 2121 1245 stasii,
2190 1180 2250 1239 et
2320 1184 2650 1252 Theodosii,
2712 1190 2769 1238 et
2824 1180 3035 1238 Leonis
3099 1190 3357 1251 tempora
3409 1180 3586 1236 simul

1929 1263 2230 1311 contexere
2255 1268 2400 1324 opus
2427 1261 2533 1310 est.
2578 1268 2647 1309 ne
2679 1259 2762 1308 tot
2806 1258 3036 1324 tamque
3081 1254 3258 1309 varia:
3282 1252 3588 1324 opiniones

1933 1327 2317 1381 recentiorum
2364 1325 2732 1395 Theophanis
2760 1324 3237 1395 chronographize
3270 1323 3586 1395 praeferan-

1932 1404 2046 1451 tur.
2074 1396 2363 1465 Objicient
2380 1393 2622 1450 fortasse
2653 1396 2838 1465 aliqui
2867 1402 2950 1450 tot
2968 1393 3294 1464 pontificias
3309 1393 3586 1465 epistolas

1931 1463 2384 1522 annum‘Leonis
2409 1480 2509 1536 per
2540 1479 2627 1520 me
2658 1463 3015 1532 restitutum,
3058 1466 3208 1535 quod
3237 1473 3402 1519 antea
3429 1463 3586 1518 fece—

1934 1546 2021 1592 rat
2051 1535 2426 1592 doctissimus
2452 1536 2733 1592 Baronius
2763 1537 3107 1591 auctoritate
3136 1535 3443 1605 Menologii
3474 1536 3587 1589 Ba—

1934 1609 2156 1671 siliani.
2185 1611 2366 1663 eidem
2399 1607 2645 1664 auferre.
2686 1608 2790 1661 Sed
2839 1607 3170 1676 hujusmodi
3203 1606 3580 1674 objectionem

1934 1680 2200 1735 diluendi
2234 1693 2406 1734 causa
2444 1679 2661 1747 duplex
2718 1679 2924 1732 Leonis
2964 1677 3317 1748 principium
3351 1677 3583 1748 videtur

1934 1751 2440 1817 considerandum,
2474 1746 2603 1804 cum
2634 1763 2665 1803 a
2696 1746 2987 1805 militibus
3010 1746 3361 1804 acclamatus
3388 1746 3503 1801 fuit
3527 1752 3583 1801 et

1933 1835 2065 1876 cum
2096 1835 2361 1876 coronam
2394 1822 2633 1890 accepit.
2663 1821 2809 1874 Hinc
2855 1828 2942 1876 est
2971 1820 3121 1890 quod
3168 1833 3350 1874 annos
3379 1818 3582 1873 Leonis

1934 1894 2247 1961 pontificiaa
2291 1892 2497 1947 litterae
2543 1905 2654 1947 non
2705 1900 3005 1947 numerant
3052 1892 3124 1947 ab
3166 1890 3581 1961 acclamatione

1928 1959 2151 2018 Amorii
2204 1964 2372 2031 facta,
2430 1964 2526 2018 sed
2584 1977 2617 2017 a
2659 1963 3031 2018 coronatione
3104 1968 3328 2032 peracta
3388 1959 3574 2029 Cpoli,

1933 2043 2231 2105 postquam
2264 2034 2647 2089 Theodosium
2668 2034 3083 2105 monachicum,
3102 2033 3580 2105 institutum_am-

1930 2101 2132 2174 plexus
2160 2112 2266 2159 est.
2295 2106 2447 2160 Hanc
2474 2119 2605 2160 vero
2634 2110 2689 2159 et
2741 2117 2931 2160 rerum
2976 2104 3155 2160 series
3183 2116 3359 2172 supra
3403 2101 3578 2156 allata

1927 2183 1985 2230 et
2019 2177 2278 2246 epistblze
2317 2177 2627 2246 utriusque
2652 2175 2917 2246 Gregorii
2945 2177 2994 2229 ll
3018 2183 3075 2231 et
3119 2176 3189 2230 III
3219 2175 3426 2229 docent
3455 2185 3579 2228 esse

1930 2248 2134 2302 factam
2195 2261 2385 2302 mense
2416 2246 2734 2314 Decembri,
2784 2255 2840 2302 et
2866 2247 3097 2315 quidem
3146 2246 3368 2312 adulto,
3406 2246 3486 2299 ita
3516 2250 3580 2298 ut

1926 2332 2056 2373 cum
2083 2321 2188 2373 Leo
2217 2319 2379 2373 dedit
2404 2318 2629 2373 litteras
2647 2318 2927 2387 Gregorio
2957 2320 3025 2385 ΙΙ,
3082 2319 3202 2373 ind.
3230 2329 3349 2383 xw,
3390 2316 3580 2370 haud—

1926 2390 2063 2445 dum
2103 2403 2371 2444 coronam
2420 2390 2648 2458 imperii
2683 2391 3038 2459 accepisset;
3072 2404 3187 2459 quo
3234 2388 3577 2443 discrimine

1930 2460 2080 2515 inter
2100 2462 2498 2529 Theophanem
2518 2468 2573 2515 et
2589 2462 2925 2529 pontiﬁcum
2942 2462 3167 2516 litteras
3189 2459 3572 2527 inobservato,

1928 2532 1987 2585 in
2037 2531 2304 2599 scopulos
2336 2545 2485 2600 saepe
2514 2531 2797 2587 offendere
2844 2531 3349 2601 compelleremur:
3396 2542 3575 2599 quare

1925 2602 1985 2656 in
2012 2604 2190 2657 Leone
2207 2603 2494 2673 distingui
2522 2609 2747 2671 Oportet
2767 2604 3240 2658 acclamationem
3263 2608 3318 2655 et
3342 2613 3576 2656 corona-

1923 2674 2156 2728 tionem.

1990 2741 2076 2798 34.
2111 2745 2365 2813 Jamque,
2425 2749 2488 2797 ut
2519 2744 2662 2798 mihi
2730 2744 2945 2811 videor,
2984 2743 3128 2799 satis
3185 2741 3458 2812 prmfatus
3511 2742 3572 2796 in

1918 2814 2353 2885 chronologiam
2395 2814 2705 2870 Caesaream
2753 2815 3130 2884 pontificium,
3178 2814 3419 2870 evhibeo
3458 2814 3573 2885 Fa-

1916 2893 2037 2940 stos
2063 2900 2258 2957 regum
2304 2887 2807 2957 Langobardorum
2862 2892 2918 2940 et
2965 2886 3346 2941 exarchorum
3390 2884 3574 2940 Italiae

1915 2971 2015 3011 seu
2048 2959 2366 3011 Ravennae:
2431 2958 2565 3013 illos
2600 2958 2832 3028 quidem
2869 2958 3056 3027 primo
3086 2957 3231 3019 loco,
3280 2962 3574 3025 utcunque

1914 3028 2144 3083 exarchi
2176 3042 2273 3083 eos
2303 3030 2672 3098 przeiverint;
2699 3042 2829 3084 nam
2860 3028 3040 3084 veluti
3071 3028 3305 3084 effectus
3334 3040 3569 3082 causam

1913 3100 2199 3168 sequitur,
2237 3099 2347 3172 ita,
2382 3099 2778 3172 Langobardis
2814 3106 2878 3155 ut
2918 3101 3274 3162 resisterent,
3312 3099 3475 3153 missi
3506 3098 3565 3152 in

1912 3172 2136 3225 Italiam
2163 3171 2418 3241 exarchi,
2455 3171 2585 3241 post
2620 3184 2819 3227 eorum
2852 3184 3011 3241 reges
3043 3174 3449 3227 recenseantur
3479 3181 3575 3224 ne-

1832 3280 1880 3342 Ο
1910 3255 2067 3297 (38856
2095 3248 2201 3296 est.

2124 3383 2339 3439 FASTI
2382 3383 2525 3440 ΒΕΘ
2534 3384 2643 3439 UM
2682 3384 2877 3441 LANG
2886 3382 3217 3440 OBARDOR
3227 3382 3349 3436 ΠΜ.

1983 3522 2032 3577 4.
2055 3522 2416 3594 ALBOINUS.
2440 3523 2817 3594 Langobardi,
2840 3535 3033 3594 annos
3063 3519 3132 3577 42
3166 3522 3227 3594 in
3273 3521 3567 3594 Pannonia

1910 3594 2140 3662 morati,
2172 3606 2324 3648 anno
2352 3592 2476 3657 568,
2519 3592 2615 3649 die
2644 3593 2681 3650 2
2712 3593 2936 3662 Aprilis
2970 3595 3028 3647 in
3076 3593 3298 3647 Italiam
3329 3592 3570 3662 profici-

1908 3670 2173 3729 scuntur,
2231 3664 2378 3718 duce
2437 3664 2704 3719 Alboino.
2776 3664 2984 3719 Forum
3036 3665 3256 3719 Iulium
3308 3665 3563 3732 primum

1911 3737 2209 3792 invadunt.
2243 3734 2443 3803 ibique
2468 3736 2668 3789 relicto
2697 3733 2984 3804 Gisulpho
3014 3742 3237 3803 nepote,
3278 3734 3564 3789 Alboinus

1908 3807 2172 3877 sequenti
2198 3818 2349 3859 anno
2374 3805 2670 3877 Liguriam
2715 3812 2958 3875 occupat
2984 3806 3080 3861 die
3104 3806 3281 3877 tertia
3302 3805 3565 3875 Septem-

1910 3876 2053 3944 bris,
2086 3891 2151 3930 ac
2183 3876 2564 3932 Mediolanum
2596 3877 2961 3946 ingreditur:
2986 3876 3156 3945 paulo
3188 3882 3315 3945 post
3338 3889 3565 3946 aggres-

1910 3965 2011 4006 sus
2040 3949 2328 4016 Ticinum,
2374 3948 2629 4002 triennio
2668 3943 2939 4003 absoluto
2968 3943 3090 4003 eam
3122 3943 3278 4018 capit
3307 3943 3557 4015 ani—573,

1911 4022 2216 4080 sedemque
2240 4019 2453 4088 regiam
2490 4019 2769 4074 instituit.
2809 4020 2957 4074 idem
3009 4034 3139 4074 cum
3192 4020 3263 4074 ab
3296 4019 3562 4089 ingressu

1913 4090 2641 4162 lilediolani,Septembris
2677 4091 2869 4159 initio,
2904 4104 3056 4146 anno
3084 4089 3210 4159 569,
3266 4096 3562 4162 regnasset

1910 4178 2002 4219 an.
2054 4162 2104 4229 3,
2142 4176 2213 4216 m.
2249 4161 2302 4230 6,
2358 4162 2728 4217 uosemundze
2774 4162 2976 4217 uxoris
3003 4163 3244 4217 insidiis
3270 4160 3560 4216 occiditur

1910 4236 2162 4301 Veronae,
2216 4247 2406 4289 mense
2454 4234 2660 4289 Martio
2711 4232 3146 4301 ineunte(Paul
3180 4234 3317 4287 Diae
3362 4232 3445 4286 lib
3492 4245 3554 4301 Il,

1902 4307 2032 4360 Hist
2058 4308 2299 4373 Lmigob,
2327 4323 2463 4375 capp
2489 4303 2543 4371 7,
2577 4304 2630 4371 9,
2662 4303 2753 4375 25,
2779 4302 2870 4372 ⁸26,
2896 4300 2986 4371 27,

1975 4380 2332 4433 2.CLEPHO.
2385 4379 2679 4433 Exstincta
2717 4391 2846 4431 cum
2897 4376 3146 4431 Alboino
3196 4375 3353 4446 regia
3404 4377 3558 4431 Lan-

1905 4450 2287 4521 gobardorum
2307 4450 2521 4515 sobole,
2553 4450 2740 4520 gentis
2769 4449 2897 4517 ejus
2926 4447 3329 4521 nobilissimus
3344 4446 3557 4521 Clepho

1906 4518 2168 4576 unanimi
2197 4535 2484 4577 consensu
2507 4518 2605 4577 rex
2622 4521 2903 4590 eligitur;
2937 4521 3038 4590 qui
3070 4518 3280 4574 exsilio
3305 4524 3361 4573 et
3390 4518 3556 4573 caidi-

1903 4591 2015 4647 bus
2082 4595 2364 4649 Romanos
2411 4593 2638 4665 aﬂligit,
2680 4594 2910 4665 demum
2971 4590 3287 4665 jugulatur_
3322 4605 3353 4644 a
3408 4592 3553 4665 suis,

1818 4682 1872 4744 ι)
1906 4672 2205 4744 postquam
2240 4667 2499 4744 regnavit
2536 4661 2649 4744 ἔληξ-
2689 4664 2757 4744 4,
2790 4678 2874 4744 m._
2908 4667 2962 4732 6,
3009 4661 3209 4744 nempe
3231 4661 3308 4744 ab
3356 4662 3552 4744 eodem

1906 4733 2093 4790 mense
2117 4733 2651 4794 litartioemortuali
2671 4736 2878 4792 Alboni
2911 4733 3146 4804 an.573,
3176 4735 3246 4789 ad
3268 4733 3547 4804 Septemb.

1899 4804 2005 4879 574
2030 4808 2187 4879 (Paul
2223 4810 2358 4861 Diae
2393 4808 2475 4862 lib
2499 4822 2558 4863 ιι.
2595 4824 2700 4879 cap
2718 4807 2827 4873 34).

1971 4878 2025 4933 3.
2093 4878 2452 4933 AUTHAltls.
2497 4881 2685 4951 __P_ost
2767 4879 3078 4935 decennale
3155 4880 3550 4951 interregnum

1902 4961 2085 5019 usque
2119 4951 2187 5003 ad
2233 4963 2449 5021 annuzu
2492 4948 2618 5013 584,
2655 4964 2769 5019 quo
2807 4952 2983 5003 duces
3010 4951 3255 5017 triginta
3290 4948 3551 5021 quinque

1899 5022 2091 5076 omnia
2120 5019 2417 5089 tyrannice
2448 5021 2722 5074 moderati
2754 5026 2936 5089 erant,
2972 5033 3173 5089 magna
3216 5019 3344 5076 cuin
3376 5021 3556 5076 Italiae

1900 5088 2227 5147 calamitate
2277 5091 2435 5159 (Diae
2464 5089 2552 5160 lib
2607 5103 2667 5149 li,
2728 5103 2833 5160 cap
2862 5088 2969 5151 32;
2995 5088 3087 5160 AS.’
3118 5091 3287 5160 Greg,
3349 5092 3473 5144 Dial
3500 5097 3551 5145 et

1900 5162 2075 5233 epist),
2104 5163 2160 5216 in
2188 5158 2436 5217 consilio
2458 5159 2770 5233 universali
2802 5158 3300 5233 Langobardorum
3321 5172 3552 5215 creatur

1900 5230 2179 5290 Autharis
2209 5233 2479 5299 Arianus,
2508 5243 2676 5299 quem
2711 5230 2926 5297 Clepho
2965 5242 3035 5283 ex
3062 5231 3319 5285 Messana
3345 5243 3551 5285 susce-

1904 5301 2676 5376 perat.7Duces_ditnidi_um
2738 5312 2936 5376 eorum
2996 5314 3124 5369 quae
3177 5300 3551 5370 possidebant

1902 5371 2197 5447 regalibus
2239 5373 2443 5429 usibus
2496 5371 2935 5447 t_rgi_buunt.__nllﬁic
2980 5378 3107 5439 post
3151 5382 3391 5447 regnum
3450 5384 3549 5426 sex

1903 5440 2207 5515 annorum,
2262 5447 2332 5499 ab
2386 5458 2478 5499 an.
2511 5440 2617 5497 584
2665 5443 2733 5498 ad
2779 5441 2904 5515 590,
2965 5455 3199 5515 veneno,
3226 5440 3301 5496 ut
3344 5441 3549 5507 fertur,

1905 5512 2415 5575 occubuitTicini
2465 5516 2634 5568 nonis
2663 5512 3114 5584 Septembribus,
3172 5526 3301 5566 cum
3356 5517 3553 5570 eodem

1904 5604 2055 5646 anno
2086 5590 2275 5643 edicto
2306 5586 2596 5641 sanxisset
2628 5600 2695 5639 ne
2734 5588 2794 5640 in
2822 5584 3091 5638 Paschate
3124 5584 3558 5653 baptizarentur

1910 5662 2069 5732 pueri
2103 5660 2434 5732 Lhristiano
2482 5662 2603 5732 ritu
2647 5657 2804 5727 (Diac
2838 5655 2920 5710 lib
2966 5668 3049 5726 lli,
3085 5670 3188 5724 cap
3239 5653 3326 5719 46,
3365 5664 3422 5713 et
3448 5656 3553 5728 34,

1903 5725 1957 5790 S.
1994 5736 2141 5801 Greg
2176 5731 2253 5783 lib
2289 5745 2323 5797 ι,
2353 5725 2576 5801 εμᾼ47).

1978 5802 2030 5858 4.
2082 5799 2527 5863 AGlLUIJ’iiUS,
2581 5800 2682 5869 qui
2727 5799 2899 5855 etiam
2954 5799 3084 5852 Aco.
3137 5800 3269 5855 Post
3320 5805 3553 5857 mortem

1903 5874 2181 5933 Autharis
2221 5874 2417 5942 regina
2448 5871 2839 5927 'l‘heudeliuda
2879 5884 3117 5925 assensu
3151 5871 3559 5943 Langobardo—

1907 5961 2033 6005 rum
2051 5944 2164 6001 sibi
2189 5945 2355 6015 eligit
2376 5944 2666 6012 maritum,
2691 5948 2748 5999 et
2770 5956 2955 6013 regem
2979 5947 3136 5998 creat
3152 5941 3553 6013 Agilulphum,
