3906 6388
182 400 281 461 824

1255 404 1466 462 CENNI
1503 403 1865 463 PBJEFATIO
1902 404 1997 463 AD
2036 405 2382 465 CHRONOL.
2421 405 2568 474 SEQ.

3503 397 3615 462 822

184 531 297 606 bat,
327 535 384 588 et
409 545 509 606 rex
540 531 859 604 legitimus,
894 534 993 604 qui
1013 532 1128 591 fuit
1151 536 1413 591 venenati
1445 535 1694 606 liquoris
1721 547 1839 589 sce-
1863 534 1923 595 A
1952 535 2259 591 emortuali
2302 533 2368 593 13
2394 537 2527 591 Jun.
2560 532 2781 606 illigari
2837 535 3065 606 Oportet
3092 531 3179 606 vel
3217 544 3432 606 paucos
3475 535 3609 588 ante

185 603 322 659 lesta
344 603 619 660 unctione
642 619 742 659 seu
777 603 1007 674 potione
1031 606 1087 662 in
1126 607 1408 662 insaniam
1442 603 1640 662 versus
1669 606 1838 661 inva—

185 677 332 749 seris
352 676 607 749 ejusdem
628 676 819 749 jussu,
848 678 1183 733 numerabat
1207 679 1364 749 regni
1390 680 1480 734 sui
1506 692 1720 734 annum
1748 674 1833 733 10.

185 748 392 819 Pagius
422 747 803 803 Adaloaldum
840 749 1081 804 rediisse
1125 750 1183 804 in
1216 747 1448 819 regnum
1480 748 1624 804 falso
1653 754 1834 819 putat,

182 818 406 874 duobus
434 818 1203 889 monumentisdeceptusﬁn
1220 818 1431 875 lellar.
1464 818 1674 875 Cassia.
1696 826 1834 875 tom.

180 890 244 958 Il)
275 904 401 960 quae
447 890 708 945 vitiatam
753 904 865 959 prze
896 905 955 946 se
999 890 1193 947 ferunt
1222 894 1431 947 datam.
1484 893 1836 960 lndictiones

182 959 389 1019 habent
438 961 715 1016 nimirum
764 974 836 1015 xv
882 969 938 1016 et
988 976 1023 1024 ι,
1059 964 1229 1019 annis
1258 963 1537 1021 Adaloadi
1571 960 1636 1017 16
1683 970 1737 1017 et
1769 959 1834 1018 17

179 1030 479 1104 adjunctas
503 1045 694 1087 mense
710 1032 999 1104 Augusto;
1018 1048 1147 1089 cum
1161 1034 1471 1091 doceamur
1489 1035 1833 1089 documento

178 1102 566 1177 alioiejusdem
602 1102 827 1159 mensis
864 1102 1070 1177 indict.
1114 1120 1172 1161 rx
1216 1106 1637 1177 (Ughell.,1tal.
1680 1104 1827 1177 Sae.,

178 1180 217 1228 t.
266 1174 351 1245 IV)
398 1176 454 1230 in
507 1188 683 1231 cursu
742 1189 865 1230 esse
915 1175 1079 1232 illius
1121 1174 1335 1232 annum
1393 1176 1445 1241 3,
1474 1174 1545 1232 ac
1591 1176 1831 1246 proinde

180 1246 470 1314 praedictis
501 1246 703 1301 indict.
742 1248 990 1302 indicari
1021 1260 1204 1303 annos
1234 1246 1302 1303 12
1330 1253 1387 1303 et
1417 1245 1503 1303 43.
1526 1248 1685 1317 Quod
1714 1247 1830 1302 mi—

179 1330 270 1373 ror
299 1331 408 1374 cur
432 1318 603 1388 Pagio
635 1323 992 1388 perspectum
1026 1332 1138 1375 non
1166 1318 1344 1375 fuerit
1371 1338 1388 1380 :
1421 1333 1552 1376 nam
1598 1318 1831 1374 laudata

178 1395 541 1444 monumenta
557 1389 813 1458 ejusdem
830 1388 1071 1445 Bullarii
1094 1392 1508 1460 praeitdonatio
1526 1389 1825 1460 Agilulphi

210 1461 394 1515 ariter
411 1461 633 1527 Vitiata,
656 1461 869 1531 quippe
888 1474 1013 1531 qua:
1026 1475 1241 1519 annum
1262 1460 1830 1532 Agilulphi18copu-

194 1537 253 1604 at
270 1545 401 1586 cum
427 1532 629 1587 indict.
647 1546 701 1585 v.
720 1533 981 1603 Augusto
996 1547 1208 1602 mense,
1229 1534 1466 1603 quierat
1482 1536 1830 1604 conjungen-

171 1602 426 1675 duscum
456 1604 574 1657 ind.
598 1616 703 1665 xu,
732 1609 795 1659 ut
812 1602 880 1658 ex
897 1604 1147 1659 dictisin
1168 1602 1427 1675 catalogo
1453 1602 1820 1673 satis‘liquet.

356 1674 671 1743 Operosius
697 1676 1000 1745 aliquanto
1026 1672 1826 1744 estDiacouichronologiam

169 1745 424 1800 evolvere
447 1745 517 1801 ab
546 1746 720 1802 initio
748 1747 1018 1803 Rotharis
1044 1749 1112 1804 ad
1145 1748 1500 1804 invasionem
1529 1745 1828 1804 Grimoal—

167 1815 223 1870 di
254 1836 272 1882 ς
304 1816 604 1872 Rotharim
637 1819 852 1888 quippe
881 1818 1135 1888 incipere
1169 1832 1320 1874 anno
1349 1817 1455 1875 636
1491 1820 1609 1886 jam
1667 1818 1829 1873 vidi—

1950 606 2075 661 dies
2100 608 2346 675 desumi,
2366 621 2495 664 cum
2518 605 2702 661 eidem
2726 604 3022 669 aegrotanti
3042 604 3212 661 tertio
3236 604 3393 674 regni
3418 616 3608 665 mense

1954 683 2016 739 ut
2063 674 2530 749 gratiﬁcarentur
2581 675 2963 749 Langobardi,
3011 674 3197 749 tilium
3237 675 3375 749 ejus
3416 675 3608 733 adhuc

1949 746 2286 818 superstitis
2330 751 2658 806 levaverunt
2691 746 2721 802 ξ
2741 747 2991 815 tametsi,
3041 760 3110 802 ne
3134 747 3201 818 in
3235 746 3455 803 incerto
3487 759 3604 818 rem

1950 816 2194 892 poisitam
2227 836 2457 892 sequar,
2485 821 2636 876 diem
2663 820 2848 892 ipsam
2867 816 3238 892 emortualem
3275 817 3603 892 Ansprandi

1947 889 2019 957 43⁵
2038 892 2195 962 Junii
2231 889 2579 962 principium
2604 890 2763 961 regni
2794 889 3133 962 Liutprandi
3154 889 3494 962 constituto,

2016 960 2108 1019 34.
2142 959 2455 1033 Eapropter
2482 959 2792 1031 utriusque
2814 959 3328 1033 regis,Grimoaldi
3355 967 3409 1015 et
3432 961 3600 1033 Liui:

1944 1035 2174 1104 prandi,
2192 1027 2481 1106 principia
2503 1027 2747 1090 invicem
2769 1027 2915 1106 milii
2942 1032 3514 1106 disjungunturann‘i
3533 1027 3603 1106 49

1941 1098 2000 1177 et
2022 1098 2256 1177 menses
2288 1098 2535 1177 aliquot.
2570 1119 2701 1160 nam
2732 1098 3318 1177 totidemAejcurrunt
3340 1098 3510 1177 a__683
3531 1102 3600 1161 ad

1938 1174 2065 1233 742.
2100 1178 2275 1234 Paulo
2298 1172 2487 1233 aufem
2510 1177 2761 1232 Diacono
2783 1182 2921 1231 sunt
2943 1172 3050 1231 552
3074 1181 3130 1231 et
3161 1173 3429 1235 nonnulli
3456 1185 3607 1229 meu-

1941 1261 2067 1305 ses:
2106 1249 2205 1318 dat
2235 1249 2526 1318 siquidem
2575 1245 2911 1318 Grimoaldo
2935 1258 3118 1318 annos
3143 1241 3602 1318 9_;,Bertbarido,

1942 1326 2070 1389 post
2094 1316 2128 1373 3
2160 1313 2381 1375 menses
2406 1325 2617 1388 creato,
2668 1314 2774 1389 13;
2810 1316 3125 1389 Cuuiberto
3171 1313 3258 1387 42,
3302 1313 3603 1389 Liutberto

1943 1386 2123 1447 mens.
2153 1389 2519 1461 8;Ariperto
2549 1386 2643 1444 an.
2680 1386 2777 1461 12,,
2814 1388 3215 1461 incompletos,
3251 1387 3599 1461 quibuscum

1943 1457 2489 1518 numerat'ince’rtos
2540 1458 2912 1531 Ragumberti
2960 1470 3220 1531 menses,
3270 1457 3341 1513 ac
3371 1457 3601 1531 demum

1938 1534 2278 1601 Ansprando
2303 1534 2403 1589 dat
2435 1528 2657 1587 menses
2682 1538 2799 1587 tres
2828 1547 2841 1601 _:
2871 1530 2972 1600 qui
3005 1530 3064 1585 in
3092 1542 3373 1586 summam
3401 1528 3600 1591 collati

1938 1599 2195 1660 efﬁciunt
2224 1618 2405 1659 annos
2435 1601 2506 1659 52
2537 1609 2593 1658 et
2623 1603 2770 1658 duos
2816 1599 2933 1657 fere
2982 1614 3223 1659 menses.
3260 1601 3468 1659 Omnia
3508 1606 3603 1656 ta-

1940 1689 2067 1730 men
2103 1676 2425 1745 procedent,
2451 1675 2501 1731 si
2535 1674 2711 1745 trium
2740 1674 2997 1745 priorum
3026 1687 3221 1745 regum
3254 1685 3437 1745 annos
3467 1684 3595 1728 cum

1938 1746 2234 1823 Sigeberto
2258 1753 2319 1823 et
2355 1744 2778 1823 recentioribus
2811 1744 3188 1823 incompletos
3218 1744 3594 1823 accipiamus,

1941 1825 2004 1872 ut
2032 1820 2089 1891 in
2125 1819 2384 1891 catalogo
2418 1817 2692 1891 iudicavi,
2726 1816 2886 1891 quod
2908 1817 3030 1886 ipse
3054 1817 3352 1891 piaconus
3390 1816 3600 1875 fatetur

168 1900 295 1942 mus
326 1884 873 1959 ,invasum'au'tem
926 1884 1107 1945 fuisse
1162 1904 1398 1959 regnum
1432 1904 1463 1946 a
1489 1884 1825 1947 Grimoaldo
1858 1896 1904 1956 Β
1936 1891 2007 1945 de
2036 1884 2343 1945 Bertaridd
2364 1890 2479 1959 (lib.
2520 1905 2571 1959 v,
2623 1884 2780 1959 capp.
2819 1885 2891 1943 35
2935 1884 2992 1942 et
3050 1884 3157 1959 37),
3209 1901 3310 1945 nec
3359 1891 3600 1944 mortem

165 1970 315 2014 anno
341 1958 447 2015 663
478 1960 778 2015 manifeste
808 1961 1063 2016 ostendit
1113 1958 1385 2030 prolbgus
1424 1963 1551 2029 ejus
1583 1962 1771 2032 legum
1807 1979 1819 2014 :

159 2032 324 2085 Anno
349 2033 457 2085 Deo
482 2034 726 2101 prepitio
753 2032 1022 2101 regnimei
1041 2038 1212 2101 sea-to,
1232 2047 1411 2085 mense
1438 2034 1602 2094 Julia,
1628 2032 1821 2086 indict.

159 2114 237 2163 χι,
276 2116 407 2170 quae
432 2100 648 2158 annum
676 2102 897 2157 indicat
925 2100 1049 2156 668.
1083 2102 1271 2170 Quare
1316 2103 1467 2158 inter
1492 2101 1597 2158 636
1638 2109 1693 2157 et
1722 2100 1827 2158 663

158 2176 289 2227 ante
312 2186 568 2230 mensem
592 2172 810 2228 Julium
834 2180 1047 2240 septem
1075 2180 1130 2227 et
1147 2172 1355 2240 viginti
1373 2174 1509 2229 anni
1529 2174 1705 2229 solidi
1725 2187 1829 2228 nu-

161 2250 478 2313 merantur,
513 2257 644 2299 cum
677 2249 984 2313 occurrant
1011 2244 1163 2313 apud
1207 2241 1522 2301 Diaconum
1555 2245 1692 2300 anui
1732 2241 1822 2313 3-1,

158 2326 387 2383 menses
416 2309 475 2383 7,
506 2314 634 2369 dies
680 2309 751 2383 7;
781 2327 933 2383 nam~
953 2309 1192 2369 Rotbari
1224 2314 1323 2369 dat
1367 2328 1461 2371 an.
1506 2314 1592 2371 46.
1648 2330 1719 2370 m.
1769 2309 1823 2379 4,

154 2380 467 2457 Βοᾱοξιιᾱσ
507 2398 601 2457 an.
676 2380 852 2457 5,1d.
894 2380 953 2457 7,
1008 2385 1276 2457 Ariperto
1337 2400 1431 2457 an.
1480 2384 1514 2441 9
1568 2386 1826 2457 ﬁliisque

156 2455 277 2528 ejus
302 2456 615 2528 ,Bertarido
646 2463 702 2510 et
732 2455 1053 2512 Godeberto
1082 2454 1236 2528 a111,
1270 2471 1344 2513 ω.
1378 2456 1433 2513 3.
1465 2454 1825 2528 Quapropter

154 2525 429 2581 Bacchini
476 2527 809 2594 opinionem
858 2540 986 2583 sum
1031 2527 1348 2596 amplexus,
1391 2525 1504 2598 qui
1543 2525 1821 2584 Rodoaldi

159 2603 380 2652 aetatem
411 2597 651 2652 metitur
677 2611 807 2652 cum
830 2611 1004 2668 regno
1021 2599 1225 2667 patris,
1248 2599 1325 2654 ita
1350 2597 1586 2655 ut’mors
1608 2601 1822 2655 utrius-

160 2681 283 2737 que,
304 2680 621 2741 paucorum
644 2668 873 2741 dierum
902 2669 1272 2741 discrimine.
1302 2683 1415 2741 uno
1441 2672 1818 2741 eumdemque

158 2750 302 2794 anno
327 2740 603 2813 evenerit,
637 2741 831 2809 Neque
860 2739 917 2795 id
952 2753 1161 2813 novum
1191 2740 1343 2810 apud
1389 2739 1812 2813 Langobardos,

160 2824 399 2883 quorum
430 2815 556 2883 erat
582 2810 642 2883 in
676 2816 857 2865 morte
897 2812 1172 2880 positum,
1205 2810 1597 2883 Augustorum
1628 2828 1810 2882 exem,

162 2880 267 2949 plo,
299 2880 455 2955 filios
485 2881 602 2955 sibi
649 2882 943 2955 asciscere
976 2883 1060 2955 in,
1085 2880 1442 2955 consortium
1495 2884 1677 2955 regni.
1728 2880 1812 2940 Ita

158 2958 282 3024 ante
306 2952 609 3024 Rotharim
642 2950 779 3008 fecit
806 2953 1181 3024 Agilulphus,
1210 2955 1380 3023 cujus
1398 2954 1504 3015 filii
1534 2950 1812 3011 A'daloal—

156 3022 211 3081 di
267 3036 451 3080 annos
556 3020 641 3093 10,
720 3020 884 3080 cum'
924 3020 1104 3080 matre
1164 3020 1561 3081 Theudelinda
1616 3033 1810 3097 aperte

158 3099 413 3168 admei-at
450 3097 743 3155 Diaconus
772 3102 899 3168 post
929 3102 1166 3168 mortem
1210 3098 1393 3168 patris
1423 3096 1646 3168 (llb.1v,
1683 3115 1802 3168 cap.

158 3160 273 3242 13);
307 3165 416 3242 ﬂlii
445 3173 633 3242 autem
665 3160 939 3242 itotharis
968 3181 1059 3224 an.
1084 3160 1229 3242 5,_d'.
1256 3166 1311 3242 7,
1345 3160 1809 3242 nondistingu‘it

154 3234 221 3310 ab
248 3234 416 3310 annis
445 3238 631 3308 patris
658 3237 773 3308 (lib.
808 3252 886 3310 1v,
915 3255 1034 3309 cap.
1089 3237 1197 3310 50).
1247 3239 1332 3295 Ab
1381 3241 1577 3296 eodem
1619 3234 1804 3297 tamen

154 3306 461 3383 Bacchinio
505 3306 682 3383 unius
707 3311 843 3367 anui
862 3306 1217 3383 discrimine
1244 3310 1550 3383 disjuugor
1579 3313 1651 3367 ob
1681 3317 1807 3368 tar-

154 3377 280 3455 dius
298 3380 369 3436 ab
398 3394 469 3437 eo
500 3382 818 3455 constituta
848 3381 1102 3455 Brioaldi
1137 3377 1610 3455 primordia'cum
1634 3384 1804 3455 Sigo-

160 3449 265 3520 nio,
296 3466 421 3521 quae
456 3466 547 3508 res
599 3453 910 3523 producere
956 3449 1162 3509 indict.
1212 3465 1251 3507 ιι
1302 3454 1477 3509 edicti
1532 3449 1803 3511 Rotharis

154 3533 274 3596 eum
306 3524 593 3593 compulit
649 3538 834 3596 usque
861 3524 929 3596 ad
963 3523 1087 3579 Kal.
1127 3524 1360 3579 Januar.
1391 3525 1541 3595 quod
1600 3526 1801 3582 multis

154 3590 455 3668 damnatur
484 3590 767 3666 exemplis
797 3596 855 3651 in
891 3590 1795 3668 historiareguiLangobardici,

154 3664 310 3739 cujus
334 3667 537 3739 ipsum
588 3664 943 3738 principium
980 3681 1074 3739 an.
1125 3664 1250 3734 869,
1285 3666 1383 3722 die
1442 3664 1611 3724 te'rtia
1656 3664 1802 3739 Sep;

154 3736 399 3814 tembris,
458 3736 733 3814 signatur
784 3736 1237 3814 per_iud_ict._m,
1283 3744 1502 3814 certum
1537 3736 1798 3814 profecto

157 3807 425 3882 indicium
486 3807 643 3882 quod
701 3807 1057 3882 Langobardi
1106 3810 1373 3882 Caesarea:
1455 3807 1797 3868 indictionis

158 3889 310 3935 usum
331 3880 642 3950 habebant,
674 3896 707 3937 a
738 3880 860 3939 Kal.
886 3881 1166 3951 Septemb.
1198 3881 1555 3950 incipientis.
1584 3888 1799 3939 tzaetera

158 3952 479 4024 procedunt.
508 3953 616 4024 Sed
643 3966 708 4024 ea
734 3968 861 4024 qua:
882 3959 1210 4022 sequuntur
1225 3952 1297 4009 ab
1328 3953 1651 4010 invasionis
1671 3955 1799 4010 Gri-

161 4022 353 4078 moaldi
383 4038 540 4080 anno
569 4022 676 4080 663
698 4022 766 4080 ad
813 4025 1163 4095 principium
1198 4025 1538 4094 Liutpraudi
1572 4038 1800 4082 necesse

160 4097 236 4167 est
265 4101 320 4167 ut
350 4096 797 4153 considerantur
820 4104 1072 4167 spectato
1096 4096 1260 4166 prius
1282 4097 1621 4165 Liutprandi
1654 4098 1702 4166 ej
1716 4113 1801 4155 us-

160 4160 272 4218 dem
305 4165 495 4224 initio.
524 4169 640 4223 Hoc
687 4182 819 4224 vero
844 4160 1162 4224 desiderari
1215 4160 1531 4238 quidquam
1580 4160 1800 4226 ceriius

164 4244 262 4288 non
288 4251 449 4310 posse
470 4238 708 4296 videtur
735 4256 749 4309 ;
774 4241 989 4310 quippe
1011 4240 1159 4310 quod
1206 4239 1534 4294 desumitur
1552 4252 1585 4294 a
1618 4249 1799 4296 morte

166 4309 554 4394 patrisncujus
579 4312 857 4394 memoria
881 4309 1300 4394 ’_ex,stat_'i‘icini
1328 4310 1527 4394 basin
1565 4313 1801 4394 epigra:

168 4374 389 4455 phesub
411 4374 542 4452 eius
576 4382 798 4439 tumulo
831 4386 1075 4455 :patum
1096 4385 1292 4455 Papiae,
1305 4383 1392 4437 die
1425 4374 1627 4438 Iduum
1644 4374 1802 4439 junii

164 4448 336 4524 indict.
363 4468 415 4521 ι,
437 4448 648 4524 nempe
676 4468 827 4510 anno
854 4451 979 4511 742.
1016 4448 1185 4524 quani
1216 4453 1379 4509 alfert
1420 4456 1609 4509 Horat.
1640 4456 1800 4512 Blan-

166 4517 293 4577 chus
320 4524 375 4577 ν.
404 4517 463 4579 C.
494 4526 557 4581 in
583 4517 717 4582 'suis
745 4527 898 4582 notis
926 4527 996 4582 ad
1033 4517 1208 4581 'Paul.
1250 4526 1588 4581 Diaconum.
1621 4532 1804 4584 Cum-

168 4602 266 4658 que
304 4598 725 4669 eaepigraphe
774 4599 1029 4654 concinit
1054 4598 1326 4668 prologus
1348 4598 1687 4667 Liutprandi
1714 4600 1801 4655 le—

1936 1961 2236 2017 Cuniberti
2269 1957 2601 2017 eisannum
2623 1957 2732 2015 700
2762 1957 3144 2029 perducamus
3186 1977 3199 2016 :
3236 1972 3433 2030 regum
3466 1971 3599 2015 vero

1939 2041 2188 2102 quatuor
2219 2033 2318 2103 qui
2370 2039 2773 2103 successerunt
2803 2030 3271 2103 chronologiam,
3304 2029 3593 2103 proposita

1940 2100 2131 2160 rerum
2180 2100 2350 2167 serie,
2407 2118 2537 2172 mox
2578 2102 2840 2172 expedio.
2928 2100 3181 2157 Moriens
3245 2100 3597 2172 Cuuibertus

1936 2182 2181 2230 exeunte
2220 2188 2371 2231 anno
2404 2170 2511 2230 700
2536 2170 2853 2230 committit
2882 2186 3120 2244 regnum
3144 2171 3441 2231 Liutberto
3471 2171 3597 2244 tilio

1936 2245 2045 2301 sub
2079 2255 2266 2301 tutore
2288 2246 2646 2316 Ansprando,
2673 2242 3219 2302 DuxTaurinatium
3254 2242 3599 2316 Ragumber-

1937 2323 2051 2385 tus,
2082 2317 2182 2386 qui
2213 2325 2345 2373 ante
2374 2312 2556 2374 annos
2585 2315 2656 2372 38
2698 2315 3020 2374 Godeberto
3070 2321 3229 2387 patre
3269 2312 3592 2383 interfecto,

1935 2402 1999 2443 ac
2029 2388 2291 2444 invasore
2318 2388 2652 2445 Grimoaldo
2681 2389 3021 2445 connivente
3050 2392 3328 2455 evaserat,
3350 2387 3408 2443 in
3436 2398 3595 2455 spem

1938 2459 2159 2529 paterni
2194 2460 2353 2527 regni
2377 2467 2605 2516 erectus
2629 2458 2842 2515 bellum
2865 2464 3050 2514 movet
3075 2458 3432 2528 Ansprando.
3455 2458 3595 2515 Octo

1934 2530 2244 2586 elabuntur
2281 2544 2520 2593 menses,
2549 2531 2687 2589 dum
2717 2544 2876 2586 arma
2907 2530 3185 2600 utrinque
3218 2531 3498 2599 parantur
3524 2541 3592 2600 ac

1936 2615 2127 2655 mense
2170 2602 2406 2657 circiter
2432 2603 2581 2657 Maio
2611 2615 2730 2671 seq.
2766 2601 2904 2657 anni
2934 2596 3034 2656 704
3069 2596 3411 2671 confligitur
3438 2599 3589 2668 apud

1930 2673 2205 2747 Ijlovaram
2233 2691 2246 2726 :
2280 2673 2656 2747 Ansprandus
2672 2670 2728 2727 et
2758 2671 3027 2747 Rotharit
3048 2670 3167 2747 dux
3190 2672 3589 2747 Bergomatum

1929 2741 2190 2814 fmderati
2224 2741 2593 2812 superantur,
2618 2742 3041 2814 Ragumbertus
3061 2742 3120 2799 in
3149 2742 3361 2799 solium
3379 2754 3590 2797 ascen-

1924 2812 2033 2896 dit,
2063 2813 2226 2896 brevi
2241 2815 2515 2896 moritur,
2534 2820 2574 2896 ᾼ
2586 2812 2841 2896 ripertus
2855 2813 3016 2896 illius
3030 2820 3248 2896 regnat.
3270 2815 3589 2896 Iieparatur

1925 2883 2159 2953 bellum,
2195 2885 2259 2940 ﬁt
2308 2899 2496 2957 pugna
2520 2883 2795 2957 atrocior,
2856 2883 3117 2957 foederati
3177 2885 3583 2957 proﬂigantur,

1923 2962 2089 3041 capto
2114 2962 2169 3039 et
2194 2958 2393 3040 occiso
2400 2956 2609 3041 lpuero
2638 2956 2958 3041 Liutberto,
2992 2956 3189 3041 fugato
3203 2956 3582 3041 _A.nsprando,

1922 3025 2551 3108 Hothariinexsilium
2578 3028 2763 3108 pulso.
2786 3025 3165 3108 Ansprandus
3185 3028 3416 3108 deinde,
3447 3025 3584 3108 fuga

1920 3097 2152 3166 elapsus
2174 3099 2232 3153 in
2253 3097 2683 3155 Commaceuam
2709 3097 2982 3172 insulam,
3013 3099 3201 3172 copiis
3226 3100 3454 3172 petitur
3470 3097 3581 3172 iis

1920 3165 2109 3244 autem
2144 3183 2211 3226 ac
2235 3177 2527 3242 comperta
2548 3172 2617 3228 ad
2648 3172 2945 3244 Bajoarios
2971 3165 3035 3244 se
3058 3165 3269 3244 recipit
3290 3183 3442 3244 anno
3470 3165 3579 3244 702

1836 3271 1885 3335 C
1922 3239 1982 3296 in
2015 3240 2182 3335 tinem
2209 3239 2499 3335 yerg'elnte,
2527 3248 2590 3299 ut
2617 3239 3128 3335 erudict‘enPagius,
3177 3239 3369 3335 motus
3414 3239 3576 3335 Bauli

1916 3314 2263 3387 auctoritate
2304 3311 2418 3385 (lib.
2452 3311 2530 3387 vi,
2585 3311 2897 3387 capp._22),
2953 3311 3021 3387 ac
3057 3311 3235 3387 simul
3289 3311 3581 3387 concilia-

1918 3383 1995 3439 tis
2033 3385 2205 3439 annis
2237 3383 2563 3441 tetrarchian
2592 3383 2990 3452 Theodeberti,
3038 3383 3321 3440 observat.
3365 3384 3574 3441 Novem

1918 3453 2210 3525 ibiannos
2234 3455 2460 3511 exsulat
2500 3456 2772 3525 ;decimo
2817 3469 2951 3512 vero
3011 3454 3267 3523 ineunte,
3292 3453 3407 3525 qui
3453 3458 3578 3513 erat

1911 3521 2038 3594 742,
2068 3539 2199 3580 cum
2233 3521 2520 3582 tetrarcha
2549 3525 3029 3582 Theodebertoet
3057 3521 3340 3594 Bajoraiis'
3369 3527 3575 3594 praesto

1911 3602 2017 3665 est,
2054 3609 2170 3651 rem
2201 3597 2350 3667 gerit
2377 3596 2560 3653 dubio
2592 3605 2771 3667 marte
2792 3597 2942 3653 baud
2968 3594 3409 3667 proculTicino.
3432 3594 3575 3650 Ari—

1913 3672 2111 3736 pertus
2137 3666 2440 3723 se’victum
2470 3675 2701 3736 putans,
2736 3666 2870 3793 fuga
2899 3668 2957 3723 in
2991 3666 3288 3723 Franciam
3318 3671 3567 3736 arrepta.

1913 3738 2112 3793 Ticino
2145 3739 2425 3793 mergitur
2452 3738 2607 3793 circa
2623 3739 2774 3793 diem
2838 3736 2874 3793 3
2896 3738 3110 3793 Martii.
3143 3743 3209 3793 ut
3235 3736 3442 3793 suadet
3469 3736 3567 3793 tri~

1908 3738 2112 3793 Ticino
2145 3739 2425 3809 mergitur
2452 3738 2607 3794 circa
2623 3739 2774 3795 diem
2808 3736 2874 3795 13
2896 3738 3110 3806 Martii,
3143 3743 3209 3795 ut
3235 3736 3442 3809 suadet
3469 3736 3573 3809 tri-

1910 3816 2117 3865 mestre
2148 3806 2765 3881 Ansprandiregnum,
2798 3811 2897 3881 qui
2924 3810 3287 3867 utdiximus.
3321 3806 3566 3872 13Juuii

1908 3881 2159 3948 ejusdem
2175 3882 2313 3936 anni
2336 3880 2881 3951 occubuitmortem,
2900 3881 3101 3937 relicto
3125 3881 3246 3937 lilio
3269 3882 3573 3951 Liutprane-

1908 3952 1982 4007 do
2016 3970 2030 4020 ;
2062 3966 2227 4023 quem
2253 3951 2608 4023 Langobardi
2635 3958 2767 4009 ante
2790 3954 2973 4023 patris
2993 3953 3216 4010 obitum
3243 3953 3568 4009 levaverant

1912 4022 2118 4091 regem.
2154 4023 2337 4093 Hujus
2368 4022 2630 4079 stabilito
2642 4024 2970 4151 Eprinrigio,
3000 4039 3131 4081 cum
3161 4026 3450 4081 Diaconus
3478 4036 3564 4079 re-

1912 4108 2083 4151 anum
2102 4095 2153 4150 ei
2176 4096 2395 4151 tribuat
2416 4108 2619 4151 annor.
2685 4093 2735 4151 1.
2766 4111 2838 4151 ω.
2893 4138 2910 4151 .
2943 4096 3300 4151 illiaavimus
3328 4102 3564 4151 mortem

1910 4095 2153 4170 gnumei
2176 4096 2395 4170 tribuat
2416 4108 2619 4151 annor.
2642 4093 2838 4170 31,111,
2854 4093 2910 4170 7,
2943 4096 3566 4170 illigavimusmortem

1909 4165 2039 4222 cum
2069 4167 2166 4222 die
2210 4165 2273 4223 13
2308 4167 2540 4239 Januar.
2588 4181 2681 4222 an.
2726 4165 2852 4238 744,
2898 4165 3107 4224 contra
3164 4168 3561 4239 Bacchinium,

1911 4240 2011 4309 qui
2049 4252 2199 4294 anno
2229 4238 2517 4308 superiori
2549 4244 2605 4295 et
2634 4246 2868 4297 mortem
2901 4240 3242 4310 Liutprandi
3268 4244 3325 4295 et
3356 4238 3567 4310 Racbis

1913 4311 2267 4382 principium
2292 4311 2623 4377 constituit,
2669 4310 2973 4368 historiam
3003 4309 3161 4368 Libri
3208 4309 3565 4369 Pontiﬁcalis

1912 4397 2025 4439 non
2068 4389 2237 4452 recte,
2271 4387 2334 4438 ut
2366 4382 2509 4438 mihi
2538 4383 2786 4455 videtur,
2813 4384 3246 4455 interpretatus,
3270 4396 3438 4453 quem
3468 4396 3566 4440 sev-

1912 4455 2012 4525 qui
2068 4455 2340 4524 deinceps
2375 4468 2601 4511 necesse
2628 4456 2742 4512 erit
2770 4475 2785 4521 ;
2819 4470 2949 4513 cum
2981 4461 3161 4512 morte
3206 4455 3360 4513 enim
3393 4456 3567 4512 Liut-

1913 4525 2116 4596 prandi
2150 4526 2389 4597 explicit
2410 4528 2662 4583 Historia
2685 4529 2845 4585 Pauli
2867 4528 2938 4585 de
2965 4528 3136 4585 rebus
3160 4526 3567 4598 Langobardo—

1914 4612 2060 4670 rum.
2094 4600 2353 4667 Spectata
2389 4599 2575 4669 igitur
2600 4614 2730 4656 cum
2761 4602 2955 4656 eodem
2982 4601 3157 4657 Paulo
3184 4610 3380 4670 regum
3404 4606 3562 4655 octo-

166 4674 296 4749 gym‘
319 4684 332 4719 :
358 4668 658 4749 dnpoﬂeo
680 4672 920 4740 propitio
947 4671 1102 4736 regni
1128 4673 1238 4749 mei
1252 4671 1432 4749 primo
1454 4671 1638 4739 pridie
1672 4673 1797 4725 Kal.
1828 4686 1883 4749 D
1911 4669 2097 4725 decim
2127 4668 2522 4749 chronologia,
2552 4671 2859 4749 videndum
2890 4678 3066 4749 restat
3089 4668 3328 4749 quidde
3341 4683 3575 4749 succes-

165 4728 315 4788 Mart.
365 4740 562 4793 indict.
594 4728 906 4810 xr.'neinpe
956 4728 1105 4796 anno
1134 4728 1271 4796 713:
1312 4728 1539 4797 Necn‘ou
1590 4756 1804 4798 monu—

170 4812 399 4887 mentum
432 4811 812 4887 Parmenonis
843 4812 1182 4887 monialium
1212 4813 1267 4868 S.
1285 4812 1643 4887 yarimets.
1679 4814 1805 4887 Au-

168 4875 353 4935 reliani
389 4883 563 4939 titulo
590 4896 621 4938 a
647 4884 917 4940 Senatore
962 4884 1184 4940 conditi
1228 4902 1240 4938 :
1278 4884 1452 4939 Filius
1498 4886 1806 4939 honorandi

168 4943 379 5025 Albini,
412 4959 460 5008 et
491 4956 875 5011 Theodolindw
900 4959 1161 5022 regnante
1189 4956 1533 5025 Liutprando
1584 4972 1730 5025 anno
1768 4955 1805 5012 3

168 5023 308 5098 regni
331 5024 444 5098 ejus
476 5042 508 5080 v
532 5027 658 5083 Kal.
701 5027 944 5083 Decemb.
973 5027 1167 5080 indict.
1210 5023 1406 5098 xui—id
1437 5032 1525 5081 est
1552 5041 1645 5082 an.
1672 5024 1803 5098 744,

170 5093 305 5157 quod
338 5095 508 5153 refert
556 5098 851 5154 Mabillou.
886 5099 1095 5168 (Itiuer.
1130 5098 1285 5167 Ital.)
1309 5096 1510 5153 Obiter
1550 5098 1647 5154 hic
1674 5093 1805 5155 mo-L

172 5171 266 5216 neo
293 5172 352 5220 ut
388 5169 727 5225 Mabillonio
756 5170 941 5226 eidem
974 5182 1087 5224 non
1130 5168 1407 5224 audiatur
1438 5168 1706 5226 referenti
1733 5185 1802 5226 ex

173 5243 501 5317 monasterio
523 5240 1089 5317 augustinianorum
1120 5240 1415 5317 Ticinensi
1441 5241 1494 5317 S,
1541 5242 1690 5297 Petri
1741 5242 1800 5296 in

169 5304 502 5382 leoaureo
532 5304 649 5368 ιιοό
690 5312 1095 5367 documentum
1148 5329 1160 5367 :
1198 5314 1324 5367 Haec
1349 5314 1529 5367 omnia
1558 5329 1679 5382 quae
1706 5328 1804 5369 su-

166 5390 268 5455 pra
287 5377 545 5445 diximus,
577 5382 965 5453 adjudicamus
990 5400 1111 5437 ven.
1134 5386 1462 5439 monasterio
1492 5377 1721 5440 S.Petm’
1738 5386 1803 5455 Vin

173 5446 295 5499 Cwlo
323 5467 507 5515 aureo,
540 5457 596 5509 in
622 5446 729 5523 duo
752 5455 807 5508 S.
842 5472 905 5509 ac
942 5458 1135 5511 Vener.
1158 5456 1531 5522 Augustinum
1557 5450 1801 5509 adduxi-

170 5530 293 5597 (παῖς.
320 5524 520 5597 Datum
552 5540 604 5580 ιν
632 5542 806 5580 nonas
834 5527 1019 5595 April,
1060 5530 1214 5594 regni
1241 5528 1577 5596 Liutprandi
1604 5530 1801 5597 primo,

169 5589 274 5669 ind.
306 5605 357 5646 χ.
390 5596 552 5665 Nam,
586 5589 962 5667 praeterquam
995 5589 1159 5669 Quod
1184 5589 1400 5654 redolet
1428 5589 1800 5667 posteriorem

170 5663 547 5736 structuram,
565 5663 666 5725 nec
690 5663 1081 5736 Ligut'prand'us
1100 5668 1168 5725 ad
1198 5663 1441 5735 regnum
1469 5670 1805 5727 ascenderat

172 5742 345 5810 mense
377 5734 568 5810 Aprili
598 5754 692 5795 an.
738 5734 865 5805 742,
911 5753 1092 5810 neque
1140 5734 1382 5797 ecclesia
1430 5741 1484 5796 S.
1545 5742 1694 5797 Petri
1744 5743 1802 5798 in

166 5799 306 5858 Caelo
332 5799 507 5883 aureo
544 5808 779 5883 fundata
819 5799 1111 5883 eruunee
1138 5812 1364 5868 demum
1391 5811 1445 5868 S.
1489 5813 1802 5883 Augustini

169 5884 363 5954 {Ionius
382 5881 683 5954 advectum
703 5882 1025 5954 eSardinia
1051 5876 1192 5954 illuc
1224 5883 1427 5954 fuerat.
1460 5876 1803 5954 Liufprandi

171 5950 340 6010 Igitur
360 5950 718 6021 principium
736 5954 822 6009 vel
846 5960 976 6009 cum
996 5952 1093 6009 die
1119 5953 1243 6023 ipsa
1265 5950 1807 6026 Anspraudi'patris

1913 4756 2103 4797 sorum
2137 4748 2303 4797 aetate
2328 4741 2511 4798 valeat
2532 4743 2786 4799 stabiliri
2811 4741 3167 4803 Pontiﬁcalis
3198 4742 3357 4803 Libri
3387 4746 3444 4798 et
3467 4741 3566 4800 do-

1912 4819 2309 4884 cumentorum
2338 4814 2628 4884 praesidio.

2112 4882 2445 4959 _l‘ostremi_
2489 4886 2989 4959 Langobardorum
3056 4900 3243 4959 reges,
3278 4891 3561 4959 quatuor,

1912 4954 2389 5026 Heildebrandus,
2421 4954 2652 5023 Rachis,
2682 4965 2714 5012 Α
2730 4957 3024 5027 istulphus
3045 4964 3102 5014 et
3121 4954 3476 5023 Desiderius.
3493 4954 3566 5016 30

1912 5027 2149 5099 omnino
2175 5039 2360 5099 annos
2406 5028 2983 5099 postLiutprandum
3030 5028 3293 5099 implent.
3339 5030 3564 5091 Atcum

1912 5112 2109 5154 eorum
2130 5097 2376 5153 historia
2408 5097 2763 5155 destituatur
2780 5097 3223 5169 prtesidioPauli
3252 5100 3568 5158 Warnefri-

1912 5171 1997 5245 di,
2021 5169 2144 5240 qui,
2168 5182 2233 5223 ne
2248 5183 2367 5224 sua:
2378 5169 2868 5245 gentisexcidium
2884 5171 3204 5245 historicus
3219 5187 3422 5245 parum
3437 5187 3572 5245 pru-

1913 5242 2054 5296 dens
2084 5247 2395 5311 enarraret,
2439 5254 2569 5296 cum
2627 5241 2983 5311 Liutprando
3023 5241 3236 5311 desiit,
3274 5241 3570 5303 videretur

1914 5313 2318 5388 Herkemperto
2366 5312 2797 5388 adbiereudum,
2863 5327 2947 5388 ne
2980 5319 3067 5388 tot
3112 5320 3343 5388 tamque
3386 5316 3596 5377 variis'

1915 5384 2301 5439 recentiorum
2333 5383 2713 5459 opinionibus
2750 5384 3028 5459 lacessiti,
3056 5383 3340 5459 certamen
3374 5388 3570 5459 potius

1915 5470 2097 5529 quam,
2114 5468 2307 5529 regum
2337 5455 2841 5527 Langobardorum
2872 5457 3305 5529 chronologiam
3330 5455 3566 5516 instau—

1914 5540 2040 5580 rare
2068 5527 2435 5602 diceremur;
2466 5532 2715 5602 attamen
2747 5527 3329 5602 quiachronologum
3365 5545 3566 5602 parum

1912 5604 2171 5652 exactum
2199 5598 2377 5652 fuisse
2396 5598 2858 5667 llerkempertum
2873 5598 3221 5657 documenta
3234 5598 3566 5669 ostendunt,

1912 5669 2028 5724 alio
2054 5683 2138 5724 me
2162 5675 2372 5745 vertam
2401 5684 2627 5745 necesse
2642 5670 2774 5725 erit.
2794 5671 3154 5745 Constituam
3175 5672 3358 5745 igitur
3381 5675 3570 5744 primo

1914 5747 2133 5816 aetatem
2167 5740 2573 5816 lleildeprandi
2596 5744 3162 5816 conregnantiscum
3186 5740 3563 5816 Liutprando,

1912 5813 2347 5897 deindcre‘rum.
2369 5808 2515 5895 serie
2562 5808 2874 5897 prOposita,
2897 5808 3345 5897 _lleildepran_do
3382 5808 3572 5897 ,ejecto

1913 5883 2139 5958 suffecti
2166 5882 2385 5958 liacliis
2433 5882 2807 5958 principium,
2858 5888 3102 5958 ejusque
3132 5882 3566 5958 ‘abdioatipnem

1915 5960 2044 6011 cum
2077 5952 2272 6010 fratris
2293 5946 2589 6027 Aistulphi
2617 5946 2958 6027 primordiis
2977 5946 3363 6030 coniunctam,
3391 5948 3568 6027 hujus
