3906 6426
301 372 411 432 823

1099 373 1192 429 ΑΙ)
1228 372 1662 432 ANASTASIUM
1701 378 2218 437 PROLEGOMENA
2253 380 2431 436 EDIT.
2474 381 2909 437 ROM.—VATIC.

3623 377 3740 436 824

307 501 548 574 exitum,
583 511 650 574 a_c
677 497 963 556 Desiderii
994 499 1340 574 creationem
1363 505 1429 574 et
1457 499 1842 574 captivitatem
1869 514 1960 556 ex-
1987 504 2039 563 A
2070 506 2208 558 tunc
2239 516 2367 574 rege
2395 502 2739 558 Francorum
2767 501 3110 574 debsllatus,
3139 517 3270 560 cum
3301 515 3480 558 uxore
3519 515 3742 572 aspor—

308 569 552 640 pediam.
585 569 700 624 Con
713 582 974 640 regnasse
1001 571 1480 639 Heildeprandum
1505 569 1632 626 cum
1661 573 1962 640 Liutpran-

307 641 383 695 do
411 647 631 694 certum
659 647 766 696 est.
791 642 852 712 Id
885 642 1050 696 docet
1081 649 1509 698 monumentum
1559 641 1790 712 (vitiatae
1830 643 1962 697 licet

313 717 461 782 notae
475 711 854 782 temporariae)
879 714 1028 782 quod
1051 713 1296 767 Joannes
1321 711 1574 770 Pusterla
1601 713 1962 768 bibliotheca:

311 781 576 836 Ambros.
602 781 922 849 praefectus,
954 785 1408 840 communicavit
1431 799 1558 840 cum
1586 785 1956 840 Mabillonio:

311 853 643 919 Manigulda
669 855 766 907 Dei
791 855 1016 914 ancilla,
1041 860 1091 908 et
1114 860 1256 909 veste
1279 857 1600 910 monialium
1644 857 1843 910 induta
1871 857 1964 908 vi-

313 939 444 996 uens
466 924 586 996 lege
604 925 1116 996 Langobardorum,
1137 927 1493 996 regnantibus
1523 927 1866 996 Liutprando
1915 929 1966 979 et

313 993 773 1082 ἑξεὲἐςὲξῖιξτιξνξςὲφι,
794 1010 1154 1082 eaeaeae!"
1360 999 1480 1082 ind-
1508 1013 1541 1053 ν
1579 993 1731 1082 luit.-
1749 996 1964 1082 unus),

315 1063 546 1120 Clarius
573 1065 977 1121 documentum
1011 1079 1079 1121 ex
1100 1066 1336 1122 archivo
1365 1063 1604 1124 Lucensi
1634 1069 1820 1124 edidit
1849 1063 1970 1123 Fio-

317 1135 612 1190 rentinius
641 1136 792 1205 apud
835 1134 1096 1192 eruditos
1121 1138 1342 1194 celebre
1369 1140 1403 1193 :'
1428 1141 1708 1206 Regnante
1755 1141 1970 1194 domino

317 1206 665 1276 Liutprando
713 1207 1156 1262 excellentissimo
1176 1225 1299 1276 rege
1336 1213 1492 1276 regni
1513 1211 1631 1277 ejus
1655 1207 1745 1272 24,
1777 1215 1826 1264 et
1867 1225 1972 1262 ea:-

319 1277 696 1348 cellentissimo
721 1283 905 1346 nepote
927 1279 1046 1346 ejus
1073 1281 1296 1334 Domino
1325 1281 1602 1348 Hilprand
1653 1296 1778 1348 rege
1824 1294 1970 1334 anno

323 1345 376 1420 4,
407 1345 824 1420 ηιεηεερξανιίἐ,
854 1345 1048 1402 indict.
1079 1363 1154 1403 ιν.
1180 1349 1340 1406 Unde
1367 1345 1548 1420 liquet
1573 1345 1762 1406 mense
1814 1352 1972 1405 Mar—

321 1417 406 1473 tio
437 1432 528 1474 an.
553 1415 660 1475 736
691 1419 1109 1489 Liutprandum
1141 1419 1255 1476 sibi
1284 1421 1400 1490 jam
1432 1415 1711 1477 ascivisse
1745 1422 1969 1478 socium

321 1490 482 1560 regni
508 1496 766 1564 nepotem
790 1505 992 1564 suum,
1009 1505 1173 1561 quem
1201 1491 1581 1564 Langobardi,
1613 1494 1750 1549 dum
1779 1491 1972 1564 morbo

321 1569 622 1634 correptus
655 1561 754 1616 ille
791 1569 932 1629 erat,
981 1561 1346 1632 ievaverant,'
1367 1563 1634 1634 idemque
1676 1563 1974 1632 postmodo

323 1631 726 1688 convalescens
752 1635 1131 1688 sustinuerat.
1178 1631 1317 1689 Alio
1355 1631 1582 1690 demum
1629 1631 1973 1691 decumento

325 1702 822 1775 apud_laudatum
873 1703 1270 1760 Mabillonium
1321 1705 1470 1775 (Itin.
1501 1707 1608 1759 Ital
1657 1713 1712 1762 et
1763 1721 1883 1760 saec.
1932 1718 1971 1759 ιι

324 1773 550 1845 Dened.)
578 1774 968 1845 conﬁrmatur,
1000 1776 1148 1844 quod
1183 1773 1538 1845 ipso'mense
1586 1777 1792 1832 Martio
1827 1789 1976 1845 prae-

326 1843 472 1898 dicti
494 1841 631 1916 anni
660 1841 768 1900 736
783 1841 1130 1906 conregnare
1149 1841 1810 1916 cmpitlleildeprandus,
1827 1841 1975 1902 erat-

329 1927 440 1982 que
481 1915 669 1988 adhuc
698 1923 988 1988 superstes
1020 1917 1220 1988 pridie
1241 1915 1548 1974 Kalendas
1570 1919 1800 1988 Apriles
1836 1919 1973 1973 anni

327 1987 666 2056 emortualis
690 1987 1030 2056 Liutprandi
1056 1985 1180 2043 744.
1216 1985 1637 2046 Documentum
1661 1997 1849 2046 autem
1895 1991 1976 2045 ita

331 2053 533 2130 habet:
564 2063 763 2112 Actum
787 2053 964 2112 Ticini
987 2060 1088 2114 sub
1126 2060 1216 2114 die
1238 2075 1276 2116 ll
1303 2062 1433 2115 Kal.
1462 2064 1600 2130 Apr.
1637 2077 1780 2115 anno
1799 2062 1977 2128 felicis

227 2161 236 2170 -
328 2129 490 2201 regni
503 2132 680 2182 nostri
703 2145 844 2183 nono
865 2131 968 2184 Per
998 2133 1196 2186 indict.
1240 2145 1342 2186 xu.
1403 2129 1780 2201 Quamobrem
1815 2131 1980 2186 Heil—

327 2195 578 2273 deprand
590 2215 674 2268 us,
703 2208 906 2270 praeter
923 2215 1106 2258 annos
1133 2208 1261 2258 octo
1283 2195 1522 2270 solidos,
1548 2205 1809 2273 regnavit
1833 2217 1983 2258 men-

327 2269 688 2343 sesaiiquot,
708 2269 963 2343 quorum
995 2287 1296 2329 numerum
1337 2289 1430 2328 res
1454 2269 1733 2329 vetustate
1761 2273 1981 2329 obrutae

329 2339 601 2424 indagare
624 2339 982 2424 ncn'sinunt.
1009 2343 1098 2424 [ne
1111 2345 1352 2414 proinde
1370 2357 1582 2424 novam
1604 2345 1984 2424 abbatispac:

331 2411 518 2494 chinii
552 2413 984 2494 chronologiam
1005 2413 1079 2483 (in
1103 2411 1337 2494 excursu
1363 2415 1560 2494 Chron.
1583 2420 1709 2494 ante
1730 2419 1812 2470 Jo.
1835 2415 1983 2485 Sen.)

327 2485 875 2556 penitusirejiciens,
919 2499 1144 2541 menses
1170 2492 1394 2542 tantum
1427 2486 1644 2556 retinui
1671 2499 1788 2554 sex,
1839 2501 1984 2556 quos

325 2552 540 2626 tribuit
564 2552 984 2626 Heildepra’ndo
1009 2562 1135 2626 post
1164 2557 1507 2624 Liutprandi
1532 2552 1784 2612 obitum:
1811 2552 1892 2612 ita
1920 2565 1984 2612 ut

325 2625 481 2680 solio
512 2638 624 2680 non
679 2625 858 2681 fuerit
883 2625 1224 2682 deturbatus
1256 2627 1372 2681 nisi
1420 2640 1611 2682 mense
1657 2628 1832 2688 Julio.
1884 2643 1981 2684 sex

331 2709 535 2766 nempe
562 2695 860 2751 mensibus
891 2702 1018 2766 post
1044 2697 1386 2766 Liutprandi
1419 2697 1978 2762 emortualemdiem,

327 2765 400 2822 43
427 2767 854 2841 Januariianni
880 2765 1008 2841 _744.
1033 2767 1118 2841 At
1149 2765 1220 2841 ne
1240 2767 1418 2841 simul
1447 2771 1763 2841 pugnantia
1789 2770 1986 2826 videar

327 2838 570 2910 tradere,
594 2851 664 2892 en
697 2837 857 2910 Libri
880 2838 1240 2895 Pontiﬁcalis
1261 2837 1576 2910 synchroni
1603 2839 1908 2896 historiam
1929 2851 1987 2898 et

321 2909 684 2979 documenta,
716 2909 934 2979 quibus
951 2916 1102 2965 utor.
1298 2909 1301 2910 ⁷
1605 2951 1609 2958 .

397 2977 896 3054 36.-Ι.ἰυιριίέιηᾱο
936 2981 1256 3037 Ravennam
1308 2986 1618 3054 premente,
1667 2983 1986 3054 Eutychius

329 3049 614 3107 exarchus
652 3049 708 3106 et
737 3051 1090 3122 Ravennates
1114 3059 1281 3108 orant
1308 3049 1634 3122 pontificem
1680 3055 1736 3108 S.
1764 3049 1983 3110 Zacha-

327 3123 474 3195 riam
509 3121 880 3195 utauxilium
909 3121 1073 3178 ferat.
1112 3124 1216 3178 Hic
1255 3121 1537 3195 legatione
1565 3125 1635 3180 ad
1661 3137 1846 3192 regem
1875 3139 1982 3180 ne~

327 3193 644 3264 quidquam
675 3193 971 3258 adornata,
999 3209 1096 3262 per
1121 3208 1180 3249 se
1205 3193 1620 3264 Liutprandum
1645 3195 1766 3264 ipse
1787 3210 1981 3252 conve-

325 3265 435 3319 nit.
472 3264 646 3319 Roma
701 3264 1092 3334 proﬁciscitur
1121 3265 1646 3334 Ravennam.ihinc
1689 3267 1976 3334 Ticinum,

327 3349 444 3406 quo
494 3333 752 3406 pervenit
778 3333 970 3390 die28
1013 3337 1198 3392 Junii.
1235 3350 1386 3392 anno
1430 3333 1558 3392 743.
1601 3337 1703 3392 Die
1755 3343 1979 3406 postera

322 3403 552 3462 sacrum
587 3403 728 3478 facit
773 3407 832 3460 in
858 3405 914 3461 S.
949 3407 1100 3462 Petri
1133 3407 1370 3478 inVCcelo
1409 3421 1602 3464 aureo.
1637 3403 1982 3478 Agi'deinde

322 3483 572 3548 cleptum
591 3477 663 3532 de
705 3478 1128 3536 Ravennatibus
1152 3477 1470 3535 liberandis
1499 3493 1566 3534 ac
1605 3477 1984 3534 restituendis

325 3548 556 3604 ablatis.
591 3549 754 3604 Victa
781 3548 1013 3604 demum
1051 3550 1206 3620 regis
1245 3549 1486 3620 duritie,
1515 3555 1854 3604 conventum
1899 3557 1981 3618 ut,

322 3621 548 3674 caeteris
578 3619 886 3687 restitutis,
913 3619 1131 3689 partem
1152 3623 1380 3676 tertiam
1402 3621 1517 3676 sibi
1547 3633 1645 3675 rex
1675 3625 1989 3675 reservaret

321 3691 605 3746 territorii
623 3691 932 3761 Caesengtis
959 3691 1302 3750 reddendam
1331 3699 1458 3761 post
1478 3691 1759 3746 Kalendas
1785 3690 1990 3746 Junius

321 3761 479 3832 (anni
507 3758 957 3834 videliceti744).
1002 3763 1140 3818 dum
1187 3758 1418 3818 interim
1451 3761 1622 3834 legati
1666 3761 1992 3834 regii-mit-

328 3839 589 3903 terentur
633 3833 856 3902 Cpolim
887 3832 955 3889 ac
987 3834 1260 3903 redirent,
1293 3832 1530 3890 Romam
1581 3838 1890 3888 revertitur
1911 3832 1985 3903 AS.

327 3901 588 3976 pontifex
620 3901 714 3976 his
745 3905 1106 3976 compositis,
1156 3901 1330 3974 atque
1363 3907 1570 3976 iterum
1597 3903 1848 3976 celebrat
1898 3901 1991 3976 fe—

325 3973 478 4047 stum
505 3975 598 4028 SS.
621 3973 1059 4047 Apostolorum,
1091 3973 1336 4047 quorum
1364 3975 1608 4031 natalem
1639 3975 1791 4030 diem
1831 3975 1988 4030 cele-

328 4045 593 4116 braverat
618 4045 835 4116 Ticini.
876 4047 1034 4102 Haud
1065 4045 1144 4102 ita
1171 4052 1354 4103 multo
1392 4055 1517 4116 post
1544 4051 1832 4100 mortuum
1863 4059 1990 4101 esse

329 4115 498 4191 audit
528 4115 1158 4191 Liutprandumiregem
1181 4125 1326 4191 ante
1343 4119 1668 4191 condictam
1701 4121 1988 4191 universa:

332 4187 726 4260 restitutionis
744 4189 922 4260 diem,
946 4185 1071 4246 Kal".
1103 4192 1236 4246 Jun.
1264 4185 1392 4244 744.
1422 4187 1738 4260 HaecLiber
1759 4187 1989 4242 Pontili-

331 4257 480 4314 calis
508 4266 706 4330 narrat
732 4260 790 4316 in
821 4257 1112 4330 Zacharia,
1137 4275 1204 4316 ac
1233 4261 1395 4317 nulla
1415 4257 1678 4315 adhibita
1710 4259 1986 4327 temporis

334 4337 489 4397 nota,
523 4329 697 4386 refert
715 4333 925 4388 deinde
965 4329 1360 4402 expulsionem
1392 4330 1798 4398 Heildeprandi
1833 4331 1988 4400 regis

333 4414 368 4456 a
391 4402 744 4476 Liutprando
775 4405 987 4470 relicti,
1027 4404 1363 4476 electionem
1386 4402 1646 4464 Rachisi,
1679 4413 1990 4476 pseemque

337 4471 467 4530 cum
491 4470 598 4532 hoc
621 4491 718 4546 per
744 4474 1413 4546 pontiﬁcemstabilitam
1430 4476 1498 4546 in
1521 4485 1702 4546 annos
1718 4470 1827 4546 20-,
1867 4486 1992 4541 quae

339 4549 533 4604 omnia
557 4541 816 4604 evenisse
844 4559 997 4600 anno
1019 4541 1128 4599 744
1151 4551 1270 4600 tum
1293 4560 1360 4600 cx
1380 4543 1646 4600 dicendis
1665 4545 1846 4612 palam
1875 4545 1992 4600 ﬁet.

2015 3233 2063 3296 C

2070 578 2228 645 tatur
2269 569 2329 628 in
2362 574 2655 629 Franciam
2685 587 2798 629 ann
2827 569 2956 641 774,
3000 573 3284 644 ﬁnemque
3312 574 3475 630 aﬁ‘ert
3500 569 3744 645 Lango—

2071 643 2380 716 bardorum
2413 645 2473 699 in
2517 645 2684 700 Italia
2715 645 2896 716 regni,
2936 657 3088 700 anno
3116 645 3188 700 ab
3213 659 3407 702 eorum
3462 643 3742 716 ingreésu

2069 715 2462 772 ducentesimo
2491 722 2672 772 sexto.

2141 781 2230 840 37.
2265 787 2458 859 Restat
2491 786 2653 842 modo
2685 791 2750 859 u_t
2777 785 3010 859 Rachis,
3061 786 3382 859 Aistulphi,
3440 786 3742 859 Desiderii

2072 863 2268 912 aetates
2321 857 2648 912 conﬁrmem
2706 857 3088 914 documentis.
3149 857 3340 922 Pulso,
3383 865 3445 914 ut
3483 857 3740 922 aiebam,

2073 927 2512 1000 Ileildeprando,
2557 927 2864 1000 continuo
2911 930 3196 1000 regnavit
3243 929 3452 985 Rachis
3495 927 3744 998 (mensis

2075 996 2506 1070 nimirumlulii
2539 996 3081 1070 dieicirciterl3,'an
3098 996 3244 1069 744),
3279 1001 3430 1069 quod
3460 996 3743 1070 cbmpro-

2078 1068 2216 1124 bant
2243 1071 2583 1142 documenta
2623 1069 2778 1124 duo:
2810 1068 3173 1142 4,,Pr010gus
3203 1068 3329 1141 ejus
3359 1070 3547 1142 legum
3579 1068 3746 1126 tem-

2081 1141 2362 1208 porarlam
2397 1140 2543 1195 hanc
2573 1147 2766 1195 notam
2807 1140 3023 1198 habens
3045 1140 3254 1198 {Anno
3294 1140 3452 1209 regni
3489 1143 3598 1196 mei
3641 1156 3746 1195 se-

2077 1211 2254 1264 cundo
2287 1225 2326 1266 Il
2361 1211 2448 1265 die
2469 1211 2819 1266 colendarum
2842 1214 3081 1268 Martiar
3101 1213 3275 1266 indici
3301 1225 3422 1266 xxv.
3447 1209 3508 1267 2.
3539 1213 3746 1267 Privi-

2081 1281 2292 1351 legium
2338 1281 2410 1336 ab
2457 1295 2522 1336 eo
2563 1281 2762 1337 datum
2809 1285 2994 1338 Ticino
3022 1300 3082 1338 in
3123 1285 3358 1352 palatio,
3407 1288 3605 1352 quarto
3647 1283 3746 1337 die

2078 1357 2278 1407 mensis
2302 1355 2515 1409 Martii.
2548 1368 2693 1406 anno
2735 1354 3042 1420 felicissimi
3089 1357 3249 1422 regni
3275 1357 3449 1409 nostri
3475 1354 3744 1414 secundo,

2078 1424 2196 1476 ind.
2254 1437 2348 1494 xiv
2396 1425 2635 1490 feliciter
2671 1423 2923 1494 (Ughell.
2958 1425 3086 1479 Ital.
3117 1427 3239 1482 Sac.
3274 1433 3320 1480 t.
3374 1427 3460 1492 II;
3509 1425 3576 1478 de
3625 1427 3743 1494 Ep.

2079 1493 2536 1565 Placent).MQu:e
2603 1494 2720 1550 duo
2750 1493 3098 1551 documenta
3156 1511 3284 1550 cum
3337 1500 3597 1564 spectant
3663 1493 3744 1550 ad

2082 1561 2453 1626 annum'746.
2505 1565 2829 1620 certissime
2877 1567 3188 1622 ostendunt
3217 1561 3453 1622 Rach‘im
3488 1566 3746 1621 levatum

2083 1649 2206 1691 esse
2232 1637 2554 1707 pgstdiem
2584 1633 2837 1707 4_Martii
2864 1634 3128 1707 a_n._799,
3167 1644 3240 1707 ut
3286 1637 3497 1692 fatetur
3527 1637 3750 1707 Pagius

2083 1703 2482 1790 (ann,_736,”n.
2529 1703 2761 1790 9,7443
2800 1724 2856 1761 n.
2887 1705 2942 1790 5,
2969 1703 3184 1790 75.30,'n.
3220 1705 3288 1777 4).
3339 1703 3646 1790 Quid-veno
3681 1709 3748 1762 in

2089 1778 2306 1834 incerto
2327 1778 2689 1846 relinquatur
2703 1779 2830 1847 ejus
2849 1781 3224 1849 principium,
3243 1780 3392 1849 quod
3414 1786 3469 1834 et
3482 1779 3751 1849 Herkem-

2089 1850 2203 1918 peti
2217 1849 2532 1904 auctoritas
2543 1848 2876 1904 etBacchin’i
2890 1848 3217 1906 i‘observata
3231 1848 3751 1905 redduntcertum‘?

2085 1922 2256 1975 Notat
2325 1920 2671 1974 Bacchinius
2723 1920 3143 1990 Heildeprando
3212 1921 3548 1976 tribuendos
3611 1925 3751 1990 post

2087 1991 2501 2062 Liutprandum
2529 2003 2752 2062 menses
2781 2005 2899 2061 sex,
2933 1993 3056 2062 qui,
3088 1998 3150 2047 ut
3176 2005 3348 2061 supra
3393 1990 3634 2059 aiebam,
3669 1990 3747 2045 ad

2090 2061 2348 2132 praedicti
2401 2061 2613 2116 mensis
2638 2062 2862 2132 exitum
2893 2061 3212 2131 perducunt
3233 2081 3266 2132 ;_
3305 2063 3750 2132 Herkempertus

2087 2129 2220 2187 vero
2254 2136 2473 2186 aetatem
2515 2131 2726 2187 Rachis
2777 2129 2984 2188 deﬁnit
3036 2147 3219 2190 annor
3244 2130 3296 2200 4,
3348 2129 3632 2188 mensium
3686 2129 3748 2199 9,

2091 2203 2241 2274 quod
2281 2203 2558 2272 temporis
2607 2203 2859 2274 spatium
2903 2203 2974 2258 ab
2998 2205 3140 2259 Julii
3176 2204 3388 2260 mensis
3425 2205 3521 2260 die
3567 2204 3750 2258 tertia

2091 2273 2311 2330 decima
2342 2274 2561 2342 initum,
2582 2274 2651 2342 ad
2707 2274 2861 2330 diem
2905 2276 3142 2330 circiter
3177 2275 3244 2332 43
3276 2276 3488 2330 mensis
3518 2274 3754 2342 Aprilis

2095 2344 2357 2414 perducit
2373 2346 2509 2399 anni
2526 2341 2649 2399 749.
2677 2346 2788 2400 Hoc
2811 2353 2964 2401 certe
2983 2359 3132 2400 anno
3153 2347 3454 2403 abdicasse
3481 2341 3748 2409 Rachim,

2093 2416 2463 2486 Fratremque
2527 2415 2904 2488 Aistuslphum
2961 2431 3196 2488 regnare
3249 2431 3444 2474 orsum
3499 2420 3752 2488 testatur

2091 2485 2497 2542 documentum
2528 2488 2656 2556 ejus
2685 2485 3198 2556 ferezetatisfquod
3235 2489 3316 2542 ita
3350 2488 3551 2542 habet:
3578 2487 3752 2540 Anno

2091 2558 2382 2614 Dominicae
2431 2561 2830 2612 incarnationis
2869 2556 2993 2618 749,
3015 2560 3300 2610 centesimo
3341 2573 3466 2608 vero
3526 2563 3754 2624 octoge—

2093 2632 2226 2684 simo
2271 2631 2643 2696 ingressionis.
2701 2627 3187 2696 Langobardorum
3247 2628 3307 2678 in
3357 2625 3604 2689 Italiam,
3669 2629 3757 2681 uir

2091 2701 2511 2768 gloriosissimus
2539 2701 2890 2754 AISTULPHUS
2916 2696 3201 2768 (Ratchis)
3226 2711 3480 2762 germano
3506 2711 3607 2750 suo
3647 2699 3758 2751 de—

2093 2766 2238 2826 uicta
2279 2771 2564 2841 Pentapoli
2604 2783 2772 2822 suasu
2818 2766 3353 2841 D9mini_Zac_hariae
3394 2783 3558 2836 papa:
3602 2771 3756 2834 facto

2093 2845 2274 2898 Roma
2317 2836 2504 2896 clerico
2545 2843 2811 2906 sceptrum
2854 2836 3345 2906 Langobardorum
3388 2842 3608 2892 strenue
3655 2855 3757 2892 re—

2095 2929 2247 2981 gens,
2277 2919 2386 2972 etc,
2421 2905 2646 2981 [ScriptL
2690 2907 2818 2960 Ital.
2849 2913 2890 2962 t.
2924 2907 2964 2972 l,
3020 2921 3075 2974 q.
3117 2905 3179 2981 2,
3213 2908 3280 2981 de
3306 2909 3544 2981 Fundat.
3599 2925 3751 2963 mon.

2095 2978 2378 3053 Nonum).
2401 2979 2560 3053 Quod
2595 2989 2762 3053 monu
2775 2982 3025 3033 mentum
3057 2991 3090 3030 a
3117 2978 3460 3053 Ifagioalibi
3487 2979 3755 3053 observa-

2095 3062 2216 3110 tum
2265 3045 2382 3122 (an.
2419 3045 2628 3122 750,11.
2682 3045 2736 3122 4)
2761 3061 2884 3122 non
2907 3055 3060 3103 recte
3097 3047 3170 3102 ab
3204 3045 3406 3122 eodem
3450 3051 3748 3120 arguitur,

2091 3118 2506 3195 tanquamgeraa
2533 3118 2972 3195 Langobardicae
2991 3132 3174 3195 annos
3199 3119 3504 3195 mutilans;
3529 3118 3750 3195 etenim

2092 3188 2340 3262 scriptor
2365 3192 2542 3260 Ligur
2570 3188 2642 3244 ab
2671 3191 2920 3262 adventu
2951 3191 3008 3244 in
3044 3191 3332 3260 Liguriam
3351 3231 3366 3256 ,
3395 3191 3517 3245 sive
3540 3205 3574 3246 a
3597 3193 3751 3245 Lan-

2091 3261 2382 3336 gobardici
2433 3263 2603 3336 regni
2664 3261 3258 3336 primordiis__crepit,
3345 3267 3486 3336 enat
3550 3267 3744 3336 autem

2095 3330 2399 3403 utriusque
2429 3332 2490 3387 in
2511 3330 2694 3394 cursu
2719 3346 2908 3388 annus
2951 3330 3269 3403 180~usque
3291 3331 3362 3387 ad
3397 3331 3750 3400 Septembris

2091 3399 2323 3477 priores
2337 3403 2464 3477 dies
2487 3418 2613 3459 aera!
2656 3404 3018 3477 Dionysiana:
3044 3399 3274 3477 749ῘΑῐ
3319 3399 3533 3477 mensis
3557 3403 3757 3477 inin-7

2092 3472 2246 3532 certo
2288 3475 2477 3530 adhuc
2503 3482 2628 3534 est:
2671 3479 2788 3534 duo
2807 3472 3038 3529 Scilicet
3077 3474 3419 3530 documenta
3450 3472 3752 3542 Aistulphi

2097 3545 2420 3618 primordia
2440 3547 2592 3601 inter
2626 3558 2845 3618 menses
2871 3546 3140 3618 Martium
3168 3551 3226 3598 et
3244 3543 3460 3618 Julium
3489 3544 3748 3618 ejusdem

2097 3615 2235 3674 anni
2258 3617 2634 3688 restringunt.
2650 3616 2930 3688 Prologus
2950 3617 3078 3688 ejus
3099 3615 3288 3686 legum
3303 3615 3493 3688 coegit
3509 3615 3751 3688 Pagium

2099 3697 2166 3746 ut
2192 3688 2334 3744 illud
2365 3685 2746 3748 constitueret
2777 3685 2904 3756 post
2935 3685 3037 3742 Kal
3083 3685 3228 3742 Mart
3255 3703 3272 3755 ς
3301 3685 3381 3740 ibi
3405 3685 3557 3740 enim
3602 3685 3757 3754 legi-

2099 3770 2233 3816 tur:
2270 3760 2428 3812 Anno
2463 3761 2772 3826 felicissimi
2806 3761 2965 3826 regni
3001 3759 3179 3811 nostri
3223 3759 3284 3810 in
3321 3758 3420 3810 Dei
3461 3757 3680 3808 nomine
3721 3768 3754 3807 v

2096 3835 2159 3886 in
2219 3832 2308 3885 die
2352 3831 2728 3888 Kalendarum
2755 3833 3007 3886 Martiar.
3061 3829 3234 3883 indici
3294 3840 3396 3896 vn,
3431 3839 3556 3896 quae
3605 3838 3756 3881 anno

2099 3901 2367 3958 convenit
2391 3897 2518 3957 754.
2549 3901 2922 3960 Conﬁrmatio
2947 3914 3078 3956 vero
3110 3899 3388 3956 bonorum
3415 3897 3753 3952 monasterii

2101 3973 2428 4028 Farfensis:
2479 3975 2624 4029 Data
2673 3977 2943 4030 Ravenna
3009 3975 3070 4026 in
3128 3971 3342 4040 palatio
3393 3974 3596 4037 quarta
3667 3968 3756 4040 die

2097 4046 2296 4098 mensis
2321 4044 2460 4112 Julii
2505 4061 2650 4100 anno
2679 4045 2990 4112 felicissimi
3017 4039 3176 4112 regni
3232 4041 3409 4094 nostri
3437 4041 3596 4112 tertio
3619 4039 3750 4112 ind.

2100 4128 2174 4182 Iv,
2215 4115 2270 4170 id
2301 4111 2532 4183 est754,
2567 4109 2756 4186 coegit
2781 4109 3154 4186 Bacchinium
3183 4109 3565 4186 utAistulphi
3603 4109 3755 4179 prin-

2096 4180 2314 4254 cipium
2357 4193 2492 4254 ante
2522 4180 2781 4242 mensem
2827 4183 3046 4238 Julium
3077 4180 3636 4254 coristitueretgl’ag.
3659 4196 3752 4232 an.

2092 4252 2222 4326 750,
2252 4273 2311 4310 η.
2343 4253 2367 4310 4
2393 4275 2427 4326 :7
2464 4257 2730 4312 Bacchin.
2761 4258 2820 4309 in
2849 4253 3110 4322 Agnell.;
3153 4256 3352 4322 Script.
3378 4252 3509 4308 Ital.
3537 4258 3577 4305 t.
3606 4253 3670 4318 Il,
3700 4265 3754 4326 p.

2097 4343 2139 4384 1:
2176 4321 2302 4398 pag.
2341 4325 2482 4452 468').
2521 4326 2594 4382 At
2621 4321 3054 4383 monumentum
3085 4325 3247 4381 aliud
3274 4321 3384 4394 pro
3410 4321 3760 4378 monasterio

2099 4401 2295 4452 eodem
2327 4399 2432 4452 Far
2459 4401 2580 4452 ensi
2608 4417 2621 4452 :
2661 4401 2866 4452 Datum
2922 4399 3098 4452 Ticini
3143 4399 3204 4450 in
3232 4396 3442 4452 palatio
3466 4392 3502 4448 5
3543 4393 3759 4452 Aprilis

2099 4392 2295 4455 eodem
2327 4392 2580 4454 Farfensi
2608 4417 2621 4453 :
2661 4401 2866 4452 Datum
2922 4399 3098 4452 Ticini
3143 4399 3204 4450 in
3229 4392 3442 4466 palatio
3466 4392 3502 4448 5
3543 4393 3759 4462 Aprilis

2100 4485 2247 4526 anno
2303 4471 2608 4537 felicissimi
2657 4471 2817 4536 regni
2841 4470 3017 4523 nostri
3043 4470 3106 4537 in
3141 4471 3239 4523 Dei
3282 4467 3497 4537 nomine
3534 4466 3758 4537 septimo

2101 4558 2201 4613 per
2249 4533 2358 4596 Ind
2407 4554 2463 4595 ιχ
2507 4533 2762 4609 feliciter,
2797 4552 3013 4613 nempe
3059 4536 3186 4613 756,
3225 4535 3490 4613 .ostendit
3529 4533 3763 4613 Aistul-

335 4621 412 4676 At
432 4634 604 4692 pergo
645 4619 727 4692 ad,
765 4623 967 4692 extera
1009 4629 1151 4692 quae
1187 4615 1370 4692 Liber
1407 4605 2000 4692 Pontiﬁcalis__narrat
2026 4611 2078 4672 D
2102 4605 2283 4692 phum
2317 4605 2718 4692 noncmpisse,
2749 4605 2864 4666 nisi
2895 4605 3022 4680 post
3047 4611 3198 4692 diem
3220 4606 3256 4664 5
3283 4605 3761 4692 Aprilistiadh’uc

345 4693 405 4748 in
433 4685 564 4748 tine'
583 4693 641 4748 S.
692 4689 998 4756 Zachariae,
1027 4685 1083 4743 et
1139 4689 1196 4742 in
1223 4687 1506 4756 Stephano
1527 4687 1592 4740 Il.
1619 4685 1692 4740 al.
1728 4688 1817 4742 lII.
1849 4689 1996 4742 San-

345 4764 475 4820 citae
500 4767 858 4832 contemptor
894 4760 1054 4830 pacis
1085 4773 1182 4815 rex
1205 4758 1415 4832 Balchis
1439 4758 1741 4832 Perusium
1766 4759 1997 4832 aliaque

345 4829 972 4904 Pentapoleos'oppida
1025 4829 1585 4904 opipugnabat,scum
1625 4831 1680 4885 S.
1741 4831 1993 4904 pontifex

343 4919 476 4962 eum
509 4902 654 4972 adit,
685 4903 1026 4960 muneribus
1057 4903 1262 4972 placat.
1290 4902 1574 4958 orationis
1616 4903 1900 4958 suavitate
1924 4904 1992 4958 ad

347 4976 590 5032 meliora
631 4977 960 5046 convertit:
1009 4988 1188 5046 quare
1229 4975 1298 5038 is,
1347 4974 1548 5046 relicto
1595 4975 1994 5046 throno,_cum

348 5061 529 5104 uxore
547 5051 604 5102 et
624 5045 769 5101 ﬁliis
795 5044 1093 5102 contendit
1120 5044 1190 5102 ad
1214 5059 1376 5102 sacra
1399 5045 1620 5116 limina,
1655 5045 1789 5116 inde
1813 5044 1998 5100 Cassi-

354 5131 494 5174 num
523 5120 719 5185 petens
740 5118 1082 5174 monachum
1107 5118 1321 5173 induit.
1347 5117 1718 5186 Aistulphus,
1743 5115 1997 5186 fraterno

351 5183 575 5259 potitus
603 5194 844 5257 sceptro,
864 5187 916 5244 S.
956 5189 1214 5257 pontiﬁci
1245 5189 1530 5258 Stephano
1550 5183 1779 5256 semper
1801 5183 2002 5242 infen-

353 5273 476 5329 sus,
517 5259 827 5330 Pippinum
871 5259 1218 5330 Francorum
1267 5273 1452 5330 regem
1498 5273 1598 5328 pro
1647 5262 1844 5314 sancta
1869 5259 2002 5330 sede

357 5327 716 5414 pugnantem.
737 5327 940 5414 habuit
964 5329 1206 5414 hostem,
1234 5327 1403 5414 cujus
1441 5327 1710 5414 virtutem
1745 5329 1918 5414 semel
1947 5337 2004 5384 et

355 5399 564 5456 iterum
601 5399 966 5469 periclitatus
1003 5401 1268 5456 cominus
1295 5403 1513 5469 timuit,
1540 5401 1719 5455 elusit
1738 5399 2000 5468 eminus;

354 5478 417 5525 at
461 5467 688 5525 demum
734 5467 1074 5540 foedifragus
1102 5473 1214 5526 Deo
1267 5472 1452 5526 ultore
1496 5467 1646 5526 inter
1683 5471 2002 5526 venandum

357 5541 607 5607 interiit,
632 5547 931 5610 postquam
949 5542 1097 5596 vidit
1117 5541 1460 5608 Pippiniana
1486 5541 1795 5596 donatione
1823 5541 2002 5594 Eccle-

356 5611 460 5664 siae
477 5610 753 5665 ditionem
781 5611 1124 5673 Exarchatu,
1149 5613 1444 5678 Pentapoli
1468 5616 1526 5666 et
1544 5610 1774 5664 JEmilia
1803 5611 2001 5678 ampli-

357 5682 603 5750 ﬁcatam.
625 5679 934 5750 Aistulpbo
966 5683 1594 5746 succeditDesiderius,
1623 5681 1738 5734 dux
1757 5681 1998 5750 Tuscize,

357 5749 694 5821 opitulante
725 5749 1010 5821 pontifice,
1045 5750 1436 5819 Langobardis
1469 5751 1711 5815 invitis;
1737 5751 1836 5820 qui
1870 5749 1998 5805 cum

358 5819 548 5893 primo
577 5819 1108 5893 mitisinﬁanctam
1140 5821 1350 5888 sedem,
1383 5821 1592 5893 deinde
1624 5823 1874 5893 maxima
1905 5821 1995 5876 illi

353 5885 701 5951 detrimenta
748 5885 962 5944 inferre
1016 5901 1196 5945 ausus
1238 5885 1404 5959 esset,
1466 5903 1497 5943 a
1543 5888 1746 5946 Carolo
1793 5891 1996 5962 Magno

2104 4676 2258 4758 enim
2285 4689 2407 4758 erat
2435 4683 2493 4758 in
2524 4676 2698 4740 cursu
2730 4676 3268 4758 annususeptimus.
3321 4679 3458 4748 Quae
3496 4689 3633 4758 cum!
3680 4676 3762 4731 ita

2105 4757 2246 4824 sint,
2278 4755 2349 4830 ab
2365 4755 2766 4830 Herkemperto
2794 4753 2888 4808 hic
2907 4747 3316 4807 discedendum
3350 4747 3466 4830 non
3486 4747 3760 4830 arbitrgr,

2107 4833 2171 4885 ut
2191 4819 2478 4882 Ostiensis
2507 4819 2835 4896 opinionem
2863 4835 3174 4896 sequamur
3204 4835 3334 4896 cum
3367 4819 3764 4896 Baronio,_Pa_-

2110 4901 2228 4972 gio,
2273 4890 2584 4972 Bacchinio
2606 4902 2664 4952 et
2691 4895 2830 4950 aliis
2859 4890 3130 4972 eruditis,
3157 4907 3302 4963 quos
3321 4891 3494 4946 latuit
3525 4890 3766 4972 novissi-

2108 4961 2400 5042 fnumhoc
2426 4969 2868 5042 documentum;
2902 4971 2966 5020 ut
2993 4965 3147 5020 enim
3176 4961 3503 5042 paucorum
3533 4961 3758 5042 dierum

2105 5041 2418 5098 discrimen
2485 5040 2634 5108 apud
2712 5037 3178 5104 Herkempertum
3225 5039 3511 5108 occurrat,
3550 5037 3757 5108 _m_aj_ori

2109 5124 2278 5184 porro
2299 5100 2688 5180 discrepantia
2708 5107 2778 5164 ab
2799 5100 3054 5184 Qstie'nsi
3086 5107 3420 5175 avertimur,
3449 5103 3564 5158 nisi
3597 5100 3760 5157 falsis

2107 5178 2357 5240 niiimur
2398 5178 2650 5238 veterum
2691 5178 3082 5236 monimentis.

2182 5254 2269 5308 38.
2303 5254 2423 5308 Huc
2443 5253 2665 5308 accedit
2695 5250 2844 5322 quod
2881 5249 3110 5322 Pagius,
3137 5247 3440 5322 Sigonium
3469 5249 3526 5322 et
3569 5243 3760 5314 Ange—

2111 5326 2231 5381 lum
2259 5324 2330 5380 de
2353 5324 2527 5391 Nuce,
2561 5317 2923 5391 eruentesgex
2953 5317 3318 5375 documentis
3344 5317 3491 5387 quod
3524 5327 3758 5384 regnum

2111 5395 2396 5450 Desiderii
2440 5389 2615 5467 cmpit
2635 5407 2794 5467 anno
2822 5389 2930 5467 756
2967 5399 3232 5467 exeunte,
3283 5390 3659 5467 redarguens,
3686 5391 3760 5467 _et

2111 5469 2449 5538 documenta
2474 5455 2597 5534 ipsa
2631 5463 2988 5538 insimulans
3025 5455 3230 5538 vitiati
3249 5455 3758 5538 characteris,_alia

2113 5537 2386 5591 adversus
2404 5527 2860 5591 eos‘auctoritate
2889 5546 2997 5588 non
3031 5534 3240 5598 utitur,
3262 5537 3462 5601 praeter
3491 5527 3757 5596 Stephani

2113 5610 2180 5674 ll,
2209 5606 2287 5660 al.
2311 5608 2402 5674 III,
2429 5607 2731 5676 epistolam
2775 5605 2914 5674 (cod.
2955 5603 3102 5676 Car.)
3161 5604 3233 5656 ita
3275 5603 3568 5656 habentem
3598 5616 3610 5652 :
3643 5619 3669 5676 fr
3701 5601 3756 5652 1n

2112 5669 2260 5745 ipsis
2275 5669 2488 5747 quippe
2503 5677 2710 5750 diebus
2729 5669 2943 5746 quibus
2969 5677 3034 5728 ad
3054 5669 3213 5750 nc
3239 5676 3545 5750 ltc‘nuanam
3569 5669 3757 5750 urbem

2109 5743 2509 5804 d'cvast‘andam
2565 5743 2853 5816 profectus
2879 5751 2964 5802 est
3006 5743 3374 5813 (Aistulpnus)
3413 5751 3541 5810 ροει
3586 5743 3757 5794 amuli

2111 5819 2593 5888 spatiicirculum
2649 5817 2731 5872 ita
2756 5818 2958 5872 divino
2989 5828 3259 5888 mucrone
3310 5826 3618 5884 percussus
3658 5817 3755 5878 est,

2121 5886 2182 5946 :it
2207 5887 2457 5960 profecto
2501 5889 2562 5942 in
2591 5901 2658 5944 eo
2688 5893 2942 5958 tempore
2973 5900 3086 5956 quo
3117 5886 3284 5941 ﬁdem
3331 5897 3496 5940 suam
3539 5888 3756 5938 tentans
