3906 6412
371 409 478 470 827

1169 410 1263 468 ΑΙ)
1300 410 1739 468 ΑΝΑΞΤΑΞΙΠΜ
1776 409 1989 468 PROLE

2211 407 2299 465 NA
2334 406 2513 464 EDIT.
2554 405 2991 465 ΗΘΜ-ητις.

3693 411 3793 472 828

367 533 598 608 tychius
629 535 690 590 in
716 534 1000 590 Graciam
1021 534 1191 600 abiit,
1219 537 1504 608 ﬁnemque
1531 539 1733 608 attulit
1761 537 2031 594 exarcha-
2051 535 2110 594 A
2137 539 2222 591 tas
2269 537 2457 590 taliter
2513 534 2854 603 disponenda
2905 539 3006 608 est,
3060 538 3330 604 quatenus
3377 537 3484 592 illa
3542 556 3654 596 non
3705 543 3794 598 vili

364 607 472 678 tui,
497 619 626 678 cum
655 619 844 661 annus
865 613 1018 662 esset
1041 621 1166 662 aera
1190 607 1557 678 Dionysiana
1580 607 1706 675 751,
1741 609 2028 664 Zacharia

368 675 454 745 40,
499 676 868 749 βοηδίειηιίιιὶ
917 680 1158 747 Copron.
1201 677 1290 734 32.
1327 675 1380 734 P.
1423 681 1480 734 C.
1527 682 1651 748 ejus
1695 679 1779 749 40,
1813 678 2028 736 Aistul-

367 749 466 818 phi
497 745 550 802 3.
583 749 781 820 Itaque
809 745 1156 820 exarchatus
1182 751 1360 806 Italiae
1391 766 1492 806 seu
1525 745 1823 820 Ravenna,
1857 751 2026 820 cujus

367 817 1172 894 primordia’constitui_cum
1209 823 1448 894 Longini
1493 836 1642 878 anno
1685 817 1869 894 primo
1897 817 2026 894 567,

365 887 530 963 stetit
554 904 725 945 annis
745 891 982 963 circiter
1001 887 1136 963 718i,
1154 887 1470 963 habuitque
1491 887 1770 950 exarclios
1791 887 2027 948 omnino

364 961 456 1030 20,
485 961 866 1044 Smalragdjne’t
893 961 1437 1044 Call‘LiOpaIepetnita
1466 965 1753 1044 dignitate
1783 965 2022 1044 (Anast,

369 1029 528 1090 num.
577 1029 709 1102 483,
748 1029 868 1100 485,
930 1029 1421 1100 186,187,194.
1469 1033 1594 1092 243.
1663 1029 2029 1092 Recentiores

370 1105 604 1178 passim,
644 1117 873 1178 praeque
907 1103 981 1160 iis
1013 1105 1214 1178 Bened.
1245 1106 1511 1161 Bacchin.
1543 1109 1603 1161 in
1631 1107 1900 1176 Agnell.).

439 1175 526 1232 40.
560 1175 785 1246 Epoche
818 1175 927 1229 ista
957 1175 1151 1246 exitus
1185 1178 1584 1245 exarchorum,
1620 1192 1736 1245 quo
1775 1175 2028 1246 tempore

367 1248 534 1304 Italia
577 1245 698 1301 fere
741 1246 932 1300 omnis
968 1245 1040 1300 ab
1075 1248 1274 1314 impiis
1321 1249 1769 1317 imperatoribus
1808 1245 2027 1309 Graecis

367 1317 670 1386 defecerat,
707 1323 856 1372 recte
885 1331 1015 1374 cum
1042 1317 1361 1374 Gracanici
1392 1319 1623 1387 imperii
1655 1319 1836 1375 exitio
1859 1331 2030 1388 copu-

369 1389 588 1446 labitur
619 1407 635 1450 ς
671 1389 934 1459 quamvis
974 1389 1128 1444 enim
1160 1394 1378 1445 tantata
1414 1403 1526 1444 non
1571 1390 1745 1445 semel
1771 1389 2027 1459 ejusdem

369 1461 720 1516 instauratio
759 1465 866 1528 est,
917 1459 1210 1516 divinitus
1241 1467 1429 1515 tamen
1479 1459 1692 1516 factum
1740 1469 1803 1516 ut
1833 1460 2030 1516 omnia

371 1531 762 1602 nequidquam
785 1531 1033 1586 Casares
1055 1531 1413 1587 molirentur.
1439 1532 1794 1588 Exarchatus
1810 1545 1942 1587 vero
1959 1531 2028 1586 ad

370 1609 581 1659 sanctae
611 1603 766 1658 sedis
789 1603 1071 1658 ditionem
1111 1602 1572 1671 ampliﬁcandam
1623 1617 1718 1672 per
1749 1607 1834 1658 tet
1856 1616 2030 1661 anno-

372 1687 499 1732 rum
525 1673 732 1728 seriem
764 1674 1094 1728 vindicatus
1121 1674 1336 1728 Graecis
1361 1673 1587 1728 viribus
1615 1675 1891 1730 adversus
1917 1672 2028 1729 bel-

372 1747 758 1802 Iicosissimos
809 1746 1226 1813 Langobardos,
1289 1747 1516 1800 tandem
1570 1747 1728 1800 venit
1775 1746 1843 1800 ad
1900 1758 2028 1800 mo—

374 1822 628 1872 mentum
658 1817 716 1870 in
754 1816 956 1870 horum
1001 1829 1222 1872 manus.
1255 1816 1328 1872 At
1369 1817 1688 1884 postmodo.
1715 1829 1748 1871 a
1775 1818 2029 1872 Franco—

373 1902 500 1946 rum
523 1901 652 1955 rege
675 1887 918 1956 Pippino
946 1887 1394 1954 usurpatoribus
1414 1888 1758 1958 proﬂigatis,
1781 1899 2028 1942 conces—
2057 1894 2110 1955 Β
2135 1890 2419 1958 scriptum,
2475 1887 2570 1940 ubi
2630 1887 2816 1940 taliter
2882 1887 3229 1958 contineatur
3289 1887 3554 1958 scriptum

2127 623 2401 678 persona,
2433 623 2529 660 nec
2553 609 2727 660 alicui
2756 607 3084 660 concedatur
3107 609 3309 674 ignoto.
3349 608 3435 664 Sit
3463 613 3610 667 enim
3642 614 3793 668 valde

2135 683 2296 752 notus
2335 680 2676 752 imperatori,
2727 680 2799 752 sit
2844 678 3024 747 ﬁdelis
3067 682 3127 752 et
3143 679 3410 752 prudens,
3457 697 3569 736 non
3601 684 3787 739 elatus.

2135 749 2617 820 Protospatharius
2659 751 2878 802 veniens
2933 753 3060 803 ante
3107 749 3485 818 imperatorem
3533 757 3796 810 osculetur

2136 837 2296 894 suum
2352 821 2654 882 humerum,
2714 825 2800 894 etp
2834 820 2981 873 dicat
3024 839 3042 874 :
3089 821 3328 894 Maxime
3384 825 3792 894 imperatorum,

2135 892 2291 966 adest
2317 907 2476 966 quem
2495 893 2720 966 vocasti.
2756 891 2906 944 Tunc
2925 895 3028 966 stet
3047 891 3124 966 ad
3145 894 3432 948 sinistram
3454 891 3794 966 imperatoris

2135 963 2290 1016 illius
2310 961 2642 1032 hyparchus,
2665 977 2823 1032 quem
2847 977 2943 1015 nos
2964 963 3196 1016 dicimus
3217 961 3552 1032 praefectum,
3577 975 3626 1021 et
3653 969 3794 1024 dicat

2136 1036 2186 1088 ei
2197 1036 2509 1108 imperator
2537 1051 2554 1086 :
2588 1031 2721 1087 Cum
2747 1034 3188 1108 protospathario
3218 1031 3476 1108 futurum
3497 1041 3795 1108 patricium

2137 1105 2411 1178 adducito.
2478 1107 2631 1178 Dum,
2665 1109 2847 1158 autem
2890 1105 3099 1178 venerit
3153 1107 3444 1178 patricius,
3498 1105 3561 1164 in
3599 1113 3794 1178 primis

2137 1177 2408 1230 osculetur
2420 1175 2588 1244 pedes
2613 1176 2975 1244 imperatoris,
2998 1173 3196 1230 deinde
3215 1192 3380 1243 genu,
3403 1179 3478 1232 ad
3497 1173 3794 1238 extremum

2137 1248 2410 1301 osculetur
2464 1248 2646 1316 ipsum
2695 1264 2712 1299 :
2767 1251 2896 1300 tunc
2955 1247 3230 1300 osculetur
3289 1263 3470 1302 omnes
3529 1252 3794 1307 Romanos

2138 1321 2572 1379 circumstantes,
2605 1323 2654 1371 et
2690 1317 2880 1370 dicant
2907 1332 3088 1371 omnes
3115 1335 3132 1370 :
3159 1318 3300 1373 Bene
3337 1321 3572 1376 veniatis
3598 1341 3616 1376 :
3643 1325 3795 1378 nobis

2137 1391 2368 1444 nimium
2421 1389 2754 1442 laboriosum
2793 1403 2906 1442 esse
2951 1387 3172 1442 videtur
3213 1405 3517 1446 concessum
3565 1394 3722 1448 nobis
3762 1411 3796 1448 a

2138 1463 2245 1516 Deo
2282 1461 2646 1518 ministerium
2674 1459 2865 1532 solum
2890 1473 3188 1532 procurare
3217 1479 3234 1514 :
3267 1464 3522 1532 quocirca
3551 1468 3602 1518 te
3645 1465 3794 1520 nobis

2137 1533 2446 1600 adjutorem
2473 1533 2734 1596 fac-imus,
2765 1534 2814 1583 et
2843 1529 2986 1583 hunc
3015 1529 3406 1588 honorem'tibi
3433 1535 3792 1597 concedimus,

2137 1609 2199 1657 ut
2232 1603 2488 1656 Ecclesiis
2523 1604 2624 1654 Dei
2656 1607 2706 1655 et
2747 1601 3085 1670 pauperibus
3123 1603 3290 1670 legem
3329 1607 3529 1672 facias,
3575 1613 3627 1661 et
3677 1607 3796 1661 inde

2136 1674 2290 1742 apud
2318 1675 2648 1728 altissimum
2681 1671 2929 1739 iudicem
2966 1675 3235 1728 rationem
3263 1676 3484 1730 reddas.
3525 1678 3678 1732 Tunc
3707 1683 3798 1732 in-

2136 1746 2274 1800 duat
2317 1761 2437 1799 eum
2481 1746 2776 1813 imperator
2823 1748 3090 1806 mantum,
3123 1748 3173 1798 et
3219 1752 3388 1814 ponat
3439 1749 3489 1800 ei
3517 1750 3577 1802 in
3607 1749 3797 1803 dextro

2135 1817 2316 1870 indice
2362 1815 2652 1889 annulum,
2687 1820 2736 1889 et
2766 1815 2853 1870 det
2883 1817 2934 1868 ei
2965 1815 3342 1889 bombacinum
3375 1821 3603 1889 propria
3633 1835 3799 1876 manu

3600 1909 3618 1944 :
3673 1892 3799 1944 Esto

371 1961 454 2016 sit
485 1960 543 2014 in
583 1967 793 2014 sancta
829 1958 982 2030 sedis
1010 1958 1292 2014 ditionem
1327 1971 1447 2030 una
1473 1957 1609 2013 cum
1648 1958 1940 2030 Pentapoli
1971 1961 2027 2013 et
2132 1957 2426 2028 patricius,
2458 1959 2764 2030 misericors
2790 1962 2842 2030 et
2855 1957 3068 2025 justus.
3100 1960 3249 2030 Tunc
3270 1957 3442 2030 ponat
3470 1962 3521 2016 ei
3547 1963 3609 2016 in
3635 1966 3803 2030 caput

369 2030 602 2086 Emilia
635 2047 647 2082 :
686 2043 869 2099 neque
912 2029 981 2084 ad
1029 2035 1282 2085 nostram
1325 2029 1472 2084 hanc
1511 2035 1732 2084 atatem
1765 2029 2030 2085 barbaris

369 2101 624 2171 amplius
652 2102 858 2170 patuit.
882 2103 1112 2172 IdemAet
1133 2100 1358 2172 origine
1378 2106 1434 2154 et
1453 2100 1738 2170 dignitate
1759 2100 2024 2172 celebris,

372 2170 662 2228 illustrior
693 2177 884 2242 postea
913 2179 1001 2226 est
1030 2170 1250 2240 factus,
1269 2185 1400 2226 cum
1432 2176 1550 2242 tres
1579 2170 2028 2229 eminentissimi

369 2240 706 2314 apostolica
720 2243 876 2298 sedis
897 2243 1069 2314 legati
1094 2243 1388 2314 tripertito
1409 2240 1573 2297 illum
1595 2243 2026 2312 administrare,

370 2313 700 2386 sanctisque
723 2313 948 2384 legibus
962 2313 1302 2371 conservare
1317 2326 1673 2386 summorum
1692 2314 2028 2386 pontiﬁcum

373 2383 1026 2454 nomine’incm’perunt,
1073 2391 1137 2442 ut
1186 2391 1384 2440 nostro
1423 2397 1540 2438 avo
1579 2383 1842 2440 videmus
1877 2383 2023 2440 ﬁeri.

370 2459 649 2514 Caeterum
697 2463 760 2512 ut
803 2455 1032 2525 aliquid
1081 2457 1270 2512 dicam
1325 2455 1396 2510 de
1441 2455 1726 2521 exarchis,
1779 2468 2025 2525 quorum

372 2528 696 2608 cataIOgum
743 2524 1010 2608 exhibui,
1060 2525 1750 2608 hor'um‘chronologia'm
1788 2524 2026 2608 diﬂicile

373 2595 588 2680 estrei
620 2609 851 2680 ιξιθηεθξί
868 2603 926 2678 et
953 2595 1085 2680 dies,
1121 2597 1420 2680 timeare.
1438 2596 1575 2680 dare
1603 2595 1826 2680 salios
1847 2595 2022 2680 691m,

373 2664 572 2723 statim
597 2671 770 2734 atque
789 2664 1246 2736 designabantur
1263 2664 1446 2733 Cpoli,
1479 2665 1687 2736 missos
1711 2679 1855 2735 esse,
1877 2664 2029 2722 alios

372 2745 476 2796 aut
499 2739 784 2792 Caesarum
813 2735 1126 2803 voluntate,
1159 2742 1260 2791 aut
1291 2736 1459 2805 longa
1487 2735 1580 2790 via
1609 2735 1870 2792 detentos
1900 2749 2028 2792 sero

377 2811 436 2866 in
487 2807 710 2864 Italiam
754 2806 980 2878 venisse
1025 2805 1202 2862 refert
1235 2806 1506 2878 historia.
1554 2806 1700 2862 Hinc
1744 2811 1832 2863 est
1875 2807 2027 2878 quod

373 2879 623 2936 aliorum
688 2875 944 2945 exemplo
1001 2889 1184 2933 annos
1231 2877 1490 2949 indicare
1538 2882 1862 2944 contentus,
1892 2875 2029 2949 'quo

377 2949 745 3030 potissimum
788 2959 979 3029 mense
996 2953 1108 3030 aut
1151 2948 1596 3030 designarentur
1634 2949 1800 3030 Cpoli
1837 2948 1942 3030 aut
1969 2950 2028 3006 in

374 3018 601 3076 Italiam
655 3019 1033 3088 pervenirent,
1091 3018 1316 3090 neglexi
1354 3018 1701 3090 disquirere.
1744 3020 1802 3078 Id
1839 3024 2028 3076 tamen

374 3090 964 3174 animadvertignquod
997 3089 1183 3174 usque
1205 3091 1273 3172 ad
1304 3089 1664 3174 Theodorum
1688 3091 2026 3174 Calliopam,

375 3176 508 3217 cum
553 3173 702 3217 anno
745 3157 852 3216 633
900 3157 1150 3217 secundo
1192 3163 1408 3217 missus
1449 3162 1741 3231 captivum
1790 3157 1928 3217 fecit
1968 3157 2021 3219 SL

375 3233 688 3289 Martinum
719 3231 1044 3302 pontiﬁcem
1073 3233 1412 3302 Romanum,
1445 3233 1738 3290 successio
1758 3233 2028 3290 exarcho-

379 3317 506 3386 rum
535 3309 837 3386 certamest.
863 3304 1161 3386 In'deuvero
1191 3317 1372 3386 usque
1400 3304 1468 3358 ad
1498 3304 2025 3386 JoannemPlatyn,

377 3377 478 3445 qui
508 3387 658 3429 anno
677 3371 784 3430 687
823 3374 882 3428 in
914 3375 1138 3430 Italiam
1173 3371 1348 3432 venit.
1383 3375 1736 3444 conjecturis
1765 3371 2032 3431 doctissi-

382 3458 604 3501 morum
621 3445 881 3501 virorum
894 3445 1054 3516 Pagii
1072 3445 1439 3501 etBacchinii
1455 3448 1560 3501 niti
1573 3453 1688 3502 tur.
1703 3446 1814 3516 Qui
1831 3446 2028 3516 Platyn

379 3521 704 3587 sequuntur
731 3517 991 3587 quinque
1013 3517 1247 3571 exarchi
1272 3522 1424 3572 certe
1450 3517 1592 3572 mihi
1625 3519 1814 3572 atatis
1838 3517 2030 3572 viden-

380 3594 515 3656 tur;
542 3590 788 3642 attamen
817 3601 914 3642 eos
961 3589 1112 3643 inter
1141 3593 1279 3642 sunt
1304 3596 1420 3644 tres
1475 3587 1865 3644 successionis
1912 3601 2024 3643 non

381 3660 462 3714 ita
492 3663 678 3726 certa,
713 3663 778 3713 ut
807 3657 1033 3714 nullum
1065 3658 1423 3714 dubitationi
1454 3659 1643 3715 locum
1693 3659 2028 3729 relinquant

377 3729 860 3800 Theophylactus,
911 3731 1156 3786 Joannes
1182 3730 1502 3800 Rizocopus
1544 3737 1600 3786 et
1644 3731 1900 3800 Paulus;
1927 3729 2024 3786 sed

379 3801 735 3872 duocateri
809 3802 892 3856 Fl.
975 3801 1370 3858 Scholasticus
1433 3808 1492 3857 et
1545 3802 1887 3872 Eutychius,
1936 3800 2033 3857 hic

383 3871 578 3942 Paulo,
627 3873 728 3927 ille
764 3873 1047 3942 Rizocopo
1095 3874 1252 3928 omni
1305 3873 1503 3942 procul
1547 3871 1728 3930 dubio
1753 3885 2036 3929 successe-

383 3949 541 4014 runt,
586 3949 651 4014 ut
673 3944 868 4014 videre
890 3951 979 3998 est
1022 3944 1173 4012 apud
1213 3949 1479 4014 auctores
1506 3959 1606 4014 per
1637 3958 1724 4000 me
1771 3943 2036 3999 laudatos

386 4013 447 4068 in
491 4013 770 4087 catalogo.
819 4012 1196 4087 Quamobrem
1245 4017 1296 4070 si
1337 4013 1484 4070 forte
1507 4012 1737 4072 ‘novum
1782 4014 2035 4087 aliquem

384 4083 703 4140 exarchuni
736 4088 873 4140 atas
900 4083 1166 4154 proferet,
1205 4093 1309 4142 aut
1357 4087 1508 4142 inter
1532 4083 1899 4144 Theodorum
1916 4083 2038 4140 Cal-

386 4155 598 4228 liopam
651 4162 706 4211 et
760 4158 1029 4212 Joannem
1088 4158 1286 4228 Platyn
1338 4163 1439 4212 ant
1494 4158 1646 4213 inter
1692 4157 1953 4217 eumdem
1980 4159 2036 4210 et

385 4227 754 4299 Rizocopum,
813 4234 914 4283 aut
942 4229 1170 4284 demum
1218 4227 1370 4286 inter
1395 4227 1942 4299 FLAScholasticum
1981 4231 2038 4282 et

385 4299 651 4365 Paulum,
683 4297 1002 4368 temporum
1022 4301 1244 4355 ratione
1265 4297 1547 4356 habitaris
1589 4299 1904 4356 collocetur
1946 4311 2040 4353 ne-

386 4385 542 4426 cesse
580 4372 712 4426 erit.
765 4372 993 4442 Plura,i
1031 4371 1100 4426 ad
1149 4371 1592 4442 Chronologiam
1629 4371 1779 4440 quod
1803 4371 2034 4438 attinet,

390 4457 492 4498 nec
531 4443 807 4512 temporis
851 4456 952 4497 nec
983 4441 1095 4496 loci
1144 4449 1232 4497 est
1285 4441 1604 4498 observare.
1641 4442 1801 4512 Quod
1845 4447 2037 4512 autem

388 4520 608 4585 spectat
646 4511 1275 4585 dignitatem_exarchi,
1335 4520 1538 4581 praeter
1574 4527 1639 4585 ea
1670 4511 1810 4585 qua
1851 4511 2040 4568 obiter

390 4579 956 4668 paulonanlte'gnumm.
991 4579 1046 4668 7,
1073 4581 1126 4665 8)
1151 4579 1394 4668 aiebam,
1453 4579 1722 4668 nonnihil
1747 4585 2082 4668 reliquumi

392 4655 537 4714 inihi
565 4656 670 4712 feci
698 4655 794 4710 hic
820 4656 1208 4725 opportunius
1231 4655 1625 4710 indicandum.

460 4725 550 4783 44.
583 4726 828 4783 Exarchi
855 4725 1199 4796 dignitatem
1249 4725 1409 4781 Italis
1441 4727 1671 4796 quidem
1701 4740 1923 4794 novam,
1961 4731 2040 4782 ta-

391 4799 557 4854 metsi
587 4799 737 4854 alias
767 4811 886 4852 eam
919 4804 1112 4866 gentes
1138 4810 1252 4868 non
1288 4798 1584 4868 ignorasse
1601 4803 1860 4858 ,testatur
1886 4800 2036 4856 Gre-

390 4872 591 4941 gorius
635 4883 876 4941 magnus
926 4869 1099 4939 (epist.
1133 4867 1218 4924 lib
1239 4867 1429 4941 Αι,ί59
1475 4876 1532 4926 et
1556 4867 1646 4941 72,
1693 4871 1770 4924 ad
1815 4871 2035 4926 eaarch.

387 4939 615 5012 Arria).
657 4939 875 4997 Olﬁciis
905 4954 1128 5012 semper
1167 4939 1440 5010 palatinis
1483 4939 1810 5012 adjunctam
1868 4942 2042 4998 disci-

393 5027 539 5080 mus,
593 5012 730 5068 dum
791 5012 1038 5081 legimus
1088 5012 1387 5081 patricios,
1441 5013 1830 5070 chartularios
1885 5014 2034 5069 sacri

341 5131 352 5138 .
392 5083 616 5154 palatii,
643 5085 958 5152 eunuchos,
991 5082 1388 5140 cubicularios
1413 5090 1468 5138 et
1483 5085 1711 5154 judices
1735 5085 2036 5154 civitatum

389 5153 582 5225 eadem
629 5162 860 5225 ornatos
900 5167 1043 5209 esse.
1096 5155 1359 5211 Eruditis
1407 5153 1638 5225 singula
1687 5155 1806 5210 hac
1853 5153 2037 5212 ofﬁcia

390 5223 749 5279 enucleatius
787 5226 1102 5296 expendere
1138 5228 1389 5282 otiosum
1443 5223 1604 5282 foret:
1654 5228 1726 5282 de
1775 5227 2042 5296 patriciis

391 5300 581 5348 autem
608 5294 884 5349 nonnulla
909 5295 968 5349 in
997 5297 1326 5352 memoriam
1351 5311 1616 5354 revocare
1644 5294 1861 5353 certum
1895 5298 2039 5356 mihi

393 5371 478 5444 est
493 5375 665 5444 atque
679 5365 1085 5444 deliberatum,
1105 5367 1392 5444 quidquid
1412 5382 1608 5444 eorum
1632 5369 1906 5437 patientia
1922 5369 2040 5439 jam

393 5434 498 5510 diu
519 5435 742 5510 abutar.
765 5438 890 5510 Duo
915 5437 1056 5510 mihi
1076 5434 1214 5510 sunt
1237 5434 1614 5510 patriciorum
1633 5434 1848 5510 genera
1875 5457 1890 5508 ;
1917 5434 2044 5510 qua

395 5505 885 5580 enimaliamulta
909 5505 1082 5580 refert
1098 5505 1350 5580 Cangius
1376 5511 1434 5564 in
1460 5505 1756 5565 GlossIrio
1789 5505 2041 5580 generali

397 5571 500 5650 hac
522 5575 1206 5650 divisionecomprehend
1217 5571 1500 5636 i'arbitror
1515 5599 1528 5634 :
1545 5582 1650 5636 alii
1669 5571 1820 5636 sunt
1818 5581 2049 5650 patricii

393 5641 708 5722 casarum,
729 5647 841 5722 alii
875 5641 1229 5722 pontificum,
1264 5650 1367 5722 alii
1402 5665 1598 5720 nempe
1628 5651 1701 5706 ab
1733 5641 2054 5718 imperato-

395 5711 578 5782 ribus,
609 5715 713 5768 alii
755 5711 1090 5795 altomanis
1117 5711 1494 5795 pontificibus
1525 5711 1888 5777 creabantur.
1919 5722 2051 5795 For-

397 5796 542 5858 mam
585 5783 815 5858 creandi
876 5783 1169 5858 patricios
1206 5789 1530 5858 imperiales
1586 5796 1931 5848 asservatam
1987 5792 2046 5848 in

397 5851 747 5931 bibliotheca
771 5851 1041 5931 V’aticana
1071 5871 1138 5909 cx
1157 5851 1751 5931 Paul'c_lr‘401'ojuliano,
1781 5876 1883 5918 seu
1905 5863 2050 5918 Dia-

397 5937 558 5996 cono,
587 5939 622 5980 a
649 5923 867 5990 Cangio
897 5935 1220 5987 expressam
1251 5923 1540 5986 exhibeo':
1575 5923 1806 6002 Patricii
1857 5933 2050 6000 digni-

2059 3270 2108 3336 Ο
2135 3230 2313 3336 {Tia
2339 3230 2597 3336 ἓὲἒέοῗῖὶ
2623 3230 2975 3336 ﬁliiﬁlii?
3011 3230 3130 3336 39.13

2138 2045 2365 2102 aureum
2403 2029 3052 2102 circulumﬂetddimittat.
3096 2029 3250 2102 Hanc
3276 2029 3654 2102 dignitatem,
3691 2029 3803 2102 Qua

2140 2101 2350 2172 ornati,
2398 2100 2592 2172 utait
2636 2098 2958 2172 Walfridus
2999 2101 3219 2172 Strabo,
3268 2098 3431 2158 era'nt
3461 2103 3638 2172 primi
3677 2098 3804 2172 post

2137 2171 2404 2244 Caesares,
2455 2171 2622 2244 docet
2650 2169 2890 2244 Senator
2932 2169 3116 2227 fuisse
3166 2169 3497 2244 perpetuam
3530 2193 3544 2229 :
3579 2169 3718 2230 Mos:
3746 2177 3803 2226 ut

2139 2243 2303 2298 datus
2341 2243 2513 2309 fuerit
2535 2242 2623 2296 hic
2658 2242 2846 2315 nonor,
2878 2245 2940 2296 in
2980 2244 3106 2315 vita
3139 2242 3347 2312 tempus
3392 2245 3674 2315 reliquum
3704 2245 3804 2298 ho-

2138 2315 2365 2388 mini‘ﬁt
2401 2328 2610 2388 coaevus
2640 2314 2760 2381 (lib.
2806 2327 2883 2383 v1,
2915 2327 3004 2383 ep.
3036 2311 3114 2388 ΩΑ.
3145 2315 3228 2388 Ac
3244 2311 3806 2388 ’proindefsuspica—

2139 2390 2238 2440 tur
2262 2383 2536 2454 Cangius,
2569 2397 2706 2458 num
2741 2390 3037 2458 propterea
3077 2383 3324 2458 breviori
3357 2387 3463 2442 alii
3494 2383 3800 2458 dignitati,

2139 2461 2204 2540 at
2224 2453 2888 2540 θεξριζφεξνςὲιξιιξενειέι
2901 2453 3041 2540 alia
3061 2453 3416 2540 aeterm,
3433 2453 3808 2540 adtingere-

2138 2531 2252 2596 tur.
2279 2525 2427 2580 Idem
2453 2524 2723 2596 tamenin
2753 2525 2877 2580 cod.
2901 2524 3178 2596 Theodos,
3202 2524 3396 2596 legens
3419 2539 3485 2580 ex
3496 2524 3802 2596 patricios,

2139 2595 2196 2652 id
2233 2599 2456 2650 tantum
2497 2593 2828 2650 obtinuisse
2857 2593 3008 2662 apud
3042 2593 3422 2651 Gothos'cum
3453 2593 3804 2660 auctoribus

2137 2665 2274 2738 aliis
2303 2665 2502 2738 sentit.
2535 2665 2654 2738 Prae
2682 2665 2759 2738 iis
2782 2663 3076 2720 Gutherus
3098 2665 3244 2738 hanc
3273 2667 3614 2738 dignitatem
3655 2669 3807 2724 inter

2141 2736 2426 2808 palatinas
2445 2736 2962 2808 eminentissimam
2986 2749 3096 2792 non
3122 2734 3301 2793 fuisse
3324 2734 3687 2808 perpetuam,
3713 2739 3802 2794 sed

2142 2805 2204 2864 ut
2228 2813 2429 2878 caetera
2456 2805 2640 2878 ofﬁcia
2665 2807 2734 2863 ad
2769 2812 2973 2878 nutum
3007 2809 3292 2878 principis
3319 2805 3502 2875 docet,
3537 2821 3606 2864 ac
3641 2805 3804 2868 ﬁnita
3868 2829 3878 2840 ο

2139 2877 2646 2936 administratione
2693 2877 3045 2948 expatricios
3099 2877 3378 2948 appellari
3431 2881 3809 2940 consuevisse

2139 2894 2646 2936 adminIStrauone
2693 2894 3045 2948 expatrtcms
3099 2894 3170 2948 ap
3212 2894 3240 2935 e

2139 2949 2236 3020 (de
2261 2948 2366 3020 Off.
2399 2949 2542 3003 dom.
2577 2949 2710 3018 Cug.
2749 2949 2852 3006 lib.
2887 2965 2962 3015 ην
2981 2963 3106 3020 cap.
3141 2894 3245 3020 ig).

2211 3017 2478 3092 42(Ηὶηο
2503 3025 2590 3075 est
2614 3021 2766 3090 quod
2809 3021 2875 3092 in
2908 3017 3217 3077 Dufresnii'
3238 3022 3571 3092 opinionem
3602 3035 3809 3080 eamus

2141 3091 2385 3164 pedibus
2428 3104 2656 3164 necesse
2700 3095 2804 3146 est.
2847 3091 2959 3164 Qui
3003 3093 3156 3164 enim
3195 3091 3312 3148 duo
3360 3093 3624 3164 patricii,
3678 3093 3808 3149 sede

2138 3162 2358 3232 Cpolim
2390 3163 2690 3233 translata,
2718 3167 2783 3218 ut
2810 3163 2896 3218 ait
2942 3163 3466 3288 Porphﬁrogenitus
3494 3163 3586 3228 (de
3612 3162 3802 3218 'Adm.

2138 3235 2302 3304 Imp,
2351 3246 2474 3304 cap.
2507 3230 2597 3304 27)
2640 3233 2792 3305 mitti
2841 3233 2975 3305 inde
3011 3234 3130 3290 sole
3171 3243 3270 3290 ant
3315 3237 3374 3290 in
3416 3233 3646 3305 Italiam
3693 3235 3802 3305 (eos

3171 3247 3270 3290 ant
3315 3249 3374 3290 IIl
3416 3247 3646 3290 uanam
3693 3247 3807 3290 (808

2142 3305 2314 3360 hodie
2334 3319 2594 3374 proreges
2623 3304 2968 3373 diceremus)
3010 3321 3239 3374 quorum
3272 3321 3413 3360 unus
3445 3304 3677 3368 Sicilia,
3703 3304 3808 3358 Ca-

2141 3377 2354 3440 labria,
2407 3376 2636 3446 Neapoli
2687 3382 2738 3430 et
2790 3377 3101 3444 Amalphia
3144 3383 3383 3446 praerat
3426 3395 3443 3431 :
3486 3377 3632 3430 alter
3679 3391 3802 3430 vero

2139 3447 2459 3508 Benevento,
2511 3447 2726 3514 Capua,
2791 3448 2974 3514 Papia
3019 3463 3139 3500 cum
3177 3449 3429 3517 reliquis,
3484 3451 3534 3502 et
3585 3447 3801 3501 tributa

2138 3518 2435 3588 quotannis
2499 3520 2625 3586 ﬁsco
2673 3519 3018 3588 imperatoris
3068 3520 3386 3588 pendebant
3431 3536 3449 3584 ;
3493 3530 3590 3573 eos
3649 3522 3799 3588 certe

2138 3587 2424 3660 dignitate
2453 3588 2514 3643 in
2545 3587 2783 3644 sedibus
2825 3587 3090 3660 militum
3113 3603 3275 3658 pares
3307 3589 3604 3660 magistris
3635 3587 3804 3660 mili-7

2139 3656 2262 3715 tum
2319 3659 2378 3714 in
2420 3659 2810 3728 expeditione,
2849 3659 2919 3715 ad
2965 3656 3170 3716 nutum
3221 3656 3506 3730 principis
3547 3656 3800 3715 amoveri

2140 3731 2508 3787 consuevisse
2537 3730 2882 3786 crediderim
2909 3749 2924 3796 ;
2951 3733 3176 3788 tametsi
3203 3730 3332 3788 dua
3361 3730 3799 3800 inscriptiones,

2142 3801 2214 3858 ab
2243 3801 2438 3858 eodem
2481 3801 2740 3857 Guthero
2779 3801 2988 3866 allata,
3029 3817 3196 3858 secus
3237 3804 3441 3859 docere
3469 3801 3799 3858 videantur.

2141 3874 2355 3928 Harum
2382 3873 2568 3943 prima
2596 3880 2827 3928 exstans
2855 3873 3135 3944 Treveris,
3170 3875 3249 3930 ita
3284 3873 3492 3930 habet:

2465 3985 2574 4026 HIC.
2635 3982 2806 4024 IACET.
2876 3981 3050 4025 ELIVS.
3113 3981 3480 4027 CONS'I‘AN'I'IUS

2356 4057 2474 4099 VIR.
2523 4054 2874 4100 CONSVLABIS.
2930 4053 3120 4097 COMES.
3171 4057 3256 4098 ET.
3313 4054 3587 4098 ιΑαιεΤΕιι

2325 4129 2650 4176 ντιιινεουιζ.
2718 4125 2966 4167 MILITIE.
3027 4128 3220 4176 ATQVE.
3301 4125 3622 4181 PATRICIvs;

2143 4186 2262 4242 alia
2293 4187 2522 4244 Roma:

2364 4287 2449 4329 re.
2500 4288 2750 4334 BICIMER.
2813 4261 2954 4336 νῗῖ.
3002 4289 3295 4332 MAGISTER.
3353 4283 3589 4332 vrmvso

2835 4362 3045 4408 PATRICI
3054 4363 3118 4404 VS

2145 4435 2370 4504 Quibus
2389 4449 2457 4492 ex
2485 4437 2972 4508 inscriptionibus
2999 4444 3120 4494 tum
3145 4433 3406 4504 copulari
3431 4428 3803 4504 patriciatum

2147 4521 2307 4583 cum
2333 4507 2892 4583 militia_d_isc_imus,
2927 4517 3078 4583 ‘tum
3140 4511 3638 4583 perpetuamesse
3682 4514 3803 4583 eam

2147 4579 2511 4649 dignitatem.
2543 4579 2646 4634 SeJ
2670 4576 2897 4636 diversa
2918 4579 3096 4637 fuerit
3123 4576 3269 4634 ratio
3298 4576 3676 4646 patriciorum
3705 4576 3804 4649 qui

2050 4646 2107 4718 ι)
2151 4643 2458 4705 ἰιιἸιιιιίιιιῖι
2486 4651 2863 4708 mittebantur
2883 4659 3014 4708 ante
3034 4643 3352 4708 Gothorum
3375 4653 3631 4718 tempora
3661 4666 3676 4700 :
3706 4643 3804 4718 qui

2147 4725 2337 4776 autem
2365 4721 2594 4797 patricii
2623 4722 2826 4778 horum
2849 4731 3013 4797 atate
3031 4725 3090 4797 in
3119 4721 3340 4797 Italiam
3364 4715 3616 4797 praefecti
3641 4715 3806 4797 missi

2149 4799 2319 4864 sunt,
2349 4793 2656 4864 caterique
2685 4807 2882 4851 omnes
2909 4795 2980 4850 ab
3024 4791 3305 4864 Augustis
3343 4797 3489 4864 tunc
3530 4791 3808 4864 temporis

2148 4860 2348 4932 creati,
2401 4860 2658 4934 perpetui
2705 4872 2868 4921 erant
2911 4866 3077 4935 juxta
3120 4860 3416 4918 Senatoris
3458 4860 3804 4935 doctrinam.

2147 4935 2327 5006 Cujus
2352 4937 2432 4990 rei
2465 4932 2866 5006 argumentum
2893 4932 3032 4994 sunt
3057 4940 3140 4991 tot
3162 4945 3401 5006 numero
3427 4932 3663 5006 patricii
3694 4942 3806 4986 uno

2149 5002 2460 5078 eodemque
2484 5002 2736 5084 tempore
2773 5009 2833 5066 in
2871 5007 3006 5064 aula
3041 5003 3480 5084 Constantinop.
3517 5002 3803 5084 degentes,

2149 5073 2396 5148 quorum
2425 5093 2522 5132 sea:
2550 5073 2850 5147 deferentes
2878 5094 3058 5133 secum
3083 5080 3320 5132 trecenta
3348 5073 3807 5148 navigia,'simul-

2149 5145 2254 5217 que
2291 5155 2342 5202 et
2393 5145 2754 5206 SicilienSium
2791 5151 2990 5206 statum
3015 5152 3075 5202 in
3113 5148 3256 5202 hanc
3291 5145 3808 5217 Romanamrurbem

2149 5215 2387 5290 absoluti
2408 5236 2443 5273 a
2467 5223 2619 5288 regia
2643 5223 2775 5276 urbe
2801 5223 2878 5278 ad
2895 5236 2992 5276 nos
3021 5222 3340 5290 properant,
3355 5215 3564 5290 paiebgt
3587 5216 3656 5290 S.
3683 5227 3808 5290 lion-

2152 5288 2296 5346 tifex
2316 5283 2606 5347 Paulus'in
2629 5293 2872 5362 epistola
2891 5293 2961 5348 ad
2982 5283 3290 5362 Pippinum
3314 5287 3469 5356 (Cod.
3491 5283 3800 5362 mirabili).

2153 5363 2426 5433 Praterea
2460 5368 2579 5418 tum
2615 5358 2678 5418 in
2718 5365 2888 5420 Libro
2925 5358 3268 5433 pontiﬁcali,
3297 5366 3418 5414 tum
3450 5358 3603 5433 apud
3641 5359 3808 5433 histo-

2156 5432 2311 5514 ricos
2340 5433 2752 5514 Langobardici
2797 5427 3534 5514 in_ltalia_regni_:equales
3566 5429 3806 5514 legimus

2160 5503 2486 5573 frequenter
2519 5507 2788 5574 patricios
2834 5505 2980 5562 alios
3023 5503 3189 5572 alibi,
3237 5503 3375 5574 dum
3417 5513 3619 5574 eorum
3666 5512 3808 5556 unus

2161 5570 2436 5629 Ravenna
2491 5570 2861 5634 e'xarchatum
2921 5570 3366 5635 administrabat
3408 5589 3424 5640 ;
3478 5570 3810 5641 plerumque

2158 5645 2311 5718 enim
2357 5645 2474 5718 hac
2515 5645 2771 5718 dignitas
2811 5647 3039 5717 patricii
3081 5643 3740 5718 conferebatur._ltaque
3763 5646 3812 5718 et

2159 5715 2474 5772 Belisarius
2501 5726 2556 5772 et
2578 5713 2934 5790 Narses,'qui
2969 5717 3200 5790 patricii
3224 5727 3428 5772 nomen
3449 5713 3812 5790 solum’reti—

2158 5793 2428 5858 nuerunt,
2463 5793 2518 5841 et
2546 5783 3024 5858 exarchioinne's,
3051 5787 3152 5858 qui
3179 5800 3306 5858 cum
3331 5783 3812 5858 excellentissima

2157 5855 2442 5929 dignitate
2473 5856 2705 5929 exarchi
2739 5853 3673 5929 patriciatumqeminentissimum
3719 5869 3814 5911 co-

2161 5872 2218 5912 ιιι
2263 5872 2442 5914 [litate
2473 5872 2705 5914 θχεινοιιι
2739 5872 3108 5929 patriciatum
3139 5872 3673 5914 emmenussnmum
3719 5872 3814 5911 00·

2161 5872 2457 5999 ριδιιτιιηῐ,
2485 5927 2585 5982 ubi
2609 5928 2781 5986 semel
2802 5932 2990 5988 ornati
3017 5944 3083 5986 eo
3109 5923 3369 5999 fuerunt,
3390 5925 3660 5984 eumdem
3681 5939 3816 5982 nun-
