3906 6440
299 449 304 452 _
400 398 509 457 839

424 589 620 646 Pe-riod

433 661 526 714 Jul
563 665 614 714 et

436 733 616 788 Indict

459 3018 605 3078 5320

447 3097 618 3160 {"328

543 3169 610 3226 49

522 3244 576 3297 A

443 3313 628 3368 Indict

496 3469 556 3510 XI

452 4580 586 4640 5324

452 4659 602 4732 $4

1201 397 1294 452 AD
1331 397 1765 454 ANASTASIUM
1805 399 2322 459 PROLEGOMENA
2357 403 2534 458 EDIT.
2579 403 3011 460 ROM.-VATIC.

453 519 610 574 Anni
666 521 1038 575 Romanorum
1141 522 1514 588 imperatores,
1574 522 1727 588 Lang

764 605 934 656 reges,
1002 593 1244 650 cacare/ti;
1317 607 1404 646 res
1466 596 1648 658 gestae.

687 856 879 924 trima,
934 857 1022 912 vel
1053 859 1378 928 quadrima.
1424 867 1480 914 et
1512 858 1776 916 ﬁrmatur

687 940 794 996 pax
844 934 1117 998 perpetua
1144 943 1274 984 cum
1329 931 1582 985 Francis.
1634 931 1772 986 Paul

682 997 1036 1072 piaclib’},
1091 1013 1194 1067 cap
1233 998 1322 1056 34.
1352 1001 1484 1056 Dim
1515 1001 1554 1056 l.
1587 999 1640 1068 3,
1668 1015 1774 1072 cap

681 1067 770 1133 89,
799 1069 1034 1125 biennio
1061 1078 1212 1126 ante.

761 1140 972 1196 Phocas
1029 1155 1159 1196 cum
1223 1155 1446 1197 omnem
1503 1143 1774 1198 movisset

684 1210 953 1281 lapidem,
1007 1217 1073 1268 ut
1132 1214 1422 1268 Narsetem
1466 1213 1770 1281 obtineret,

687 1289 990 1352 postquam
1023 1283 1093 1338 ad
1117 1283 1404 1339 Romanos
1424 1297 1556 1339 eum
1585 1284 1773 1339 redire

687 1353 914 1424 iteratis
999 1354 1351 1422 juramentis
1439 1354 1771 1424 impetravit

687 1423 1028 1495 fmdifragus
1057 1425 1249 1480 vivum
1279 1424 1543 1480 comburi
1583 1425 1768 1495 jubet.

683 1497 765 1550 Ex
796 1497 939 1550 (Jedr
976 1502 1032 1550 et
1063 1495 1277 1551 miscel.
1315 1497 1518 1552 Baron.

752 1566 904 1636 Greg
955 1573 1192 1621 mortem
1237 1569 1506 1635 sequitur
1574 1567 1771 1637 hyems

683 1633 919 1707 frigida,
979 1633 1380 1706 obsumtisque
1428 1633 1668 1699 vitibus.
1715 1647 1772 1693 et

685 1707 973 1762 messibus
996 1707 1173 1762 fames
1207 1710 1264 1762 in
1286 1707 1454 1763 Italia
1473 1709 1606 1764 fuit.
1629 1709 1771 1764 Diac

684 1777 768 1832 lib
795 1775 848 1846 4,
881 1792 987 1848 cap
1011 1776 1102 1834 30.

755 1867 876 1936 Imp
905 1867 1090 1922 Phoca
1118 1867 1244 1940 Aug
1271 1863 1322 1936 4,
1351 1865 1407 1937 ὃ,
1439 1882 1538 1924 cos
1573 1866 1658 1923 44.

689 2031 878 2074 mense
913 2032 1102 2088 pacem
1137 2019 1326 2074 ﬁrmat
1345 2019 1413 2074 ad
1447 2021 1768 2075 triennium

680 2102 812 2144 cum
870 2090 1167 2146 Romanis.
1227 2090 1365 2146 Paul
1410 2091 1549 2145 Diac
1595 2091 1678 2146 lib
1708 2089 1760 2152 4,

691 2174 796 2237 cap
841 2158 932 2237 3:5.
984 2163 1180 2233 Sigon,
1236 2161 1340 2231 qui
1389 2161 1555 2237 addit
1587 2161 1644 2216 h.
1699 2175 1761 2217 a.

687 2232 1028 2304 Ferrariam,
1061 2232 1208 2302 quae
1235 2238 1373 2287 tunc
1403 2233 1575 2304 vicus
1621 2240 1766 2298 erat,

685 2304 976 2360 moenibus
1017 2301 1024 2304 ⁷
1061 2301 1308 2358 cinctam
1364 2301 1436 2356 ab
1507 2304 1768 2359 Exarcho

676 2375 1006 2446 smaragdo,
1031 2380 1123 2446 get
1159 2373 1237 2446 in
1298 2372 1534 2428 formam
1580 2375 1766 2446 Castri

677 2444 984 2500 redactam.
1015 2444 1306 2500 Calvisius
1329 2457 1622 2512 perperam
1649 2445 1768 2499 haec

677 2515 889 2571 tribuit
917 2515 1189 2576 Diacono,
1237 2521 1294 2570 et
1321 2514 1474 2568 Solis
1498 2513 1766 2582 eclipsim

681 2585 937 2640 triennio
963 2591 1095 2638 ante
1116 2584 1298 2638 visam
1320 2583 1388 2637 ad
1414 2583 1471 2636 h.
1500 2597 1553 2637 a.
1572 2583 1767 2638 diﬁ'ert

677 2667 745 2722 ex
791 2653 937 2722 male
989 2652 1280 2722 intellecto
1307 2652 1566 2706 Aimoini
1619 2652 1764 2722 loco,

685 2721 770 2777 lib
799 2721 854 2790 3,
887 2737 992 2792 cap
1017 2721 1106 2777 90.

751 2792 936 2846 Romae
962 2791 1189 2847 caritas
1240 2795 1432 2846 minus
1463 2791 1767 2846 sensibilis

675 2861 979 2918 Sabiniani
1033 2862 1340 2918 beneﬁcio.
1401 2863 1540 2918 Vide
1589 2863 1765 2918 Notas

677 2933 908 2988 Baldini
941 2931 1211 2989 inferius.

750 3023 870 3091 Imp
901 3021 1086 3078 Phoca
1122 3022 1249 3094 Aug
1284 3019 1338 3093 5,
1384 3021 1456 3078 6:
1493 3027 1621 3093 post
1665 3035 1762 3078 cos

682 3114 769 3155 Ill.

757 3171 970 3245 Phocus
1014 3173 1330 3245 Domitiam
1359 3173 1538 3229 ﬁliam
1565 3173 1762 3245 jungit

687 3243 882 3299 Prisco
913 3243 1164 3300 Patricio
1190 3243 1369 3300 comit
1446 3243 1766 3299 Excubito—

683 3327 813 3369 rum
854 3321 912 3370 et
965 3315 1348 3384 Tyrannidem
1405 3321 1647 3371 exercet.
1680 3316 1763 3370 Ex

675 3385 907 3455 Theoph
935 3399 1044 3458 pag
1069 3400 1126 3440 n.
1161 3385 1214 3442 6.

751 3458 900 3512 Idem
955 3455 1217 3514 concedit
1265 3455 1440 3514 Bouit‘
1475 3458 1568 3516 III.
1623 3457 1760 3512 Rom

674 3528 936 3584 Pontiﬁci
977 3529 1079 3599 qui
1105 3529 1176 3584 ab
1203 3543 1268 3584 eo
1301 3530 1356 3585 id
1405 3527 1666 3598 petierat,
1700 3535 1764 3582 ut

671 3599 1000 3656 decerneret
1047 3600 1266 3670 (contra
1317 3599 1618 3655 audaciam
1648 3599 1760 3653 Pa—

673 3671 960 3742 triarehar
987 3671 1088 3740 Cpl
1128 3672 1230 3742 qui
1281 3670 1667 3742 uacumenicos
1697 3681 1758 3724 se

671 3741 958 3811 dicebant)
1037 3741 1348 3798 Romanam
1425 3741 1552 3796 Eccl
1636 3753 1761 3796 esse

678 3819 852 3881 caput
902 3813 1158 3868 omnium
1214 3813 1521 3868 Ecclesiar.
1574 3811 1757 3866 Baron

675 3897 849 3952 super
892 3897 1064 3940 anno.
1118 3884 1256 3940 Vide
1287 3890 1450 3940 notas
1484 3883 1555 3938 ad
1587 3881 1756 3938 eumd

677 3953 932 4008 Bonifac.

743 4023 1015 4094 Crucium
1059 4025 1367 4082 concussio
1395 4024 1496 4094 Cp.
1531 4023 1591 4079 in
1622 4023 1760 4092 publ

673 4093 1098 4168 supplicatione
1121 4110 1322 4168 magna
1348 4093 1495 4168 mala
1521 4101 1761 4165 porten-

670 4165 778 4236 dit,
815 4171 878 4221 ut
903 4164 1071 4222 habet
1097 4164 1248 4222 Theo
1261 4168 1369 4224 dor
1406 4164 1650 4222 Siceota.

741 4585 860 4651 Imp
885 4581 1070 4638 Pboca
1093 4582 1219 4652 Aug
1242 4580 1297 4648 6,
1318 4577 1376 4647 7,
1405 4585 1534 4650 post
1553 4595 1650 4636 cos
1672 4595 1748 4636 IV.
1830 4578 1968 4638 4360

741 4661 976 4717 Priscus
994 4660 1242 4715 insidias
1263 4659 1503 4715 molitur
1522 4661 1577 4714 in
1599 4661 1754 4717 Pho-
1829 4659 1960 4718 4364

741 4661 976 4717 Priscus
994 4660 1242 4715 insidias
1263 4659 1503 4715 molitur
1522 4661 1577 4714 in
1599 4661 1754 4717 Pho-

445 4729 519 4808 ᾧ
575 4731 598 4789 4
665 4729 1398 4808 camzquare_ad_Africa:
1449 4732 1751 4808 Praetorem

489 4807 582 4862 GF

427 4877 612 4933 Indict

487 4961 548 5003 XI

489 5031 571 5074 XII

449 5458 593 5518 5322

456 5537 614 5602 e332

439 5607 622 5680 Q2

503 5699 552 5750 E

416 5768 613 5821 Indict.

491 5849 576 5892 χιι

470 5919 579 5963 χιιι

671 4801 994 4860 lieraclium
1037 4801 1136 4857 dat
1166 4801 1411 4865 litteras,
1456 4808 1519 4858 ut
1563 4804 1755 4859 mittat

667 4876 853 4932 ﬁlium
886 4872 1206 4929 lleraclium
1247 4873 1522 4928 adversus
1546 4874 1751 4944 Tyran-

672 4961 828 5003 num.
901 4947 984 5002 Ex
1055 4944 1400 5014 Theophane
1461 4947 1570 5001 Bar
1626 4947 1754 5001 Hist

672 5017 912 5072 Miscell.

668 5018 912 5074 Miscell.

735 5089 974 5144 Interim
1021 5088 1204 5144 Persa:
1235 5087 1398 5144 nullo
1446 5088 1752 5144 resistente

669 5166 952 5229 occupant
987 5159 1336 5226 Armeniam,
1364 5167 1422 5214 et
1445 5159 1748 5229 Cappado—

667 5228 838 5292 ciam,
884 5228 1128 5300 t‘usoque
1181 5231 1435 5286 Romano
1477 5228 1750 5287 Exercitu

667 5301 916 5356 ﬂammis
940 5314 1005 5356 ac
1037 5298 1198 5356 ferro
1242 5301 1436 5356 omnia
1463 5308 1748 5358 vastantes

665 5370 1074 5427 Chalcedonem
1158 5385 1337 5440 usque
1409 5373 1750 5440 perveniunt

666 5457 832 5513 Cedr.

735 5697 854 5767 Imp
885 5697 1064 5750 Phoca
1093 5695 1216 5766 Aug
1244 5695 1299 5765 Ἰ,
1327 5696 1382 5767 8,
1415 5703 1543 5765 post
1567 5711 1664 5754 cos
1689 5714 1740 5754 v.
1820 5697 1953 5756 4364

727 5765 1284 5838 Phocassuigeneris
1302 5765 1562 5823 ho‘minib
1587 5783 1742 5838 remp
1821 5769 1959 5826 4362

675 5832 946 5890 omittens
984 5832 1141 5890 creat
1163 5836 1438 5892 Comitem
1482 5832 1741 5894 Orientis

671 5904 955 5960 Bonosum
976 5903 1264 5959 hominem
1287 5907 1586 5964 immitem.
1623 5909 1745 5965 Cir.

2210 595 2400 666 Olymp

755 1867 876 1936 Imp
905 1867 1090 1922 Phoca
1118 1867 1244 1940 Aug
1271 1866 1322 1936 4,
1351 1866 1407 1937 ὃ,
1439 1882 1538 1924 cos
1573 1866 1658 1923 44.
1845 1866 1986 1925 4358
2087 1888 2141 1950 Β

748 1945 1102 2017 Agilulphus
1179 1948 1390 2003 iterum
1461 1948 1765 2004 Novembri
1845 1947 1984 2006 4359

1839 3017 1980 3076 4359

2273 3087 2336 3130 lll

2265 4601 2326 4642 Ill

2262 4672 2317 4714 IV

2067 4619 2122 4681 D

2249 5719 2304 5759 ιν

2245 5781 2295 5828 et
2501 5781 2559 5829 In
2603 5781 2763 5830 occid
2807 5781 2829 5829 li

2223 5843 2326 5901 347
2419 5845 2678 5902 obscura:
2703 5847 2829 5900 Bar.

3711 405 3796 462 8i0

1849 523 2002 577 Anni
2088 521 2150 582 A
2237 523 2394 579 Anni
2447 527 2808 581 Romanorum
2866 529 3149 596 pontiﬁces
3214 534 3266 581 et
3339 544 3424 582 res
3475 545 3552 582 ec-
3621 531 3761 582 Anni

1837 593 1867 644 ὸ
1905 595 1966 647 U.
2001 591 2058 646 C.
2210 595 2400 647 Oli/mn
2558 599 2873 647 clesiasticm
2911 598 3146 647 Orientts
3194 604 3244 647 et
3307 597 3557 647 Occiden-
3633 603 3754 647 Era?

1799 609 1867 646 αο
1905 609 1966 646 U.
2001 609 2058 646 υ.

2558 599 2873 651 clesiastica:
2911 598 3146 652 Orientis
3194 604 3244 652 et
3307 597 3557 654 Occiden-
3626 603 3754 654 ,ΕΓὲ

2555 672 2640 722 tis.

2451 864 2596 938 Abh,
2619 879 2728 938 non
2765 865 3090 923 Marcianus
3145 874 3209 924 ut
3245 881 3536 938 perperam

2453 936 2633 1008 tradit
2679 937 2858 992 chron
2904 936 3441 1008 Aquileien.‘No‘ris
3469 941 3540 995 de

2452 1008 2514 1062 V.
2537 1007 2780 1080 Syncap
2809 1008 2864 1078 9,
2891 1007 2992 1080 §5l

2522 1079 2920 1134 Candidianus
2967 1082 3162 1146 etiam,
3221 1095 3322 1136 seu
3385 1083 3541 1136 Can-

2450 1149 2684 1215 dianus,
2721 1157 2784 1205 ut
2807 1151 2972 1206 habet
2997 1153 3188 1214 Noris,
3223 1153 3540 1208 Gradensis

2455 1220 2789 1291 Patriarcha
2818 1221 3059 1291 eligitur
3094 1221 3314 1278 favente
3340 1225 3533 1278 Exar-

2450 1290 2578 1360 cho,
2633 1290 3113 1364 quemadmodum
3191 1293 3540 1364 Aquileien—

2449 1374 2576 1434 sem
2617 1363 2978 1434 schismatici
3014 1363 3304 1434 elegerant
3348 1363 3546 1420 favore

2447 1432 2778 1517 AgiluLphi_
2824 1432 3257 1517 Langobardor:
3325 1436 3536 1517 Regis:

2451 1515 2578 1557 nam
2628 1505 2856 1560 Gradus
2907 1505 2966 1559 in
3017 1506 3261 1560 Exarchi
3314 1505 3544 1562 ditione

2450 1581 2592 1648 erat,
2665 1576 2932 1648 Aquileja
2993 1576 3543 1648 aerangobardos

2453 1646 2794 1713 pertinebat.
2817 1649 2968 1702 ldem
3000 1646 3145 1702 ibid.
3176 1646 3372 1718 Sigon.

2523 1857 2822 1914 Sabiniani
2852 1857 2906 1914 2.

2513 1929 2865 1986 Sabinianus
2899 1930 3145 1986 moritur
3173 1931 3269 1986 die
3297 1929 3352 1986 2.
3389 1931 3532 1987 Febr

2448 2015 2578 2055 cum
2630 2003 2874 2058 sedisset
2903 2015 3118 2056 annum
3151 2015 3224 2056 m.
3257 2000 3311 2069 5,
3353 2003 3414 2058 d.
3475 2002 3527 2068 4,

2447 2078 2612 2126 vacat
2641 2074 2802 2128 sedes
2857 2087 2930 2128 m.
2965 2087 3027 2142 ιι,
3061 2073 3118 2127 d.
3152 2072 3223 2128 26
3253 2074 3434 2128 Baron
3475 2084 3536 2130 et

2447 2143 2710 2214 Flaming
2762 2144 2864 2216 qui
2922 2145 3078 2200 sedis
3129 2152 3354 2214 tempus
3384 2159 3534 2201 con-

2445 2220 2692 2340 :tgrafe‘re,
2727 2229 2760 2286 ξι
2807 2216 2982 2288 Pagio
3015 2217 3443 2287 redarguuntur
3474 2231 3532 2272 n.

2509 2299 2540 2340 e

2509 2291 2676 2340 θυι·

2519 2356 2796 2426 Cyriacus
2845 2357 2944 2426 Cp.
2977 2358 3303 2427 patriarcha
3350 2359 3541 2414 mori-

2450 2433 2547 2482 tur
2598 2428 2736 2482 Diac
2784 2429 2892 2483 Bar
2923 2429 3048 2484 dies
3077 2431 3249 2485 etiam
3301 2435 3538 2485 notatur

2445 2495 2518 2552 29
2603 2497 2782 2553 Octob
2855 2499 3100 2556 Sabbato
3191 2515 3260 2556 ex
3353 2501 3537 2558 chron

2446 2567 2590 2622 Alex
2623 2580 2731 2637 pag
2751 2581 2805 2622 n.
2835 2567 2888 2622 3.

2522 2638 2769 2710 Faustus
2823 2638 3151 2710 Monachus
3201 2640 3395 2710 discip
3473 2643 3530 2698 S.

2448 2707 2640 2762 Mauri.
2679 2707 2967 2762 Benedicti
3027 2721 3093 2762 ex
3125 2708 3315 2763 Gallia
3352 2707 3534 2769 redux

2451 2777 2626 2852 vitam
2655 2777 2710 2852 S_.
2747 2776 2873 2852 Abh
2892 2777 3098 2852 cujus_
3114 2776 3537 2852 fuerat‘comes,

2452 2847 2800 2917 probandam
2824 2847 3040 2903 obtulit
3065 2847 3361 2902 Bonifacio
3391 2863 3491 2920 seq
3517 2847 3534 2920 ξ

2450 2931 2622 2976 anno.

2519 3004 2799 3062 Bonifacii
2834 3008 2924 3070 ΙΠ,
2957 3005 3008 3064 4.

2524 3079 2850 3133 Bommcws
2903 3079 2994 3146 III,
3055 3079 3364 3134 ordinatur
3439 3078 3539 3134 die

2449 3147 2521 3204 29
2560 3150 2773 3204 Januar
2821 3156 2876 3204 et
2923 3163 3050 3205 cum
3113 3150 3360 3205 sedisset
3407 3157 3540 3206 octo

2450 3226 2675 3276 tantum
2709 3233 2931 3276 menses
2950 3220 3006 3274 d.
3039 3218 3130 3282 22,
3167 3221 3416 3276 moritur
3443 3221 3542 3278 die

2444 3288 2516 3347 20
2541 3290 2760 3376 "Octob,
2798 3305 2909 3346 non
2935 3289 3002 3347 40
3033 3295 3240 3376 Nov'ut
3275 3292 3400 3346 vult
3431 3305 3541 3376 pag

2447 3377 2504 3418 n.
2537 3361 2591 3430 5,
2624 3376 2734 3431 sup
2781 3377 2833 3417 a.
2867 3377 2934 3418 ex
2965 3364 3068 3418 cod
3121 3363 3224 3418 Ms.
3283 3361 3535 3420 cmnohii

2447 3434 2834 3504 Virdunensis
2861 3435 2918 3488 S.
2969 3434 3164 3504 Vitoni
3200 3435 3300 3504 qui
3335 3434 3542 3504 sepul-

2446 3512 2564 3560 tum
2595 3505 2680 3560 ait
2719 3503 2777 3558 h.
2805 3518 2856 3560 a.
2887 3505 2984 3560 die
3010 3501 3078 3561 42
3106 3501 3356 3560 Novemb
3387 3501 3445 3559 ἡ.
3475 3503 3532 3560 2.

2515 3575 2762 3631 Thomas
2789 3575 3013 3646 Cyriaci
3063 3589 3364 3632 successor
3427 3589 3534 3632 or—

2444 3647 2686 3702 dinatur
2727 3644 2845 3714 Cp.’
2881 3644 2954 3703 22
3007 3648 3220 3704 Januar
3270 3647 3420 3702 Idem
3466 3660 3537 3702 ex

2441 3718 2630 3773 Chron
2657 3717 2797 3772 Alex
2829 3733 2937 3788 sup
2966 3732 3018 3772 :1.
3055 3732 3111 3772 n.
3158 3717 3212 3773 3.

2511 3790 2569 3844 S.
2647 3789 2928 3859 Eulogius
2996 3789 3536 3859 PatriarchaAAlex

2442 3873 2573 3914 cum
2613 3856 2858 3928 sedisset
2903 3873 2960 3914 a.
3009 3857 3102 3930 27,
3159 3875 3271 3916 non
3325 3856 3410 3922 47,
3471 3867 3539 3916 ut

2443 3943 2735 4000 perperam
2765 3933 2987 4000 Neceph
3018 3929 3269 3987 ab’anno
3313 3929 3440 4001 580,
3471 3939 3536 3988 ut

2442 4003 2630 4057 ﬁrmat
2656 4016 2786 4058 cum
2819 4003 2990 4072 Pagio
3021 4003 3302 4057 Blanchin
3345 4003 3532 4058 mori-

2444 4080 2542 4144 tur
2577 4073 2632 4127 h.
2667 4086 2700 4128 a
2751 4085 2862 4144 non
2889 4085 2990 4144 seq
3017 4081 3082 4128 ut
3109 4074 3294 4130 credit
3319 4074 3526 4130 Baron.

2445 4143 2544 4198 ubi
2579 4157 2687 4214 pag
2717 4156 2787 4214 n.
2806 4143 2859 4198 3.

2511 4215 2588 4286 S,
2623 4213 3098 4286 D’esiderVienn.
3133 4216 3456 4286 EpiscOpus
3489 4229 3524 4272 a

2443 4284 2897 4357 quadrien__exil
2955 4286 3136 4341 redux
3183 4284 3364 4356 paulo
3399 4293 3530 4357 post

2442 4355 2843 4428 prunichildis
2861 4357 3028 4424 jussu
3052 4355 3268 4428 martyr
3291 4355 3428 4414 occu
3441 4371 3536 4412 m—

2441 4425 2545 4500 bit.
2597 4427 2906 4500 Exjredg
2946 4434 3002 4483 et
3044 4425 3298 4484 Aimoin.
3329 4430 3444 4500 Pag
3474 4443 3529 4485 a.

2441 4495 2566 4565 642,
2594 4511 2650 4552 n.
2679 4494 2762 4553 42.

2510 4585 2788 4641 Bonifacii
2822 4588 2909 4641 IV.
2943 4601 2983 4642 ι.

2512 4658 2842 4730 ΒοΝιιτΑείυε
2865 4659 2952 4730 _I_V,
2988 4658 3526 4730 postginterponti-

2440 4728 2637 4798 ﬁcium
2666 4741 2822 4784 mens
2855 4726 2922 4784 40
2942 4726 2949 4728 ’
2969 4726 3096 4786 dier
3125 4728 3179 4798 6,
3210 4726 3518 4786 ordinatur

2437 4800 2532 4856 die
2560 4797 2787 4872 25AAug

2513 4873 2615 4926 Per
2646 4869 2777 4926 hmc‘
2797 4879 3052 4940 tempora
3085 4873 3179 4940 Pp.
3230 4870 3465 4928 Bonifac
3493 4885 3528 4927 a

2441 4942 2622 4998 Phoca
2645 4941 2872 4998 obtinet
2900 4942 3210 5010 Pantheon,
3237 4957 3404 5010 quem
3435 4945 3528 4998 de-

2435 5014 2592 5070 dicat
2621 5014 2953 5068 Christiano
2986 5014 3105 5069 ritu
3156 5014 3215 5068 in
3251 5014 3525 5069 honorem

2432 5085 2494 5138 B.
2526 5085 2600 5139 Μ.
2635 5085 2696 5138 V.
2746 5091 2804 5139 et
2843 5091 3174 5141 sanctorum
3209 5092 3525 5154 martyrum

2451 5157 2670 5225 incerta
2695 5155 2792 5211 die
2831 5154 2970 5211 licet
3015 5154 3384 5225 Martyrologi
3420 5169 3529 5224 po—

2433 5223 2702 5298 nanti43.
2737 5226 2874 5298 Maii
2907 5229 3020 5298 Pag
3049 5240 3105 5282 n.
3139 5223 3194 5293 3,
3242 5223 3355 5282 sud
3382 5223 3523 5298 anni

2430 5311 2561 5352 cum
2593 5297 2701 5352 Bar
2727 5297 2903 5368 Sigon
2952 5296 3188 5352 biennio
3237 5304 3386 5366 post.
3415 5297 3530 5350 Pa—

2431 5369 2569 5445 gius
2594 5374 2786 5426 autem
2808 5374 2998 5445 putat,
3032 5368 3104 5445 ab
3134 5368 3240 5424 hoc
3268 5376 3528 5445 tempore

2432 5439 2768 5495 institutum
2802 5437 3012 5494 festum
3041 5437 3530 5494 Sanctorum'oml-

2432 5511 2595 5566 nium
2626 5510 2712 5564 cal
2741 5511 2858 5564 Nov
2882 5515 2944 5564 ut
2977 5509 3148 5565 hodie
3172 5509 3518 5564 celebratur.

2428 5579 2572 5636 Vide
2603 5589 2766 5636 notas
2795 5579 3044 5636 Chronol
3069 5580 3140 5636 ad
3188 5579 3376 5636 Bonif.

2495 5704 2780 5760 Bonifacii
2817 5702 2838 5758 4
2873 5713 2926 5760 et
2951 5703 3005 5760 2.

2501 5777 2559 5829 In
2603 5777 2763 5830 occid
2807 5775 2872 5829 h.
2904 5789 2956 5830 a.
2991 5790 3082 5832 res
3113 5775 3244 5833 Eccl
3275 5789 3518 5846 prorsus

2493 5917 2830 5974 Theodorus
2902 5917 3106 5976 Scribo
3175 5917 3519 5976 Patriarcha

3597 671 3780 726 Christi

3629 1859 3731 1918 606

3639 3009 3749 3071 607

3614 5697 3708 5758 609
