  <div class='ocr_page' id='page_1' title='image "/cluster/home/n/w/nwhite01/storage/ocr_20150623/127-128/uc1.31175010226572/466.png"; bbox 0 0 3912 6440; ppageno 0'>
   <div class='ocr_carea' id='block_1_1' title="bbox 141 428 2655 506">
    <p class='ocr_par' dir='ltr' id='par_1_1' title="bbox 141 428 2655 506">
     <span class='ocr_line' id='line_1_1' title="bbox 141 428 2655 506; baseline 0.006 -17"><span class='ocrx_word' id='word_1_1' title='bbox 141 428 244 491; x_wconf 85' lang='grc'><strong>947</strong></span> <span class='ocrx_word' id='word_1_2' title='bbox 1042 439 1382 500; x_wconf 82' lang='lat' dir='ltr'><strong>CHRONOL.</strong></span> <span class='ocrx_word' id='word_1_3' title='bbox 1426 438 1474 498; x_wconf 83' lang='lat' dir='ltr'><strong>A</strong></span> <span class='ocrx_word' id='word_1_4' title='bbox 1509 441 1566 498; x_wconf 91' lang='lat' dir='ltr'><strong>S.</strong></span> <span class='ocrx_word' id='word_1_5' title='bbox 1606 443 1818 502; x_wconf 85' lang='lat' dir='ltr'><strong>GREG.</strong></span> <span class='ocrx_word' id='word_1_6' title='bbox 1859 446 1930 504; x_wconf 80' lang='grc' dir='ltr'><strong>Μ.</strong></span> <span class='ocrx_word' id='word_1_7' title='bbox 1974 445 2068 502; x_wconf 90' lang='lat' dir='ltr'><strong>AD</strong></span> <span class='ocrx_word' id='word_1_8' title='bbox 2105 447 2525 506; x_wconf 81' lang='lat' dir='ltr'><strong>STEPHANUM</strong></span> <span class='ocrx_word' id='word_1_9' title='bbox 2562 449 2655 506; x_wconf 84' lang='lat' dir='ltr'><strong>III.</strong></span> 
     </span>
    </p>
   </div>
   <div class='ocr_carea' id='block_1_2' title="bbox 3456 445 3564 508">
    <p class='ocr_par' dir='ltr' id='par_1_2' title="bbox 3456 445 3564 508">
     <span class='ocr_line' id='line_1_2' title="bbox 3456 445 3564 508; baseline 0 -1"><span class='ocrx_word' id='word_1_10' title='bbox 3456 445 3564 508; x_wconf 84' lang='lat'><strong>948</strong></span> 
     </span>
    </p>
   </div>
   <div class='ocr_carea' id='block_1_3' title="bbox 202 555 3486 647">
    <p class='ocr_par' dir='ltr' id='par_1_3' title="bbox 202 555 3486 647">
     <span class='ocr_line' id='line_1_3' title="bbox 202 555 3486 647; baseline 0.004 -33"><span class='ocrx_word' id='word_1_11' title='bbox 202 555 387 647; x_wconf 38' lang='grc' dir='ltr'><strong><em>ο</em></strong></span> <span class='ocrx_word' id='word_1_12' title='bbox 430 560 796 617; x_wconf 75' lang='lat' dir='ltr'><strong>Romanorum</strong></span> <span class='ocrx_word' id='word_1_13' title='bbox 854 565 1225 647; x_wconf 84' lang='lat' dir='ltr'><strong>imperatores,</strong></span> <span class='ocrx_word' id='word_1_14' title='bbox 1311 568 1483 637; x_wconf 83' lang='lat' dir='ltr'><strong>Lang.</strong></span> <span class='ocrx_word' id='word_1_15' title='bbox 1562 567 1719 647; x_wconf 72' lang='lat' dir='ltr'><strong>Anni</strong></span> <span class='ocrx_word' id='word_1_16' title='bbox 1745 641 1771 647; x_wconf 82' lang='lat'>_</span> <span class='ocrx_word' id='word_1_17' title='bbox 1815 567 1875 630; x_wconf 89' lang='lat' dir='ltr'><strong>A</strong></span> <span class='ocrx_word' id='word_1_18' title='bbox 1959 571 2122 647; x_wconf 51' lang='lat' dir='ltr'><strong>Anni</strong></span> <span class='ocrx_word' id='word_1_19' title='bbox 2182 577 2411 647; x_wconf 71' lang='lat' dir='ltr'><strong>Romani</strong></span> <span class='ocrx_word' id='word_1_20' title='bbox 2465 578 2748 647; x_wconf 78' lang='lat' dir='ltr'><strong>pontiﬁces</strong></span> <span class='ocrx_word' id='word_1_21' title='bbox 2818 577 2870 631; x_wconf 81' lang='lat' dir='ltr'><strong>et</strong></span> <span class='ocrx_word' id='word_1_22' title='bbox 2919 589 3004 647; x_wconf 81' lang='lat' dir='ltr'><strong>res</strong></span> <span class='ocrx_word' id='word_1_23' title='bbox 3067 574 3259 632; x_wconf 85' lang='lat' dir='ltr'><strong>Eccle—</strong></span> <span class='ocrx_word' id='word_1_24' title='bbox 3330 575 3486 631; x_wconf 77' lang='lat' dir='ltr'><strong>Anni</strong></span> 
     </span>
    </p>
   </div>
   <div class='ocr_carea' id='block_1_4' title="bbox 168 628 387 683">
    <p class='ocr_par' dir='ltr' id='par_1_4' title="bbox 168 628 387 683">
     <span class='ocr_line' id='line_1_4' title="bbox 168 628 387 683; baseline 0.005 -1"><span class='ocrx_word' id='word_1_25' title='bbox 168 628 387 683; x_wconf 80' lang='lat' dir='ltr'><strong>Pcriodi</strong></span> 
     </span>
    </p>
   </div>
   <div class='ocr_carea' id='block_1_5' title="bbox 175 700 384 756">
    <p class='ocr_par' dir='ltr' id='par_1_5' title="bbox 175 700 384 756">
     <span class='ocr_line' id='line_1_5' title="bbox 175 700 384 756; baseline 0.014 -3"><span class='ocrx_word' id='word_1_26' title='bbox 175 701 232 754; x_wconf 74' lang='grc' dir='ltr'><strong>Ιυ</strong></span> <span class='ocrx_word' id='word_1_27' title='bbox 245 700 279 754; x_wconf 81' lang='grc' dir='ltr'><strong>ι.</strong></span> <span class='ocrx_word' id='word_1_28' title='bbox 333 706 384 756; x_wconf 85' lang='lat' dir='ltr'><strong>et</strong></span> 
     </span>
    </p>
   </div>
   <div class='ocr_carea' id='block_1_6' title="bbox 192 772 371 827">
    <p class='ocr_par' dir='ltr' id='par_1_6' title="bbox 192 772 371 827">
     <span class='ocr_line' id='line_1_6' title="bbox 192 772 371 827; baseline 0.011 -2"><span class='ocrx_word' id='word_1_29' title='bbox 192 772 371 827; x_wconf 71' lang='lat' dir='ltr'><strong>Indici</strong></span> 
     </span>
    </p>
   </div>
   <div class='ocr_carea' id='block_1_7' title="bbox 208 875 653 952">
    <p class='ocr_par' dir='ltr' id='par_1_7' title="bbox 208 875 653 952">
     <span class='ocr_line' id='line_1_7' title="bbox 208 875 653 952; baseline 0.007 -18"><span class='ocrx_word' id='word_1_30' title='bbox 208 875 350 952; x_wconf 67' lang='lat'><strong>5474</strong></span> <span class='ocrx_word' id='word_1_31' title='bbox 491 883 572 937; x_wconf 93' lang='lat' dir='ltr'><strong>Im</strong></span> <span class='ocrx_word' id='word_1_32' title='bbox 582 897 653 952; x_wconf 91' lang='lat' dir='ltr'><strong>pp</strong></span> 
     </span>
    </p>
   </div>
   <div class='ocr_carea' id='block_1_8' title="bbox 178 948 888 1024">
    <p class='ocr_par' dir='ltr' id='par_1_8' title="bbox 178 948 888 1024">
     <span class='ocr_line' id='line_1_8' title="bbox 178 948 888 1024; baseline 0.011 -19"><span class='ocrx_word' id='word_1_33' title='bbox 178 955 247 1024; x_wconf 63' lang='grc' dir='ltr'><strong>ξιξ)</strong></span> <span class='ocrx_word' id='word_1_34' title='bbox 292 948 350 1005; x_wconf 92' lang='grc'><strong>44</strong></span> <span class='ocrx_word' id='word_1_35' title='bbox 417 957 474 1007; x_wconf 82' lang='lat' dir='ltr'><strong>et</strong></span> <span class='ocrx_word' id='word_1_36' title='bbox 499 948 595 1023; x_wconf 75' lang='lat'><strong>39,</strong></span> <span class='ocrx_word' id='word_1_37' title='bbox 620 948 692 1011; x_wconf 79' lang='lat'><strong>47</strong></span> <span class='ocrx_word' id='word_1_38' title='bbox 719 966 775 1012; x_wconf 91' lang='lat' dir='ltr'><strong>et</strong></span> <span class='ocrx_word' id='word_1_39' title='bbox 806 955 888 1012; x_wconf 88' lang='lat'><strong>48.</strong></span> 
     </span>
    </p>
   </div>
   <div class='ocr_carea' id='block_1_9' title="bbox 183 1028 1194 1111">
    <p class='ocr_par' dir='ltr' id='par_1_9' title="bbox 183 1028 1194 1111">
     <span class='ocr_line' id='line_1_9' title="bbox 183 1028 1194 1111; baseline 0.011 -27"><span class='ocrx_word' id='word_1_40' title='bbox 183 1030 255 1102; x_wconf 68' lang='grc' dir='ltr'><strong>θ</strong></span> <span class='ocrx_word' id='word_1_41' title='bbox 281 1028 360 1111; x_wconf 33' lang='grc'><strong>’48</strong></span> <span class='ocrx_word' id='word_1_42' title='bbox 491 1035 697 1111; x_wconf 75' lang='lat' dir='ltr'><strong>I_.eonis</strong></span> <span class='ocrx_word' id='word_1_43' title='bbox 724 1039 814 1111; x_wconf 78' lang='grc' dir='ltr'><strong>ιν,</strong></span> <span class='ocrx_word' id='word_1_44' title='bbox 845 1039 973 1111; x_wconf 89' lang='lat' dir='ltr'><strong>Aug</strong></span> <span class='ocrx_word' id='word_1_45' title='bbox 999 1038 1034 1095; x_wconf 88' lang='grc'><strong>7</strong></span> <span class='ocrx_word' id='word_1_46' title='bbox 1057 1046 1113 1097; x_wconf 91' lang='lat' dir='ltr'><strong>et</strong></span> <span class='ocrx_word' id='word_1_47' title='bbox 1139 1039 1194 1095; x_wconf 90' lang='lat'><strong>8.</strong></span> 
     </span>
    </p>
   </div>
   <div class='ocr_carea' id='block_1_10' title="bbox 255 1103 1506 1186">
    <p class='ocr_par' dir='ltr' id='par_1_10' title="bbox 255 1103 1506 1186">
     <span class='ocr_line' id='line_1_10' title="bbox 255 1103 1506 1186; baseline 0.01 -29"><span class='ocrx_word' id='word_1_48' title='bbox 255 1103 320 1186; x_wconf 39' lang='lat' dir='ltr'><strong>A.</strong></span> <span class='ocrx_word' id='word_1_49' title='bbox 362 1178 372 1186; x_wconf 29' lang='grc' dir='ltr'><strong><em>Δ</em></strong></span> <span class='ocrx_word' id='word_1_50' title='bbox 495 1103 981 1186; x_wconf 64' lang='lat' dir='ltr'><strong>Desideriushoc</strong></span> <span class='ocrx_word' id='word_1_51' title='bbox 1020 1114 1162 1186; x_wconf 88' lang='lat' dir='ltr'><strong>item</strong></span> <span class='ocrx_word' id='word_1_52' title='bbox 1191 1126 1342 1169; x_wconf 91' lang='lat' dir='ltr'><strong>anno</strong></span> <span class='ocrx_word' id='word_1_53' title='bbox 1373 1117 1506 1186; x_wconf 86' lang='lat' dir='ltr'><strong>tem-</strong></span> 
     </span>
    </p>
   </div>
   <div class='ocr_carea' id='block_1_11' title="bbox 197 1174 1506 1260">
    <p class='ocr_par' dir='ltr' id='par_1_11' title="bbox 197 1174 1506 1260">
     <span class='ocr_line' id='line_1_11' title="bbox 197 1174 1506 1260; baseline 0.009 -34"><span class='ocrx_word' id='word_1_54' title='bbox 197 1174 374 1260; x_wconf 74' lang='lat' dir='ltr'><strong>Indici</strong></span> <span class='ocrx_word' id='word_1_55' title='bbox 432 1189 565 1260; x_wconf 76' lang='lat' dir='ltr'><strong>pore</strong></span> <span class='ocrx_word' id='word_1_56' title='bbox 597 1184 862 1260; x_wconf 81' lang='lat' dir='ltr'><strong>autumni</strong></span> <span class='ocrx_word' id='word_1_57' title='bbox 908 1185 1064 1260; x_wconf 80' lang='lat' dir='ltr'><strong>venit</strong></span> <span class='ocrx_word' id='word_1_58' title='bbox 1100 1186 1168 1239; x_wconf 89' lang='lat' dir='ltr'><strong>ad</strong></span> <span class='ocrx_word' id='word_1_59' title='bbox 1211 1187 1379 1260; x_wconf 69' lang='lat' dir='ltr'><strong>Sacra</strong></span> <span class='ocrx_word' id='word_1_60' title='bbox 1426 1184 1506 1238; x_wconf 85' lang='lat' dir='ltr'><strong>li—</strong></span> 
     </span>
    </p>
   </div>
   <div class='ocr_carea' id='block_1_12' title="bbox 252 1254 1506 1326">
    <p class='ocr_par' dir='ltr' id='par_1_12' title="bbox 252 1254 1506 1326">
     <span class='ocr_line' id='line_1_12' title="bbox 252 1254 1506 1326; baseline 0.008 -26"><span class='ocrx_word' id='word_1_61' title='bbox 252 1259 311 1300; x_wconf 67' lang='lat' dir='ltr'><strong>x:</strong></span> <span class='ocrx_word' id='word_1_62' title='bbox 436 1254 608 1326; x_wconf 84' lang='lat' dir='ltr'><strong>mina,</strong></span> <span class='ocrx_word' id='word_1_63' title='bbox 661 1260 716 1308; x_wconf 91' lang='lat' dir='ltr'><strong>et</strong></span> <span class='ocrx_word' id='word_1_64' title='bbox 773 1254 1036 1310; x_wconf 82' lang='lat' dir='ltr'><strong>Pontifici</strong></span> <span class='ocrx_word' id='word_1_65' title='bbox 1105 1257 1394 1326; x_wconf 79' lang='lat' dir='ltr'><strong>promittit</strong></span> <span class='ocrx_word' id='word_1_66' title='bbox 1445 1269 1506 1310; x_wconf 90' lang='lat' dir='ltr'><strong>se</strong></span> 
     </span>
    </p>
   </div>
   <div class='ocr_carea' id='block_1_13' title="bbox 241 1320 1504 1405">
    <p class='ocr_par' dir='ltr' id='par_1_13' title="bbox 241 1320 1504 1405">
     <span class='ocr_line' id='line_1_13' title="bbox 241 1320 1504 1405; baseline 0.009 -34"><span class='ocrx_word' id='word_1_67' title='bbox 241 1331 322 1372; x_wconf 82' lang='lat' dir='ltr'><strong>xu</strong></span> <span class='ocrx_word' id='word_1_68' title='bbox 429 1320 602 1405; x_wconf 42' lang='lat' dir='ltr'><strong>plura.</strong></span> <span class='ocrx_word' id='word_1_69' title='bbox 678 1327 1036 1405; x_wconf 75' lang='lat' dir='ltr'><strong>~patrimonia</strong></span> <span class='ocrx_word' id='word_1_70' title='bbox 1105 1320 1504 1405; x_wconf 35' lang='lat' dir='ltr'><strong>&#39;reddi‘turuhm,</strong></span> 
     </span>
    </p>
   </div>
   <div class='ocr_carea' id='block_1_14' title="bbox 434 1397 1511 1468">
    <p class='ocr_par' dir='ltr' id='par_1_14' title="bbox 434 1397 1511 1468">
     <span class='ocr_line' id='line_1_14' title="bbox 434 1397 1511 1468; baseline 0.006 -22"><span class='ocrx_word' id='word_1_71' title='bbox 434 1397 649 1468; x_wconf 32' lang='lat' dir='ltr'><strong>quaa‘iﬂn</strong></span> <span class='ocrx_word' id='word_1_72' title='bbox 677 1397 884 1452; x_wconf 84' lang='lat' dir='ltr'><strong>Tuscia</strong></span> <span class='ocrx_word' id='word_1_73' title='bbox 915 1400 1230 1468; x_wconf 78' lang='lat' dir='ltr'><strong>eripuerat.</strong></span> <span class='ocrx_word' id='word_1_74' title='bbox 1261 1398 1376 1454; x_wconf 86' lang='lat' dir='ltr'><strong>Cod</strong></span> <span class='ocrx_word' id='word_1_75' title='bbox 1403 1398 1511 1453; x_wconf 91' lang='lat' dir='ltr'><strong>Car</strong></span> 
     </span>
    </p>
   </div>
   <div class='ocr_carea' id='block_1_15' title="bbox 431 1463 963 1539">
    <p class='ocr_par' dir='ltr' id='par_1_15' title="bbox 431 1463 963 1539">
     <span class='ocr_line' id='line_1_15' title="bbox 431 1463 963 1539; baseline 0.009 -22"><span class='ocrx_word' id='word_1_76' title='bbox 431 1477 527 1539; x_wconf 48' lang='lat' dir='ltr'><strong>ep:</strong></span> <span class='ocrx_word' id='word_1_77' title='bbox 549 1463 641 1539; x_wconf 63' lang='lat'><strong>26.</strong></span> <span class='ocrx_word' id='word_1_78' title='bbox 680 1468 788 1539; x_wconf 88' lang='lat' dir='ltr'><strong>Pag</strong></span> <span class='ocrx_word' id='word_1_79' title='bbox 819 1483 876 1523; x_wconf 93' lang='lat' dir='ltr'><strong>n.</strong></span> <span class='ocrx_word' id='word_1_80' title='bbox 909 1467 963 1524; x_wconf 89' lang='lat'><strong>9.</strong></span> 
     </span>
    </p>
   </div>
   <div class='ocr_carea' id='block_1_16' title="bbox 502 1536 1513 1611">
    <p class='ocr_par' dir='ltr' id='par_1_16' title="bbox 502 1536 1513 1611">
     <span class='ocr_line' id='line_1_16' title="bbox 502 1536 1513 1611; baseline 0.007 -22"><span class='ocrx_word' id='word_1_81' title='bbox 502 1536 746 1604; x_wconf 88' lang='lat' dir='ltr'><strong>Pipinus</strong></span> <span class='ocrx_word' id='word_1_82' title='bbox 761 1536 984 1611; x_wconf 78' lang='lat' dir='ltr'><strong>pugnat</strong></span> <span class='ocrx_word' id='word_1_83' title='bbox 1007 1543 1215 1597; x_wconf 86' lang='lat' dir='ltr'><strong>iterum</strong></span> <span class='ocrx_word' id='word_1_84' title='bbox 1238 1542 1513 1597; x_wconf 88' lang='lat' dir='ltr'><strong>adversus</strong></span> 
     </span>
    </p>
   </div>
   <div class='ocr_carea' id='block_1_17' title="bbox 429 1605 1512 1681">
    <p class='ocr_par' dir='ltr' id='par_1_17' title="bbox 429 1605 1512 1681">
     <span class='ocr_line' id='line_1_17' title="bbox 429 1605 1512 1681; baseline 0.006 -21"><span class='ocrx_word' id='word_1_85' title='bbox 429 1605 697 1678; x_wconf 84' lang='lat' dir='ltr'><strong>Saxones,</strong></span> <span class='ocrx_word' id='word_1_86' title='bbox 742 1605 1056 1681; x_wconf 78' lang='lat' dir='ltr'><strong>multisque</strong></span> <span class='ocrx_word' id='word_1_87' title='bbox 1099 1627 1293 1668; x_wconf 91' lang='lat' dir='ltr'><strong>eorum</strong></span> <span class='ocrx_word' id='word_1_88' title='bbox 1327 1612 1512 1679; x_wconf 73' lang='lat' dir='ltr'><strong>caesis,</strong></span> 
     </span>
    </p>
   </div>
   <div class='ocr_carea' id='block_1_18' title="bbox 431 1685 1504 1749">
    <p class='ocr_par' dir='ltr' id='par_1_18' title="bbox 431 1685 1504 1749">
     <span class='ocr_line' id='line_1_18' title="bbox 431 1685 1504 1749; baseline 0.005 -17"><span class='ocrx_word' id='word_1_89' title='bbox 431 1685 734 1749; x_wconf 78' lang='lat' dir='ltr'><strong>antequam</strong></span> <span class='ocrx_word' id='word_1_90' title='bbox 804 1685 861 1737; x_wconf 93' lang='lat' dir='ltr'><strong>in</strong></span> <span class='ocrx_word' id='word_1_91' title='bbox 936 1685 1227 1739; x_wconf 85' lang='lat' dir='ltr'><strong>Franciam</strong></span> <span class='ocrx_word' id='word_1_92' title='bbox 1295 1685 1504 1749; x_wconf 88' lang='lat' dir='ltr'><strong>redeat,</strong></span> 
     </span>
    </p>
   </div>
   <div class='ocr_carea' id='block_1_19' title="bbox 432 1755 1516 1822">
    <p class='ocr_par' dir='ltr' id='par_1_19' title="bbox 432 1755 1516 1822">
     <span class='ocr_line' id='line_1_19' title="bbox 432 1755 1516 1822; baseline 0.006 -19"><span class='ocrx_word' id='word_1_93' title='bbox 432 1755 617 1819; x_wconf 77' lang='lat' dir='ltr'><strong>coegit</strong></span> <span class='ocrx_word' id='word_1_94' title='bbox 650 1761 714 1808; x_wconf 92' lang='lat' dir='ltr'><strong>ut</strong></span> <span class='ocrx_word' id='word_1_95' title='bbox 740 1755 1140 1822; x_wconf 89' lang='lat' dir='ltr'><strong>promitterent</strong></span> <span class='ocrx_word' id='word_1_96' title='bbox 1163 1769 1224 1810; x_wconf 92' lang='lat' dir='ltr'><strong>se</strong></span> <span class='ocrx_word' id='word_1_97' title='bbox 1251 1756 1516 1810; x_wconf 86' lang='lat' dir='ltr'><strong>mandata</strong></span> 
     </span>
    </p>
   </div>
   <div class='ocr_carea' id='block_1_20' title="bbox 433 1823 1516 1896">
    <p class='ocr_par' dir='ltr' id='par_1_20' title="bbox 433 1823 1516 1896">
     <span class='ocr_line' id='line_1_20' title="bbox 433 1823 1516 1896; baseline 0.005 -20"><span class='ocrx_word' id='word_1_98' title='bbox 433 1823 480 1890; x_wconf 88' lang='lat' dir='ltr'><strong>ej</strong></span> <span class='ocrx_word' id='word_1_99' title='bbox 495 1837 558 1877; x_wconf 91' lang='lat' dir='ltr'><strong>us</strong></span> <span class='ocrx_word' id='word_1_100' title='bbox 587 1826 780 1880; x_wconf 86' lang='lat' dir='ltr'><strong>omnia</strong></span> <span class='ocrx_word' id='word_1_101' title='bbox 813 1825 1085 1889; x_wconf 86' lang='lat' dir='ltr'><strong>facturos,</strong></span> <span class='ocrx_word' id='word_1_102' title='bbox 1119 1833 1174 1881; x_wconf 93' lang='lat' dir='ltr'><strong>et</strong></span> <span class='ocrx_word' id='word_1_103' title='bbox 1203 1823 1308 1881; x_wconf 89' lang='lat'><strong>300</strong></span> <span class='ocrx_word' id='word_1_104' title='bbox 1337 1841 1516 1896; x_wconf 88' lang='lat' dir='ltr'><strong>equos</strong></span> 
     </span>
    </p>
   </div>
   <div class='ocr_carea' id='block_1_21' title="bbox 433 1897 1514 1966">
    <p class='ocr_par' dir='ltr' id='par_1_21' title="bbox 433 1897 1514 1966">
     <span class='ocr_line' id='line_1_21' title="bbox 433 1897 1514 1966; baseline 0.004 -18"><span class='ocrx_word' id='word_1_105' title='bbox 433 1897 746 1966; x_wconf 85' lang='lat' dir='ltr'><strong>quotannis</strong></span> <span class='ocrx_word' id='word_1_106' title='bbox 771 1898 840 1952; x_wconf 87' lang='lat' dir='ltr'><strong>ad</strong></span> <span class='ocrx_word' id='word_1_107' title='bbox 883 1897 1144 1966; x_wconf 80' lang='lat' dir='ltr'><strong>generale</strong></span> <span class='ocrx_word' id='word_1_108' title='bbox 1171 1905 1514 1952; x_wconf 86' lang='lat' dir='ltr'><strong>conventum</strong></span> 
     </span>
    </p>
   </div>
   <div class='ocr_carea' id='block_1_22' title="bbox 437 1963 1513 2048">
    <p class='ocr_par' dir='ltr' id='par_1_22' title="bbox 437 1963 1513 2048">
     <span class='ocr_line' id='line_1_22' title="bbox 437 1963 1513 2048; baseline 0.005 -31"><span class='ocrx_word' id='word_1_109' title='bbox 437 1963 699 2048; x_wconf 75' lang='lat' dir='ltr'><strong>honoris</strong></span> <span class='ocrx_word' id='word_1_110' title='bbox 725 1963 912 2048; x_wconf 55' lang='lat' dir='ltr'><strong>gratia</strong></span> <span class='ocrx_word' id='word_1_111' title='bbox 969 1969 1297 2048; x_wconf 38' lang='lat' dir='ltr'><strong>missuros.‘</strong></span> <span class='ocrx_word' id='word_1_112' title='bbox 1332 1969 1513 2048; x_wconf 83' lang='lat' dir='ltr'><strong>Baron</strong></span> 
     </span>
    </p>
   </div>
   <div class='ocr_carea' id='block_1_23' title="bbox 433 2037 1474 2107">
    <p class='ocr_par' dir='ltr' id='par_1_23' title="bbox 433 2037 1474 2107">
     <span class='ocr_line' id='line_1_23' title="bbox 433 2037 1474 2107; baseline 0.002 -19"><span class='ocrx_word' id='word_1_113' title='bbox 433 2049 542 2103; x_wconf 89' lang='lat' dir='ltr'><strong>sup</strong></span> <span class='ocrx_word' id='word_1_114' title='bbox 567 2053 620 2092; x_wconf 90' lang='lat' dir='ltr'><strong>a.</strong></span> <span class='ocrx_word' id='word_1_115' title='bbox 652 2045 708 2092; x_wconf 88' lang='lat' dir='ltr'><strong>et</strong></span> <span class='ocrx_word' id='word_1_116' title='bbox 742 2037 822 2091; x_wconf 87' lang='lat' dir='ltr'><strong>ibi</strong></span> <span class='ocrx_word' id='word_1_117' title='bbox 860 2039 968 2107; x_wconf 87' lang='lat' dir='ltr'><strong>Pag</strong></span> <span class='ocrx_word' id='word_1_118' title='bbox 1001 2053 1054 2092; x_wconf 84' lang='grc' dir='ltr'><strong>ιι.</strong></span> <span class='ocrx_word' id='word_1_119' title='bbox 1084 2037 1138 2102; x_wconf 89' lang='lat'><strong>8,</strong></span> <span class='ocrx_word' id='word_1_120' title='bbox 1172 2053 1239 2092; x_wconf 90' lang='lat' dir='ltr'><strong>ex</strong></span> <span class='ocrx_word' id='word_1_121' title='bbox 1270 2037 1474 2093; x_wconf 85' lang='lat' dir='ltr'><strong>Annal.</strong></span> 
     </span>
    </p>
   </div>
   <div class='ocr_carea' id='block_1_24' title="bbox 505 2108 1515 2178">
    <p class='ocr_par' dir='ltr' id='par_1_24' title="bbox 505 2108 1515 2178">
     <span class='ocr_line' id='line_1_24' title="bbox 505 2108 1515 2178; baseline 0.002 -16"><span class='ocrx_word' id='word_1_122' title='bbox 505 2108 714 2162; x_wconf 86' lang='lat' dir='ltr'><strong>Garcia</strong></span> <span class='ocrx_word' id='word_1_123' title='bbox 760 2122 1002 2178; x_wconf 85' lang='lat' dir='ltr'><strong>cognom</strong></span> <span class='ocrx_word' id='word_1_124' title='bbox 1051 2110 1242 2163; x_wconf 85' lang='lat' dir='ltr'><strong>Arista</strong></span> <span class='ocrx_word' id='word_1_125' title='bbox 1291 2109 1515 2176; x_wconf 84' lang='lat' dir='ltr'><strong>primus</strong></span> 
     </span>
    </p>
   </div>
   <div class='ocr_carea' id='block_1_25' title="bbox 432 2179 1517 2249">
    <p class='ocr_par' dir='ltr' id='par_1_25' title="bbox 432 2179 1517 2249">
     <span class='ocr_line' id='line_1_25' title="bbox 432 2179 1517 2249; baseline 0.003 -18"><span class='ocrx_word' id='word_1_126' title='bbox 432 2179 700 2234; x_wconf 66' lang='lat' dir='ltr'><strong>Navarrze</strong></span> <span class='ocrx_word' id='word_1_127' title='bbox 727 2179 998 2247; x_wconf 87' lang='lat' dir='ltr'><strong>Princeps</strong></span> <span class='ocrx_word' id='word_1_128' title='bbox 1022 2179 1301 2249; x_wconf 86' lang='lat' dir='ltr'><strong>moritur;</strong></span> <span class='ocrx_word' id='word_1_129' title='bbox 1327 2193 1517 2234; x_wconf 89' lang='lat' dir='ltr'><strong>succe-</strong></span> 
     </span>
    </p>
   </div>
   <div class='ocr_carea' id='block_1_26' title="bbox 433 2249 1516 2321">
    <p class='ocr_par' dir='ltr' id='par_1_26' title="bbox 433 2249 1516 2321">
     <span class='ocr_line' id='line_1_26' title="bbox 433 2249 1516 2321; baseline 0.004 -20"><span class='ocrx_word' id='word_1_130' title='bbox 433 2249 523 2321; x_wconf 90' lang='lat' dir='ltr'><strong>dit</strong></span> <span class='ocrx_word' id='word_1_131' title='bbox 553 2249 610 2303; x_wconf 83' lang='lat' dir='ltr'><strong>ﬁl</strong></span> <span class='ocrx_word' id='word_1_132' title='bbox 643 2251 826 2305; x_wconf 88' lang='lat' dir='ltr'><strong>Eneco</strong></span> <span class='ocrx_word' id='word_1_133' title='bbox 858 2251 1190 2317; x_wconf 88' lang='lat' dir='ltr'><strong>Garseanis,</strong></span> <span class='ocrx_word' id='word_1_134' title='bbox 1226 2251 1309 2305; x_wconf 86' lang='lat' dir='ltr'><strong>vel</strong></span> <span class='ocrx_word' id='word_1_135' title='bbox 1351 2252 1516 2321; x_wconf 88' lang='lat' dir='ltr'><strong>Inigo</strong></span> 
     </span>
    </p>
   </div>
   <div class='ocr_carea' id='block_1_27' title="bbox 433 2320 1517 2392">
    <p class='ocr_par' dir='ltr' id='par_1_27' title="bbox 433 2320 1517 2392">
     <span class='ocr_line' id='line_1_27' title="bbox 433 2320 1517 2392; baseline 0.003 -18"><span class='ocrx_word' id='word_1_136' title='bbox 433 2320 697 2375; x_wconf 89' lang='lat' dir='ltr'><strong>Garcieis</strong></span> <span class='ocrx_word' id='word_1_137' title='bbox 725 2320 984 2391; x_wconf 89' lang='lat' dir='ltr'><strong>Aristha,</strong></span> <span class='ocrx_word' id='word_1_138' title='bbox 1018 2323 1118 2392; x_wconf 89' lang='lat' dir='ltr'><strong>qui</strong></span> <span class='ocrx_word' id='word_1_139' title='bbox 1154 2322 1378 2392; x_wconf 91' lang='lat' dir='ltr'><strong>primus</strong></span> <span class='ocrx_word' id='word_1_140' title='bbox 1410 2320 1517 2377; x_wconf 77' lang='lat' dir='ltr'><strong>hcc</strong></span> 
     </span>
    </p>
   </div>
   <div class='ocr_carea' id='block_1_28' title="bbox 434 2393 1515 2519">
    <p class='ocr_par' dir='ltr' id='par_1_28' title="bbox 434 2393 1515 2519">
     <span class='ocr_line' id='line_1_28' title="bbox 434 2393 1515 2463; baseline 0.003 -19"><span class='ocrx_word' id='word_1_141' title='bbox 434 2403 586 2446; x_wconf 90' lang='lat' dir='ltr'><strong>anno</strong></span> <span class='ocrx_word' id='word_1_142' title='bbox 634 2393 806 2463; x_wconf 80' lang='lat' dir='ltr'><strong>Regis</strong></span> <span class='ocrx_word' id='word_1_143' title='bbox 851 2406 1055 2448; x_wconf 90' lang='lat' dir='ltr'><strong>nomen</strong></span> <span class='ocrx_word' id='word_1_144' title='bbox 1095 2393 1360 2450; x_wconf 90' lang='lat' dir='ltr'><strong>assumit.</strong></span> <span class='ocrx_word' id='word_1_145' title='bbox 1401 2393 1515 2448; x_wconf 97' lang='lat' dir='ltr'><strong>AA.</strong></span> 
     </span>
     <span class='ocr_line' id='line_1_29' title="bbox 434 2461 874 2519; baseline 0.009 -4"><span class='ocrx_word' id='word_1_146' title='bbox 434 2473 524 2519; x_wconf 80' lang='lat' dir='ltr'><strong>at).</strong></span> <span class='ocrx_word' id='word_1_147' title='bbox 558 2463 671 2519; x_wconf 77' lang='lat' dir='ltr'><strong>Pag</strong></span> <span class='ocrx_word' id='word_1_148' title='bbox 695 2478 750 2519; x_wconf 93' lang='lat' dir='ltr'><strong>n.</strong></span> <span class='ocrx_word' id='word_1_149' title='bbox 788 2461 874 2519; x_wconf 91' lang='lat'><strong>42.</strong></span> 
     </span>
    </p>
   </div>
   <div class='ocr_carea' id='block_1_29' title="bbox 432 2473 874 2533">
    <p class='ocr_par' dir='ltr' id='par_1_29' title="bbox 432 2473 874 2533">
     <span class='ocr_line' id='line_1_30' title="bbox 432 2473 874 2533; baseline 0.011 -19"><span class='ocrx_word' id='word_1_150' title='bbox 432 2473 524 2530; x_wconf 88' lang='lat' dir='ltr'><strong>ap.</strong></span> <span class='ocrx_word' id='word_1_151' title='bbox 558 2473 671 2533; x_wconf 62' lang='grc' dir='ltr'><strong>νας</strong></span> <span class='ocrx_word' id='word_1_152' title='bbox 695 2478 750 2519; x_wconf 83' lang='grc' dir='ltr'><strong>ιι.</strong></span> <span class='ocrx_word' id='word_1_153' title='bbox 788 2473 874 2519; x_wconf 77' lang='lat'><strong>42.</strong></span> 
     </span>
    </p>
   </div>
   <div class='ocr_carea' id='block_1_30' title="bbox 203 2525 1521 2607">
    <p class='ocr_par' dir='ltr' id='par_1_30' title="bbox 203 2525 1521 2607">
     <span class='ocr_line' id='line_1_31' title="bbox 203 2525 1521 2607; baseline 0.008 -25"><span class='ocrx_word' id='word_1_154' title='bbox 203 2525 386 2607; x_wconf 40' lang='lat' dir='ltr'><strong>5472A</strong></span> <span class='ocrx_word' id='word_1_155' title='bbox 470 2525 673 2607; x_wconf 56' lang='lat' dir='ltr'><strong>&quot;Impp</strong></span> <span class='ocrx_word' id='word_1_156' title='bbox 718 2535 802 2607; x_wconf 43' lang='grc' dir='ltr'><strong>ΕΙ.</strong></span> <span class='ocrx_word' id='word_1_157' title='bbox 859 2537 1134 2607; x_wconf 82' lang='lat' dir='ltr'><strong>Constant</strong></span> <span class='ocrx_word' id='word_1_158' title='bbox 1190 2535 1339 2605; x_wconf 91' lang='lat' dir='ltr'><strong>Copr</strong></span> <span class='ocrx_word' id='word_1_159' title='bbox 1393 2535 1521 2607; x_wconf 89' lang='lat' dir='ltr'><strong>Aug</strong></span> 
     </span>
    </p>
   </div>
   <div class='ocr_carea' id='block_1_31' title="bbox 207 2598 996 2675">
    <p class='ocr_par' dir='ltr' id='par_1_31' title="bbox 207 2598 996 2675">
     <span class='ocr_line' id='line_1_32' title="bbox 207 2598 996 2675; baseline 0.004 -19"><span class='ocrx_word' id='word_1_160' title='bbox 317 2598 390 2656; x_wconf 88' lang='lat'><strong>39</strong></span> <span class='ocrx_word' id='word_1_161' title='bbox 535 2598 699 2666; x_wconf 63' lang='lat' dir='ltr'><strong>et‘io,</strong></span> <span class='ocrx_word' id='word_1_162' title='bbox 736 2603 804 2659; x_wconf 82' lang='grc'><strong>48</strong></span> <span class='ocrx_word' id='word_1_163' title='bbox 827 2612 883 2660; x_wconf 90' lang='lat' dir='ltr'><strong>et</strong></span> <span class='ocrx_word' id='word_1_164' title='bbox 911 2603 996 2661; x_wconf 82' lang='lat'><strong>49.</strong></span> 
     </span>
    </p>
   </div>
   <div class='ocr_carea' id='block_1_32' title="bbox 209 2688 1126 2766">
    <p class='ocr_par' dir='ltr' id='par_1_32' title="bbox 209 2688 1126 2766">
     <span class='ocr_line' id='line_1_33' title="bbox 209 2688 1126 2766; baseline 0.005 -21"><span class='ocrx_word' id='word_1_165' title='bbox 209 2688 386 2766; x_wconf 38' lang='lat' dir='ltr'><strong>ﬁ~49</strong></span> <span class='ocrx_word' id='word_1_166' title='bbox 481 2694 688 2766; x_wconf 90' lang='lat' dir='ltr'><strong>Leonis</strong></span> <span class='ocrx_word' id='word_1_167' title='bbox 709 2695 780 2749; x_wconf 88' lang='lat' dir='ltr'><strong>IV</strong></span> <span class='ocrx_word' id='word_1_168' title='bbox 796 2695 925 2766; x_wconf 89' lang='lat' dir='ltr'><strong>Aug</strong></span> <span class='ocrx_word' id='word_1_169' title='bbox 941 2693 978 2750; x_wconf 92' lang='lat'>8</span> <span class='ocrx_word' id='word_1_170' title='bbox 995 2700 1051 2750; x_wconf 85' lang='lat' dir='ltr'><strong>et</strong></span> <span class='ocrx_word' id='word_1_171' title='bbox 1075 2694 1126 2750; x_wconf 90' lang='lat'><strong>9.</strong></span> 
     </span>
    </p>
   </div>
   <div class='ocr_carea' id='block_1_33' title="bbox 268 2761 1514 2836">
    <p class='ocr_par' dir='ltr' id='par_1_33' title="bbox 268 2761 1514 2836">
     <span class='ocr_line' id='line_1_34' title="bbox 268 2761 1514 2836; baseline 0.005 -19"><span class='ocrx_word' id='word_1_172' title='bbox 268 2761 316 2836; x_wconf 67' lang='grc' dir='ltr'><em>ᾷ</em></span> <span class='ocrx_word' id='word_1_173' title='bbox 485 2765 787 2836; x_wconf 76' lang='lat' dir='ltr'><strong>Aragonize</strong></span> <span class='ocrx_word' id='word_1_174' title='bbox 804 2761 1145 2834; x_wconf 82' lang='lat' dir='ltr'><strong>Comitatus,</strong></span> <span class='ocrx_word' id='word_1_175' title='bbox 1173 2766 1272 2836; x_wconf 90' lang='lat' dir='ltr'><strong>qui</strong></span> <span class='ocrx_word' id='word_1_176' title='bbox 1302 2767 1514 2823; x_wconf 64' lang='lat' dir='ltr'><strong>saeculo</strong></span> 
     </span>
    </p>
   </div>
   <div class='ocr_carea' id='block_1_34' title="bbox 190 2833 1518 2906">
    <p class='ocr_par' dir='ltr' id='par_1_34' title="bbox 190 2833 1518 2906">
     <span class='ocr_line' id='line_1_35' title="bbox 190 2833 1518 2906; baseline 0.005 -20"><span class='ocrx_word' id='word_1_177' title='bbox 190 2833 373 2888; x_wconf 73' lang='lat' dir='ltr'><strong>Indici</strong></span> <span class='ocrx_word' id='word_1_178' title='bbox 421 2849 499 2904; x_wconf 78' lang='lat' dir='ltr'><strong>xr,</strong></span> <span class='ocrx_word' id='word_1_179' title='bbox 533 2833 878 2906; x_wconf 50' lang='lat' dir='ltr'><strong>in’Regnum</strong></span> <span class='ocrx_word' id='word_1_180' title='bbox 911 2839 1095 2893; x_wconf 85' lang='lat' dir='ltr'><strong>evasit</strong></span> <span class='ocrx_word' id='word_1_181' title='bbox 1135 2833 1204 2892; x_wconf 34' lang='lat' dir='ltr'><strong>h.‘</strong></span> <span class='ocrx_word' id='word_1_182' title='bbox 1236 2851 1286 2892; x_wconf 91' lang='lat' dir='ltr'><strong>a.</strong></span> <span class='ocrx_word' id='word_1_183' title='bbox 1335 2838 1518 2893; x_wconf 88' lang='lat' dir='ltr'><strong>iusti-</strong></span> 
     </span>
    </p>
   </div>
   <div class='ocr_carea' id='block_1_35' title="bbox 243 2908 1517 2980">
    <p class='ocr_par' dir='ltr' id='par_1_35' title="bbox 243 2908 1517 2980">
     <span class='ocr_line' id='line_1_36' title="bbox 243 2908 1517 2980; baseline 0.004 -21"><span class='ocrx_word' id='word_1_184' title='bbox 243 2918 324 2959; x_wconf 83' lang='lat' dir='ltr'><strong>xu</strong></span> <span class='ocrx_word' id='word_1_185' title='bbox 424 2908 632 2973; x_wconf 82' lang='lat' dir='ltr'><strong>tuitur,</strong></span> <span class='ocrx_word' id='word_1_186' title='bbox 658 2909 1011 2980; x_wconf 86' lang='lat' dir='ltr'><strong>primusque</strong></span> <span class='ocrx_word' id='word_1_187' title='bbox 1051 2910 1177 2979; x_wconf 81' lang='lat' dir='ltr'><strong>ejus</strong></span> <span class='ocrx_word' id='word_1_188' title='bbox 1206 2909 1404 2964; x_wconf 90' lang='lat' dir='ltr'><strong>Comes</strong></span> <span class='ocrx_word' id='word_1_189' title='bbox 1428 2916 1517 2964; x_wconf 88' lang='lat' dir='ltr'><strong>est</strong></span> 
     </span>
    </p>
   </div>
   <div class='ocr_carea' id='block_1_36' title="bbox 228 2979 1516 3051">
    <p class='ocr_par' dir='ltr' id='par_1_36' title="bbox 228 2979 1516 3051">
     <span class='ocr_line' id='line_1_37' title="bbox 228 2979 1516 3051; baseline 0.005 -22"><span class='ocrx_word' id='word_1_190' title='bbox 228 2989 334 3030; x_wconf 84' lang='lat' dir='ltr'><strong>xm</strong></span> <span class='ocrx_word' id='word_1_191' title='bbox 432 2979 781 3051; x_wconf 89' lang='lat' dir='ltr'><strong>Azenarius:</strong></span> <span class='ocrx_word' id='word_1_192' title='bbox 833 2979 1245 3051; x_wconf 44' lang='lat' dir='ltr'><strong>at’Aragonia</strong></span> <span class='ocrx_word' id='word_1_193' title='bbox 1326 2981 1516 3049; x_wconf 85' lang='lat' dir='ltr'><strong>parvis</strong></span> 
     </span>
    </p>
   </div>
   <div class='ocr_carea' id='block_1_37' title="bbox 440 3050 1518 3121">
    <p class='ocr_par' dir='ltr' id='par_1_37' title="bbox 440 3050 1518 3121">
     <span class='ocr_line' id='line_1_38' title="bbox 440 3050 1518 3121; baseline 0.002 -16"><span class='ocrx_word' id='word_1_194' title='bbox 440 3050 612 3106; x_wconf 89' lang='lat' dir='ltr'><strong>initio</strong></span> <span class='ocrx_word' id='word_1_195' title='bbox 661 3051 954 3108; x_wconf 81' lang='lat' dir='ltr'><strong>limitibus</strong></span> <span class='ocrx_word' id='word_1_196' title='bbox 993 3050 1436 3121; x_wconf 80' lang='lat' dir='ltr'><strong>cireumscripta</strong></span> <span class='ocrx_word' id='word_1_197' title='bbox 1485 3066 1518 3107; x_wconf 88' lang='lat' dir='ltr'><strong>a</strong></span> 
     </span>
    </p>
   </div>
   <div class='ocr_carea' id='block_1_38' title="bbox 438 3122 1512 3192">
    <p class='ocr_par' dir='ltr' id='par_1_38' title="bbox 438 3122 1512 3192">
     <span class='ocr_line' id='line_1_39' title="bbox 438 3122 1512 3192; baseline 0.001 -17"><span class='ocrx_word' id='word_1_198' title='bbox 438 3122 690 3192; x_wconf 81' lang='lat' dir='ltr'><strong>Regibus</strong></span> <span class='ocrx_word' id='word_1_199' title='bbox 722 3124 984 3180; x_wconf 70' lang='lat' dir='ltr'><strong>Navarrte</strong></span> <span class='ocrx_word' id='word_1_200' title='bbox 1031 3123 1290 3179; x_wconf 91' lang='lat' dir='ltr'><strong>obtinere</strong></span> <span class='ocrx_word' id='word_1_201' title='bbox 1319 3124 1512 3191; x_wconf 81' lang='lat' dir='ltr'><strong>coepit.</strong></span> 
     </span>
    </p>
   </div>
   <div class='ocr_carea' id='block_1_39' title="bbox 440 3192 1518 3266">
    <p class='ocr_par' dir='ltr' id='par_1_39' title="bbox 440 3192 1518 3266">
     <span class='ocr_line' id='line_1_40' title="bbox 440 3192 1518 3266; baseline 0 -18"><span class='ocrx_word' id='word_1_202' title='bbox 440 3195 615 3263; x_wconf 88' lang='lat' dir='ltr'><strong>quue</strong></span> <span class='ocrx_word' id='word_1_203' title='bbox 645 3192 878 3263; x_wconf 84' lang='lat' dir='ltr'><strong>factum,</strong></span> <span class='ocrx_word' id='word_1_204' title='bbox 903 3197 1043 3266; x_wconf 87' lang='lat' dir='ltr'><strong>quia</strong></span> <span class='ocrx_word' id='word_1_205' title='bbox 1067 3195 1386 3250; x_wconf 86' lang='lat' dir='ltr'><strong>Christiani</strong></span> <span class='ocrx_word' id='word_1_206' title='bbox 1411 3196 1518 3249; x_wconf 86' lang='lat' dir='ltr'><strong>Hi—</strong></span> 
     </span>
    </p>
   </div>
   <div class='ocr_carea' id='block_1_40' title="bbox 440 3266 1518 3337">
    <p class='ocr_par' dir='ltr' id='par_1_40' title="bbox 440 3266 1518 3337">
     <span class='ocr_line' id='line_1_41' title="bbox 440 3266 1518 3337; baseline 0.001 -17"><span class='ocrx_word' id='word_1_207' title='bbox 440 3279 581 3334; x_wconf 88' lang='lat' dir='ltr'><strong>span</strong></span> <span class='ocrx_word' id='word_1_208' title='bbox 650 3266 749 3334; x_wconf 91' lang='lat' dir='ltr'><strong>qui</strong></span> <span class='ocrx_word' id='word_1_209' title='bbox 816 3267 952 3337; x_wconf 89' lang='lat' dir='ltr'><strong>Regi</strong></span> <span class='ocrx_word' id='word_1_210' title='bbox 1034 3267 1346 3322; x_wconf 89' lang='lat' dir='ltr'><strong>Saracenor</strong></span> <span class='ocrx_word' id='word_1_211' title='bbox 1415 3279 1518 3321; x_wconf 92' lang='lat' dir='ltr'><strong>seu</strong></span> 
     </span>
    </p>
   </div>
   <div class='ocr_carea' id='block_1_41' title="bbox 437 3337 1517 3406">
    <p class='ocr_par' dir='ltr' id='par_1_41' title="bbox 437 3337 1517 3406">
     <span class='ocr_line' id='line_1_42' title="bbox 437 3337 1517 3406; baseline 0 -14"><span class='ocrx_word' id='word_1_212' title='bbox 437 3337 656 3392; x_wconf 76' lang='lat' dir='ltr'><strong>Amerae</strong></span> <span class='ocrx_word' id='word_1_213' title='bbox 711 3337 1081 3393; x_wconf 89' lang='lat' dir='ltr'><strong>Abderamini</strong></span> <span class='ocrx_word' id='word_1_214' title='bbox 1116 3351 1314 3406; x_wconf 91' lang='lat' dir='ltr'><strong>parere</strong></span> <span class='ocrx_word' id='word_1_215' title='bbox 1353 3337 1517 3392; x_wconf 87' lang='lat' dir='ltr'><strong>nole-</strong></span> 
     </span>
    </p>
   </div>
   <div class='ocr_carea' id='block_1_42' title="bbox 440 3407 1517 3477">
    <p class='ocr_par' dir='ltr' id='par_1_42' title="bbox 440 3407 1517 3477">
     <span class='ocr_line' id='line_1_43' title="bbox 440 3407 1517 3477; baseline 0 -15"><span class='ocrx_word' id='word_1_216' title='bbox 440 3407 595 3468; x_wconf 82' lang='lat' dir='ltr'><strong>bant,</strong></span> <span class='ocrx_word' id='word_1_217' title='bbox 628 3408 952 3465; x_wconf 90' lang='lat' dir='ltr'><strong>Comitibus</strong></span> <span class='ocrx_word' id='word_1_218' title='bbox 996 3422 1208 3464; x_wconf 91' lang='lat' dir='ltr'><strong>morem</strong></span> <span class='ocrx_word' id='word_1_219' title='bbox 1245 3407 1517 3477; x_wconf 88' lang='lat' dir='ltr'><strong>gerebant</strong></span> 
     </span>
    </p>
   </div>
   <div class='ocr_carea' id='block_1_43' title="bbox 439 3480 1518 3550">
    <p class='ocr_par' dir='ltr' id='par_1_43' title="bbox 439 3480 1518 3550">
     <span class='ocr_line' id='line_1_44' title="bbox 439 3480 1518 3550; baseline -0.001 -15"><span class='ocrx_word' id='word_1_220' title='bbox 439 3481 794 3535; x_wconf 83' lang='lat' dir='ltr'><strong>occasionem</strong></span> <span class='ocrx_word' id='word_1_221' title='bbox 839 3485 1233 3550; x_wconf 84' lang='lat' dir='ltr'><strong>exspectantes</strong></span> <span class='ocrx_word' id='word_1_222' title='bbox 1264 3480 1518 3547; x_wconf 84' lang='lat' dir='ltr'><strong>Regnum</strong></span> 
     </span>
    </p>
   </div>
   <div class='ocr_carea' id='block_1_44' title="bbox 439 3550 1520 3679">
    <p class='ocr_par' dir='ltr' id='par_1_44' title="bbox 439 3550 1520 3679">
     <span class='ocr_line' id='line_1_45' title="bbox 439 3550 1520 3679; baseline -0.003 -72"><span class='ocrx_word' id='word_1_223' title='bbox 439 3565 472 3607; x_wconf 90' lang='lat' dir='ltr'><strong>a</strong></span> <span class='ocrx_word' id='word_1_224' title='bbox 502 3553 778 3679; x_wconf 53' lang='lat' dir='ltr'><strong>sfgvitute</strong></span> <span class='ocrx_word' id='word_1_225' title='bbox 810 3553 1051 3608; x_wconf 89' lang='lat' dir='ltr'><strong>Saracen</strong></span> <span class='ocrx_word' id='word_1_226' title='bbox 1073 3550 1384 3620; x_wconf 86' lang='lat' dir='ltr'><strong>eripiendi.</strong></span> <span class='ocrx_word' id='word_1_227' title='bbox 1409 3551 1520 3621; x_wconf 88' lang='lat' dir='ltr'><strong>Pag</strong></span> 
     </span>
     <span class='ocr_line' id='line_1_46' title="bbox 441 3636 608 3677; baseline 0 -1"><span class='ocrx_word' id='word_1_228' title='bbox 441 3636 496 3677; x_wconf 92' lang='lat' dir='ltr'><strong>n.</strong></span> <span class='ocrx_word' id='word_1_229' title='bbox 597 3665 608 3676; x_wconf 96' lang='lat'><strong>.</strong></span> 
     </span>
    </p>
   </div>
   <div class='ocr_carea' id='block_1_45' title="bbox 441 3636 608 3677">
    <p class='ocr_par' dir='ltr' id='par_1_45' title="bbox 441 3636 608 3677">
     <span class='ocr_line' id='line_1_47' title="bbox 441 3636 608 3677; baseline -0.006 0"><span class='ocrx_word' id='word_1_230' title='bbox 441 3636 496 3677; x_wconf 81' lang='grc' dir='ltr'><strong>Π.</strong></span> <span class='ocrx_word' id='word_1_231' title='bbox 523 3636 608 3677; x_wconf 67' lang='grc' dir='ltr'><strong>Ίό.</strong></span> 
     </span>
    </p>
   </div>
   <div class='ocr_carea' id='block_1_46' title="bbox 511 3694 1518 3764">
    <p class='ocr_par' dir='ltr' id='par_1_46' title="bbox 511 3694 1518 3764">
     <span class='ocr_line' id='line_1_48' title="bbox 511 3694 1518 3764; baseline -0.004 -15"><span class='ocrx_word' id='word_1_232' title='bbox 511 3695 716 3764; x_wconf 91' lang='lat' dir='ltr'><strong>Pipino</strong></span> <span class='ocrx_word' id='word_1_233' title='bbox 737 3695 997 3750; x_wconf 86' lang='lat' dir='ltr'><strong>nascitur</strong></span> <span class='ocrx_word' id='word_1_234' title='bbox 1023 3694 1201 3759; x_wconf 83' lang='lat' dir='ltr'><strong>ﬁlius,</strong></span> <span class='ocrx_word' id='word_1_235' title='bbox 1227 3706 1391 3764; x_wconf 82' lang='lat' dir='ltr'><strong>quem</strong></span> <span class='ocrx_word' id='word_1_236' title='bbox 1412 3704 1518 3746; x_wconf 89' lang='lat' dir='ltr'><strong>suo</strong></span> 
     </span>
    </p>
   </div>
   <div class='ocr_carea' id='block_1_47' title="bbox 440 3762 1518 3836">
    <p class='ocr_par' dir='ltr' id='par_1_47' title="bbox 440 3762 1518 3836">
     <span class='ocr_line' id='line_1_49' title="bbox 440 3762 1518 3836; baseline -0.003 -14"><span class='ocrx_word' id='word_1_237' title='bbox 440 3762 672 3822; x_wconf 86' lang='lat' dir='ltr'><strong>nomine</strong></span> <span class='ocrx_word' id='word_1_238' title='bbox 701 3767 950 3836; x_wconf 88' lang='lat' dir='ltr'><strong>appellat</strong></span> <span class='ocrx_word' id='word_1_239' title='bbox 978 3786 995 3832; x_wconf 89' lang='lat'><strong><em>;</em></strong></span> <span class='ocrx_word' id='word_1_240' title='bbox 1026 3772 1082 3821; x_wconf 95' lang='lat' dir='ltr'><strong>et</strong></span> <span class='ocrx_word' id='word_1_241' title='bbox 1109 3765 1164 3820; x_wconf 92' lang='lat' dir='ltr'><strong>S.</strong></span> <span class='ocrx_word' id='word_1_242' title='bbox 1196 3762 1457 3819; x_wconf 82' lang='lat' dir='ltr'><strong>Pontifex</strong></span> <span class='ocrx_word' id='word_1_243' title='bbox 1487 3777 1518 3819; x_wconf 93' lang='lat' dir='ltr'><strong>e</strong></span> 
     </span>
    </p>
   </div>
   <div class='ocr_carea' id='block_1_48' title="bbox 438 3837 1510 3911">
    <p class='ocr_par' dir='ltr' id='par_1_48' title="bbox 438 3837 1510 3911">
     <span class='ocr_line' id='line_1_50' title="bbox 438 3837 1510 3911; baseline -0.005 -18"><span class='ocrx_word' id='word_1_244' title='bbox 438 3852 600 3911; x_wconf 85' lang='lat' dir='ltr'><strong>sacro</strong></span> <span class='ocrx_word' id='word_1_245' title='bbox 613 3837 790 3911; x_wconf 70' lang='lat' dir='ltr'><strong>fonte</strong></span> <span class='ocrx_word' id='word_1_246' title='bbox 807 3838 1103 3911; x_wconf 87' lang='lat' dir='ltr'><strong>suscipere</strong></span> <span class='ocrx_word' id='word_1_247' title='bbox 1134 3850 1282 3911; x_wconf 84' lang='lat' dir='ltr'><strong>eum</strong></span> <span class='ocrx_word' id='word_1_248' title='bbox 1313 3842 1472 3911; x_wconf 83' lang='lat' dir='ltr'><strong>optat</strong></span> <span class='ocrx_word' id='word_1_249' title='bbox 1498 3853 1510 3888; x_wconf 93' lang='lat'><strong>:</strong></span> 
     </span>
    </p>
   </div>
   <div class='ocr_carea' id='block_1_49' title="bbox 368 3907 1514 3980">
    <p class='ocr_par' dir='ltr' id='par_1_49' title="bbox 368 3907 1514 3980">
     <span class='ocr_line' id='line_1_51' title="bbox 368 3907 1514 3980; baseline -0.006 -13"><span class='ocrx_word' id='word_1_250' title='bbox 368 3911 384 3923; x_wconf 82' lang='lat'><strong>&#39;</strong></span> <span class='ocrx_word' id='word_1_251' title='bbox 439 3913 522 3980; x_wconf 88' lang='lat' dir='ltr'><strong>Ep</strong></span> <span class='ocrx_word' id='word_1_252' title='bbox 566 3908 654 3973; x_wconf 75' lang='lat'><strong>23,</strong></span> <span class='ocrx_word' id='word_1_253' title='bbox 684 3910 796 3964; x_wconf 91' lang='lat' dir='ltr'><strong>Cod</strong></span> <span class='ocrx_word' id='word_1_254' title='bbox 819 3910 925 3964; x_wconf 90' lang='lat' dir='ltr'><strong>Car</strong></span> <span class='ocrx_word' id='word_1_255' title='bbox 949 3908 1222 3980; x_wconf 10' lang='lat' dir='ltr'><strong>postbiren</strong></span> <span class='ocrx_word' id='word_1_256' title='bbox 1250 3907 1514 3961; x_wconf 92' lang='lat' dir='ltr'><strong>moritur.</strong></span> 
     </span>
    </p>
   </div>
   <div class='ocr_carea' id='block_1_50' title="bbox 509 3979 1518 4051">
    <p class='ocr_par' dir='ltr' id='par_1_50' title="bbox 509 3979 1518 4051">
     <span class='ocr_line' id='line_1_52' title="bbox 509 3979 1518 4051; baseline -0.007 -14"><span class='ocrx_word' id='word_1_257' title='bbox 509 3981 770 4051; x_wconf 89' lang='lat' dir='ltr'><strong>Osulpho</strong></span> <span class='ocrx_word' id='word_1_258' title='bbox 820 3979 961 4048; x_wconf 88' lang='lat' dir='ltr'><strong>post</strong></span> <span class='ocrx_word' id='word_1_259' title='bbox 1003 3979 1162 4045; x_wconf 81' lang='lat' dir='ltr'><strong>regni</strong></span> <span class='ocrx_word' id='word_1_260' title='bbox 1226 3990 1440 4051; x_wconf 76' lang='lat' dir='ltr'><strong>annum</strong></span> <span class='ocrx_word' id='word_1_261' title='bbox 1479 3991 1518 4051; x_wconf 91' lang='lat' dir='ltr'><strong>_a</strong></span> 
     </span>
    </p>
   </div>
   <div class='ocr_carea' id='block_1_51' title="bbox 435 4048 1518 4123">
    <p class='ocr_par' dir='ltr' id='par_1_51' title="bbox 435 4048 1518 4123">
     <span class='ocr_line' id='line_1_53' title="bbox 435 4048 1518 4123; baseline -0.008 -13"><span class='ocrx_word' id='word_1_262' title='bbox 435 4055 565 4110; x_wconf 92' lang='lat' dir='ltr'><strong>suis</strong></span> <span class='ocrx_word' id='word_1_263' title='bbox 592 4048 855 4123; x_wconf 83' lang='lat' dir='ltr'><strong>nequiter</strong></span> <span class='ocrx_word' id='word_1_264' title='bbox 881 4052 1072 4108; x_wconf 89' lang='lat' dir='ltr'><strong>occiso</strong></span> <span class='ocrx_word' id='word_1_265' title='bbox 1103 4056 1302 4121; x_wconf 88' lang='lat' dir='ltr'><strong>regnat</strong></span> <span class='ocrx_word' id='word_1_266' title='bbox 1331 4048 1518 4123; x_wconf 82' lang='lat' dir='ltr'><strong>Ethel-</strong></span> 
     </span>
    </p>
   </div>
   <div class='ocr_carea' id='block_1_52' title="bbox 433 4120 1520 4183">
    <p class='ocr_par' dir='ltr' id='par_1_52' title="bbox 433 4120 1520 4183">
     <span class='ocr_line' id='line_1_54' title="bbox 433 4120 1520 4183; baseline -0.006 -1"><span class='ocrx_word' id='word_1_267' title='bbox 433 4128 638 4183; x_wconf 82' lang='lat' dir='ltr'><strong>wadus</strong></span> <span class='ocrx_word' id='word_1_268' title='bbox 665 4120 724 4179; x_wconf 77' lang='lat' dir='ltr'><strong>in</strong></span> <span class='ocrx_word' id='word_1_269' title='bbox 744 4122 1160 4179; x_wconf 85' lang='lat' dir='ltr'><strong>Northumbria</strong></span> <span class='ocrx_word' id='word_1_270' title='bbox 1176 4120 1377 4176; x_wconf 87' lang='lat' dir='ltr'><strong>mense</strong></span> <span class='ocrx_word' id='word_1_271' title='bbox 1405 4120 1520 4176; x_wconf 86' lang='lat' dir='ltr'><strong>Au-</strong></span> 
     </span>
    </p>
   </div>
   <div class='ocr_carea' id='block_1_53' title="bbox 433 4194 1512 4324">
    <p class='ocr_par' dir='ltr' id='par_1_53' title="bbox 433 4194 1512 4324">
     <span class='ocr_line' id='line_1_55' title="bbox 433 4194 1512 4324; baseline -0.01 -68"><span class='ocrx_word' id='word_1_272' title='bbox 433 4206 626 4324; x_wconf 53' lang='lat' dir='ltr'><strong>guslt‘o.</strong></span> <span class='ocrx_word' id='word_1_273' title='bbox 686 4194 873 4250; x_wconf 86' lang='lat' dir='ltr'><strong>Annal</strong></span> <span class='ocrx_word' id='word_1_274' title='bbox 917 4194 1103 4251; x_wconf 89' lang='lat' dir='ltr'><strong>Mailr.</strong></span> <span class='ocrx_word' id='word_1_275' title='bbox 1156 4195 1268 4262; x_wconf 89' lang='lat' dir='ltr'><strong>Pag</strong></span> <span class='ocrx_word' id='word_1_276' title='bbox 1309 4206 1418 4261; x_wconf 90' lang='lat' dir='ltr'><strong>sup</strong></span> <span class='ocrx_word' id='word_1_277' title='bbox 1461 4205 1512 4246; x_wconf 88' lang='lat' dir='ltr'><strong>a.</strong></span> 
     </span>
     <span class='ocr_line' id='line_1_56' title="bbox 434 4285 613 4324; baseline -0.006 0"><span class='ocrx_word' id='word_1_278' title='bbox 434 4285 498 4324; x_wconf 84' lang='grc' dir='ltr'><strong>ιι.</strong></span> <span class='ocrx_word' id='word_1_279' title='bbox 601 4311 613 4323; x_wconf 96' lang='grc'><strong>.</strong></span> 
     </span>
    </p>
   </div>
   <div class='ocr_carea' id='block_1_54' title="bbox 434 4285 613 4327">
    <p class='ocr_par' dir='ltr' id='par_1_54' title="bbox 434 4285 613 4327">
     <span class='ocr_line' id='line_1_57' title="bbox 434 4285 613 4327; baseline -0.022 0"><span class='ocrx_word' id='word_1_280' title='bbox 434 4285 498 4327; x_wconf 78' lang='grc' dir='ltr'><strong>Π.</strong></span> <span class='ocrx_word' id='word_1_281' title='bbox 527 4285 613 4324; x_wconf 81' lang='lat' dir='ltr'><strong>’I‘I.</strong></span> 
     </span>
    </p>
   </div>
   <div class='ocr_carea' id='block_1_55' title="bbox 655 643 1185 706">
    <p class='ocr_par' dir='ltr' id='par_1_55' title="bbox 655 643 1185 706">
     <span class='ocr_line' id='line_1_58' title="bbox 655 643 1185 706; baseline 0.011 -19"><span class='ocrx_word' id='word_1_282' title='bbox 655 650 824 703; x_wconf 79' lang='lat' dir='ltr'><strong>reges,</strong></span> <span class='ocrx_word' id='word_1_283' title='bbox 875 653 962 692; x_wconf 80' lang='lat' dir='ltr'><strong>res</strong></span> <span class='ocrx_word' id='word_1_284' title='bbox 1003 643 1185 706; x_wconf 68' lang='lat' dir='ltr'><strong>gestae.</strong></span> 
     </span>
    </p>
   </div>
   <div class='ocr_carea' id='block_1_56' title="bbox 216 4389 355 4447">
    <p class='ocr_par' dir='ltr' id='par_1_56' title="bbox 216 4389 355 4447">
     <span class='ocr_line' id='line_1_59' title="bbox 216 4389 355 4447; baseline 0.007 -1"><span class='ocrx_word' id='word_1_285' title='bbox 216 4389 355 4447; x_wconf 74' lang='grc'><strong>5473</strong></span> 
     </span>
    </p>
   </div>
   <div class='ocr_carea' id='block_1_57' title="bbox 206 4453 1004 4535">
    <p class='ocr_par' dir='ltr' id='par_1_57' title="bbox 206 4453 1004 4535">
     <span class='ocr_line' id='line_1_60' title="bbox 206 4453 1004 4535; baseline -0.01 -16"><span class='ocrx_word' id='word_1_286' title='bbox 206 4468 273 4535; x_wconf 55' lang='grc' dir='ltr'>θ</span> <span class='ocrx_word' id='word_1_287' title='bbox 318 4461 387 4519; x_wconf 75' lang='grc'><strong>43</strong></span> <span class='ocrx_word' id='word_1_288' title='bbox 428 4459 503 4519; x_wconf 67' lang='grc' dir='ltr'><strong>ιο</strong></span> <span class='ocrx_word' id='word_1_289' title='bbox 532 4453 795 4521; x_wconf 54' lang='lat'><strong>«14,49</strong></span> <span class='ocrx_word' id='word_1_290' title='bbox 829 4462 886 4512; x_wconf 88' lang='lat' dir='ltr'><strong>et</strong></span> <span class='ocrx_word' id='word_1_291' title='bbox 913 4453 1004 4535; x_wconf 40' lang='lat' dir='ltr'><strong>eo:</strong></span> 
     </span>
    </p>
   </div>
   <div class='ocr_carea' id='block_1_58' title="bbox 210 4531 1209 4615">
    <p class='ocr_par' dir='ltr' id='par_1_58' title="bbox 210 4531 1209 4615">
     <span class='ocr_line' id='line_1_61' title="bbox 210 4531 1209 4615; baseline -0.018 -11"><span class='ocrx_word' id='word_1_292' title='bbox 210 4531 278 4615; x_wconf 58' lang='grc' dir='ltr'>ᾧ</span> <span class='ocrx_word' id='word_1_293' title='bbox 320 4542 343 4600; x_wconf 91' lang='grc'><strong>4</strong></span> <span class='ocrx_word' id='word_1_294' title='bbox 506 4539 710 4596; x_wconf 89' lang='lat' dir='ltr'><strong>Leonis</strong></span> <span class='ocrx_word' id='word_1_295' title='bbox 739 4539 809 4594; x_wconf 87' lang='lat' dir='ltr'><strong>IV</strong></span> <span class='ocrx_word' id='word_1_296' title='bbox 834 4538 960 4607; x_wconf 88' lang='lat' dir='ltr'><strong>Aug</strong></span> <span class='ocrx_word' id='word_1_297' title='bbox 983 4533 1018 4588; x_wconf 88' lang='lat'><strong>9</strong></span> <span class='ocrx_word' id='word_1_298' title='bbox 1046 4531 1209 4615; x_wconf 94' lang='lat' dir='ltr'><strong>et</strong></span> 
     </span>
    </p>
   </div>
   <div class='ocr_carea' id='block_1_59' title="bbox 193 4683 1515 4764">
    <p class='ocr_par' dir='ltr' id='par_1_59' title="bbox 193 4683 1515 4764">
     <span class='ocr_line' id='line_1_62' title="bbox 193 4683 1515 4764; baseline -0.008 -15"><span class='ocrx_word' id='word_1_299' title='bbox 193 4695 368 4750; x_wconf 78' lang='lat' dir='ltr'><strong>Indici</strong></span> <span class='ocrx_word' id='word_1_300' title='bbox 424 4700 557 4764; x_wconf 84' lang='lat' dir='ltr'><strong>post</strong></span> <span class='ocrx_word' id='word_1_301' title='bbox 608 4683 889 4764; x_wconf 52' lang='lat' dir='ltr'><strong>meridi,</strong></span> <span class='ocrx_word' id='word_1_302' title='bbox 941 4683 1431 4764; x_wconf 83' lang='lat' dir='ltr'><strong>di_giti_ec_l_i_ptic_i_</strong></span> <span class='ocrx_word' id='word_1_303' title='bbox 1459 4683 1515 4764; x_wconf 84' lang='lat'><strong>8,</strong></span> 
     </span>
    </p>
   </div>
   <div class='ocr_carea' id='block_1_60' title="bbox 231 4755 1518 4824">
    <p class='ocr_par' dir='ltr' id='par_1_60' title="bbox 231 4755 1518 4824">
     <span class='ocr_line' id='line_1_63' title="bbox 231 4755 1518 4824; baseline -0.009 -3"><span class='ocrx_word' id='word_1_304' title='bbox 231 4780 335 4821; x_wconf 82' lang='lat' dir='ltr'><strong>xm</strong></span> <span class='ocrx_word' id='word_1_305' title='bbox 426 4755 626 4824; x_wconf 78' lang='lat'><strong>45.301</strong></span> <span class='ocrx_word' id='word_1_306' title='bbox 657 4765 715 4818; x_wconf 91' lang='lat' dir='ltr'><strong>in</strong></span> <span class='ocrx_word' id='word_1_307' title='bbox 745 4761 816 4818; x_wconf 91' lang='lat'><strong>26</strong></span> <span class='ocrx_word' id='word_1_308' title='bbox 852 4755 1074 4817; x_wconf 62' lang='lat' dir='ltr'><strong>Gemi&#39;n.</strong></span> <span class='ocrx_word' id='word_1_309' title='bbox 1107 4759 1186 4812; x_wconf 83' lang='lat' dir='ltr'><strong>Ex</strong></span> <span class='ocrx_word' id='word_1_310' title='bbox 1215 4755 1434 4811; x_wconf 89' lang='lat' dir='ltr'><strong>Miscell</strong></span> <span class='ocrx_word' id='word_1_311' title='bbox 1461 4762 1518 4810; x_wconf 90' lang='lat' dir='ltr'><strong>et</strong></span> 
     </span>
    </p>
   </div>
   <div class='ocr_carea' id='block_1_61' title="bbox 238 4833 1082 4894">
    <p class='ocr_par' dir='ltr' id='par_1_61' title="bbox 238 4833 1082 4894">
     <span class='ocr_line' id='line_1_64' title="bbox 238 4833 1082 4894; baseline -0.011 -2"><span class='ocrx_word' id='word_1_312' title='bbox 238 4851 329 4892; x_wconf 72' lang='lat' dir='ltr'><strong>xxv</strong></span> <span class='ocrx_word' id='word_1_313' title='bbox 423 4836 586 4894; x_wconf 93' lang='lat' dir='ltr'><strong>tabul</strong></span> <span class='ocrx_word' id='word_1_314' title='bbox 610 4837 842 4890; x_wconf 87' lang='lat' dir='ltr'><strong>Pruten.</strong></span> <span class='ocrx_word' id='word_1_315' title='bbox 873 4833 1082 4888; x_wconf 88' lang='lat' dir='ltr'><strong>Calvis.</strong></span> 
     </span>
    </p>
   </div>
   <div class='ocr_carea' id='block_1_62' title="bbox 509 4900 1517 4973">
    <p class='ocr_par' dir='ltr' id='par_1_62' title="bbox 509 4900 1517 4973">
     <span class='ocr_line' id='line_1_65' title="bbox 509 4900 1517 4973; baseline -0.01 -13"><span class='ocrx_word' id='word_1_316' title='bbox 509 4904 964 4962; x_wconf 80' lang='lat' dir='ltr'><strong>Waifariusdux</strong></span> <span class='ocrx_word' id='word_1_317' title='bbox 991 4900 1517 4973; x_wconf 82' lang='lat' dir='ltr'><strong>Aquitaniaetyran-</strong></span> 
     </span>
    </p>
   </div>
   <div class='ocr_carea' id='block_1_63' title="bbox 437 4970 1517 5052">
    <p class='ocr_par' dir='ltr' id='par_1_63' title="bbox 437 4970 1517 5052">
     <span class='ocr_line' id='line_1_66' title="bbox 437 4970 1517 5052; baseline -0.011 -18"><span class='ocrx_word' id='word_1_318' title='bbox 437 4979 631 5052; x_wconf 86' lang='lat' dir='ltr'><strong>nidem</strong></span> <span class='ocrx_word' id='word_1_319' title='bbox 675 4976 887 5045; x_wconf 88' lang='lat' dir='ltr'><strong>induit,</strong></span> <span class='ocrx_word' id='word_1_320' title='bbox 916 4983 980 5052; x_wconf 72' lang='lat' dir='ltr'><strong>et</strong></span> <span class='ocrx_word' id='word_1_321' title='bbox 1020 4970 1109 5052; x_wconf 80' lang='lat' dir='ltr'><strong>res</strong></span> <span class='ocrx_word' id='word_1_322' title='bbox 1143 4970 1517 5052; x_wconf 69' lang='lat' dir='ltr'><strong>ecclesiarum</strong></span> 
     </span>
    </p>
   </div>
   <div class='ocr_carea' id='block_1_64' title="bbox 439 5046 1518 5118">
    <p class='ocr_par' dir='ltr' id='par_1_64' title="bbox 439 5046 1518 5118">
     <span class='ocr_line' id='line_1_67' title="bbox 439 5046 1518 5118; baseline -0.009 -13"><span class='ocrx_word' id='word_1_323' title='bbox 439 5051 557 5105; x_wconf 72' lang='lat' dir='ltr'><strong>sibi</strong></span> <span class='ocrx_word' id='word_1_324' title='bbox 615 5054 877 5118; x_wconf 87' lang='lat' dir='ltr'><strong>usurpat.</strong></span> <span class='ocrx_word' id='word_1_325' title='bbox 916 5047 1159 5117; x_wconf 91' lang='lat' dir='ltr'><strong>Pipinus</strong></span> <span class='ocrx_word' id='word_1_326' title='bbox 1187 5046 1393 5112; x_wconf 86' lang='lat' dir='ltr'><strong>repetit</strong></span> <span class='ocrx_word' id='word_1_327' title='bbox 1429 5053 1518 5095; x_wconf 89' lang='lat' dir='ltr'><strong>res</strong></span> 
     </span>
    </p>
   </div>
   <div class='ocr_carea' id='block_1_65' title="bbox 436 5120 1516 5196">
    <p class='ocr_par' dir='ltr' id='par_1_65' title="bbox 436 5120 1516 5196">
     <span class='ocr_line' id='line_1_68' title="bbox 436 5120 1516 5196; baseline -0.011 -19"><span class='ocrx_word' id='word_1_328' title='bbox 436 5121 862 5196; x_wconf 87' lang='lat' dir='ltr'><strong>ecclesiasticas</strong></span> <span class='ocrx_word' id='word_1_329' title='bbox 901 5120 995 5196; x_wconf 6' lang='lat' dir='ltr'><strong>add</strong></span> <span class='ocrx_word' id='word_1_330' title='bbox 1042 5128 1212 5196; x_wconf 73' lang='lat' dir='ltr'><strong>suum</strong></span> <span class='ocrx_word' id='word_1_331' title='bbox 1280 5123 1516 5196; x_wconf 69' lang='lat' dir='ltr'><strong>regnum</strong></span> 
     </span>
    </p>
   </div>
   <div class='ocr_carea' id='block_1_66' title="bbox 442 5181 1516 5264">
    <p class='ocr_par' dir='ltr' id='par_1_66' title="bbox 442 5181 1516 5264">
     <span class='ocr_line' id='line_1_69' title="bbox 442 5181 1516 5264; baseline -0.013 -15"><span class='ocrx_word' id='word_1_332' title='bbox 442 5194 818 5264; x_wconf 88' lang='lat' dir='ltr'><strong>pertinentes,</strong></span> <span class='ocrx_word' id='word_1_333' title='bbox 853 5198 909 5248; x_wconf 89' lang='lat' dir='ltr'><strong>et</strong></span> <span class='ocrx_word' id='word_1_334' title='bbox 941 5195 1006 5264; x_wconf 87' lang='lat' dir='ltr'><strong>ut</strong></span> <span class='ocrx_word' id='word_1_335' title='bbox 1038 5181 1516 5264; x_wconf 77' lang='lat' dir='ltr'><strong>pristinaiisdem</strong></span> 
     </span>
    </p>
   </div>
   <div class='ocr_carea' id='block_1_67' title="bbox 442 5256 1516 5338">
    <p class='ocr_par' dir='ltr' id='par_1_67' title="bbox 442 5256 1516 5338">
     <span class='ocr_line' id='line_1_70' title="bbox 442 5256 1516 5338; baseline -0.011 -18"><span class='ocrx_word' id='word_1_336' title='bbox 442 5256 784 5320; x_wconf 83' lang='lat' dir='ltr'><strong>immunitas</strong></span> <span class='ocrx_word' id='word_1_337' title='bbox 809 5256 1248 5338; x_wconf 55' lang='lat' dir='ltr'><strong>reddatucper</strong></span> <span class='ocrx_word' id='word_1_338' title='bbox 1299 5256 1516 5338; x_wconf 80' lang='lat' dir='ltr'><strong>legatos</strong></span> 
     </span>
    </p>
   </div>
   <div class='ocr_carea' id='block_1_68' title="bbox 442 5329 1519 5393">
    <p class='ocr_par' dir='ltr' id='par_1_68' title="bbox 442 5329 1519 5393">
     <span class='ocr_line' id='line_1_71' title="bbox 442 5329 1519 5393; baseline -0.009 -2"><span class='ocrx_word' id='word_1_339' title='bbox 442 5344 678 5392; x_wconf 90' lang='lat' dir='ltr'><strong>monet:</strong></span> <span class='ocrx_word' id='word_1_340' title='bbox 717 5336 913 5393; x_wconf 86' lang='lat' dir='ltr'><strong>omnia</strong></span> <span class='ocrx_word' id='word_1_341' title='bbox 995 5329 1317 5386; x_wconf 85' lang='lat' dir='ltr'><strong>Waifarius</strong></span> <span class='ocrx_word' id='word_1_342' title='bbox 1389 5337 1519 5381; x_wconf 91' lang='lat' dir='ltr'><strong>con-</strong></span> 
     </span>
    </p>
   </div>
   <div class='ocr_carea' id='block_1_69' title="bbox 441 5399 1520 5463">
    <p class='ocr_par' dir='ltr' id='par_1_69' title="bbox 441 5399 1520 5463">
     <span class='ocr_line' id='line_1_72' title="bbox 441 5399 1520 5463; baseline -0.009 0"><span class='ocrx_word' id='word_1_343' title='bbox 441 5408 667 5463; x_wconf 90' lang='lat' dir='ltr'><strong>temnit.</strong></span> <span class='ocrx_word' id='word_1_344' title='bbox 699 5405 1067 5463; x_wconf 87' lang='lat' dir='ltr'><strong>Hincbellum</strong></span> <span class='ocrx_word' id='word_1_345' title='bbox 1083 5399 1520 5458; x_wconf 85' lang='lat' dir='ltr'><strong>novennaleori-</strong></span> 
     </span>
    </p>
   </div>
   <div class='ocr_carea' id='block_1_70' title="bbox 226 5472 1516 5549">
    <p class='ocr_par' dir='ltr' id='par_1_70' title="bbox 226 5472 1516 5549">
     <span class='ocr_line' id='line_1_73' title="bbox 226 5472 1516 5549; baseline -0.005 -16"><span class='ocrx_word' id='word_1_346' title='bbox 226 5475 379 5549; x_wconf 44' lang='lat'><strong>5478</strong></span> <span class='ocrx_word' id='word_1_347' title='bbox 443 5487 559 5549; x_wconf 91' lang='lat' dir='ltr'><strong>tur,</strong></span> <span class='ocrx_word' id='word_1_348' title='bbox 596 5480 747 5549; x_wconf 89' lang='lat' dir='ltr'><strong>quod</strong></span> <span class='ocrx_word' id='word_1_349' title='bbox 803 5477 1053 5549; x_wconf 85' lang='lat' dir='ltr'><strong>Annales</strong></span> <span class='ocrx_word' id='word_1_350' title='bbox 1089 5472 1516 5549; x_wconf 76' lang='lat' dir='ltr'><strong>Aquitanicum</strong></span> 
     </span>
    </p>
   </div>
   <div class='ocr_carea' id='block_1_71' title="bbox 228 5542 1517 5621">
    <p class='ocr_par' dir='ltr' id='par_1_71' title="bbox 228 5542 1517 5621">
     <span class='ocr_line' id='line_1_74' title="bbox 228 5542 1517 5621; baseline -0.006 -17"><span class='ocrx_word' id='word_1_351' title='bbox 228 5546 389 5621; x_wconf 48' lang='lat' dir='ltr'><strong>ﬁt)”</strong></span> <span class='ocrx_word' id='word_1_352' title='bbox 445 5542 668 5612; x_wconf 66' lang='lat' dir='ltr'><strong>vocan&#39;t,</strong></span> <span class='ocrx_word' id='word_1_353' title='bbox 727 5549 903 5620; x_wconf 90' lang='lat' dir='ltr'><strong>idque</strong></span> <span class='ocrx_word' id='word_1_354' title='bbox 980 5545 1220 5616; x_wconf 89' lang='lat' dir='ltr'><strong>Pipinus</strong></span> <span class='ocrx_word' id='word_1_355' title='bbox 1266 5542 1517 5621; x_wconf 82' lang='lat' dir='ltr'><strong>confecit</strong></span> 
     </span>
    </p>
   </div>
   <div class='ocr_carea' id='block_1_72' title="bbox 224 5619 1518 5701">
    <p class='ocr_par' dir='ltr' id='par_1_72' title="bbox 224 5619 1518 5701">
     <span class='ocr_line' id='line_1_75' title="bbox 224 5619 1518 5701; baseline -0.007 -16"><span class='ocrx_word' id='word_1_356' title='bbox 224 5619 294 5701; x_wconf 58' lang='grc' dir='ltr'><strong>θ</strong></span> <span class='ocrx_word' id='word_1_357' title='bbox 331 5626 368 5684; x_wconf 90' lang='grc'><strong>2</strong></span> <span class='ocrx_word' id='word_1_358' title='bbox 444 5629 759 5686; x_wconf 89' lang='lat' dir='ltr'><strong>novissimo</strong></span> <span class='ocrx_word' id='word_1_359' title='bbox 788 5619 920 5701; x_wconf 67' lang='lat' dir='ltr'><strong>vita:</strong></span> <span class='ocrx_word' id='word_1_360' title='bbox 948 5637 1254 5701; x_wconf 66' lang='lat' dir='ltr'><strong>suzea&#39;gno</strong></span> <span class='ocrx_word' id='word_1_361' title='bbox 1277 5619 1415 5701; x_wconf 40' lang='grc' dir='ltr'><strong>768.ζ</strong></span> <span class='ocrx_word' id='word_1_362' title='bbox 1439 5623 1518 5701; x_wconf 71' lang='lat' dir='ltr'><strong>Ex</strong></span> 
     </span>
    </p>
   </div>
   <div class='ocr_carea' id='block_1_73' title="bbox 264 5693 1516 5772">
    <p class='ocr_par' dir='ltr' id='par_1_73' title="bbox 264 5693 1516 5772">
     <span class='ocr_line' id='line_1_76' title="bbox 264 5693 1516 5772; baseline -0.01 -13"><span class='ocrx_word' id='word_1_363' title='bbox 264 5693 308 5759; x_wconf 74' lang='lat' dir='ltr'><strong>D</strong></span> <span class='ocrx_word' id='word_1_364' title='bbox 435 5701 643 5757; x_wconf 87' lang='lat' dir='ltr'><strong>Annal.</strong></span> <span class='ocrx_word' id='word_1_365' title='bbox 669 5700 904 5772; x_wconf 88' lang='lat' dir='ltr'><strong>Append</strong></span> <span class='ocrx_word' id='word_1_366' title='bbox 948 5698 1002 5766; x_wconf 93' lang='lat'><strong>2,</strong></span> <span class='ocrx_word' id='word_1_367' title='bbox 1031 5699 1103 5772; x_wconf 84' lang='lat' dir='ltr'><strong>ad</strong></span> <span class='ocrx_word' id='word_1_368' title='bbox 1139 5695 1346 5751; x_wconf 91' lang='lat' dir='ltr'><strong>Contin</strong></span> <span class='ocrx_word' id='word_1_369' title='bbox 1377 5693 1516 5749; x_wconf 86' lang='lat' dir='ltr'><strong>Fred</strong></span> 
     </span>
    </p>
   </div>
   <div class='ocr_carea' id='block_1_74' title="bbox 206 5767 1369 5862">
    <p class='ocr_par' dir='ltr' id='par_1_74' title="bbox 206 5767 1369 5862">
     <span class='ocr_line' id='line_1_77' title="bbox 206 5767 1369 5862; baseline 0 0"><span class='ocrx_word' id='word_1_370' title='bbox 206 5775 383 5862; x_wconf 63' lang='lat' dir='ltr'><strong>1W</strong></span> <span class='ocrx_word' id='word_1_371' title='bbox 421 5777 482 5829; x_wconf 73' lang='grc' dir='ltr'>ει</span> <span class='ocrx_word' id='word_1_372' title='bbox 508 5767 856 5862; x_wconf 45' lang='lat' dir='ltr'><strong>iisab-Fs</strong></span> <span class='ocrx_word' id='word_1_373' title='bbox 872 5858 887 5862; x_wconf 76' lang='lat'><strong>-</strong></span> <span class='ocrx_word' id='word_1_374' title='bbox 903 5786 1061 5862; x_wconf 58' lang='lat' dir='ltr'><strong>91c}:</strong></span> <span class='ocrx_word' id='word_1_375' title='bbox 1073 5767 1104 5862; x_wconf 82' lang='grc'><strong>.⁴</strong></span> <span class='ocrx_word' id='word_1_376' title='bbox 1125 5773 1195 5862; x_wconf 66' lang='lat' dir='ltr'><strong>2E</strong></span> <span class='ocrx_word' id='word_1_377' title='bbox 1206 5780 1369 5862; x_wconf 56' lang='lat'><strong>590:1:</strong></span> 
     </span>
    </p>
   </div>
   <div class='ocr_carea' id='block_1_75' title="bbox 245 5834 1512 5914">
    <p class='ocr_par' dir='ltr' id='par_1_75' title="bbox 245 5834 1512 5914">
     <span class='ocr_line' id='line_1_78' title="bbox 245 5834 1512 5914; baseline -0.008 -12"><span class='ocrx_word' id='word_1_378' title='bbox 245 5861 342 5902; x_wconf 71' lang='lat' dir='ltr'><strong>xxv</strong></span> <span class='ocrx_word' id='word_1_379' title='bbox 518 5834 676 5914; x_wconf 68' lang='lat' dir='ltr'><strong>Impp</strong></span> <span class='ocrx_word' id='word_1_380' title='bbox 707 5846 787 5900; x_wconf 89' lang='lat' dir='ltr'><strong>Fl.</strong></span> <span class='ocrx_word' id='word_1_381' title='bbox 819 5834 1094 5914; x_wconf 72' lang='lat' dir='ltr'><strong>Constant</strong></span> <span class='ocrx_word' id='word_1_382' title='bbox 1125 5838 1269 5908; x_wconf 87' lang='lat' dir='ltr'><strong>Copr</strong></span> <span class='ocrx_word' id='word_1_383' title='bbox 1296 5834 1427 5910; x_wconf 75' lang='lat' dir='ltr'><strong>Aug</strong></span> <span class='ocrx_word' id='word_1_384' title='bbox 1452 5834 1512 5893; x_wconf 76' lang='grc'><strong>44</strong></span> 
     </span>
    </p>
   </div>
   <div class='ocr_carea' id='block_1_76' title="bbox 264 5912 873 5986">
    <p class='ocr_par' dir='ltr' id='par_1_76' title="bbox 264 5912 873 5986">
     <span class='ocr_line' id='line_1_79' title="bbox 264 5912 873 5986; baseline -0.003 -14"><span class='ocrx_word' id='word_1_385' title='bbox 264 5931 336 5972; x_wconf 84' lang='lat' dir='ltr'><strong>xv</strong></span> <span class='ocrx_word' id='word_1_386' title='bbox 447 5920 508 5972; x_wconf 88' lang='lat' dir='ltr'><strong>et</strong></span> <span class='ocrx_word' id='word_1_387' title='bbox 525 5912 618 5986; x_wconf 67' lang='lat'><strong>42,</strong></span> <span class='ocrx_word' id='word_1_388' title='bbox 635 5912 707 5974; x_wconf 85' lang='grc'><strong>20</strong></span> <span class='ocrx_word' id='word_1_389' title='bbox 731 5922 789 5972; x_wconf 85' lang='lat' dir='ltr'><strong>et</strong></span> <span class='ocrx_word' id='word_1_390' title='bbox 810 5912 873 5971; x_wconf 85' lang='lat'><strong>24</strong></span> 
     </span>
    </p>
   </div>
   <div class='ocr_carea' id='block_1_77' title="bbox 493 4612 1526 4690">
    <p class='ocr_par' dir='ltr' id='par_1_77' title="bbox 493 4612 1526 4690">
     <span class='ocr_line' id='line_1_80' title="bbox 493 4612 1526 4690; baseline -0.009 -13"><span class='ocrx_word' id='word_1_391' title='bbox 493 4621 750 4690; x_wconf 68' lang='lat' dir='ltr'><strong>Eclipsis</strong></span> <span class='ocrx_word' id='word_1_392' title='bbox 784 4619 930 4675; x_wconf 91' lang='lat' dir='ltr'><strong>solis</strong></span> <span class='ocrx_word' id='word_1_393' title='bbox 973 4617 1069 4690; x_wconf 85' lang='lat' dir='ltr'><strong>die</strong></span> <span class='ocrx_word' id='word_1_394' title='bbox 1099 4612 1180 4690; x_wconf 73' lang='grc'><strong>45</strong></span> <span class='ocrx_word' id='word_1_395' title='bbox 1219 4613 1357 4690; x_wconf 74' lang='lat' dir='ltr'><strong>Aug</strong></span> <span class='ocrx_word' id='word_1_396' title='bbox 1386 4613 1526 4690; x_wconf 66' lang='lat' dir='ltr'><strong>hora</strong></span> 
     </span>
    </p>
   </div>
   <div class='ocr_carea' id='block_1_78' title="bbox 1532 640 1787 696">
    <p class='ocr_par' dir='ltr' id='par_1_78' title="bbox 1532 640 1787 696">
     <span class='ocr_line' id='line_1_81' title="bbox 1532 640 1787 696; baseline 0 -1"><span class='ocrx_word' id='word_1_397' title='bbox 1532 640 1602 695; x_wconf 87' lang='lat' dir='ltr'><strong>ab</strong></span> <span class='ocrx_word' id='word_1_398' title='bbox 1633 642 1694 696; x_wconf 94' lang='lat' dir='ltr'><strong>U.</strong></span> <span class='ocrx_word' id='word_1_399' title='bbox 1732 641 1787 696; x_wconf 85' lang='lat' dir='ltr'><strong>C.</strong></span> 
     </span>
    </p>
   </div>
   <div class='ocr_carea' id='block_1_79' title="bbox 687 885 1718 1017">
    <p class='ocr_par' dir='ltr' id='par_1_79' title="bbox 687 885 1718 1017">
     <span class='ocr_line' id='line_1_82' title="bbox 687 885 1718 967; baseline 0.003 -27"><span class='ocrx_word' id='word_1_400' title='bbox 687 885 764 967; x_wconf 67' lang='grc' dir='ltr'><strong>ΕΙ.</strong></span> <span class='ocrx_word' id='word_1_401' title='bbox 803 886 1078 944; x_wconf 88' lang='lat' dir='ltr'><strong>Constant</strong></span> <span class='ocrx_word' id='word_1_402' title='bbox 1105 888 1249 959; x_wconf 91' lang='lat' dir='ltr'><strong>Copr</strong></span> <span class='ocrx_word' id='word_1_403' title='bbox 1280 887 1406 961; x_wconf 88' lang='lat' dir='ltr'><strong>Aug</strong></span> <span class='ocrx_word' id='word_1_404' title='bbox 1435 885 1504 944; x_wconf 91' lang='lat'><strong>38</strong></span> <span class='ocrx_word' id='word_1_405' title='bbox 1580 886 1718 944; x_wconf 88' lang='grc'><strong>4540</strong></span> 
     </span>
     <span class='ocr_line' id='line_1_83' title="bbox 719 955 1708 1017; baseline 0.002 -5"><span class='ocrx_word' id='word_1_406' title='bbox 719 966 775 1012; x_wconf 90' lang='lat' dir='ltr'><strong>et</strong></span> <span class='ocrx_word' id='word_1_407' title='bbox 806 955 888 1012; x_wconf 85' lang='lat'><strong>48.</strong></span> <span class='ocrx_word' id='word_1_408' title='bbox 1577 958 1708 1017; x_wconf 85' lang='grc'><strong>4544</strong></span> 
     </span>
    </p>
   </div>
   <div class='ocr_carea' id='block_1_80' title="bbox 1595 2532 1727 2591">
    <p class='ocr_par' dir='ltr' id='par_1_80' title="bbox 1595 2532 1727 2591">
     <span class='ocr_line' id='line_1_84' title="bbox 1595 2532 1727 2591; baseline 0 -1"><span class='ocrx_word' id='word_1_409' title='bbox 1595 2532 1727 2591; x_wconf 90' lang='grc'><strong>4544</strong></span> 
     </span>
    </p>
   </div>
   <div class='ocr_carea' id='block_1_81' title="bbox 1596 2603 1736 2664">
    <p class='ocr_par' dir='ltr' id='par_1_81' title="bbox 1596 2603 1736 2664">
     <span class='ocr_line' id='line_1_85' title="bbox 1596 2603 1736 2664; baseline 0.014 -2"><span class='ocrx_word' id='word_1_410' title='bbox 1596 2603 1736 2664; x_wconf 77' lang='grc'><strong>4542</strong></span> 
     </span>
    </p>
   </div>
   <div class='ocr_carea' id='block_1_82' title="bbox 506 4375 1744 4457">
    <p class='ocr_par' dir='ltr' id='par_1_82' title="bbox 506 4375 1744 4457">
     <span class='ocr_line' id='line_1_86' title="bbox 506 4375 1744 4457; baseline -0.008 -13"><span class='ocrx_word' id='word_1_411' title='bbox 506 4391 666 4457; x_wconf 85' lang='lat' dir='ltr'><strong>Impp</strong></span> <span class='ocrx_word' id='word_1_412' title='bbox 711 4385 784 4457; x_wconf 12' lang='lat' dir='ltr'><strong>Fid</strong></span> <span class='ocrx_word' id='word_1_413' title='bbox 839 4384 1118 4457; x_wconf 76' lang='lat' dir='ltr'><strong>Constant</strong></span> <span class='ocrx_word' id='word_1_414' title='bbox 1184 4381 1329 4452; x_wconf 91' lang='lat' dir='ltr'><strong>Copr</strong></span> <span class='ocrx_word' id='word_1_415' title='bbox 1398 4388 1526 4452; x_wconf 85' lang='lat' dir='ltr'><strong>Aug</strong></span> <span class='ocrx_word' id='word_1_416' title='bbox 1601 4375 1744 4457; x_wconf 69' lang='grc'><strong>4542</strong></span> 
     </span>
    </p>
   </div>
   <div class='ocr_carea' id='block_1_83' title="bbox 1603 4448 1743 4507">
    <p class='ocr_par' dir='ltr' id='par_1_83' title="bbox 1603 4448 1743 4507">
     <span class='ocr_line' id='line_1_87' title="bbox 1603 4448 1743 4507; baseline 0.007 -2"><span class='ocrx_word' id='word_1_417' title='bbox 1603 4448 1743 4507; x_wconf 93' lang='grc'><strong>4543</strong></span> 
     </span>
    </p>
   </div>
   <div class='ocr_carea' id='block_1_84' title="bbox 1661 4537 1725 4606">
    <p class='ocr_par' dir='ltr' id='par_1_84' title="bbox 1661 4537 1725 4606">
     <span class='ocr_line' id='line_1_88' title="bbox 1661 4537 1725 4606; baseline 0.031 -2"><span class='ocrx_word' id='word_1_418' title='bbox 1661 4537 1725 4606; x_wconf 56' lang='grc' dir='ltr'><strong>λεξμ</strong></span> 
     </span>
    </p>
   </div>
   <div class='ocr_carea' id='block_1_85' title="bbox 1597 5832 1736 5891">
    <p class='ocr_par' dir='ltr' id='par_1_85' title="bbox 1597 5832 1736 5891">
     <span class='ocr_line' id='line_1_89' title="bbox 1597 5832 1736 5891; baseline -0.007 -1"><span class='ocrx_word' id='word_1_419' title='bbox 1597 5832 1736 5891; x_wconf 82' lang='grc'><strong>4543</strong></span> 
     </span>
    </p>
   </div>
   <div class='ocr_carea' id='block_1_86' title="bbox 1595 5905 1734 5963">
    <p class='ocr_par' dir='ltr' id='par_1_86' title="bbox 1595 5905 1734 5963">
     <span class='ocr_line' id='line_1_90' title="bbox 1595 5905 1734 5963; baseline -0.007 0"><span class='ocrx_word' id='word_1_420' title='bbox 1595 5905 1734 5963; x_wconf 72' lang='grc'><strong>4544</strong></span> 
     </span>
    </p>
   </div>
   <div class='ocr_carea' id='block_1_87' title="bbox 1942 642 2136 714">
    <p class='ocr_par' dir='ltr' id='par_1_87' title="bbox 1942 642 2136 714">
     <span class='ocr_line' id='line_1_91' title="bbox 1942 642 2136 714; baseline 0 -16"><span class='ocrx_word' id='word_1_421' title='bbox 1942 642 2136 714; x_wconf 81' lang='lat' dir='ltr'><strong>Olymp</strong></span> 
     </span>
    </p>
   </div>
   <div class='ocr_carea' id='block_1_88' title="bbox 1944 719 2144 786">
    <p class='ocr_par' dir='ltr' id='par_1_88' title="bbox 1944 719 2144 786">
     <span class='ocr_line' id='line_1_92' title="bbox 1944 719 2144 786; baseline 0 -15"><span class='ocrx_word' id='word_1_422' title='bbox 1944 720 1993 771; x_wconf 79' lang='lat' dir='ltr'><strong>et</strong></span> <span class='ocrx_word' id='word_1_423' title='bbox 2013 719 2144 786; x_wconf 86' lang='lat' dir='ltr'><strong>Heg.</strong></span> 
     </span>
    </p>
   </div>
   <div class='ocr_carea' id='block_1_89' title="bbox 2036 909 2053 950">
    <p class='ocr_par' dir='ltr' id='par_1_89' title="bbox 2036 909 2053 950">
     <span class='ocr_line' id='line_1_93' title="bbox 2036 909 2053 950; baseline 0 0"><span class='ocrx_word' id='word_1_424' title='bbox 2036 909 2053 950; x_wconf 75' lang='grc' dir='ltr'>Ι</span> 
     </span>
    </p>
   </div>
   <div class='ocr_carea' id='block_1_90' title="bbox 2018 980 2062 1022">
    <p class='ocr_par' dir='ltr' id='par_1_90' title="bbox 2018 980 2062 1022">
     <span class='ocr_line' id='line_1_94' title="bbox 2018 980 2062 1022; baseline -0.023 0"><span class='ocrx_word' id='word_1_425' title='bbox 2018 980 2062 1022; x_wconf 88' lang='lat' dir='ltr'><strong>II</strong></span> 
     </span>
    </p>
   </div>
   <div class='ocr_carea' id='block_1_91' title="bbox 2197 641 3486 704">
    <p class='ocr_par' dir='ltr' id='par_1_91' title="bbox 2197 641 3486 704">
     <span class='ocr_line' id='line_1_95' title="bbox 2197 641 3486 704; baseline 0 -3"><span class='ocrx_word' id='word_1_426' title='bbox 2197 641 2206 656; x_wconf 72' lang='grc'><strong><em>“</em></strong></span> <span class='ocrx_word' id='word_1_427' title='bbox 2257 641 2491 703; x_wconf 68' lang='grc' dir='ltr'><strong>εἱειείίοῶ</strong></span> <span class='ocrx_word' id='word_1_428' title='bbox 2535 641 2772 704; x_wconf 73' lang='lat' dir='ltr'><strong>Orientis</strong></span> <span class='ocrx_word' id='word_1_429' title='bbox 2838 651 2890 702; x_wconf 82' lang='lat' dir='ltr'><strong>et</strong></span> <span class='ocrx_word' id='word_1_430' title='bbox 2942 646 3264 703; x_wconf 79' lang='lat' dir='ltr'><strong>Occidentis.</strong></span> <span class='ocrx_word' id='word_1_431' title='bbox 3343 649 3486 701; x_wconf 69' lang='lat' dir='ltr'><strong>Erae</strong></span> 
     </span>
    </p>
   </div>
   <div class='ocr_carea' id='block_1_92' title="bbox 3289 718 3509 774">
    <p class='ocr_par' dir='ltr' id='par_1_92' title="bbox 3289 718 3509 774">
     <span class='ocr_line' id='line_1_96' title="bbox 3289 718 3509 774; baseline -0.009 -1"><span class='ocrx_word' id='word_1_432' title='bbox 3289 718 3509 774; x_wconf 81' lang='lat' dir='ltr'><strong>Christi.</strong></span> 
     </span>
    </p>
   </div>
   <div class='ocr_carea' id='block_1_93' title="bbox 2259 892 3476 954">
    <p class='ocr_par' dir='ltr' id='par_1_93' title="bbox 2259 892 3476 954">
     <span class='ocr_line' id='line_1_97' title="bbox 2259 892 3476 954; baseline 0.001 -3"><span class='ocrx_word' id='word_1_433' title='bbox 2259 897 2422 952; x_wconf 87' lang='lat' dir='ltr'><strong>Pauli</strong></span> <span class='ocrx_word' id='word_1_434' title='bbox 2459 895 2481 952; x_wconf 88' lang='grc'><strong>4</strong></span> <span class='ocrx_word' id='word_1_435' title='bbox 2518 902 2575 954; x_wconf 92' lang='lat' dir='ltr'><strong>et</strong></span> <span class='ocrx_word' id='word_1_436' title='bbox 2597 896 2652 953; x_wconf 91' lang='lat'><strong>2.</strong></span> <span class='ocrx_word' id='word_1_437' title='bbox 2901 912 2903 915; x_wconf 93' lang='grc'>·</span> <span class='ocrx_word' id='word_1_438' title='bbox 3366 892 3476 952; x_wconf 89' lang='grc'><strong>758</strong></span> 
     </span>
    </p>
   </div>
   <div class='ocr_carea' id='block_1_94' title="bbox 2255 968 3278 1038">
    <p class='ocr_par' dir='ltr' id='par_1_94' title="bbox 2255 968 3278 1038">
     <span class='ocr_line' id='line_1_98' title="bbox 2255 968 3278 1038; baseline 0.002 -16"><span class='ocrx_word' id='word_1_439' title='bbox 2255 969 2468 1024; x_wconf 90' lang='lat' dir='ltr'><strong>Paulus</strong></span> <span class='ocrx_word' id='word_1_440' title='bbox 2487 974 2550 1024; x_wconf 92' lang='lat' dir='ltr'><strong>ut</strong></span> <span class='ocrx_word' id='word_1_441' title='bbox 2567 969 2835 1038; x_wconf 89' lang='lat' dir='ltr'><strong>Pipinum</strong></span> <span class='ocrx_word' id='word_1_442' title='bbox 2855 983 2886 1024; x_wconf 91' lang='lat' dir='ltr'><strong>a</strong></span> <span class='ocrx_word' id='word_1_443' title='bbox 2903 968 3278 1025; x_wconf 87' lang='lat' dir='ltr'><strong>Constantino</strong></span> 
     </span>
    </p>
   </div>
   <div class='ocr_carea' id='block_1_95' title="bbox 1931 1040 3275 1110">
    <p class='ocr_par' dir='ltr' id='par_1_95' title="bbox 1931 1040 3275 1110">
     <span class='ocr_line' id='line_1_99' title="bbox 1931 1040 3275 1110; baseline 0 -16"><span class='ocrx_word' id='word_1_444' title='bbox 1931 1041 2138 1110; x_wconf 81' lang='lat' dir='ltr'><strong>Hegira</strong></span> <span class='ocrx_word' id='word_1_445' title='bbox 2174 1041 2452 1097; x_wconf 89' lang='lat' dir='ltr'><strong>dissociet</strong></span> <span class='ocrx_word' id='word_1_446' title='bbox 2473 1042 2552 1096; x_wconf 93' lang='lat' dir='ltr'><strong>nil</strong></span> <span class='ocrx_word' id='word_1_447' title='bbox 2579 1042 2926 1096; x_wconf 90' lang='lat' dir='ltr'><strong>intentatum</strong></span> <span class='ocrx_word' id='word_1_448' title='bbox 2954 1040 3236 1110; x_wconf 86' lang='lat' dir='ltr'><strong>relinquit</strong></span> <span class='ocrx_word' id='word_1_449' title='bbox 3261 1058 3275 1108; x_wconf 83' lang='lat'><strong>;</strong></span> 
     </span>
    </p>
   </div>
   <div class='ocr_carea' id='block_1_96' title="bbox 1991 1108 3272 1183">
    <p class='ocr_par' dir='ltr' id='par_1_96' title="bbox 1991 1108 3272 1183">
     <span class='ocr_line' id='line_1_100' title="bbox 1991 1108 3272 1183; baseline 0 -17"><span class='ocrx_word' id='word_1_450' title='bbox 1991 1108 2084 1183; x_wconf 76' lang='grc'><strong>444</strong></span> <span class='ocrx_word' id='word_1_451' title='bbox 2180 1125 2404 1169; x_wconf 90' lang='lat' dir='ltr'><strong>omnem</strong></span> <span class='ocrx_word' id='word_1_452' title='bbox 2487 1113 2704 1168; x_wconf 86' lang='lat' dir='ltr'><strong>amoris</strong></span> <span class='ocrx_word' id='word_1_453' title='bbox 2783 1108 3272 1183; x_wconf 72' lang='lat' dir='ltr'><strong>significationem</strong></span> 
     </span>
    </p>
   </div>
   <div class='ocr_carea' id='block_1_97' title="bbox 1938 1180 3280 1254">
    <p class='ocr_par' dir='ltr' id='par_1_97' title="bbox 1938 1180 3280 1254">
     <span class='ocr_line' id='line_1_101' title="bbox 1938 1180 3280 1254; baseline 0.001 -18"><span class='ocrx_word' id='word_1_454' title='bbox 1938 1180 2005 1238; x_wconf 90' lang='grc'><strong>43</strong></span> <span class='ocrx_word' id='word_1_455' title='bbox 2028 1184 2144 1254; x_wconf 67' lang='grc' dir='ltr'><strong>Μρὶ</strong></span> <span class='ocrx_word' id='word_1_456' title='bbox 2181 1196 2314 1254; x_wconf 88' lang='lat' dir='ltr'><strong>erga</strong></span> <span class='ocrx_word' id='word_1_457' title='bbox 2361 1183 2548 1252; x_wconf 91' lang='lat' dir='ltr'><strong>illum,</strong></span> <span class='ocrx_word' id='word_1_458' title='bbox 2601 1185 2660 1238; x_wconf 90' lang='lat' dir='ltr'><strong>in</strong></span> <span class='ocrx_word' id='word_1_459' title='bbox 2702 1180 2866 1239; x_wconf 76' lang='lat' dir='ltr'><strong>hunc</strong></span> <span class='ocrx_word' id='word_1_460' title='bbox 2901 1196 3034 1239; x_wconf 91' lang='lat' dir='ltr'><strong>vero</strong></span> <span class='ocrx_word' id='word_1_461' title='bbox 3077 1182 3280 1238; x_wconf 86' lang='lat' dir='ltr'><strong>odium</strong></span> 
     </span>
    </p>
   </div>
   <div class='ocr_carea' id='block_1_98' title="bbox 1972 1250 2120 1321">
    <p class='ocr_par' dir='ltr' id='par_1_98' title="bbox 1972 1250 2120 1321">
     <span class='ocr_line' id='line_1_102' title="bbox 1972 1250 2120 1321; baseline 0 -13"><span class='ocrx_word' id='word_1_462' title='bbox 1972 1256 2059 1321; x_wconf 83' lang='lat' dir='ltr'><strong>fer</strong></span> <span class='ocrx_word' id='word_1_463' title='bbox 2084 1250 2120 1308; x_wconf 86' lang='grc'><strong>7</strong></span> 
     </span>
    </p>
   </div>
   <div class='ocr_carea' id='block_1_99' title="bbox 2035 2551 2075 2594">
    <p class='ocr_par' dir='ltr' id='par_1_99' title="bbox 2035 2551 2075 2594">
     <span class='ocr_line' id='line_1_103' title="bbox 2035 2551 2075 2594; baseline 0.05 -2"><span class='ocrx_word' id='word_1_464' title='bbox 2035 2551 2075 2594; x_wconf 80' lang='lat' dir='ltr'><strong>l!</strong></span> 
     </span>
    </p>
   </div>
   <div class='ocr_carea' id='block_1_100' title="bbox 2023 2623 2085 2664">
    <p class='ocr_par' dir='ltr' id='par_1_100' title="bbox 2023 2623 2085 2664">
     <span class='ocr_line' id='line_1_104' title="bbox 2023 2623 2085 2664; baseline -0.016 0"><span class='ocrx_word' id='word_1_465' title='bbox 2023 2623 2085 2664; x_wconf 82' lang='lat' dir='ltr'><strong>[ll</strong></span> 
     </span>
    </p>
   </div>
   <div class='ocr_carea' id='block_1_101' title="bbox 1964 2681 2139 2746">
    <p class='ocr_par' dir='ltr' id='par_1_101' title="bbox 1964 2681 2139 2746">
     <span class='ocr_line' id='line_1_105' title="bbox 1964 2681 2139 2746; baseline -0.011 -11"><span class='ocrx_word' id='word_1_466' title='bbox 1964 2681 2139 2746; x_wconf 79' lang='lat' dir='ltr'><strong>Hegi-</strong></span> 
     </span>
    </p>
   </div>
   <div class='ocr_carea' id='block_1_102' title="bbox 1945 2748 2148 2806">
    <p class='ocr_par' dir='ltr' id='par_1_102' title="bbox 1945 2748 2148 2806">
     <span class='ocr_line' id='line_1_106' title="bbox 1945 2748 2148 2806; baseline 0 0"><span class='ocrx_word' id='word_1_467' title='bbox 1945 2767 2012 2806; x_wconf 82' lang='lat' dir='ltr'><strong>ra</strong></span> <span class='ocrx_word' id='word_1_468' title='bbox 2044 2748 2148 2806; x_wconf 76' lang='grc'><strong>442</strong></span> 
     </span>
    </p>
   </div>
   <div class='ocr_carea' id='block_1_103' title="bbox 1966 2823 2145 2879">
    <p class='ocr_par' dir='ltr' id='par_1_103' title="bbox 1966 2823 2145 2879">
     <span class='ocr_line' id='line_1_107' title="bbox 1966 2823 2145 2879; baseline -0.028 0"><span class='ocrx_word' id='word_1_469' title='bbox 1966 2823 2001 2879; x_wconf 87' lang='grc'>3</span> <span class='ocrx_word' id='word_1_470' title='bbox 2025 2824 2145 2877; x_wconf 85' lang='lat' dir='ltr'><strong>Mai</strong></span> 
     </span>
    </p>
   </div>
   <div class='ocr_carea' id='block_1_104' title="bbox 1980 2891 2124 2961">
    <p class='ocr_par' dir='ltr' id='par_1_104' title="bbox 1980 2891 2124 2961">
     <span class='ocr_line' id='line_1_108' title="bbox 1980 2891 2124 2961; baseline 0.007 -13"><span class='ocrx_word' id='word_1_471' title='bbox 1980 2896 2071 2961; x_wconf 84' lang='lat' dir='ltr'><strong>fer</strong></span> <span class='ocrx_word' id='word_1_472' title='bbox 2088 2891 2124 2949; x_wconf 90' lang='grc'><strong>5</strong></span> 
     </span>
    </p>
   </div>
   <div class='ocr_carea' id='block_1_105' title="bbox 2031 4384 2096 4426">
    <p class='ocr_par' dir='ltr' id='par_1_105' title="bbox 2031 4384 2096 4426">
     <span class='ocr_line' id='line_1_109' title="bbox 2031 4384 2096 4426; baseline -0.031 0"><span class='ocrx_word' id='word_1_473' title='bbox 2031 4384 2096 4426; x_wconf 82' lang='lat' dir='ltr'><strong>Ill</strong></span> 
     </span>
    </p>
   </div>
   <div class='ocr_carea' id='block_1_106' title="bbox 1831 4713 2071 4796">
    <p class='ocr_par' dir='ltr' id='par_1_106' title="bbox 1831 4713 2071 4796">
     <span class='ocr_line' id='line_1_110' title="bbox 1831 4713 2071 4796; baseline -0.013 -11"><span class='ocrx_word' id='word_1_474' title='bbox 1831 4713 1885 4774; x_wconf 87' lang='lat' dir='ltr'><strong>D</strong></span> <span class='ocrx_word' id='word_1_475' title='bbox 1983 4731 2071 4796; x_wconf 84' lang='lat' dir='ltr'><strong>fer</strong></span> 
     </span>
    </p>
   </div>
   <div class='ocr_carea' id='block_1_107' title="bbox 2195 1254 3278 1310">
    <p class='ocr_par' dir='ltr' id='par_1_107' title="bbox 2195 1254 3278 1310">
     <span class='ocr_line' id='line_1_111' title="bbox 2195 1254 3278 1310; baseline -0.001 -1"><span class='ocrx_word' id='word_1_476' title='bbox 2195 1255 2496 1310; x_wconf 86' lang='lat' dir='ltr'><strong>vehemens</strong></span> <span class='ocrx_word' id='word_1_477' title='bbox 2534 1255 2734 1310; x_wconf 90' lang='lat' dir='ltr'><strong>multis</strong></span> <span class='ocrx_word' id='word_1_478' title='bbox 2773 1260 3057 1310; x_wconf 89' lang='lat' dir='ltr'><strong>testatur:</strong></span> <span class='ocrx_word' id='word_1_479' title='bbox 3094 1254 3278 1309; x_wconf 81' lang='lat' dir='ltr'><strong>Mari-</strong></span> 
     </span>
    </p>
   </div>
   <div class='ocr_carea' id='block_1_108' title="bbox 2192 1324 3277 1396">
    <p class='ocr_par' dir='ltr' id='par_1_108' title="bbox 2192 1324 3277 1396">
     <span class='ocr_line' id='line_1_112' title="bbox 2192 1324 3277 1396; baseline 0 -16"><span class='ocrx_word' id='word_1_480' title='bbox 2192 1340 2328 1381; x_wconf 90' lang='lat' dir='ltr'><strong>num</strong></span> <span class='ocrx_word' id='word_1_481' title='bbox 2371 1339 2601 1396; x_wconf 85' lang='lat' dir='ltr'><strong>quoque</strong></span> <span class='ocrx_word' id='word_1_482' title='bbox 2648 1324 3064 1394; x_wconf 87' lang='lat' dir='ltr'><strong>presbyterum,</strong></span> <span class='ocrx_word' id='word_1_483' title='bbox 3099 1337 3132 1378; x_wconf 94' lang='lat' dir='ltr'><strong>a</strong></span> <span class='ocrx_word' id='word_1_484' title='bbox 3163 1339 3277 1394; x_wconf 90' lang='lat' dir='ltr'><strong>quo</strong></span> 
     </span>
    </p>
   </div>
   <div class='ocr_carea' id='block_1_109' title="bbox 2193 1395 3284 1466">
    <p class='ocr_par' dir='ltr' id='par_1_109' title="bbox 2193 1395 3284 1466">
     <span class='ocr_line' id='line_1_113' title="bbox 2193 1395 3284 1466; baseline -0.003 -14"><span class='ocrx_word' id='word_1_485' title='bbox 2193 1395 2380 1453; x_wconf 89' lang='lat' dir='ltr'><strong>fuerat</strong></span> <span class='ocrx_word' id='word_1_486' title='bbox 2433 1397 2719 1465; x_wconf 90' lang='lat' dir='ltr'><strong>proditus,</strong></span> <span class='ocrx_word' id='word_1_487' title='bbox 2774 1396 2834 1450; x_wconf 88' lang='lat' dir='ltr'><strong>in</strong></span> <span class='ocrx_word' id='word_1_488' title='bbox 2883 1396 3127 1466; x_wconf 90' lang='lat' dir='ltr'><strong>gratiam</strong></span> <span class='ocrx_word' id='word_1_489' title='bbox 3182 1395 3284 1450; x_wconf 89' lang='lat' dir='ltr'><strong>Pi—</strong></span> 
     </span>
    </p>
   </div>
   <div class='ocr_carea' id='block_1_110' title="bbox 2196 1466 3282 1537">
    <p class='ocr_par' dir='ltr' id='par_1_110' title="bbox 2196 1466 3282 1537">
     <span class='ocr_line' id='line_1_114' title="bbox 2196 1466 3282 1537; baseline -0.003 -14"><span class='ocrx_word' id='word_1_490' title='bbox 2196 1469 2319 1537; x_wconf 92' lang='lat' dir='ltr'><strong>pini</strong></span> <span class='ocrx_word' id='word_1_491' title='bbox 2352 1469 2686 1537; x_wconf 89' lang='lat' dir='ltr'><strong>episcopum</strong></span> <span class='ocrx_word' id='word_1_492' title='bbox 2719 1466 2842 1522; x_wconf 84' lang='lat' dir='ltr'><strong>ﬁeri</strong></span> <span class='ocrx_word' id='word_1_493' title='bbox 2871 1466 3037 1535; x_wconf 88' lang='lat' dir='ltr'><strong>jubet</strong></span> <span class='ocrx_word' id='word_1_494' title='bbox 3064 1467 3123 1521; x_wconf 92' lang='lat' dir='ltr'><strong>in</strong></span> <span class='ocrx_word' id='word_1_495' title='bbox 3155 1467 3282 1537; x_wconf 84' lang='lat' dir='ltr'><strong>ejus</strong></span> 
     </span>
    </p>
   </div>
   <div class='ocr_carea' id='block_1_111' title="bbox 2199 1535 3286 1609">
    <p class='ocr_par' dir='ltr' id='par_1_111' title="bbox 2199 1535 3286 1609">
     <span class='ocr_line' id='line_1_115' title="bbox 2199 1535 3286 1609; baseline 0 -17"><span class='ocrx_word' id='word_1_496' title='bbox 2199 1535 2400 1609; x_wconf 64' lang='lat' dir='ltr'><strong>regno.</strong></span> <span class='ocrx_word' id='word_1_497' title='bbox 2445 1542 2524 1596; x_wconf 85' lang='lat' dir='ltr'><strong>Ex</strong></span> <span class='ocrx_word' id='word_1_498' title='bbox 2554 1535 2677 1595; x_wconf 83' lang='lat' dir='ltr'><strong>Cod</strong></span> <span class='ocrx_word' id='word_1_499' title='bbox 2721 1538 2848 1593; x_wconf 89' lang='lat' dir='ltr'><strong>Car.</strong></span> <span class='ocrx_word' id='word_1_500' title='bbox 2890 1540 3002 1609; x_wconf 89' lang='lat' dir='ltr'><strong>Pag</strong></span> <span class='ocrx_word' id='word_1_501' title='bbox 3044 1551 3101 1592; x_wconf 92' lang='lat' dir='ltr'><strong>n.</strong></span> <span class='ocrx_word' id='word_1_502' title='bbox 3156 1535 3178 1590; x_wconf 93' lang='grc'><strong>4</strong></span> <span class='ocrx_word' id='word_1_503' title='bbox 3229 1543 3286 1592; x_wconf 89' lang='lat' dir='ltr'><strong>et</strong></span> 
     </span>
    </p>
   </div>
   <div class='ocr_carea' id='block_1_112' title="bbox 2200 1625 2359 1680">
    <p class='ocr_par' dir='ltr' id='par_1_112' title="bbox 2200 1625 2359 1680">
     <span class='ocr_line' id='line_1_116' title="bbox 2200 1625 2359 1680; baseline -0.006 -15"><span class='ocrx_word' id='word_1_504' title='bbox 2200 1625 2359 1680; x_wconf 88' lang='lat' dir='ltr'><strong>seqq.</strong></span> 
     </span>
    </p>
   </div>
   <div class='ocr_carea' id='block_1_113' title="bbox 2265 1680 3284 1751">
    <p class='ocr_par' dir='ltr' id='par_1_113' title="bbox 2265 1680 3284 1751">
     <span class='ocr_line' id='line_1_117' title="bbox 2265 1680 3284 1751; baseline -0.004 -14"><span class='ocrx_word' id='word_1_505' title='bbox 2265 1681 2686 1749; x_wconf 86' lang='lat' dir='ltr'><strong>Antiphonale,</strong></span> <span class='ocrx_word' id='word_1_506' title='bbox 2767 1680 3151 1751; x_wconf 83' lang='lat' dir='ltr'><strong>Responsale,</strong></span> <span class='ocrx_word' id='word_1_507' title='bbox 3228 1683 3284 1734; x_wconf 91' lang='lat' dir='ltr'><strong>et</strong></span> 
     </span>
    </p>
   </div>
   <div class='ocr_carea' id='block_1_114' title="bbox 2195 1751 3282 1823">
    <p class='ocr_par' dir='ltr' id='par_1_114' title="bbox 2195 1751 3282 1823">
     <span class='ocr_line' id='line_1_118' title="bbox 2195 1751 3282 1823; baseline -0.003 -15"><span class='ocrx_word' id='word_1_508' title='bbox 2195 1753 2344 1809; x_wconf 86' lang='lat' dir='ltr'><strong>alios</strong></span> <span class='ocrx_word' id='word_1_509' title='bbox 2373 1753 2428 1808; x_wconf 91' lang='lat' dir='ltr'><strong>id</strong></span> <span class='ocrx_word' id='word_1_510' title='bbox 2462 1767 2646 1823; x_wconf 87' lang='lat' dir='ltr'><strong>genus</strong></span> <span class='ocrx_word' id='word_1_511' title='bbox 2678 1751 2860 1808; x_wconf 90' lang='lat' dir='ltr'><strong>libros</strong></span> <span class='ocrx_word' id='word_1_512' title='bbox 2895 1753 3104 1807; x_wconf 85' lang='lat' dir='ltr'><strong>Paulus</strong></span> <span class='ocrx_word' id='word_1_513' title='bbox 3140 1751 3282 1806; x_wconf 89' lang='lat' dir='ltr'><strong>mit-</strong></span> 
     </span>
    </p>
   </div>
   <div class='ocr_carea' id='block_1_115' title="bbox 2196 1823 3280 1893">
    <p class='ocr_par' dir='ltr' id='par_1_115' title="bbox 2196 1823 3280 1893">
     <span class='ocr_line' id='line_1_119' title="bbox 2196 1823 3280 1893; baseline -0.005 -13"><span class='ocrx_word' id='word_1_514' title='bbox 2196 1825 2269 1880; x_wconf 90' lang='lat' dir='ltr'><strong>tit</strong></span> <span class='ocrx_word' id='word_1_515' title='bbox 2301 1825 2360 1879; x_wconf 88' lang='lat' dir='ltr'><strong>in</strong></span> <span class='ocrx_word' id='word_1_516' title='bbox 2392 1824 2710 1892; x_wconf 88' lang='lat' dir='ltr'><strong>Franciam,</strong></span> <span class='ocrx_word' id='word_1_517' title='bbox 2762 1837 2862 1893; x_wconf 93' lang='lat' dir='ltr'><strong>pro</strong></span> <span class='ocrx_word' id='word_1_518' title='bbox 2907 1823 3011 1879; x_wconf 89' lang='lat' dir='ltr'><strong>hor</strong></span> <span class='ocrx_word' id='word_1_519' title='bbox 3043 1831 3280 1891; x_wconf 88' lang='lat' dir='ltr'><strong>tempor.</strong></span> 
     </span>
    </p>
   </div>
   <div class='ocr_carea' id='block_1_116' title="bbox 2199 1897 3285 1960">
    <p class='ocr_par' dir='ltr' id='par_1_116' title="bbox 2199 1897 3285 1960">
     <span class='ocr_line' id='line_1_120' title="bbox 2199 1897 3285 1960; baseline -0.003 -9"><span class='ocrx_word' id='word_1_520' title='bbox 2199 1909 2373 1960; x_wconf 88' lang='lat' dir='ltr'><strong>more,</strong></span> <span class='ocrx_word' id='word_1_521' title='bbox 2433 1901 2496 1950; x_wconf 94' lang='lat' dir='ltr'><strong>ut</strong></span> <span class='ocrx_word' id='word_1_522' title='bbox 2548 1901 2754 1951; x_wconf 87' lang='lat' dir='ltr'><strong>cantus</strong></span> <span class='ocrx_word' id='word_1_523' title='bbox 2803 1897 3096 1950; x_wconf 88' lang='lat' dir='ltr'><strong>Romanus</strong></span> <span class='ocrx_word' id='word_1_524' title='bbox 3145 1907 3285 1949; x_wconf 92' lang='lat' dir='ltr'><strong>sen-</strong></span> 
     </span>
    </p>
   </div>
   <div class='ocr_carea' id='block_1_117' title="bbox 2195 1966 3278 2037">
    <p class='ocr_par' dir='ltr' id='par_1_117' title="bbox 2195 1966 3278 2037">
     <span class='ocr_line' id='line_1_121' title="bbox 2195 1966 3278 2037; baseline -0.002 -16"><span class='ocrx_word' id='word_1_525' title='bbox 2195 1967 2307 2022; x_wconf 91' lang='lat' dir='ltr'><strong>sim</strong></span> <span class='ocrx_word' id='word_1_526' title='bbox 2336 1967 2742 2037; x_wconf 80' lang='lat' dir='ltr'><strong>introducatur</strong></span> <span class='ocrx_word' id='word_1_527' title='bbox 2765 1967 2823 2021; x_wconf 91' lang='lat' dir='ltr'><strong>in</strong></span> <span class='ocrx_word' id='word_1_528' title='bbox 2848 1966 2994 2022; x_wconf 90' lang='lat' dir='ltr'><strong>illud</strong></span> <span class='ocrx_word' id='word_1_529' title='bbox 3021 1979 3278 2037; x_wconf 89' lang='lat' dir='ltr'><strong>regnum.</strong></span> 
     </span>
    </p>
   </div>
   <div class='ocr_carea' id='block_1_118' title="bbox 2194 2035 2724 2107">
    <p class='ocr_par' dir='ltr' id='par_1_118' title="bbox 2194 2035 2724 2107">
     <span class='ocr_line' id='line_1_122' title="bbox 2194 2035 2724 2107; baseline -0.004 -14"><span class='ocrx_word' id='word_1_530' title='bbox 2194 2039 2296 2107; x_wconf 92' lang='lat' dir='ltr'><strong>Ep.</strong></span> <span class='ocrx_word' id='word_1_531' title='bbox 2329 2035 2419 2107; x_wconf 81' lang='grc'><strong>25,</strong></span> <span class='ocrx_word' id='word_1_532' title='bbox 2451 2037 2564 2094; x_wconf 91' lang='lat' dir='ltr'><strong>Cod</strong></span> <span class='ocrx_word' id='word_1_533' title='bbox 2600 2041 2724 2093; x_wconf 66' lang='lat' dir='ltr'><strong>Car.</strong></span> 
     </span>
    </p>
   </div>
   <div class='ocr_carea' id='block_1_119' title="bbox 2267 2107 3290 2165">
    <p class='ocr_par' dir='ltr' id='par_1_119' title="bbox 2267 2107 3290 2165">
     <span class='ocr_line' id='line_1_123' title="bbox 2267 2107 3290 2165; baseline -0.003 0"><span class='ocrx_word' id='word_1_534' title='bbox 2267 2109 2587 2165; x_wconf 89' lang='lat' dir='ltr'><strong>Eadbertus</strong></span> <span class='ocrx_word' id='word_1_535' title='bbox 2613 2111 2676 2164; x_wconf 90' lang='lat' dir='ltr'><strong>R.</strong></span> <span class='ocrx_word' id='word_1_536' title='bbox 2707 2107 3060 2165; x_wconf 90' lang='lat' dir='ltr'><strong>Northumbr</strong></span> <span class='ocrx_word' id='word_1_537' title='bbox 3091 2107 3290 2163; x_wconf 88' lang='lat' dir='ltr'><strong>moni—</strong></span> 
     </span>
    </p>
   </div>
   <div class='ocr_carea' id='block_1_120' title="bbox 2196 2179 3286 2236">
    <p class='ocr_par' dir='ltr' id='par_1_120' title="bbox 2196 2179 3286 2236">
     <span class='ocr_line' id='line_1_124' title="bbox 2196 2179 3286 2236; baseline -0.001 -1"><span class='ocrx_word' id='word_1_538' title='bbox 2196 2185 2291 2236; x_wconf 92' lang='lat' dir='ltr'><strong>tus</strong></span> <span class='ocrx_word' id='word_1_539' title='bbox 2322 2194 2352 2235; x_wconf 90' lang='lat' dir='ltr'><strong>a</strong></span> <span class='ocrx_word' id='word_1_540' title='bbox 2385 2179 2582 2236; x_wconf 87' lang='lat' dir='ltr'><strong>Pontif</strong></span> <span class='ocrx_word' id='word_1_541' title='bbox 2609 2185 2671 2235; x_wconf 91' lang='lat' dir='ltr'><strong>ut</strong></span> <span class='ocrx_word' id='word_1_542' title='bbox 2700 2180 3047 2236; x_wconf 87' lang='lat' dir='ltr'><strong>Monasteria</strong></span> <span class='ocrx_word' id='word_1_543' title='bbox 3094 2179 3286 2234; x_wconf 87' lang='lat' dir='ltr'><strong>ablata</strong></span> 
     </span>
    </p>
   </div>
   <div class='ocr_carea' id='block_1_121' title="bbox 2198 2250 3285 2318">
    <p class='ocr_par' dir='ltr' id='par_1_121' title="bbox 2198 2250 3285 2318">
     <span class='ocr_line' id='line_1_125' title="bbox 2198 2250 3285 2318; baseline -0.003 -11"><span class='ocrx_word' id='word_1_544' title='bbox 2198 2252 2476 2307; x_wconf 91' lang='lat' dir='ltr'><strong>Foldredo</strong></span> <span class='ocrx_word' id='word_1_545' title='bbox 2515 2251 2708 2306; x_wconf 89' lang='lat' dir='ltr'><strong>abbati</strong></span> <span class='ocrx_word' id='word_1_546' title='bbox 2752 2253 3045 2318; x_wconf 87' lang='lat' dir='ltr'><strong>restituat,</strong></span> <span class='ocrx_word' id='word_1_547' title='bbox 3081 2250 3285 2306; x_wconf 91' lang='lat' dir='ltr'><strong>relicto</strong></span> 
     </span>
    </p>
   </div>
   <div class='ocr_carea' id='block_1_122' title="bbox 2199 2321 3287 2394">
    <p class='ocr_par' dir='ltr' id='par_1_122' title="bbox 2199 2321 3287 2394">
     <span class='ocr_line' id='line_1_126' title="bbox 2199 2321 3287 2394; baseline -0.003 -15"><span class='ocrx_word' id='word_1_548' title='bbox 2199 2325 2392 2394; x_wconf 87' lang='lat' dir='ltr'><strong>Regno</strong></span> <span class='ocrx_word' id='word_1_549' title='bbox 2425 2323 2547 2378; x_wconf 82' lang='lat' dir='ltr'><strong>tilio</strong></span> <span class='ocrx_word' id='word_1_550' title='bbox 2577 2337 2683 2378; x_wconf 92' lang='lat' dir='ltr'><strong>suo</strong></span> <span class='ocrx_word' id='word_1_551' title='bbox 2712 2321 2972 2391; x_wconf 88' lang='lat' dir='ltr'><strong>Osulpho</strong></span> <span class='ocrx_word' id='word_1_552' title='bbox 3004 2323 3067 2377; x_wconf 85' lang='lat' dir='ltr'><strong>ﬁt</strong></span> <span class='ocrx_word' id='word_1_553' title='bbox 3096 2322 3287 2394; x_wconf 79' lang='lat' dir='ltr'><strong>cano-</strong></span> 
     </span>
    </p>
   </div>
   <div class='ocr_carea' id='block_1_123' title="bbox 2203 2389 3215 2465">
    <p class='ocr_par' dir='ltr' id='par_1_123' title="bbox 2203 2389 3215 2465">
     <span class='ocr_line' id='line_1_127' title="bbox 2203 2389 3215 2465; baseline -0.004 -15"><span class='ocrx_word' id='word_1_554' title='bbox 2203 2389 2371 2451; x_wconf 69' lang='lat' dir='ltr'><strong>nic&#39;us</strong></span> <span class='ocrx_word' id='word_1_555' title='bbox 2401 2394 2797 2450; x_wconf 88' lang='lat' dir='ltr'><strong>Eboracensis.</strong></span> <span class='ocrx_word' id='word_1_556' title='bbox 2827 2389 2938 2465; x_wconf 81' lang='lat' dir='ltr'><strong>Pag</strong></span> <span class='ocrx_word' id='word_1_557' title='bbox 2963 2407 3100 2450; x_wconf 91' lang='lat' dir='ltr'><strong>num</strong></span> <span class='ocrx_word' id='word_1_558' title='bbox 3130 2389 3215 2447; x_wconf 88' lang='lat'><strong>44.</strong></span> 
     </span>
    </p>
   </div>
   <div class='ocr_carea' id='block_1_124' title="bbox 2272 2533 2657 2593">
    <p class='ocr_par' dir='ltr' id='par_1_124' title="bbox 2272 2533 2657 2593">
     <span class='ocr_line' id='line_1_128' title="bbox 2272 2533 2657 2593; baseline -0.003 -1"><span class='ocrx_word' id='word_1_559' title='bbox 2272 2536 2432 2593; x_wconf 84' lang='lat' dir='ltr'><strong>Pauli</strong></span> <span class='ocrx_word' id='word_1_560' title='bbox 2466 2533 2502 2592; x_wconf 89' lang='lat'><strong>2</strong></span> <span class='ocrx_word' id='word_1_561' title='bbox 2526 2542 2582 2592; x_wconf 91' lang='lat' dir='ltr'><strong>et</strong></span> <span class='ocrx_word' id='word_1_562' title='bbox 2605 2535 2657 2592; x_wconf 90' lang='lat'><strong>3.</strong></span> 
     </span>
    </p>
   </div>
   <div class='ocr_carea' id='block_1_125' title="bbox 2265 2607 3292 2677">
    <p class='ocr_par' dir='ltr' id='par_1_125' title="bbox 2265 2607 3292 2677">
     <span class='ocr_line' id='line_1_129' title="bbox 2265 2607 3292 2677; baseline -0.003 -14"><span class='ocrx_word' id='word_1_563' title='bbox 2265 2609 2504 2677; x_wconf 90' lang='lat' dir='ltr'><strong>Sergius</strong></span> <span class='ocrx_word' id='word_1_564' title='bbox 2532 2609 2812 2663; x_wconf 75' lang='lat' dir='ltr'><strong>Ravennze</strong></span> <span class='ocrx_word' id='word_1_565' title='bbox 2833 2607 3150 2676; x_wconf 88' lang='lat' dir='ltr'><strong>Episcopus</strong></span> <span class='ocrx_word' id='word_1_566' title='bbox 3185 2619 3292 2674; x_wconf 82' lang='lat' dir='ltr'><strong>pe-</strong></span> 
     </span>
    </p>
   </div>
   <div class='ocr_carea' id='block_1_126' title="bbox 2197 2677 3288 2741">
    <p class='ocr_par' dir='ltr' id='par_1_126' title="bbox 2197 2677 3288 2741">
     <span class='ocr_line' id='line_1_130' title="bbox 2197 2677 3288 2741; baseline -0.004 -7"><span class='ocrx_word' id='word_1_567' title='bbox 2197 2679 2270 2734; x_wconf 91' lang='lat' dir='ltr'><strong>tit</strong></span> <span class='ocrx_word' id='word_1_568' title='bbox 2294 2693 2326 2734; x_wconf 89' lang='lat' dir='ltr'><strong>a</strong></span> <span class='ocrx_word' id='word_1_569' title='bbox 2355 2681 2409 2733; x_wconf 92' lang='lat' dir='ltr'><strong>S.</strong></span> <span class='ocrx_word' id='word_1_570' title='bbox 2448 2679 2738 2741; x_wconf 83' lang='lat' dir='ltr'><strong>Pontiﬁce,</strong></span> <span class='ocrx_word' id='word_1_571' title='bbox 2774 2683 2839 2734; x_wconf 92' lang='lat' dir='ltr'><strong>ut</strong></span> <span class='ocrx_word' id='word_1_572' title='bbox 2871 2677 3137 2732; x_wconf 59' lang='lat' dir='ltr'><strong>Ecclesia</strong></span> <span class='ocrx_word' id='word_1_573' title='bbox 3169 2689 3288 2730; x_wconf 63' lang='lat' dir='ltr'><strong>suae</strong></span> 
     </span>
    </p>
   </div>
   <div class='ocr_carea' id='block_1_127' title="bbox 2195 2746 3290 2818">
    <p class='ocr_par' dir='ltr' id='par_1_127' title="bbox 2195 2746 3290 2818">
     <span class='ocr_line' id='line_1_131' title="bbox 2195 2746 3290 2818; baseline -0.004 -14"><span class='ocrx_word' id='word_1_574' title='bbox 2195 2751 2357 2806; x_wconf 89' lang='lat' dir='ltr'><strong>reddi</strong></span> <span class='ocrx_word' id='word_1_575' title='bbox 2398 2748 2596 2818; x_wconf 87' lang='lat' dir='ltr'><strong>jubeat</strong></span> <span class='ocrx_word' id='word_1_576' title='bbox 2636 2749 3050 2806; x_wconf 86' lang='lat' dir='ltr'><strong>Mouasterium</strong></span> <span class='ocrx_word' id='word_1_577' title='bbox 3082 2746 3290 2802; x_wconf 87' lang='lat' dir='ltr'><strong>Galia—</strong></span> 
     </span>
    </p>
   </div>
   <div class='ocr_carea' id='block_1_128' title="bbox 2205 2818 3292 2890">
    <p class='ocr_par' dir='ltr' id='par_1_128' title="bbox 2205 2818 3292 2890">
     <span class='ocr_line' id='line_1_132' title="bbox 2205 2818 3292 2890; baseline -0.004 -14"><span class='ocrx_word' id='word_1_578' title='bbox 2205 2826 2364 2877; x_wconf 90' lang='lat' dir='ltr'><strong>tense</strong></span> <span class='ocrx_word' id='word_1_579' title='bbox 2409 2821 2464 2875; x_wconf 90' lang='lat' dir='ltr'><strong>S.</strong></span> <span class='ocrx_word' id='word_1_580' title='bbox 2522 2820 2701 2875; x_wconf 86' lang='lat' dir='ltr'><strong>Hilari</strong></span> <span class='ocrx_word' id='word_1_581' title='bbox 2749 2839 2762 2886; x_wconf 71' lang='grc' dir='ltr'><strong>ς</strong></span> <span class='ocrx_word' id='word_1_582' title='bbox 2805 2833 2982 2890; x_wconf 92' lang='lat' dir='ltr'><strong>quare</strong></span> <span class='ocrx_word' id='word_1_583' title='bbox 3024 2818 3292 2890; x_wconf 86' lang='lat' dir='ltr'><strong>Diploma</strong></span> 
     </span>
    </p>
   </div>
   <div class='ocr_carea' id='block_1_129' title="bbox 2197 2889 3286 2961">
    <p class='ocr_par' dir='ltr' id='par_1_129' title="bbox 2197 2889 3286 2961">
     <span class='ocr_line' id='line_1_133' title="bbox 2197 2889 3286 2961; baseline -0.005 -13"><span class='ocrx_word' id='word_1_584' title='bbox 2197 2893 2318 2948; x_wconf 86' lang='lat' dir='ltr'><strong>edit</strong></span> <span class='ocrx_word' id='word_1_585' title='bbox 2340 2890 2601 2947; x_wconf 80' lang='lat' dir='ltr'><strong>Pontifex</strong></span> <span class='ocrx_word' id='word_1_586' title='bbox 2625 2905 2726 2961; x_wconf 91' lang='lat' dir='ltr'><strong>pro</strong></span> <span class='ocrx_word' id='word_1_587' title='bbox 2747 2889 2874 2961; x_wconf 88' lang='lat' dir='ltr'><strong>ejus</strong></span> <span class='ocrx_word' id='word_1_588' title='bbox 2897 2889 3286 2961; x_wconf 86' lang='lat' dir='ltr'><strong>restitutione,</strong></span> 
     </span>
    </p>
   </div>
   <div class='ocr_carea' id='block_1_130' title="bbox 2200 2960 3294 3034">
    <p class='ocr_par' dir='ltr' id='par_1_130' title="bbox 2200 2960 3294 3034">
     <span class='ocr_line' id='line_1_134' title="bbox 2200 2960 3294 3034; baseline -0.003 -16"><span class='ocrx_word' id='word_1_589' title='bbox 2200 2965 2352 3034; x_wconf 91' lang='lat' dir='ltr'><strong>quod</strong></span> <span class='ocrx_word' id='word_1_590' title='bbox 2396 2965 2577 3018; x_wconf 87' lang='lat' dir='ltr'><strong>Baron</strong></span> <span class='ocrx_word' id='word_1_591' title='bbox 2612 2960 2788 3019; x_wconf 80' lang='lat' dir='ltr'><strong>refert</strong></span> <span class='ocrx_word' id='word_1_592' title='bbox 2822 2977 2892 3018; x_wconf 84' lang='lat' dir='ltr'><strong>ex</strong></span> <span class='ocrx_word' id='word_1_593' title='bbox 2922 2960 3138 3034; x_wconf 88' lang='lat' dir='ltr'><strong>Rubeo,</strong></span> <span class='ocrx_word' id='word_1_594' title='bbox 3178 2975 3294 3034; x_wconf 73' lang='lat' dir='ltr'><strong>cu-</strong></span> 
     </span>
    </p>
   </div>
   <div class='ocr_carea' id='block_1_131' title="bbox 2194 3033 3290 3160">
    <p class='ocr_par' dir='ltr' id='par_1_131' title="bbox 2194 3033 3290 3160">
     <span class='ocr_line' id='line_1_135' title="bbox 2194 3033 3290 3160; baseline -0.005 -69"><span class='ocrx_word' id='word_1_595' title='bbox 2194 3037 2622 3160; x_wconf 50' lang='lat' dir='ltr'><strong>jus4temporar</strong></span> <span class='ocrx_word' id='word_1_596' title='bbox 2660 3041 2826 3090; x_wconf 89' lang='lat' dir='ltr'><strong>notas</strong></span> <span class='ocrx_word' id='word_1_597' title='bbox 2870 3033 3137 3090; x_wconf 91' lang='lat' dir='ltr'><strong>emendat</strong></span> <span class='ocrx_word' id='word_1_598' title='bbox 3178 3033 3290 3102; x_wconf 81' lang='lat' dir='ltr'><strong>Pag</strong></span> 
     </span>
     <span class='ocr_line' id='line_1_136' title="bbox 2203 3120 2352 3160; baseline -0.007 0"><span class='ocrx_word' id='word_1_599' title='bbox 2203 3120 2259 3160; x_wconf 92' lang='lat' dir='ltr'><strong>n.</strong></span> <span class='ocrx_word' id='word_1_600' title='bbox 2339 3147 2352 3159; x_wconf 96' lang='lat'><strong>.</strong></span> 
     </span>
    </p>
   </div>
   <div class='ocr_carea' id='block_1_132' title="bbox 2203 3120 2352 3161">
    <p class='ocr_par' dir='ltr' id='par_1_132' title="bbox 2203 3120 2352 3161">
     <span class='ocr_line' id='line_1_137' title="bbox 2203 3120 2352 3161; baseline -0.013 0"><span class='ocrx_word' id='word_1_601' title='bbox 2203 3120 2259 3161; x_wconf 83' lang='grc' dir='ltr'><strong>Π.</strong></span> <span class='ocrx_word' id='word_1_602' title='bbox 2301 3120 2352 3160; x_wconf 81' lang='grc'><strong>1.</strong></span> 
     </span>
    </p>
   </div>
   <div class='ocr_carea' id='block_1_133' title="bbox 3377 2527 3486 2586">
    <p class='ocr_par' dir='ltr' id='par_1_133' title="bbox 3377 2527 3486 2586">
     <span class='ocr_line' id='line_1_138' title="bbox 3377 2527 3486 2586; baseline -0.009 0"><span class='ocrx_word' id='word_1_603' title='bbox 3377 2527 3486 2586; x_wconf 86' lang='grc'><strong>759</strong></span> 
     </span>
    </p>
   </div>
   <div class='ocr_carea' id='block_1_134' title="bbox 2272 3172 3292 3234">
    <p class='ocr_par' dir='ltr' id='par_1_134' title="bbox 2272 3172 3292 3234">
     <span class='ocr_line' id='line_1_139' title="bbox 2272 3172 3292 3234; baseline -0.005 -1"><span class='ocrx_word' id='word_1_604' title='bbox 2272 3179 2328 3233; x_wconf 91' lang='lat' dir='ltr'><strong>S.</strong></span> <span class='ocrx_word' id='word_1_605' title='bbox 2387 3177 2700 3234; x_wconf 89' lang='lat' dir='ltr'><strong>Othmarus</strong></span> <span class='ocrx_word' id='word_1_606' title='bbox 2766 3177 3060 3233; x_wconf 88' lang='lat' dir='ltr'><strong>secundus</strong></span> <span class='ocrx_word' id='word_1_607' title='bbox 3115 3172 3292 3229; x_wconf 89' lang='lat' dir='ltr'><strong>abbas</strong></span> 
     </span>
    </p>
   </div>
   <div class='ocr_carea' id='block_1_135' title="bbox 2198 3243 3290 3318">
    <p class='ocr_par' dir='ltr' id='par_1_135' title="bbox 2198 3243 3290 3318">
     <span class='ocr_line' id='line_1_140' title="bbox 2198 3243 3290 3318; baseline -0.006 -14"><span class='ocrx_word' id='word_1_608' title='bbox 2198 3249 2591 3318; x_wconf 85' lang='lat' dir='ltr'><strong>Sangallensis</strong></span> <span class='ocrx_word' id='word_1_609' title='bbox 2615 3249 2881 3318; x_wconf 75' lang='lat' dir='ltr'><strong>moritur.</strong></span> <span class='ocrx_word' id='word_1_610' title='bbox 2911 3249 2992 3302; x_wconf 85' lang='lat' dir='ltr'><strong>Ex</strong></span> <span class='ocrx_word' id='word_1_611' title='bbox 3015 3243 3290 3300; x_wconf 88' lang='lat' dir='ltr'><strong>Mabillou</strong></span> 
     </span>
    </p>
   </div>
   <div class='ocr_carea' id='block_1_136' title="bbox 2201 3315 3290 3390">
    <p class='ocr_par' dir='ltr' id='par_1_136' title="bbox 2201 3315 3290 3390">
     <span class='ocr_line' id='line_1_141' title="bbox 2201 3315 3290 3390; baseline -0.006 -15"><span class='ocrx_word' id='word_1_612' title='bbox 2201 3327 2256 3376; x_wconf 91' lang='lat' dir='ltr'><strong>et</strong></span> <span class='ocrx_word' id='word_1_613' title='bbox 2285 3315 2424 3375; x_wconf 90' lang='lat' dir='ltr'><strong>aliis</strong></span> <span class='ocrx_word' id='word_1_614' title='bbox 2454 3319 2566 3374; x_wconf 88' lang='lat' dir='ltr'><strong>AA.</strong></span> <span class='ocrx_word' id='word_1_615' title='bbox 2602 3320 2713 3390; x_wconf 86' lang='lat' dir='ltr'><strong>Pag</strong></span> <span class='ocrx_word' id='word_1_616' title='bbox 2745 3333 2800 3374; x_wconf 83' lang='grc' dir='ltr'><strong>ιι.</strong></span> <span class='ocrx_word' id='word_1_617' title='bbox 2834 3315 2956 3390; x_wconf 90' lang='lat' dir='ltr'><strong>2_et</strong></span> <span class='ocrx_word' id='word_1_618' title='bbox 2986 3331 3126 3390; x_wconf 81' lang='lat' dir='ltr'><strong>seqq</strong></span> <span class='ocrx_word' id='word_1_619' title='bbox 3157 3319 3290 3390; x_wconf 61' lang='lat' dir='ltr'><strong>ante</strong></span> 
     </span>
    </p>
   </div>
   <div class='ocr_carea' id='block_1_137' title="bbox 2194 3384 3286 3446">
    <p class='ocr_par' dir='ltr' id='par_1_137' title="bbox 2194 3384 3286 3446">
     <span class='ocr_line' id='line_1_142' title="bbox 2194 3384 3286 3446; baseline -0.01 0"><span class='ocrx_word' id='word_1_620' title='bbox 2194 3405 2325 3446; x_wconf 92' lang='lat' dir='ltr'><strong>eum</strong></span> <span class='ocrx_word' id='word_1_621' title='bbox 2358 3391 2556 3445; x_wconf 88' lang='lat' dir='ltr'><strong>Baron.</strong></span> <span class='ocrx_word' id='word_1_622' title='bbox 2605 3384 2854 3444; x_wconf 65' lang='lat' dir='ltr'><strong>Mo&#39;ritur</strong></span> <span class='ocrx_word' id='word_1_623' title='bbox 2885 3387 3023 3443; x_wconf 89' lang='lat' dir='ltr'><strong>item</strong></span> <span class='ocrx_word' id='word_1_624' title='bbox 3055 3384 3124 3440; x_wconf 66' lang='grc' dir='ltr'><strong>ιι.</strong></span> <span class='ocrx_word' id='word_1_625' title='bbox 3145 3398 3197 3440; x_wconf 88' lang='lat' dir='ltr'><strong>a.</strong></span> <span class='ocrx_word' id='word_1_626' title='bbox 3231 3384 3286 3437; x_wconf 92' lang='lat' dir='ltr'><strong>S.</strong></span> 
     </span>
    </p>
   </div>
   <div class='ocr_carea' id='block_1_138' title="bbox 2196 3454 3292 3528">
    <p class='ocr_par' dir='ltr' id='par_1_138' title="bbox 2196 3454 3292 3528">
     <span class='ocr_line' id='line_1_143' title="bbox 2196 3454 3292 3528; baseline -0.007 -12"><span class='ocrx_word' id='word_1_627' title='bbox 2196 3462 2519 3516; x_wconf 91' lang='lat' dir='ltr'><strong>Pirminius</strong></span> <span class='ocrx_word' id='word_1_628' title='bbox 2543 3459 2768 3528; x_wconf 89' lang='lat' dir='ltr'><strong>primus</strong></span> <span class='ocrx_word' id='word_1_629' title='bbox 2787 3457 2963 3513; x_wconf 88' lang='lat' dir='ltr'><strong>abbas</strong></span> <span class='ocrx_word' id='word_1_630' title='bbox 2978 3454 3292 3528; x_wconf 13' lang='lat' dir='ltr'><strong>Augiendsis</strong></span> 
     </span>
    </p>
   </div>
   <div class='ocr_carea' id='block_1_139' title="bbox 2197 3526 3289 3586">
    <p class='ocr_par' dir='ltr' id='par_1_139' title="bbox 2197 3526 3289 3586">
     <span class='ocr_line' id='line_1_144' title="bbox 2197 3526 3289 3586; baseline -0.005 -1"><span class='ocrx_word' id='word_1_631' title='bbox 2197 3526 2579 3586; x_wconf 47' lang='lat' dir='ltr'><strong>Monasterio‘r</strong></span> <span class='ocrx_word' id='word_1_632' title='bbox 2625 3530 2894 3585; x_wconf 86' lang='lat' dir='ltr'><strong>conditor</strong></span> <span class='ocrx_word' id='word_1_633' title='bbox 2949 3527 3121 3582; x_wconf 89' lang='lat' dir='ltr'><strong>tertio</strong></span> <span class='ocrx_word' id='word_1_634' title='bbox 3163 3526 3289 3580; x_wconf 90' lang='lat' dir='ltr'><strong>Non</strong></span> 
     </span>
    </p>
   </div>
   <div class='ocr_carea' id='block_1_140' title="bbox 2197 3599 3348 3670">
    <p class='ocr_par' dir='ltr' id='par_1_140' title="bbox 2197 3599 3348 3670">
     <span class='ocr_line' id='line_1_145' title="bbox 2197 3599 3348 3670; baseline -0.007 -14"><span class='ocrx_word' id='word_1_635' title='bbox 2197 3601 2468 3657; x_wconf 89' lang='lat' dir='ltr'><strong>Novemb.</strong></span> <span class='ocrx_word' id='word_1_636' title='bbox 2504 3602 2615 3670; x_wconf 87' lang='lat' dir='ltr'><strong>Pag</strong></span> <span class='ocrx_word' id='word_1_637' title='bbox 2647 3615 2702 3655; x_wconf 83' lang='grc' dir='ltr'><strong>ιι.</strong></span> <span class='ocrx_word' id='word_1_638' title='bbox 2739 3599 2774 3653; x_wconf 91' lang='lat'><strong>8</strong></span> <span class='ocrx_word' id='word_1_639' title='bbox 2803 3604 2859 3653; x_wconf 93' lang='lat' dir='ltr'><strong>et</strong></span> <span class='ocrx_word' id='word_1_640' title='bbox 2888 3611 3077 3670; x_wconf 28' lang='lat' dir='ltr'><strong>seqq:</strong></span> <span class='ocrx_word' id='word_1_641' title='bbox 3345 3655 3348 3660; x_wconf 96' lang='lat'><em>_</em></span> 
     </span>
    </p>
   </div>
   <div class='ocr_carea' id='block_1_141' title="bbox 2268 3669 3288 3727">
    <p class='ocr_par' dir='ltr' id='par_1_141' title="bbox 2268 3669 3288 3727">
     <span class='ocr_line' id='line_1_146' title="bbox 2268 3669 3288 3727; baseline -0.004 -1"><span class='ocrx_word' id='word_1_642' title='bbox 2268 3669 2602 3726; x_wconf 79' lang='lat' dir='ltr'><strong>Christiani</strong></span> <span class='ocrx_word' id='word_1_643' title='bbox 2629 3671 2687 3726; x_wconf 92' lang='lat' dir='ltr'><strong>in</strong></span> <span class='ocrx_word' id='word_1_644' title='bbox 2717 3670 2954 3727; x_wconf 90' lang='lat' dir='ltr'><strong>Oriente</strong></span> <span class='ocrx_word' id='word_1_645' title='bbox 2983 3681 3016 3723; x_wconf 90' lang='lat' dir='ltr'><strong>a</strong></span> <span class='ocrx_word' id='word_1_646' title='bbox 3047 3669 3288 3723; x_wconf 85' lang='lat' dir='ltr'><strong>Sarace—</strong></span> 
     </span>
    </p>
   </div>
   <div class='ocr_carea' id='block_1_142' title="bbox 2199 3739 3288 3810">
    <p class='ocr_par' dir='ltr' id='par_1_142' title="bbox 2199 3739 3288 3810">
     <span class='ocr_line' id='line_1_147' title="bbox 2199 3739 3288 3810; baseline -0.006 -10"><span class='ocrx_word' id='word_1_647' title='bbox 2199 3743 2292 3800; x_wconf 91' lang='lat' dir='ltr'><strong>nis</strong></span> <span class='ocrx_word' id='word_1_648' title='bbox 2321 3748 2598 3798; x_wconf 86' lang='lat' dir='ltr'><strong>vexantur</strong></span> <span class='ocrx_word' id='word_1_649' title='bbox 2625 3761 2638 3796; x_wconf 89' lang='lat'>:</span> <span class='ocrx_word' id='word_1_650' title='bbox 2670 3757 2736 3797; x_wconf 89' lang='lat' dir='ltr'><strong>ac</strong></span> <span class='ocrx_word' id='word_1_651' title='bbox 2759 3739 3136 3810; x_wconf 88' lang='lat' dir='ltr'><strong>prohibentur</strong></span> <span class='ocrx_word' id='word_1_652' title='bbox 3159 3752 3288 3794; x_wconf 90' lang='lat' dir='ltr'><strong>con-</strong></span> 
     </span>
    </p>
   </div>
   <div class='ocr_carea' id='block_1_143' title="bbox 2199 3810 3283 3882">
    <p class='ocr_par' dir='ltr' id='par_1_143' title="bbox 2199 3810 3283 3882">
     <span class='ocr_line' id='line_1_148' title="bbox 2199 3810 3283 3882; baseline -0.005 -12"><span class='ocrx_word' id='word_1_653' title='bbox 2199 3815 2366 3870; x_wconf 85' lang='lat' dir='ltr'><strong>ﬁcere</strong></span> <span class='ocrx_word' id='word_1_654' title='bbox 2421 3811 2655 3882; x_wconf 91' lang='lat' dir='ltr'><strong>publica</strong></span> <span class='ocrx_word' id='word_1_655' title='bbox 2698 3810 3078 3882; x_wconf 84' lang='lat' dir='ltr'><strong>vectigalium</strong></span> <span class='ocrx_word' id='word_1_656' title='bbox 3134 3814 3283 3877; x_wconf 88' lang='lat' dir='ltr'><strong>acta,</strong></span> 
     </span>
    </p>
   </div>
   <div class='ocr_carea' id='block_1_144' title="bbox 2197 3881 3286 3956">
    <p class='ocr_par' dir='ltr' id='par_1_144' title="bbox 2197 3881 3286 3956">
     <span class='ocr_line' id='line_1_149' title="bbox 2197 3881 3286 3956; baseline -0.005 -16"><span class='ocrx_word' id='word_1_657' title='bbox 2197 3885 2350 3956; x_wconf 91' lang='lat' dir='ltr'><strong>quod</strong></span> <span class='ocrx_word' id='word_1_658' title='bbox 2383 3881 2635 3940; x_wconf 76' lang='lat' dir='ltr'><strong>ofﬁcium</strong></span> <span class='ocrx_word' id='word_1_659' title='bbox 2668 3883 2824 3940; x_wconf 91' lang='lat' dir='ltr'><strong>brevi</strong></span> <span class='ocrx_word' id='word_1_660' title='bbox 2856 3881 3072 3956; x_wconf 86' lang='lat' dir='ltr'><strong>eisdem</strong></span> <span class='ocrx_word' id='word_1_661' title='bbox 3106 3882 3286 3956; x_wconf 69' lang='lat' dir='ltr'><strong>resti-</strong></span> 
     </span>
    </p>
   </div>
   <div class='ocr_carea' id='block_1_145' title="bbox 2197 3953 3286 4027">
    <p class='ocr_par' dir='ltr' id='par_1_145' title="bbox 2197 3953 3286 4027">
     <span class='ocr_line' id='line_1_150' title="bbox 2197 3953 3286 4027; baseline -0.004 -15"><span class='ocrx_word' id='word_1_662' title='bbox 2197 3953 2360 4012; x_wconf 79' lang='lat' dir='ltr'><strong>tuere</strong></span> <span class='ocrx_word' id='word_1_663' title='bbox 2406 3961 2714 4027; x_wconf 89' lang='lat' dir='ltr'><strong>coguntur,</strong></span> <span class='ocrx_word' id='word_1_664' title='bbox 2750 3968 2862 4011; x_wconf 91' lang='lat' dir='ltr'><strong>non</strong></span> <span class='ocrx_word' id='word_1_665' title='bbox 2912 3954 3068 4009; x_wconf 92' lang='lat' dir='ltr'><strong>enim</strong></span> <span class='ocrx_word' id='word_1_666' title='bbox 3109 3953 3286 4027; x_wconf 81' lang='lat' dir='ltr'><strong>Sara-</strong></span> 
     </span>
    </p>
   </div>
   <div class='ocr_carea' id='block_1_146' title="bbox 2195 4025 3282 4084">
    <p class='ocr_par' dir='ltr' id='par_1_146' title="bbox 2195 4025 3282 4084">
     <span class='ocr_line' id='line_1_151' title="bbox 2195 4025 3282 4084; baseline -0.002 0"><span class='ocrx_word' id='word_1_667' title='bbox 2195 4028 2323 4084; x_wconf 91' lang='lat' dir='ltr'><strong>ceni</strong></span> <span class='ocrx_word' id='word_1_668' title='bbox 2383 4025 2655 4082; x_wconf 82' lang='lat' dir='ltr'><strong>numeros</strong></span> <span class='ocrx_word' id='word_1_669' title='bbox 2706 4025 2765 4083; x_wconf 90' lang='lat' dir='ltr'><strong>et</strong></span> <span class='ocrx_word' id='word_1_670' title='bbox 2819 4039 3074 4082; x_wconf 86' lang='lat' dir='ltr'><strong>summas</strong></span> <span class='ocrx_word' id='word_1_671' title='bbox 3137 4025 3282 4082; x_wconf 89' lang='lat' dir='ltr'><strong>vale-</strong></span> 
     </span>
    </p>
   </div>
   <div class='ocr_carea' id='block_1_147' title="bbox 2196 4095 2924 4168">
    <p class='ocr_par' dir='ltr' id='par_1_147' title="bbox 2196 4095 2924 4168">
     <span class='ocr_line' id='line_1_152' title="bbox 2196 4095 2924 4168; baseline -0.005 -13"><span class='ocrx_word' id='word_1_672' title='bbox 2196 4099 2335 4155; x_wconf 88' lang='lat' dir='ltr'><strong>bant</strong></span> <span class='ocrx_word' id='word_1_673' title='bbox 2368 4097 2642 4155; x_wconf 89' lang='lat' dir='ltr'><strong>scribere.</strong></span> <span class='ocrx_word' id='word_1_674' title='bbox 2673 4095 2924 4168; x_wconf 87' lang='lat' dir='ltr'><strong>Theoph.</strong></span> 
     </span>
    </p>
   </div>
   <div class='ocr_carea' id='block_1_148' title="bbox 2277 4357 3483 4423">
    <p class='ocr_par' dir='ltr' id='par_1_148' title="bbox 2277 4357 3483 4423">
     <span class='ocr_line' id='line_1_153' title="bbox 2277 4357 3483 4423; baseline -0.005 -2"><span class='ocrx_word' id='word_1_675' title='bbox 2277 4365 2441 4423; x_wconf 88' lang='lat' dir='ltr'><strong>Pauli</strong></span> <span class='ocrx_word' id='word_1_676' title='bbox 2472 4363 2506 4421; x_wconf 91' lang='lat'>3</span> <span class='ocrx_word' id='word_1_677' title='bbox 2533 4369 2588 4420; x_wconf 90' lang='lat' dir='ltr'><strong>et</strong></span> <span class='ocrx_word' id='word_1_678' title='bbox 2619 4362 2668 4419; x_wconf 69' lang='grc'><strong>4.</strong></span> <span class='ocrx_word' id='word_1_679' title='bbox 3374 4357 3483 4416; x_wconf 85' lang='grc'><strong>760</strong></span> 
     </span>
    </p>
   </div>
   <div class='ocr_carea' id='block_1_149' title="bbox 2031 4432 3283 4497">
    <p class='ocr_par' dir='ltr' id='par_1_149' title="bbox 2031 4432 3283 4497">
     <span class='ocr_line' id='line_1_154' title="bbox 2031 4432 3283 4497; baseline -0.008 -1"><span class='ocrx_word' id='word_1_680' title='bbox 2031 4455 2088 4497; x_wconf 82' lang='lat' dir='ltr'><strong>1v</strong></span> <span class='ocrx_word' id='word_1_681' title='bbox 2279 4441 2452 4495; x_wconf 91' lang='lat' dir='ltr'><strong>Error</strong></span> <span class='ocrx_word' id='word_1_682' title='bbox 2491 4436 2785 4492; x_wconf 86' lang='lat' dir='ltr'><strong>Paschalis</strong></span> <span class='ocrx_word' id='word_1_683' title='bbox 2828 4437 2982 4491; x_wconf 89' lang='lat' dir='ltr'><strong>inter</strong></span> <span class='ocrx_word' id='word_1_684' title='bbox 3018 4432 3283 4490; x_wconf 87' lang='lat' dir='ltr'><strong>Orienta-</strong></span> 
     </span>
    </p>
   </div>
   <div class='ocr_carea' id='block_1_150' title="bbox 1963 4503 3284 4580">
    <p class='ocr_par' dir='ltr' id='par_1_150' title="bbox 1963 4503 3284 4580">
     <span class='ocr_line' id='line_1_155' title="bbox 1963 4503 3284 4580; baseline -0.008 -12"><span class='ocrx_word' id='word_1_685' title='bbox 1963 4515 2170 4580; x_wconf 84' lang='lat' dir='ltr'><strong>Hegira</strong></span> <span class='ocrx_word' id='word_1_686' title='bbox 2209 4511 2289 4566; x_wconf 88' lang='lat' dir='ltr'><strong>les</strong></span> <span class='ocrx_word' id='word_1_687' title='bbox 2329 4528 2365 4580; x_wconf 12' lang='lat'><strong>:7</strong></span> <span class='ocrx_word' id='word_1_688' title='bbox 2388 4508 2743 4580; x_wconf 76' lang='lat' dir='ltr'><strong>Qrthodoxis</strong></span> <span class='ocrx_word' id='word_1_689' title='bbox 2776 4508 2913 4580; x_wconf 17' lang='lat' dir='ltr'><strong>die,</strong></span> <span class='ocrx_word' id='word_1_690' title='bbox 2958 4504 2995 4580; x_wconf 78' lang='grc'><strong>6</strong></span> <span class='ocrx_word' id='word_1_691' title='bbox 3055 4503 3284 4580; x_wconf 73' lang='lat' dir='ltr'><strong>hzereti-</strong></span> 
     </span>
    </p>
   </div>
   <div class='ocr_carea' id='block_1_151' title="bbox 2011 4576 3280 4649">
    <p class='ocr_par' dir='ltr' id='par_1_151' title="bbox 2011 4576 3280 4649">
     <span class='ocr_line' id='line_1_156' title="bbox 2011 4576 3280 4649; baseline -0.009 -9"><span class='ocrx_word' id='word_1_692' title='bbox 2011 4576 2115 4640; x_wconf 59' lang='lat'><strong>4743</strong></span> <span class='ocrx_word' id='word_1_693' title='bbox 2206 4584 2293 4638; x_wconf 89' lang='lat' dir='ltr'><strong>cis</strong></span> <span class='ocrx_word' id='word_1_694' title='bbox 2346 4579 2412 4635; x_wconf 86' lang='lat'><strong>43</strong></span> <span class='ocrx_word' id='word_1_695' title='bbox 2457 4581 2679 4649; x_wconf 90' lang='lat' dir='ltr'><strong>Aprilis</strong></span> <span class='ocrx_word' id='word_1_696' title='bbox 2734 4579 2790 4634; x_wconf 92' lang='lat' dir='ltr'><strong>id</strong></span> <span class='ocrx_word' id='word_1_697' title='bbox 2834 4576 3280 4649; x_wconf 72' lang='lat' dir='ltr'><strong>celebrantibus.</strong></span> 
     </span>
    </p>
   </div>
   <div class='ocr_carea' id='block_1_152' title="bbox 1951 4647 3279 4724">
    <p class='ocr_par' dir='ltr' id='par_1_152' title="bbox 1951 4647 3279 4724">
     <span class='ocr_line' id='line_1_157' title="bbox 1951 4647 3279 4724; baseline -0.008 -12"><span class='ocrx_word' id='word_1_698' title='bbox 1951 4655 2015 4712; x_wconf 89' lang='lat'><strong>24</strong></span> <span class='ocrx_word' id='word_1_699' title='bbox 2046 4658 2166 4724; x_wconf 82' lang='lat' dir='ltr'><strong>Apr</strong></span> <span class='ocrx_word' id='word_1_700' title='bbox 2201 4652 2455 4723; x_wconf 89' lang='lat' dir='ltr'><strong>Theoph.</strong></span> <span class='ocrx_word' id='word_1_701' title='bbox 2503 4647 2614 4724; x_wconf 83' lang='lat' dir='ltr'><strong>Pag</strong></span> <span class='ocrx_word' id='word_1_702' title='bbox 2644 4651 2906 4724; x_wconf 82' lang='lat' dir='ltr'><strong>observat</strong></span> <span class='ocrx_word' id='word_1_703' title='bbox 2937 4665 2991 4706; x_wconf 91' lang='lat' dir='ltr'><strong>n.</strong></span> <span class='ocrx_word' id='word_1_704' title='bbox 3026 4648 3078 4724; x_wconf 73' lang='grc'><strong>6,</strong></span> <span class='ocrx_word' id='word_1_705' title='bbox 3129 4647 3279 4718; x_wconf 91' lang='lat' dir='ltr'><strong>quod</strong></span> 
     </span>
    </p>
   </div>
   <div class='ocr_carea' id='block_1_153' title="bbox 2092 4671 3278 4796">
    <p class='ocr_par' dir='ltr' id='par_1_153' title="bbox 2092 4671 3278 4796">
     <span class='ocr_line' id='line_1_158' title="bbox 2092 4671 3278 4724; baseline -0.007 -15"><span class='ocrx_word' id='word_1_706' title='bbox 2092 4706 2093 4709; x_wconf 45' lang='grc' dir='ltr'><strong>η</strong></span> <span class='ocrx_word' id='word_1_707' title='bbox 2137 4672 2166 4709; x_wconf 88' lang='lat' dir='ltr'><strong>r</strong></span> <span class='ocrx_word' id='word_1_708' title='bbox 2201 4671 2233 4708; x_wconf 79' lang='lat'><strong>&#39;1</strong></span> <span class='ocrx_word' id='word_1_709' title='bbox 2250 4671 2455 4723; x_wconf 87' lang='lat' dir='ltr'><strong>neopn.</strong></span> <span class='ocrx_word' id='word_1_710' title='bbox 2504 4671 2614 4724; x_wconf 78' lang='lat' dir='ltr'><strong>rag</strong></span> <span class='ocrx_word' id='word_1_711' title='bbox 2644 4671 2906 4707; x_wconf 73' lang='lat' dir='ltr'><strong>Observat</strong></span> <span class='ocrx_word' id='word_1_712' title='bbox 2937 4671 2991 4706; x_wconf 89' lang='grc' dir='ltr'><strong>ιι.</strong></span> <span class='ocrx_word' id='word_1_713' title='bbox 3026 4671 3078 4715; x_wconf 84' lang='grc' dir='ltr'><strong>υ,</strong></span> <span class='ocrx_word' id='word_1_714' title='bbox 3129 4671 3278 4718; x_wconf 87' lang='lat' dir='ltr'><strong>quuu</strong></span> 
     </span>
     <span class='ocr_line' id='line_1_159' title="bbox 2092 4671 3278 4796; baseline -0.011 -12"><span class='ocrx_word' id='word_1_715' title='bbox 2092 4671 2136 4784; x_wconf 54' lang='grc'><strong>2)</strong></span> <span class='ocrx_word' id='word_1_716' title='bbox 2203 4727 2303 4796; x_wconf 92' lang='lat' dir='ltr'><strong>qui</strong></span> <span class='ocrx_word' id='word_1_717' title='bbox 2334 4724 2566 4796; x_wconf 78' lang='lat' dir='ltr'><strong>Cyclum</strong></span> <span class='ocrx_word' id='word_1_718' title='bbox 2601 4720 3278 4796; x_wconf 13' lang='lat' dir='ltr'><strong>Victoriidsequebantur,</strong></span> 
     </span>
    </p>
   </div>
   <div class='ocr_carea' id='block_1_154' title="bbox 2197 4786 3276 4864">
    <p class='ocr_par' dir='ltr' id='par_1_154' title="bbox 2197 4786 3276 4864">
     <span class='ocr_line' id='line_1_160' title="bbox 2197 4786 3276 4864; baseline -0.009 -12"><span class='ocrx_word' id='word_1_719' title='bbox 2197 4786 2263 4852; x_wconf 77' lang='lat' dir='ltr'><strong>tit</strong></span> <span class='ocrx_word' id='word_1_720' title='bbox 2291 4786 2464 4864; x_wconf 79' lang='lat' dir='ltr'><strong>Galli,</strong></span> <span class='ocrx_word' id='word_1_721' title='bbox 2494 4809 2626 4850; x_wconf 88' lang='lat' dir='ltr'><strong>cum</strong></span> <span class='ocrx_word' id='word_1_722' title='bbox 2655 4795 2710 4848; x_wconf 93' lang='lat' dir='ltr'><strong>h.</strong></span> <span class='ocrx_word' id='word_1_723' title='bbox 2744 4809 2794 4850; x_wconf 90' lang='lat' dir='ltr'><strong>a.</strong></span> <span class='ocrx_word' id='word_1_724' title='bbox 2828 4786 2997 4863; x_wconf 64' lang='lat' dir='ltr'><strong>Cycl&#39;o</strong></span> <span class='ocrx_word' id='word_1_725' title='bbox 3027 4793 3198 4864; x_wconf 62' lang='lat' dir='ltr'><strong>Lunae</strong></span> <span class='ocrx_word' id='word_1_726' title='bbox 3229 4786 3276 4858; x_wconf 81' lang='lat' dir='ltr'><strong>l,</strong></span> 
     </span>
    </p>
   </div>
   <div class='ocr_carea' id='block_1_155' title="bbox 2198 4863 3280 4934">
    <p class='ocr_par' dir='ltr' id='par_1_155' title="bbox 2198 4863 3280 4934">
     <span class='ocr_line' id='line_1_161' title="bbox 2198 4863 3280 4934; baseline -0.008 -11"><span class='ocrx_word' id='word_1_727' title='bbox 2198 4874 2341 4923; x_wconf 89' lang='lat' dir='ltr'><strong>term</strong></span> <span class='ocrx_word' id='word_1_728' title='bbox 2392 4863 2572 4919; x_wconf 86' lang='lat' dir='ltr'><strong>Pasch</strong></span> <span class='ocrx_word' id='word_1_729' title='bbox 2625 4865 2682 4932; x_wconf 83' lang='lat'><strong>5,</strong></span> <span class='ocrx_word' id='word_1_730' title='bbox 2741 4865 2913 4934; x_wconf 86' lang='lat' dir='ltr'><strong>April</strong></span> <span class='ocrx_word' id='word_1_731' title='bbox 2967 4863 3280 4934; x_wconf 78' lang='lat' dir='ltr'><strong>noluerunt</strong></span> 
     </span>
    </p>
   </div>
   <div class='ocr_carea' id='block_1_156' title="bbox 2197 4930 3277 5064">
    <p class='ocr_par' dir='ltr' id='par_1_156' title="bbox 2197 4930 3277 5064">
     <span class='ocr_line' id='line_1_162' title="bbox 2197 4930 3277 5064; baseline -0.006 -73"><span class='ocrx_word' id='word_1_732' title='bbox 2197 4937 2421 5064; x_wconf 49' lang='lat' dir='ltr'><strong>iqudi:</strong></span> <span class='ocrx_word' id='word_1_733' title='bbox 2449 4930 2750 5060; x_wconf 50' lang='lat' dir='ltr'><strong>(liérPagchﬁi</strong></span> <span class='ocrx_word' id='word_1_734' title='bbox 2782 4930 3087 5004; x_wconf 83' lang='lat' dir='ltr'><strong>celebrare,</strong></span> <span class='ocrx_word' id='word_1_735' title='bbox 3122 4937 3179 4986; x_wconf 91' lang='lat' dir='ltr'><strong>et</strong></span> <span class='ocrx_word' id='word_1_736' title='bbox 3208 4930 3277 4985; x_wconf 89' lang='lat' dir='ltr'><strong>ad</strong></span> 
     </span>
     <span class='ocr_line' id='line_1_163' title="bbox 2338 5021 2861 5064; baseline -0.004 -2"><span class='ocrx_word' id='word_1_737' title='bbox 2338 5022 2388 5062; x_wconf 88' lang='lat' dir='ltr'><strong>IS</strong></span> <span class='ocrx_word' id='word_1_738' title='bbox 2418 5021 2454 5061; x_wconf 91' lang='lat' dir='ltr'><strong>u</strong></span> <span class='ocrx_word' id='word_1_739' title='bbox 2571 5021 2598 5059; x_wconf 93' lang='lat' dir='ltr'><strong>s</strong></span> <span class='ocrx_word' id='word_1_740' title='bbox 2638 5021 2704 5064; x_wconf 79' lang='grc' dir='ltr'><strong>α.</strong></span> <span class='ocrx_word' id='word_1_741' title='bbox 2751 5021 2861 5060; x_wconf 87' lang='lat' dir='ltr'><strong>om.</strong></span> 
     </span>
    </p>
   </div>
   <div class='ocr_carea' id='block_1_157' title="bbox 2338 5020 2861 5062">
    <p class='ocr_par' dir='ltr' id='par_1_157' title="bbox 2338 5020 2861 5062">
     <span class='ocr_line' id='line_1_164' title="bbox 2338 5020 2861 5062; baseline -0.004 0"><span class='ocrx_word' id='word_1_742' title='bbox 2338 5020 2542 5062; x_wconf 73' lang='lat' dir='ltr'><strong>lSlllleP</strong></span> <span class='ocrx_word' id='word_1_743' title='bbox 2571 5020 2671 5062; x_wconf 75' lang='lat' dir='ltr'><strong>S80</strong></span> <span class='ocrx_word' id='word_1_744' title='bbox 2702 5020 2781 5059; x_wconf 84' lang='lat' dir='ltr'><strong>UO</strong></span> <span class='ocrx_word' id='word_1_745' title='bbox 2791 5021 2861 5060; x_wconf 90' lang='lat' dir='ltr'><strong>m.</strong></span> 
     </span>
    </p>
   </div>
   <div class='ocr_carea' id='block_1_158' title="bbox 2268 5021 3280 5145">
    <p class='ocr_par' dir='ltr' id='par_1_158' title="bbox 2268 5021 3280 5145">
     <span class='ocr_line' id='line_1_165' title="bbox 2293 5021 2861 5075; baseline -0.004 -13"><span class='ocrx_word' id='word_1_746' title='bbox 2293 5021 2542 5062; x_wconf 78' lang='lat' dir='ltr'><strong>aismier</strong></span> <span class='ocrx_word' id='word_1_747' title='bbox 2571 5021 2672 5075; x_wconf 90' lang='lat' dir='ltr'><strong>seq</strong></span> <span class='ocrx_word' id='word_1_748' title='bbox 2702 5021 2861 5060; x_wconf 80' lang='lat' dir='ltr'><strong>.uom.</strong></span> 
     </span>
     <span class='ocr_line' id='line_1_166' title="bbox 2268 5073 3280 5145; baseline -0.007 -11"><span class='ocrx_word' id='word_1_749' title='bbox 2268 5076 2611 5134; x_wconf 85' lang='lat' dir='ltr'><strong>Oratoribus</strong></span> <span class='ocrx_word' id='word_1_750' title='bbox 2643 5077 2835 5145; x_wconf 89' lang='lat' dir='ltr'><strong>Pipiui</strong></span> <span class='ocrx_word' id='word_1_751' title='bbox 2873 5073 3044 5144; x_wconf 86' lang='lat' dir='ltr'><strong>Regis</strong></span> <span class='ocrx_word' id='word_1_752' title='bbox 3091 5079 3280 5145; x_wconf 80' lang='lat' dir='ltr'><strong>motus</strong></span> 
     </span>
    </p>
   </div>
   <div class='ocr_carea' id='block_1_159' title="bbox 2198 5142 3283 5218">
    <p class='ocr_par' dir='ltr' id='par_1_159' title="bbox 2198 5142 3283 5218">
     <span class='ocr_line' id='line_1_167' title="bbox 2198 5142 3283 5218; baseline -0.008 -12"><span class='ocrx_word' id='word_1_753' title='bbox 2198 5149 2533 5206; x_wconf 88' lang='lat' dir='ltr'><strong>Desiderius</strong></span> <span class='ocrx_word' id='word_1_754' title='bbox 2558 5142 2755 5218; x_wconf 82' lang='lat' dir='ltr'><strong>aliqua</strong></span> <span class='ocrx_word' id='word_1_755' title='bbox 2780 5161 2847 5202; x_wconf 87' lang='lat' dir='ltr'><strong>ex</strong></span> <span class='ocrx_word' id='word_1_756' title='bbox 2877 5142 3033 5218; x_wconf 75' lang='lat' dir='ltr'><strong>parte</strong></span> <span class='ocrx_word' id='word_1_757' title='bbox 3059 5142 3283 5218; x_wconf 81' lang='lat' dir='ltr'><strong>satisfa-</strong></span> 
     </span>
    </p>
   </div>
   <div class='ocr_carea' id='block_1_160' title="bbox 2197 5215 3284 5285">
    <p class='ocr_par' dir='ltr' id='par_1_160' title="bbox 2197 5215 3284 5285">
     <span class='ocr_line' id='line_1_168' title="bbox 2197 5215 3284 5285; baseline -0.007 -8"><span class='ocrx_word' id='word_1_758' title='bbox 2197 5223 2279 5277; x_wconf 92' lang='lat' dir='ltr'><strong>cit</strong></span> <span class='ocrx_word' id='word_1_759' title='bbox 2311 5220 2595 5285; x_wconf 78' lang='lat' dir='ltr'><strong>Pontiﬁci,</strong></span> <span class='ocrx_word' id='word_1_760' title='bbox 2632 5215 2812 5274; x_wconf 84' lang='lat' dir='ltr'><strong>multa</strong></span> <span class='ocrx_word' id='word_1_761' title='bbox 2841 5230 2909 5272; x_wconf 80' lang='lat' dir='ltr'><strong>ex</strong></span> <span class='ocrx_word' id='word_1_762' title='bbox 2942 5215 3153 5270; x_wconf 88' lang='lat' dir='ltr'><strong>ablatis</strong></span> <span class='ocrx_word' id='word_1_763' title='bbox 3187 5228 3284 5270; x_wconf 91' lang='lat' dir='ltr'><strong>re—</strong></span> 
     </span>
    </p>
   </div>
   <div class='ocr_carea' id='block_1_161' title="bbox 2197 5286 3284 5361">
    <p class='ocr_par' dir='ltr' id='par_1_161' title="bbox 2197 5286 3284 5361">
     <span class='ocr_line' id='line_1_169' title="bbox 2197 5286 3284 5361; baseline -0.008 -13"><span class='ocrx_word' id='word_1_764' title='bbox 2197 5294 2468 5359; x_wconf 87' lang='lat' dir='ltr'><strong>stitueus,</strong></span> <span class='ocrx_word' id='word_1_765' title='bbox 2534 5295 2748 5361; x_wconf 88' lang='lat' dir='ltr'><strong>partem</strong></span> <span class='ocrx_word' id='word_1_766' title='bbox 2819 5301 2879 5344; x_wconf 85' lang='lat' dir='ltr'><strong>se</strong></span> <span class='ocrx_word' id='word_1_767' title='bbox 2925 5286 3284 5361; x_wconf 17' lang='lat' dir='ltr'><strong>iresti‘turum</strong></span> 
     </span>
    </p>
   </div>
   <div class='ocr_carea' id='block_1_162' title="bbox 2021 5355 3276 5434">
    <p class='ocr_par' dir='ltr' id='par_1_162' title="bbox 2021 5355 3276 5434">
     <span class='ocr_line' id='line_1_170' title="bbox 2021 5355 3276 5434; baseline -0.006 -14"><span class='ocrx_word' id='word_1_768' title='bbox 2021 5380 2075 5421; x_wconf 76' lang='grc' dir='ltr'><strong>ιν</strong></span> <span class='ocrx_word' id='word_1_769' title='bbox 2199 5355 2580 5434; x_wconf 74' lang='lat' dir='ltr'><strong>promittens:</strong></span> <span class='ocrx_word' id='word_1_770' title='bbox 2605 5361 2670 5434; x_wconf 12' lang='lat' dir='ltr'><strong>iS.</strong></span> <span class='ocrx_word' id='word_1_771' title='bbox 2705 5365 2894 5416; x_wconf 87' lang='lat' dir='ltr'><strong>tamen</strong></span> <span class='ocrx_word' id='word_1_772' title='bbox 2925 5355 3276 5434; x_wconf 61' lang='lat' dir='ltr'><strong>Pontifexid</strong></span> 
     </span>
    </p>
   </div>
   <div class='ocr_carea' id='block_1_163' title="bbox 2025 5427 3280 5502">
    <p class='ocr_par' dir='ltr' id='par_1_163' title="bbox 2025 5427 3280 5502">
     <span class='ocr_line' id='line_1_171' title="bbox 2025 5427 3280 5502; baseline -0.006 -12"><span class='ocrx_word' id='word_1_773' title='bbox 2025 5443 2075 5491; x_wconf 80' lang='lat' dir='ltr'><strong>et</strong></span> <span class='ocrx_word' id='word_1_774' title='bbox 2195 5427 2471 5491; x_wconf 76' lang='lat' dir='ltr'><strong>nuntians</strong></span> <span class='ocrx_word' id='word_1_775' title='bbox 2495 5433 2718 5502; x_wconf 90' lang='lat' dir='ltr'><strong>Pipino,</strong></span> <span class='ocrx_word' id='word_1_776' title='bbox 2767 5437 2830 5486; x_wconf 91' lang='lat' dir='ltr'><strong>ut</strong></span> <span class='ocrx_word' id='word_1_777' title='bbox 2869 5443 3000 5484; x_wconf 91' lang='lat' dir='ltr'><strong>cum</strong></span> <span class='ocrx_word' id='word_1_778' title='bbox 3051 5427 3280 5502; x_wconf 78' lang='lat' dir='ltr'><strong>Deside-</strong></span> 
     </span>
    </p>
   </div>
   <div class='ocr_carea' id='block_1_164' title="bbox 1997 5498 3281 5569">
    <p class='ocr_par' dir='ltr' id='par_1_164' title="bbox 1997 5498 3281 5569">
     <span class='ocr_line' id='line_1_172' title="bbox 1997 5498 3281 5569; baseline -0.008 -5"><span class='ocrx_word' id='word_1_779' title='bbox 1997 5508 2103 5564; x_wconf 77' lang='grc'><strong>385</strong></span> <span class='ocrx_word' id='word_1_780' title='bbox 2195 5508 2285 5562; x_wconf 92' lang='lat' dir='ltr'><strong>rio</strong></span> <span class='ocrx_word' id='word_1_781' title='bbox 2337 5507 2390 5560; x_wconf 93' lang='lat' dir='ltr'><strong>ei</strong></span> <span class='ocrx_word' id='word_1_782' title='bbox 2450 5498 2810 5569; x_wconf 80' lang='lat' dir='ltr'><strong>convenerat,</strong></span> <span class='ocrx_word' id='word_1_783' title='bbox 2869 5514 2981 5555; x_wconf 90' lang='lat' dir='ltr'><strong>non</strong></span> <span class='ocrx_word' id='word_1_784' title='bbox 3046 5498 3281 5554; x_wconf 87' lang='lat' dir='ltr'><strong>desistit</strong></span> 
     </span>
    </p>
   </div>
   <div class='ocr_carea' id='block_1_165' title="bbox 2041 5569 3286 5646">
    <p class='ocr_par' dir='ltr' id='par_1_165' title="bbox 2041 5569 3286 5646">
     <span class='ocr_line' id='line_1_173' title="bbox 2041 5569 3286 5646; baseline -0.009 -11"><span class='ocrx_word' id='word_1_785' title='bbox 2041 5594 2056 5635; x_wconf 80' lang='grc' dir='ltr'><strong>ι</strong></span> <span class='ocrx_word' id='word_1_786' title='bbox 2194 5591 2323 5633; x_wconf 91' lang='lat' dir='ltr'><strong>eum</strong></span> <span class='ocrx_word' id='word_1_787' title='bbox 2367 5590 2550 5646; x_wconf 88' lang='lat' dir='ltr'><strong>orare,</strong></span> <span class='ocrx_word' id='word_1_788' title='bbox 2598 5580 2662 5629; x_wconf 91' lang='lat' dir='ltr'><strong>ut</strong></span> <span class='ocrx_word' id='word_1_789' title='bbox 2701 5581 2884 5646; x_wconf 74' lang='lat' dir='ltr'><strong>totum</strong></span> <span class='ocrx_word' id='word_1_790' title='bbox 2917 5571 2976 5646; x_wconf 68' lang='grc' dir='ltr'><strong>ξ.</strong></span> <span class='ocrx_word' id='word_1_791' title='bbox 3021 5569 3286 5646; x_wconf 71' lang='lat' dir='ltr'><strong>Sedi_re-</strong></span> 
     </span>
    </p>
   </div>
   <div class='ocr_carea' id='block_1_166' title="bbox 1947 5638 3284 5719">
    <p class='ocr_par' dir='ltr' id='par_1_166' title="bbox 1947 5638 3284 5719">
     <span class='ocr_line' id='line_1_174' title="bbox 1947 5638 3284 5719; baseline -0.006 -14"><span class='ocrx_word' id='word_1_792' title='bbox 1947 5653 2150 5719; x_wconf 79' lang='lat' dir='ltr'><strong>Hegira</strong></span> <span class='ocrx_word' id='word_1_793' title='bbox 2197 5650 2367 5719; x_wconf 78' lang='lat' dir='ltr'><strong>stitui</strong></span> <span class='ocrx_word' id='word_1_794' title='bbox 2409 5638 2592 5704; x_wconf 83' lang='lat' dir='ltr'><strong>curet.</strong></span> <span class='ocrx_word' id='word_1_795' title='bbox 2629 5644 2743 5700; x_wconf 89' lang='lat' dir='ltr'><strong>Cod</strong></span> <span class='ocrx_word' id='word_1_796' title='bbox 2773 5644 2880 5699; x_wconf 92' lang='lat' dir='ltr'><strong>Car</strong></span> <span class='ocrx_word' id='word_1_797' title='bbox 2912 5644 3011 5713; x_wconf 89' lang='lat' dir='ltr'><strong>Ep.</strong></span> <span class='ocrx_word' id='word_1_798' title='bbox 3043 5638 3133 5696; x_wconf 88' lang='lat'><strong>24.</strong></span> <span class='ocrx_word' id='word_1_799' title='bbox 3169 5643 3284 5713; x_wconf 87' lang='lat' dir='ltr'><strong>Pag</strong></span> 
     </span>
    </p>
   </div>
   <div class='ocr_carea' id='block_1_167' title="bbox 2001 5717 2336 5778">
    <p class='ocr_par' dir='ltr' id='par_1_167' title="bbox 2001 5717 2336 5778">
     <span class='ocr_line' id='line_1_175' title="bbox 2001 5717 2336 5778; baseline -0.018 0"><span class='ocrx_word' id='word_1_800' title='bbox 2001 5717 2104 5778; x_wconf 64' lang='grc'><strong>444</strong></span> <span class='ocrx_word' id='word_1_801' title='bbox 2196 5735 2250 5776; x_wconf 85' lang='grc' dir='ltr'><strong>ιι.</strong></span> <span class='ocrx_word' id='word_1_802' title='bbox 2283 5717 2336 5776; x_wconf 91' lang='lat'><strong>3.</strong></span> 
     </span>
    </p>
   </div>
   <div class='ocr_carea' id='block_1_168' title="bbox 1952 5815 3477 5898">
    <p class='ocr_par' dir='ltr' id='par_1_168' title="bbox 1952 5815 3477 5898">
     <span class='ocr_line' id='line_1_176' title="bbox 1952 5815 3477 5898; baseline -0.008 -14"><span class='ocrx_word' id='word_1_803' title='bbox 1952 5828 2018 5887; x_wconf 85' lang='lat'><strong>40</strong></span> <span class='ocrx_word' id='word_1_804' title='bbox 2050 5832 2169 5898; x_wconf 86' lang='lat' dir='ltr'><strong>Apr</strong></span> <span class='ocrx_word' id='word_1_805' title='bbox 2281 5827 2440 5883; x_wconf 91' lang='lat' dir='ltr'><strong>Pauli</strong></span> <span class='ocrx_word' id='word_1_806' title='bbox 2474 5821 2590 5898; x_wconf 61' lang='lat' dir='ltr'><strong>bet</strong></span> <span class='ocrx_word' id='word_1_807' title='bbox 2617 5821 2671 5880; x_wconf 93' lang='grc'><strong>5.</strong></span> <span class='ocrx_word' id='word_1_808' title='bbox 2790 5895 2799 5898; x_wconf 92' lang='lat'>_</span> <span class='ocrx_word' id='word_1_809' title='bbox 2967 5894 2980 5898; x_wconf 90' lang='lat'><strong>_</strong></span> <span class='ocrx_word' id='word_1_810' title='bbox 3085 5893 3096 5898; x_wconf 89' lang='lat'>_</span> <span class='ocrx_word' id='word_1_811' title='bbox 3175 5893 3226 5898; x_wconf 87' lang='lat'><strong>__</strong></span> <span class='ocrx_word' id='word_1_812' title='bbox 3376 5815 3477 5874; x_wconf 88' lang='lat'><strong>764</strong></span> 
     </span>
    </p>
   </div>
   <div class='ocr_carea' id='block_1_169' title="bbox 1983 5893 3291 5970">
    <p class='ocr_par' dir='ltr' id='par_1_169' title="bbox 1983 5893 3291 5970">
     <span class='ocr_line' id='line_1_177' title="bbox 1983 5893 3291 5970; baseline -0.005 -14"><span class='ocrx_word' id='word_1_813' title='bbox 1983 5904 2070 5970; x_wconf 86' lang='lat' dir='ltr'><strong>fer</strong></span> <span class='ocrx_word' id='word_1_814' title='bbox 2093 5893 2128 5958; x_wconf 78' lang='grc' dir='ltr'>ὃ</span> <span class='ocrx_word' id='word_1_815' title='bbox 2270 5900 2327 5956; x_wconf 92' lang='lat' dir='ltr'><strong>S.</strong></span> <span class='ocrx_word' id='word_1_816' title='bbox 2360 5896 2621 5955; x_wconf 85' lang='lat' dir='ltr'><strong>Pontifex</strong></span> <span class='ocrx_word' id='word_1_817' title='bbox 2657 5895 2874 5966; x_wconf 88' lang='lat' dir='ltr'><strong>patrias</strong></span> <span class='ocrx_word' id='word_1_818' title='bbox 2902 5894 3051 5950; x_wconf 63' lang='lat' dir='ltr'><strong>aedes</strong></span> <span class='ocrx_word' id='word_1_819' title='bbox 3084 5893 3144 5947; x_wconf 93' lang='lat' dir='ltr'><strong>in</strong></span> <span class='ocrx_word' id='word_1_820' title='bbox 3175 5893 3291 5949; x_wconf 82' lang='lat' dir='ltr'><strong>Mo-</strong></span> 
     </span>
    </p>
   </div>
  </div>
