3912 6408
154 380 256 443 925

1321 380 1678 440 APPENDIX
1712 377 1809 442 AD
1844 379 2413 439 CHRONOLOGIAM.

3468 381 3578 445 926

157 513 342 573 centia
370 525 438 570 ac
470 510 669 588 studio
693 510 939 570 alterius
964 511 1252 588 principis
1270 510 1606 588 Alexandri
1629 510 1813 588 cardi-
1836 515 1888 574 A
1920 512 2058 588 licet
2083 514 2184 572 illa
2216 529 2445 588 quoque
2475 515 2742 588 mutilata
2770 513 2950 573 fuerit
2998 513 3289 584 superius.
3331 512 3581 588 Exhibet

155 588 356 644 nalise
383 585 755 642 serenissima
801 582 979 657 gente
1017 582 1320 641 Farnesia:
1376 585 1545 657 cujus
1592 582 1812 638 beneﬁ—

153 660 371 726 centia},
399 657 739 713 liberalitati
760 656 823 712 et
838 671 991 713 curae
1009 661 1304 726 acceptum
1342 656 1597 712 referunt
1617 658 1812 710 aetates

155 744 349 785 omnes
371 730 547 785 decus
576 728 932 798 praecipuum
956 728 1222 784 Romana:
1251 728 1529 791 historiae,
1565 734 1684 782 tum
1713 739 1813 781 sa-

154 815 278 871 crae,
304 807 423 856 tum
450 798 721 869 profante.

223 872 573 942 Speciminis
602 871 809 943 igitur
837 871 1023 941 gratia
1043 871 1191 927 duos
1217 885 1286 943 ea
1314 870 1535 943 ingenti
1573 881 1812 927 numero

156 944 391 1014 seligam
425 942 668 1013 lapides,
694 942 958 997 Latinum
1002 955 1204 1013 unum,
1237 942 1481 998 alterum
1508 945 1807 1014 Graecum:

158 1013 319 1070 illum
344 1021 635 1084 repertum
667 1018 800 1069 ante
820 1027 1002 1069 annos
1024 1022 1236 1083 septem
1264 1015 1321 1069 in
1347 1014 1544 1070 littore
1564 1013 1808 1081 Antiati,

156 1088 410 1155 impensa
431 1092 486 1141 et
510 1085 913 1141 sollicitudine
932 1086 1226 1141 memorati
1246 1086 1562 1143 cardinalis
1578 1085 1807 1151 Albani,

156 1171 264 1212 non
290 1157 418 1212 sine
438 1156 794 1212 sanctissimi
831 1157 1014 1224 patris
1066 1157 1271 1211 laetitia
1299 1163 1355 1212 et
1409 1158 1812 1213 adhortatione

158 1229 272 1284 hazc
307 1228 493 1284 solida
527 1228 790 1284 historiae
812 1228 1167 1287 ﬁrmamenta
1189 1230 1630 1298 conquirentis;
1659 1229 1812 1283 hunc

158 1300 418 1368 verojam
452 1300 671 1369 pridem
698 1305 918 1368 notum,
946 1304 1003 1353 et
1039 1305 1172 1354 ante
1227 1312 1409 1355 annos
1465 1306 1733 1355 centenos
1758 1304 1813 1353 et

156 1371 405 1437 vicenos,
456 1377 513 1426 et
557 1371 707 1439 quod
768 1371 1044 1434 excurrit,
1105 1372 1377 1426 edituma
1431 1372 1678 1426 Grutero
1743 1383 1815 1424 ex

155 1442 346 1511 Pighii
382 1443 719 1497 transmissa
751 1442 976 1499 scheda.
1014 1444 1314 1510 desumpta
1337 1455 1405 1496 ex
1438 1443 1611 1497 libris
1638 1440 1808 1496 Anti—

156 1513 443 1583 quitatum
464 1513 803 1568 Bernardini
823 1512 1352 1568 cardinalisMaﬁaai
1384 1531 1395 1567 :
1416 1512 1473 1567 in
1493 1526 1604 1583 qua
1623 1520 1810 1567 tamen

151 1585 472 1652 descriptor
502 1586 581 1639 ita
608 1586 817 1639 vitiose
850 1585 1177 1639 reddiderat
1220 1584 1533 1640 nonnullos
1586 1597 1807 1647 versus,

152 1663 215 1709 ut
240 1656 473 1723 penitus
503 1656 879 1711 occultaverit
898 1656 1382 1724 pretiosissimum
1400 1656 1809 1711 documentum

149 1740 272 1780 tera:
300 1728 625 1795 Tyriorum,
663 1728 722 1781 in
764 1727 866 1781 illo
913 1740 1193 1782 marmore
1238 1728 1623 1796 compositum
1678 1738 1807 1780 cum

149 1798 455 1852 consulatu
476 1798 629 1853 Galli
658 1803 714 1852 et
734 1797 941 1866 Flacci,
964 1799 1219 1868 adeoque
1238 1812 1368 1853 cum
1390 1800 1617 1854 caeteris
1631 1797 1811 1852 omni-

1920 586 2075 658 enim
2107 586 2288 658 genus
2314 586 2599 658 quoddam
2622 587 2905 644 fastorum
2939 588 3233 657 persimile
3259 587 3579 658 municipa-

1921 656 2657 725 libusfvelutiCasinensi,
2712 661 2870 716 edito
2930 656 2989 714 in
3034 660 3190 715 notis
3243 661 3460 715 nostris
3488 656 3576 715 “ad

1920 727 1976 803 _S.
2006 729 2349 803 Clementem
2377 730 2549 793 infra,
2580 732 2833 803 aliisque
2863 731 3012 803 apud
3045 732 3356 787 Gruterum
3383 738 3440 786 et
3461 731 3578 787 Fa-

1919 797 2173 873 brottum
2200 802 2462 872 aliosque
2480 797 2846 873 antiquarios
2877 797 3159 858 videndis.
3212 803 3578 872 Quemadmo~

1919 870 2056 926 dum
2088 872 2239 927 enim
2284 875 2342 928 in
2366 870 2613 929 coloniis
2628 870 2689 929 et
2721 876 2780 929 in
2806 873 3145 943 municipiis
3192 870 3442 930 solemne
3460 880 3581 929 erat

1924 947 2005 1009 ut,
2041 944 2297 1013 exemplo
2331 944 2528 1015 populi
2561 947 2803 1001 Romani
2829 946 3146 1014 Quiritum,
3184 946 3577 1001 inciderentur

1925 1016 2235 1081 quotannis
2258 1017 2492 1072 nomina
2543 1016 2850 1072 consulum
2902 1017 3333 1073 ordinariorum
3390 1017 3579 1070 Roma:

1924 1083 2253 1165 ineuntium
2281 1088 2683 1165 magistratum
2715 1088 3141 1165 KalJanuarii,
3164 1103 3195 1142 a
3236 1087 3449 1158 quibus
3469 1101 3579 1141 an—

1923 1158 1982 1209 ni
2038 1158 2469 1213 nomenclatura
2510 1158 2826 1227 petebatur,
2873 1160 3081 1215 deinde
3148 1166 3581 1214 recenserentur

1922 1228 2154 1283 nomina
2169 1228 2252 1283 vel
2265 1230 2445 1284 duum
2463 1229 2651 1285 virum
2673 1230 2729 1284 in
2744 1230 3012 1298 coloniis,
3029 1230 3113 1285 vel
3128 1238 3374 1299 quatuor
3390 1232 3576 1284 virum

1919 1299 2039 1369 juri
2072 1300 2316 1355 dicendo
2336 1301 2395 1354 in
2447 1301 2812 1367 municipiis,
2880 1309 2983 1355 aut
3030 1301 3574 1370 quinquennalium,

1922 1371 2094 1440 (quod
2127 1371 2519 1439 conspicimus
2543 1373 2601 1425 in
2649 1372 2965 1440 Casinati);
3000 1372 3076 1427 ita
3133 1372 3238 1425 hoc
3275 1372 3333 1426 in
3392 1371 3583 1440 lapide

1922 1456 1989 1496 ex
2014 1442 2207 1496 ruinis
2237 1442 2398 1496 Antii
2422 1440 2627 1497 eﬁ‘osso
2664 1442 2879 1511 signati
2914 1448 3050 1499 sunt
3098 1443 3335 1496 Romani
3363 1456 3582 1497 consu—

1924 1513 2006 1567 les
2037 1513 2501 1568 ordinariiserie
2554 1513 2913 1582 continuata,
2971 1513 3140 1582 cujus
3198 1512 3577 1583 fragmentum

1923 1589 2215 1652 superstes
2240 1584 2521 1638 inchoata
2538 1584 2846 1640 consulatu
2871 1585 2972 1639 Cn.
3003 1585 3303 1639 Acerronii
3332 1583 3579 1653 Proculi,

1918 1662 1975 1710 et
2003 1658 2059 1708 C.
2098 1654 2571 1725 PontiiNigrini,
2596 1656 2904 1711 emortuali
2953 1654 3193 1725 Tiberii,
3238 1669 3363 1710 terte
3390 1659 3577 1710 autem

1918 1725 2262 1781 Christiana:
2287 1724 2375 1791 36,
2404 1724 2465 1781 et
2492 1728 2770 1797 pertingit
2790 1727 2857 1782 ad
2906 1726 3270 1782 consulatum
3308 1728 3578 1797 quintum

1917 1797 2137 1852 Tiberii
2171 1797 2421 1864 Claudii,
2458 1794 2982 1868 collega'Orphito,
3042 1812 3168 1852 {erae
3219 1794 3435 1852 Chr—isti
3490 1794 3577 1853 45.

148 1867 502 1948 busepochis
518 1869 977 1948 O_riental_iume_t
992 1868 1448 1948 Occidentalium
1465 1869 1803 1948 pOpulorum
1835 1888 1887 1948 Β
1918 1868 2180 1948 Singulis
2199 1882 2330 1948 vero
2359 1868 2467 1923 sub
2507 1869 2772 1948 collegiis
2808 1869 3112 1948 consulum
3168 1868 3581 1948 legunturin—

147 1938 310 1994 orbis
342 1940 616 1997 Romani:
646 1941 797 2009 quod
832 1940 998 1994 modo
1032 1941 1317 2009 integrum
1366 1946 1422 1994 et
1453 1938 1809 1995 custoditum

150 2010 205 2064 in
248 2011 560 2082 archetypo
589 2014 823 2066 Romam
857 2010 1075 2082 perlato
1119 2011 1179 2064 in
1216 2024 1468 2066 museum
1502 2010 1806 2073 Albanum,

146 2082 508 2138 nitidissime
548 2082 841 2151 sculptum
869 2081 1182 2149 cernimus,
1213 2088 1269 2136 et
1324 2088 1647 2150 opportune
1670 2093 1811 2149 pro-

143 2152 419 2208 ducimus
443 2154 513 2209 ad
541 2166 686 2208 aeras
720 2152 1019 2207 universas
1045 2152 1153 2206 hoc
1208 2152 1431 2220 duplici
1494 2151 1812 2221 specimine

145 2223 554 2292 illustrandas,
584 2230 641 2278 et
664 2222 1046 2279 stabiliendas
1070 2223 1127 2278 in
1150 2223 1368 2278 nostris
1391 2222 1608 2279 tabulis
1634 2223 1811 2278 chro-

142 2295 460 2366 nologicis,
490 2301 545 2366 et
571 2294 989 2366 antiquitatum
1039 2293 1423 2365 genuinarum
1467 2294 1813 2351 auctoritate

140 2379 244 2435 per
285 2365 474 2420 annos
501 2365 765 2435 singulos
790 2365 1162 2422 conﬁrmatis.

204 2438 434 2490 Mamor
463 2436 647 2506 igitur
666 2437 915 2504 primum
934 2437 1156 2492 Latinis
1194 2435 1412 2493 litteris
1431 2437 1807 2505 insculptum,

140 2507 277 2560 etin
312 2509 527 2579 veteris
550 2507 711 2579 Antii
770 2507 1080 2579 ruderibus
1140 2514 1450 2579 repertum,
1508 2514 1595 2564 est
1647 2506 1810 2576 frag-

145 2582 402 2648 mentum
434 2576 644 2632 tabula:
664 2577 987 2646 amplioris,
1033 2579 1091 2632 in
1125 2576 1235 2648 qua
1283 2576 1636 2648 dispesitum
1664 2592 1808 2633 con-

141 2647 441 2703 tinebatur
502 2647 915 2703 Kalendarium
971 2647 1290 2716 lulianum,
1365 2647 1423 2703 in
1505 2650 1806 2705 columnas

137 2718 445 2774 duodecim
476 2718 858 2774 distributum
894 2733 992 2787 per
1011 2721 1245 2775 totidem
1287 2721 1425 2775 anni
1478 2734 1718 2787 menses,
1748 2726 1804 2775 et

143 2789 499 2845 instructum
519 2790 724 2844 dietim
758 2790 962 2845 iisdem
984 2790 1147 2859 plane
1167 2791 1384 2846 litteris
1402 2790 1802 2848 indicantibus

138 2861 263 2932 dies
291 2862 493 2930 fastos,
526 2860 795 2929 nefastos,
830 2866 884 2916 et
941 2862 1283 2932 comitiales,
1333 2876 1551 2919 necnon
1578 2869 1797 2917 :etatem

143 2930 292 3005 luna:
324 2945 427 3005 per
452 2933 675 3003 cyclum
712 2938 1181 3005 octagrammum,
1212 2974 1217 2979 .
1251 2930 1379 3004 quae
1436 2935 1707 3005 leguntur
1738 2934 1797 2988 in

140 3003 512 3074 Farnesiano,
551 3018 648 3071 per
683 3004 830 3059 alios
856 3010 912 3059 et
935 3019 1032 3074 per
1058 3020 1162 3061 nos
1207 3003 1364 3061 edito
1407 3012 1464 3061 et
1498 3003 1798 3074 explicato

143 3073 198 3127 in
235 3074 393 3129 libro
415 3075 861 3146 deiKalendario
891 3073 946 3131 et
982 3077 1152 3146 Cyclo
1174 3078 1438 3132 Cmsaris.

210 3147 424 3202 Praeter
492 3145 633 3201 festa
687 3148 974 3216 praecipua
1030 3145 1416 3204 Romanorum
1469 3153 1528 3203 et
1580 3147 1801 3203 indicia

142 3214 734 3288 ludorum,leguntur
766 3218 822 3272 in
866 3214 972 3275 hoc
1020 3219 1240 3274 Antiati
1292 3220 1546 3289 propriis
1595 3218 1803 3275 diebus

139 3290 390 3358 ascripta
410 3296 565 3359 gesta
585 3290 872 3359 praecipua
889 3291 1216 3359 principum
1245 3289 1482 3345 familia:
1532 3291 1720 3358 Julize,
1749 3296 1805 3344 et

145 3360 200 3413 in
254 3362 518 3415 eamdem
576 3362 910 3429 ascitorum,
998 3361 1237 3430 natales,
1288 3361 1509 3430 funera,
1544 3374 1577 3416 a
1647 3361 1802 3416 Julio

140 3429 359 3502 caesare
388 3432 677 3487 dictatore
695 3433 765 3488 ad
797 3439 1017 3487 aetatem
1040 3433 1267 3488 Claudii
1291 3450 1305 3500 ;
1332 3433 1483 3487 inter
1508 3447 1632 3502 quae
1656 3431 1801 3487 illud

143 3500 447 3558 observare
471 3516 582 3557 non
610 3504 961 3629 pigeatquod
976 3504 1071 3559 die
1086 3502 1155 3558 20
1168 3503 1413 3573 Augusti
1429 3500 1805 3573 consignatur

144 3585 340 3629 nempe
376 3576 644 3629 INFERIAE
725 3574 1224 3629 .Cassaats.Diem
1253 3574 1624 3629 emortualem
1644 3574 1804 3629 Lucii

144 3585 340 3643 nempe
376 3576 644 3629 Insanus
673 3574 736 3629 L.
758 3574 1047 3630 CAESARIS.
1067 3576 1224 3629 Diem
1253 3574 1624 3630 emortualem
1644 3574 1804 3630 Lucii

142 3643 385 3700 Cmsaris
412 3658 571 3700 nunc
604 3646 851 3715 primum
892 3660 961 3701 ex
1025 3647 1131 3701 hoc
1177 3645 1397 3700 Antiati
1459 3644 1807 3701 Kalendario

146 3722 377 3784 certam,
411 3717 495 3771 ita
531 3716 787 3786 proxime
818 3717 1153 3772 deﬁniverat
1203 3717 1358 3771 card.
1415 3717 1693 3772 Norisius
1747 3718 1808 3771 in

144 3787 334 3843 Cenot.
371 3789 517 3850 Pis.,
554 3801 686 3857 pag.
714 3786 842 3854 265,
873 3795 937 3844 ut
961 3788 1443 3843 demonstraverit
1482 3787 1704 3843 obitum
1729 3788 1810 3842 il—

147 3857 263 3913 lius
290 3859 585 3928 principis
609 3857 804 3914 deberi
833 3859 1014 3915 alicui
1037 3873 1105 3914 ex
1123 3858 1330 3914 diebus
1354 3860 1690 3926 interceptis
1712 3859 1814 3913 in—

149 3934 230 3984 ter
255 3927 321 3985 46
346 3937 405 3986 et
429 3927 505 3985 21⁷
529 3933 799 4001 Augusti,
825 3936 1022 3986 contra
1044 3930 1337 3986 Salianum
1362 3936 1418 3986 et
1444 3929 1808 3998 Ricciolium,

148 4002 552 4070 protrahentes
591 4000 659 4055 ad
714 4002 1106 4057 Decembrem.
1188 4000 1485 4056 Norisiani
1553 4000 1807 4069 computi

148 4074 356 4127 veritas
384 4078 447 4129 et
473 4072 726 4128 felicitas
769 4073 876 4129 hoc
921 4086 1202 4128 marmore
1249 4071 1612 4142 comprobata
1664 4072 1810 4126 tanti

149 4156 258 4200 non
279 4149 457 4213 esset,
492 4144 562 4200 ad
612 4144 1046 4215 chronologiam
1072 4150 1135 4200 ut
1188 4145 1428 4213 ipsemet
1476 4143 1703 4215 scribit,
1760 4143 1810 4215 si

152 4227 237 4270 res
264 4216 528 4285 ejusdem
557 4216 843 4287 principis
866 4213 1087 4271 tantum
1118 4217 1448 4287 attingeret.
1493 4213 1655 4287 Quod
1674 4214 1815 4287 inde

154 4290 554 4356 consequitur,
583 4288 687 4342 hoc
716 4285 987 4343 ducimus
1019 4287 1201 4343 multo
1254 4285 1439 4356 pluris
1468 4285 1813 4341 habendum.

151 4355 545 4429 Consequitur
564 4365 755 4414 autem
780 4364 1151 4429 augmentum
1189 4355 1414 4414 ﬁducia:
1464 4358 1814 4414 industriam

155 4428 402 4484 nostram
436 4429 703 4485 excitans
732 4432 800 4484 ad
841 4428 1180 4491 pontiﬁcum
1224 4436 1552 4486 nostrorum
1572 4428 1818 4498 epochas

155 4499 556 4556 stabiliendae.
585 4502 827 4556 Perinde
848 4502 1001 4555 enim
1033 4506 1272 4570 possunt
1292 4515 1362 4557 ex
1390 4500 1606 4557 tabulis
1635 4500 1820 4568 depo-

156 4570 433 4642 sitionum
453 4571 551 4627 SS.
580 4579 894 4642 martyrum
949 4578 1007 4627 et
1042 4572 1398 4641 pontiﬁcum,
1454 4585 1648 4627 annuo
1698 4572 1820 4627 ritu

1920 1940 2041 1994 cisa
2064 1940 2296 1994 nomina
2345 1953 2442 1994 sex
2494 1941 2923 2010 magistrorum,
2982 1940 3067 1995 vel
3132 1954 3232 2009 pro
3267 1941 3581 2010 magistro-
3680 1940 3681 1943 “

1924 2024 2072 2083 rum,
2106 2011 2206 2080 qui
2242 2012 2559 2083 quotannis
2615 2012 2980 2083 eligebantur
3024 2011 3338 2083 adcuram
3366 2011 3453 2083 vel
3495 2010 3564 2065 ad

1924 2082 2239 2150 impensam
2272 2081 2539 2137 ludorum
2568 2096 2598 2137 e
2623 2081 2946 2152 corporatis
2969 2082 3181 2151 vernis,
3242 2083 3364 2137 sive
3394 2082 3581 2136 liber-

1921 2153 2000 2209 tis
2023 2151 2521 2224 domusAugustze
2561 2155 2621 2209 in
2679 2151 2898 2209 Antiati
2950 2168 3179 2210 secessu
3237 2152 3581 2223 degentibus

1918 2223 2108 2295 (quem
2138 2238 2170 2278 a
2199 2223 2417 2279 Tiberii
2441 2230 2605 2280 aetate
2622 2226 2690 2280 ad
2712 2226 3033 2281 Adrianum
3089 2225 3408 2295 principem
3462 2223 3583 2278 fre-

1922 2299 2259 2368 quentatum
2279 2295 2351 2350 ab
2377 2296 2656 2368 Augustis
2677 2298 2902 2352 ostendi
2954 2298 3013 2351 in
3046 2294 3289 2366 epistola
3315 2294 3581 2368 delapide

1920 2365 2142 2438 Antiati
2170 2379 2238 2421 ex
2276 2365 2630 2438 testimonio
2664 2375 2919 2423 veterum
2979 2365 3353 2438 scriptorum)
3382 2373 3439 2421 et
3468 2366 3579 2438 ad—

1920 2437 2099 2492 dictis
2130 2436 2409 2506 peculiari
2435 2438 2641 2504 ofﬁcio,
2666 2445 2721 2494 et
2750 2438 2983 2508 opiﬁcio
3038 2436 3363 2508 sigillatim,
3400 2442 3463 2492 ut
3488 2437 3582 2491 vi-

1920 2508 2109 2576 detur,
2147 2509 2204 2562 in
2223 2508 2393 2564 domo
2424 2510 2703 2581 Augusta.
2732 2507 2896 2565 Clare
2915 2507 3224 2566 admodum
3284 2507 3580 2581 conspici—

1919 2584 2017 2633 tur
2040 2581 2351 2635 VERNARUM
2376 2578 2757 2636 Diss‘Fesrus
2802 2582 2882 2636 ita
2914 2582 3180 2651 signatus
3207 2581 3265 2634 in
3294 2578 3396 2651 illo
3427 2591 3583 2632 mar-

1919 2663 2070 2721 more
2093 2651 2188 2705 die
2217 2651 2252 2703 6
2274 2651 2580 2719 Octobris;
2613 2656 2669 2706 et
2697 2653 2847 2707 inter
2877 2648 3181 2721 magistros
3233 2648 3343 2704 sub
3364 2662 3582 2721 consu-

1914 2720 2033 2774 latu
2064 2720 2189 2775 Tib.
2216 2722 2714 2777 ClaudiiCazsaris
2740 2731 2795 2777 et
2816 2719 3036 2777 Vitellii
3092 2724 3138 2776 ll
3192 2722 3338 2790 (aera:
3416 2719 3579 2774 Chri-

1909 2792 2111 2846 stianae
2133 2790 2220 2859 43)
2252 2793 2466 2861 legitur
2498 2795 2843 2847 Lvsxnacnus
2869 2807 3120 2848 AEDITUUS
3150 2793 3246 2848 Dei
3303 2791 3394 2846 sui
3433 2791 3584 2846 VER-

1908 2875 2074 2918 NANl:
2112 2877 2279 2934 quem
2310 2863 2536 2919 scilicet
2555 2866 2787 2934 genium
2820 2878 2989 2920 suum
3040 2864 3339 2920 tutelarem
3369 2867 3424 2916 et
3451 2875 3584 2934 _pa—.

1909 2931 2146 2989 tronuni
2170 2936 2459 3005 elegerant
2496 2931 2783 3005 corporati
2821 2937 2918 2991 isti
2961 2950 3145 2991 vernae
3198 2942 3254 2990 et
3296 2934 3392 2989 die
3442 2931 3584 2988 festo

1910 3004 2191 3074 peculiari
2220 3004 2609 3062 celebrabant.
2641 3008 2885 3077 Opiﬁcia
2912 3013 2968 3062 et
3028 3005 3416 3077 professiones
3445 3017 3584 3077 pro—

1911 3073 2441 3145 priaelibertorusm
2475 3086 2529 3133 et
2553 3073 2856 3134 vernarum
2888 3073 3095 3134 domus
3150 3078 3422 3145 Augustae
3475 3073 3585 3129 ob-

1911 3154 2212 3204 servantur
2237 3150 2447 3218 passim
2466 3151 2752 3219 adjunctze
2792 3149 3127 3205 nominibus
3178 3147 3579 3219 singulorum:

1833 3248 1882 3310 Ο
1913 3225 2051 3275 sunt
2075 3216 2406 3310 autemmillze
2438 3216 2691 3310 Ptsron,n
2724 3224 3112 3287 Juscuumus,
3168 3216 3419 3310 Lies'soa,
3469 3216 3582 3310 Tu-

1911 3304 2206 3359 GULARIUS,
2256 3294 2579 3358 TOPIARIUS,
2652 3294 3127 3358 Psvnuemanws,
3180 3291 3581 3358 DlSPENSATOB,

1912 3364 2237 3431 SCBULICUS,
2286 3377 2319 3416 A
2416 3364 2835 3429 SurELLscrtLE,
2887 3376 2921 3417 A
3006 3364 3354 3431 CORlNTllllS,
3449 3362 3581 3427 etc.,

1914 3434 2042 3489 alue
2072 3446 2303 3502 quoque
2328 3432 2645 3487 nobiliores
2665 3440 2981 3489 occurrunt
3002 3434 3220 3494 PICTOR,
3260 3430 3579 3502 Aratensts,

1915 3499 2269 3569 Maenius}
2329 3504 2710 3558 BtBLlOTllECA.
2782 3506 2987 3559 Verum
3044 3503 3163 3557 haec
3214 3499 3580 3570 expendenda

1917 3586 2272 3629 reservamus
2318 3574 2696 3643 eXplicationi
2754 3574 3034 3645 peculiari
3092 3573 3332 3641 hujusce
3374 3583 3587 3625 monu-

1920 3645 2116 3713 menti,
2151 3658 2258 3699 suo
2284 3646 2407 3699 loco
2429 3646 2685 3699 edendae.

1988 3716 2385 3784 Chronologize
2419 3716 2706 3771 utilitates
2737 3716 2833 3772 hic
2858 3714 3256 3771 tantummodo
3304 3718 3441 3768 sunt
3491 3715 3582 3766 at-

1921 3787 2225 3856 tingendae.
2259 3787 2487 3855 Epocha
2542 3801 2743 3856 pugna:
2794 3792 2851 3842 et
2907 3799 3174 3841 vxcronw
3223 3786 3583 3856 Pnausauca;

1923 3858 2005 3913 ibi
2029 3855 2308 3913 adnotata
2329 3855 2553 3928 legitur
2571 3855 2640 3912 ad
2670 3859 2821 3913 diem
2857 3872 3061 3913 nonam
3091 3857 3306 3912 mensis
3333 3855 3587 3927 Augusti

1924 3932 2097 3984 DIVUS
2121 3930 2241 3982 JUL.
2272 3929 2600 3983 Pnansaua:
2628 3943 2792 3986 vxcn'.
2823 3931 2949 3985 llaec
3002 3929 3183 3985 nullis
3239 3938 3584 3984 monumen-

1923 4000 2002 4056 tis
2029 4004 2182 4055 certa
2226 4000 2501 4055 hactenus
2556 4001 2920 4065 reddebatur,
2980 4001 3115 4057 licet
3170 3999 3584 4056 felicissimum

1924 4071 2223 4141 ingenium
2254 4085 2360 4126 em.
2387 4072 2707 4128 cardinalis
2744 4072 2963 4128 Norisii
2995 4086 3062 4129 ex
3087 4073 3319 4129 collatis
3339 4069 3585 4127 auctori-

1922 4140 2140 4198 latibus
2170 4148 2421 4198 veterum
2464 4144 2810 4213 scriptorum
2857 4158 3026 4214 quam
3052 4146 3308 4213 proxime
3337 4143 3405 4197 ad
3428 4140 3585 4196 illam

1925 4214 2200 4285 acesserit
2252 4215 2309 4269 in
2372 4216 2596 4284 Epocha
2660 4216 3201 4285 Syromacedonum,
3271 4215 3505 4271 dissert.
3531 4215 3584 4280 3,

1926 4300 2045 4355 cap.
2163 4287 2395 4341 Praestat
2419 4283 2668 4343 attamen
2703 4283 2984 4342 omnibus
3026 4286 3392 4343 documentis
3438 4291 3591 4340 tem-

1928 4370 2130 4429 porum
2152 4357 2256 4412 hoc
2276 4358 2334 4411 in
2357 4358 2547 4428 lapide
2565 4359 2922 4429 consignatis
2936 4357 3235 4429 seriesilla
3256 4356 3583 4429 consulum.

1928 4426 2055 4501 Quae
2081 4428 2212 4497 plus
2244 4426 2661 4500 quam‘viginti
2700 4426 2859 4501 paria
2892 4429 3075 4485 incisa
3104 4427 3287 4485 fuisse
3337 4426 3594 4483 ostendit

1930 4499 2067 4555 huic
2100 4501 2368 4571 marmori
2398 4499 2572 4571 supra
2615 4499 2719 4557 hoc
2762 4509 3033 4557 semestre
3089 4500 3342 4570 spatium
3386 4507 3591 4571 exten-

1930 4585 2057 4626 sum
2085 4584 2117 4625 a
2145 4570 2300 4627 Julio
2353 4573 2422 4628 ad
2476 4569 2862 4629 Decembrem.
2906 4569 3164 4627 Totidem
3183 4584 3313 4627 cum
3358 4569 3594 4625 referret

151 4640 228 4714 ab,
246 4643 507 4700 Ecclesia
529 4638 991 4712 memoratarum,
1042 4638 1173 4699 dies
1220 4638 1545 4700 earumdem
1576 4643 1816 4712 ﬁrmari,
1848 4638 1905 4701 D
1932 4642 2254 4711 praecedens
2305 4651 2576 4699 semestre
2624 4646 2988 4714 deperditum
3018 4659 3050 4698 a
3083 4657 3273 4700 mense
3310 4642 3593 4714 Januario

154 4712 359 4769 selecta
393 4716 446 4770 si
474 4716 867 4786 adjungantur
896 4721 1264 4773 monumenta
1299 4721 1354 4770 et
1375 4717 1815 4786 comparentur:

158 4794 221 4838 ac
251 4786 444 4858 potuit
475 4799 544 4842 ex
604 4785 887 4841 marmore
952 4788 1257 4858 Antiatumr
1308 4786 1658 4858 recognosci,
1713 4785 1818 4858 illo

159 4857 421 4928 nondum
458 4864 787 4928 conspecto,
822 4858 975 4913 diem
1004 4864 1190 4913 tamen
1213 4857 1409 4914 obitus
1447 4856 1525 4913 'L.
1576 4856 1820 4913 Caesaris

157 4927 368 4999 optime
398 4926 587 4985 fuisse
608 4926 923 4984 deductum
955 4929 1280 4999 aequalibus
1330 4943 1398 4985 ex
1453 4929 1818 4984 documentis

160 4994 410 5070 lapidum
442 5006 501 5054 et
531 5013 901 5056 nummorum
936 4994 1039 5070 per
1058 5001 1356 5056 Norisium
1386 5004 1607 5056 mature
1629 4999 1819 5056 consi-

157 5066 407 5142 deratis;
438 5072 590 5140 quod
627 5066 951 5141 praestitum
994 5071 1271 5127 similiter
1321 5072 1725 5142 cognoscimus
1756 5070 1815 5125 in

158 5138 685 5213 Circumscribenda
713 5144 811 5199 die
828 5159 1030 5213 pugna;
1078 5138 1427 5210 Pharsalicaé,
1479 5141 1616 5213 licet
1665 5155 1818 5197 nunc

163 5210 406 5283 primum
458 5214 748 5270 declarata
814 5210 894 5270 sit
956 5214 1061 5269 hoc
1121 5214 1178 5268 in
1233 5213 1427 5268 eodem
1499 5212 1817 5283 fragmento

162 5280 494 5407 galetndarii
520 5286 589 5341 ad
623 5285 776 5341 diem
799 5300 829 5342 v
857 5285 993 5342 Idus
1020 5285 1293 5356 Augusti,
1317 5297 1444 5339 cum
1476 5280 1617 5341 non'
1646 5284 1819 5355 igno-

226 5365 283 5407 re
317 5369 405 5407 lll‘.

165 5364 405 5409 raretur.

226 5425 538 5481 Doluimus
576 5427 824 5497 reperiri
854 5426 1251 5484 tantummodo
1292 5426 1549 5496 potuisse
1603 5430 1818 5495 partem

161 5492 398 5570 hujusce
429 5492 754 5569 marmoris,
809 5513 936 5570 quae
976 5501 1235 5556 continet
1279 5492 1387 5570 sex,
1424 5492 1643 5553 menses
1680 5499 1817 5552 anni

159 5563 371 5639 Juliani
409 5563 997 5638 posterioresa'lulio
1033 5572 1103 5627 ad
1170 5569 1554 5637 Decembrem,
1609 5581 1821 5639 eosque

162 5647 267 5693 non
300 5638 562 5710 integros
606 5655 736 5698 cum
792 5641 986 5698 tabula
1043 5641 1415 5712 sequioribus
1462 5638 1817 5696 aetatibusin

163 5714 346 5773 partes
376 5716 540 5766 secta
565 5718 667 5768 aut
689 5712 980 5769 confracta
1008 5713 1275 5769 decadem
1316 5712 1543 5769 dierum
1593 5717 1819 5782 postre—

164 5791 301 5854 mam
325 5784 601 5839 amiserit
628 5785 686 5839 in
716 5783 971 5854 singulis
1003 5784 1314 5841 mensibus.

223 5852 413 5925 Auget
456 5855 709 5925 pretium
740 5851 916 5923 huius
939 5853 1479 5925 monumenti,licet
1514 5851 1817 5924 confracti,

165 5923 339 5988 parsil
366 5924 423 5982 la
437 5924 651 5982 tabulae
663 5939 791 5996 quae
817 5939 992 5996 supra
1019 5923 1428 5987 Kalendarium
1459 5923 1813 5997 extenditur,

1928 4714 1998 4770 ad
2029 4715 2287 4787 iunium,
2308 4713 2776 4787 consequitur’ut
2804 4716 2942 4771 anni
2970 4716 3231 4771 continui
3270 4713 3400 4787 plus
3418 4725 3588 4782 quam

1928 4786 2314 4912 guadraginta
2335 4801 2400 4841 ac
2424 4785 2658 4843 totidem
2685 4788 2845 4856 paria
2874 4788 3181 4843 consulum
3210 4785 3378 4841 nobis
3405 4789 3590 4838 osten-

1969 4862 2203 4912 erentur
2226 4870 2257 4912 e
2289 4859 2473 4912 primo
2498 4859 2716 4912 Christi
2775 4859 2986 4912 saeculo
3022 4872 3122 4912 per
3173 4858 3411 4912 unicum
3438 4855 3590 4910 hunc

1969 4862 2203 4912 erentur
2226 4870 2257 4912 e
2289 4859 2473 4926 primo
2498 4855 2716 4914 Christi
2775 4859 2986 4914 saeculo
3022 4872 3122 4928 per
3173 4858 3411 4913 unicum
3438 4855 3592 4910 hunc

1930 4927 2200 5001 lapidem,
2226 4929 2445 4995 integer
2492 4931 2543 4984 si
2566 4931 2635 4984 ad
2670 4943 2774 4984 nos
2803 4927 3189 5001 pervenisset:
3222 4928 3587 5001 quibuscum

1926 4998 2061 5053 addi
2090 5006 2318 5068 possent
2343 5012 2411 5054 ex
2432 5013 2713 5056 marmore
2735 4998 2991 5056 Casinati
3024 5014 3220 5057 novem
3244 4998 3356 5068 illa
3386 5011 3587 5053 consu-

1928 5068 2045 5124 lum
2068 5067 2308 5142 collegia
2330 5084 2395 5125 ex
2423 5071 2696 5135 Capitone
2721 5078 2775 5125 et
2800 5070 2945 5142 Rufo
3001 5071 3236 5142 (Christi
3260 5067 3349 5139 67)
3379 5069 3447 5124 ad
3482 5068 3594 5123 Ve-

1927 5140 2183 5212 spasiani
2210 5142 2271 5195 Vl
2301 5148 2357 5196 et
2394 5142 2509 5196 Titi
2532 5141 2828 5212 V(Christi
2864 5140 2954 5211 75)
2982 5140 3230 5198 feliciter
3256 5145 3593 5212 przeservata

1928 5217 1986 5266 et
2014 5210 2260 5282 inferius
2288 5211 2565 5282 impressa
2601 5210 2661 5268 in
2704 5213 2858 5268 notis
2914 5217 2984 5270 ad
3009 5215 3064 5268 S.
3105 5210 3470 5273 Clementem,
3498 5212 3594 5266 vi—

1929 5281 2395 5357 deremus‘tfastos
2415 5284 2753 5357 consulares
2777 5284 2908 5357 plus
2934 5299 3107 5357 quam
3125 5284 3361 5342 dimidii
3390 5283 3591 5357 saeculi

1930 5355 1989 5407 in
2021 5367 2133 5408 aera
2184 5354 2515 5411 Christiana
2572 5356 2860 5425 principis
2906 5354 3135 5413 duobus
3204 5354 3591 5412 marmoribus

1930 5425 2113 5498 musci
2155 5425 2362 5481 Albani
2418 5425 2837 5496 comprobatos.
2886 5428 3209 5498 Supersunt
3251 5434 3499 5498 attamen
3523 5440 3592 5482 ex

1930 5495 2034 5569 illo
2065 5509 2305 5552 numero
2331 5497 2738 5569 compluresin
2787 5495 3033 5569 Antiati,
3092 5506 3153 5555 ut
3186 5513 3340 5555 aenea
3392 5496 3591 5554 tabula

1929 5568 2302 5641 demonstrat,
2333 5567 2581 5641 ﬁdeliter
2609 5583 2875 5638 expressa
2924 5584 2993 5626 ex
3021 5567 3370 5641 archetypo,
3394 5576 3451 5625 et
3494 5570 3590 5625 hic

1935 5639 2235 5694 inserenda
2262 5640 2600 5708 speciminis
2628 5641 2812 5711 gratia
2844 5656 2911 5697 ex
2955 5639 3295 5699 collectione
3339 5639 3590 5697 marmo-

1930 5724 2055 5784 rum
2088 5711 2420 5784 Latinorum
2440 5712 2513 5784 ad
2534 5712 2973 5784 chronologiam
3000 5716 3438 5784 pertinentium.

2000 5781 2275 5855 Produco,
2308 5782 2661 5855 elapidibus
2684 5781 2901 5841 Graecis
2921 5781 3176 5855 ejdsdem
3225 5786 3409 5843 musei
3440 5782 3588 5840 emi-

1928 5853 2260 5908 nentissimi
2286 5853 2596 5929 Alexandri
2619 5853 3040 5929 card.Alba'ni,
3097 5859 3343 5915 alterum
3400 5857 3588 5911 docu-

1930 5929 2179 5981 mentum
2210 5929 2268 5981 et
2313 5923 2732 5985 ﬁrmamentum
2780 5923 3189 6002 chronologiae,
3235 5930 3590 5998 conjungens
