3912 6402
149 383 256 442 929

1315 383 1672 441 APPENDIX
1715 384 1811 440 AD
1846 383 2418 442 CHRONOLOGIAM.

3485 387 3591 445 930

146 515 420 599 epocham
446 514 749 600 Tyriorum
778 529 908 573 cum
925 529 1046 600 gara
1068 515 1362 600 consuiari
1386 534 1401 587 ς
1426 515 1644 600 quibus
1667 528 1813 600 conf
1840 514 1897 573 A
1929 515 2286 600 quae-Latine
2298 515 2400 600 niia
2427 515 2740 600 reddendae.
2753 519 2890 571 sunt
2912 534 2931 599 ε.
2953 514 3274 600 Colonoruin
3305 520 3589 600 conuocato

151 585 339 659 nexis,
389 585 588 644 omnes
630 587 873 658 reliquae
920 588 1179 644 Orientis
1220 595 1276 644 et
1321 585 1654 644 OCcidentis
1683 585 1808 643 orbi

148 660 403 715 Romano
428 659 673 729 cOgnitm
702 660 1042 729 redduntur,
1077 672 1190 715 non
1223 660 1418 714 minus
1442 667 1630 715 certae.

219 731 414 786 Graeca
466 730 584 785 haec
629 729 824 785 tabula
873 730 1106 785 exhibet
1153 730 1455 800 epistolam
1505 731 1809 800 Tyriorum

149 801 301 871 apud
332 801 597 858 Puteolos
625 802 980 872 degentium,
1012 802 1284 871 scriptam
1312 815 1347 856 x
1375 801 1660 857 Kalendas
1686 800 1812 872 Au-

148 871 786 944 gus_ti,_GalloetFlacco
799 873 1141 929 consulibus
1157 873 1236 944 (id
1257 871 1812 929 estannoaaraeChri-

146 940 227 1015 sti
243 940 363 1015 474)
375 945 444 1000 ad
467 944 867 1015 magistratum
890 940 1265 1014 praecipuum,
1286 949 1543 1001 senatum
1563 950 1621 999 et
1638 957 1811 1015 popu-

152 1014 273 1071 lum
298 1016 503 1086 patrim
523 1014 661 1084 suae,
685 1016 869 1085 Tyriae
890 1016 1118 1072 scilicet
1137 1015 1419 1086 civitatis,
1446 1029 1617 1085 quam
1642 1014 1813 1070 hone-

148 1091 308 1142 stant
328 1086 600 1143 omnibus
628 1086 823 1141 titulis
846 1087 971 1155 ejus
993 1087 1323 1155 dignitatis,
1349 1086 1531 1141 Sacra:
1553 1091 1603 1141 et
1622 1087 1812 1139 invio—

151 1158 280 1212 latae
309 1174 374 1212 ac
406 1160 520 1213 suis
563 1158 773 1225 legibus
802 1160 1027 1223 utentis,
1066 1158 1419 1227 Metropoleos
1450 1158 1734 1213 Phozniciaz
1763 1160 1812 1210 et

142 1230 394 1298 plurium
438 1231 723 1283 ciuitatum
759 1234 925 1297 atque
964 1230 1360 1293 Navarchidos,
1408 1245 1503 1283 seu
1544 1230 1807 1283 classica.

148 1300 385 1355 Eosdem
420 1300 625 1355 titulos
652 1302 798 1370 Tyro
823 1300 1137 1356 attributos
1169 1301 1519 1370 produxerat
1553 1301 1657 1355 hoc
1685 1300 1811 1368 ipso

149 1385 218 1426 ex
242 1384 522 1427 marmore
543 1372 699 1428 card.
723 1372 993 1442 Norisius
1013 1369 1430 1442 inter’epochas
1448 1369 1808 1442 Syromaced.

148 1442 220 1497 de
252 1442 355 1497 illa
382 1456 560 1514 agens
589 1443 733 1498 diss.
767 1439 819 1511 4,
854 1457 975 1512 cap.
1019 1440 1073 1508 3,
1111 1439 1514 1513 ubi—feliciter,
1550 1447 1614 1498 ut.
1644 1441 1810 1514 solet,

149 1513 454 1569 assecutus
500 1514 736 1570 initium
780 1528 905 1569 zerze
946 1514 1272 1584 Tyriorum,
1321 1514 1466 1569 illud
1512 1513 1813 1582 perspicue

147 1584 504 1641 demonstrat
520 1600 587 1641 ex
602 1585 763 1641 Actis
784 1586 1189 1641 conciliorum.
1210 1587 1289 1640 Ex
1306 1586 1536 1641 Gruteri
1559 1585 1621 1639 ed
1634 1584 1814 1639 itione

152 1656 1184 1713 mutuaturtantummodotitulorum
1207 1655 1813 1711 attributionem.Cor-

148 1727 282 1798 date
314 1728 370 1783 id
407 1728 640 1798 quidem
677 1746 693 1797 ;
727 1741 855 1783 nam
903 1728 1127 1784 schedae
1171 1728 1483 1796 Pighianaa,
1518 1741 1550 1782 a
1594 1725 1814 1797 quibus

144 1795 440 1855 Gruterus
468 1795 712 1869 excepit,
746 1799 1196 1855 obliteraverant
1229 1799 1458 1869 insigne
1488 1795 1812 1854 documen-

148 1873 270 1941 tum
296 1883 423 1925 εει-ιθ
446 1870 769 1941 Tyriorum.
796 1871 947 1940 quod
980 1870 1277 1941 inprecenti
1299 1870 1636 1941 Gruteriani
1668 1882 1812 1937 ope-

147 1940 235 2011 ris
266 1939 526 1997 editione
559 1941 797 2011 perinde
817 1939 986 2009 latet,
1021 1939 1156 1995 licet
1186 1940 1517 2009 complures
1545 1947 1811 1995 auctores

150 2010 231 2064 ibi
277 2010 692 2080 producantur,
729 2012 827 2081 qui
860 2011 1117 2081 ejusdem
1152 2010 1367 2080 lapidis
1399 2011 1808 2066 meminerunt.

145 2083 380 2138 Nemini
408 2097 478 2139 ex
504 2084 599 2139 his
626 2084 823 2138 datum
852 2081 967 2137 fuit
993 2084 1362 2152 archetypum
1393 2081 1651 2138 conferre
1681 2096 1811 2137 cum

143 2153 385 2225 schedis
433 2154 758 2225 Pighianis.
802 2153 1096 2208 Vidissent
1144 2152 1393 2225 profecto
1438 2154 1724 2224 integrum
1758 2157 1815 2208 et

146 2224 525 2280 manifestum
587 2226 993 2279 documentum
1057 2238 1185 2279 aera;
1244 2224 1547 2294 Tyriorum
1603 2236 1691 2277 ccc
1745 2238 1812 2278 ex

140 2300 434 2351 autumno
468 2295 810 2365 respondere
849 2295 1191 2351 consulibus
1228 2296 1413 2351 Tusco
1453 2301 1510 2350 et
1538 2295 1703 2350 Gallo
1731 2294 1814 2365 (in

141 2380 258 2421 aera
295 2366 517 2421 Christi
567 2362 710 2436 174).
752 2367 866 2421 Iloc
904 2366 1094 2435 ipsum
1137 2373 1398 2436 apertum
1450 2367 1684 2422 reddere
1714 2362 1813 2435 par

142 2445 251 2499 est,
294 2442 600 2507 postquam
634 2436 953 2492 cardinalis
980 2438 1185 2492 Albani
1216 2437 1492 2493 beneﬁcio
1519 2437 1576 2491 in
1612 2437 1813 2492 Urbem

146 2507 437 2577 perlatum
455 2521 706 2563 marmor
720 2507 947 2563 illustre
966 2509 1155 2564 reddit
1174 2509 1569 2563 testimonium
1586 2508 1815 2577 epochm

144 2579 305 2649 Tyri,
345 2578 563 2647 optime
596 2580 832 2647 pariatae
873 2594 903 2633 a
953 2579 1237 2633 cardinali
1269 2580 1523 2645 Norisio,
1557 2592 1625 2633 ex
1654 2579 1815 2634 Actis

144 2649 561 2716 conciliorum,
591 2663 718 2703 cum
742 2663 856 2704 mra
876 2650 1206 2704 Christiana
1229 2656 1439 2704 etcum
1464 2650 1649 2704 Fastis
1671 2664 1819 2705 con-

145 2720 454 2777 sularibus
480 2721 889 2790 Romanorum,
916 2722 1066 2776 unde
1088 2734 1453 2776 commensus
1480 2721 1815 2776 tutissimus

148 2791 461 2863 colligitur
478 2805 609 2863 cum
628 2792 852 2863 caeteris
872 2791 1142 2847 omnibus
1162 2791 1552 2863 chronologiac
1569 2792 1819 2847 cardini-

146 2862 258 2919 bus
300 2862 455 2932 apud
507 2862 831 2919 Orientales
874 2868 929 2918 et
971 2862 1389 2918 Occidentales.
1435 2864 1498 2918 In
1540 2876 1821 2919 marmore

149 2934 343 3006 igitur
372 2933 685 3006 Puteolano
718 2933 836 2989 haec
866 2934 1259 2990 observantur.

217 3005 949 3075 Inscriptionisexordium
966 3011 1052 3061 est
1068 3006 1280 3062 titulus
1292 3004 1573 3075 epistolae,
1592 3006 1821 3075 scripta:

149 3076 241 3132 die
268 3078 477 3131 decimo
505 3078 632 3130 Kal.
680 3078 939 3144 Augusti.
977 3079 1144 3132 Tusco
1175 3082 1226 3131 et
1264 3077 1421 3132 Gallo
1448 3077 1760 3132 consulibus
1790 3092 1823 3133 a

150 3148 348 3218 Tyriis
407 3148 559 3217 apud
618 3148 887 3204 Puteolos
952 3150 1261 3205 stationem
1324 3147 1696 3217 habentibus,
1749 3150 1819 3205 ad

151 3226 426 3313 $99329.
440 3219 815 3313 33.994892“
825 3219 878 3313 13
885 3232 974 3313 5‘3?
1000 3220 1427 3313 i‘i‘ﬁg‘i‘ﬂ‘ﬂf‘.‘
1435 3234 1522 3313 ef?
1534 3221 1818 3313 39.91.33}?
1853 3250 1902 3313 C

150 3290 372 3346 litteris
397 3289 807 3362 amplioribus,
837 3290 973 3347 licet
998 3292 1231 3347 Gruteri
1264 3289 1425 3362 prior
1451 3296 1508 3347 et
1534 3299 1821 3360 postrema

152 3362 335 3418 editio
398 3362 648 3417 minutis
711 3361 1148 3418 characteribus
1212 3361 1449 3417 titulum
1511 3363 1817 3431 exprimat,

155 3433 398 3503 perinde
429 3447 495 3488 ac
526 3433 575 3489 si
606 3438 797 3489 essent
827 3439 973 3488 notae
1006 3434 1203 3503 potius
1232 3446 1403 3502 quam
1436 3446 1568 3502 pars
1601 3434 1816 3490 inscri-

156 3505 401 3574 ptionis.
439 3506 520 3559 Ita
549 3506 702 3561 enim
733 3505 1164 3575 exprimumtur
1193 3504 1402 3561 litteraa
1432 3504 1594 3560 tituli
1626 3524 1638 3559 :

324 3608 699 3667 EHICTOAH
742 3610 1089 3666 ΓΡΑΦΕΙΟΑ
1125 3610 1214 3665 ΤΗ
1255 3609 1504 3681 ΠΟΛΕΙ,
1546 3615 1652 3666 etc.

296 3699 551 3770 Epistola
580 3702 786 3771 scripta
810 3702 1040 3763 ciuitati,
1069 3704 1176 3755 etc.

226 3790 361 3846 Post
399 3788 547 3844 hanc
577 3789 879 3859 epistolam
916 3790 1098 3845 incidi
1130 3794 1412 3845 curarunt
1437 3789 1595 3859 Tyrii
1631 3788 1828 3845 statio-

161 3874 282 3917 nem
314 3860 596 3915 habentes
623 3861 878 3917 Puteolis
910 3863 1043 3917 Acta
1073 3867 1309 3916 senatus
1337 3861 1636 3930 Tyriorum
1667 3874 1731 3915 ea
1756 3861 1828 3916 de

163 3946 218 4003 re
242 3932 434 3988 coacti
466 3936 593 4001 post
620 3941 900 4002 receptam
930 3932 1256 4003 epistolam,
1293 3929 1472 3987 die’ﬂl
1504 3934 1705 3987 mensis
1736 3934 1828 3988 Dii

161 4002 278 4074 (qui
334 4003 634 4059 secundus
699 4011 823 4059 erat
888 4002 1150 4059 in’anno
1202 4003 1722 4072 Syromacedonum
1770 4006 1828 4058 et

161 4062 489 4145 Tyriorum,
520 4080 586 4129 ut
614 4074 885 4131 laudatus
914 4075 1071 4131 card.
1107 4062 1377 4131 Nori'sius
1402 4075 1675 4144 ostendit,
1709 4074 1830 4130 dia-

165 4159 417 4216 gramma
443 4146 921 4217 producensanni
942 4153 1000 4202 et
1020 4148 1300 4203 mensium
1323 4147 1649 4217 Tyriorum,
1676 4145 1829 4217 unde

167 4214 735 4289 cognoscituridiem
766 4216 829 4272 21
878 4219 1095 4275 mensis
1124 4219 1217 4274 Dii
1253 4214 1469 4287 pari‘ari
1510 4214 1644 4273 cum
1670 4214 1706 4271 8
1730 4219 1831 4272 De-

164 4288 413 4344 cembris
434 4288 573 4360 anni
595 4289 621 4341 J
632 4289 684 4344 ul
696 4289 813 4344 iani
837 4289 1009 4345 Roma
1021 4289 1277 4360 norum);
1297 4306 1442 4344 anno
1465 4292 1830 4343 trecentesimo

188 4359 476 4430 inchoato)
504 4373 629 4415 zerze
654 4361 978 4430 Tyriorum,
1010 4374 1079 4415 ex
1108 4362 1203 4416 die
1228 4359 1298 4415 ⁷49
1323 4361 1537 4416 mensis
1561 4360 1831 4416 Octobris

213 4432 431 4498 omani,
465 4432 536 4486 de
566 4444 721 4487 more
745 4445 960 4489 annum
995 4431 1343 4489 inchoantis.
1375 4435 1529 4488 lianc
1564 4445 1733 4487 aaram
1761 4445 1831 4487 ex

169 4501 321 4575 Actis
346 4509 935 4575 senatusexpressam
969 4505 1227 4572 proxime
1251 4518 1283 4560 a
1316 4502 1828 4575 receptislitteris,

170 4572 318 4648 datis
343 4589 376 4629 x
410 4574 538 4648 Kal,
571 4573 827 4648 Augusti
868 4576 1052 4631 Tusco
1079 4581 1135 4631 et
1160 4575 1326 4632 Gallo
1356 4572 1719 4648 consulibus,
1751 4572 1830 4631 ita

176 4644 418 4702 incisam
450 4644 695 4702 exhibet
715 4660 967 4704 marmor
993 4664 1005 4701 :

356 4755 651 4802 summus
689 4758 916 4803 nomn:
954 4758 1251 4805 ascensu:
1308 4747 1408 4808 EX.
1442 4764 1591 4809 AlOT.
1630 4765 1758 4810 ror.

1081 4824 1131 4833 —.

831 4836 1034 4884 ETOI‘C.
1082 4841 1131 4883 T.
1142 4872 1154 4893 ,
1198 4845 1286 4886 ctc.

1925 591 2142 648 senatu,
2174 587 2270 642 die
2297 585 2360 642 24
2403 587 2618 642 mensis
2646 589 2760 647 Dii,
2794 587 2931 639 anni
2962 591 3339 655 tercentesimi,
3372 595 3481 643 etc.

1999 658 2104 713 Pro
2127 658 2220 713 his
2236 666 2427 714 autem
2447 658 2637 713 verbis
2659 658 3016 730 nitidissime
3031 664 3204 729 atque
3222 660 3592 730 integerrime

1925 727 1984 800 in
2045 741 2328 785 marmore
2382 730 2749 799 prmservatis
2797 728 3054 785 obtrusit
3102 727 3444 800 imprudens
3492 730 3591 785 ille

1921 799 2265 869 descriptor,
2292 802 2393 871 qui
2421 801 2568 856 hanc
2594 800 3035 869 inscriptionem
3060 802 3380 857 oscitanter
3395 815 3590 870 excep-

1922 874 2036 927 tam
2091 872 2369 927 retulerat
2412 872 2470 927 in
2505 871 2688 928 libros
2734 872 3167 941 Antiquitatum
3216 872 3591 929 Bibliotheca:

1919 941 2076 996 card.
2112 941 2309 997 Malfzei
2354 943 2523 999 verba
2554 958 2680 1014 qua:
2710 951 3058 1013 sequuntur,
3102 943 3251 999 nihil
3282 944 3354 999 de
3383 944 3593 1014 Tyrio-

1921 1026 2046 1068 rum
2093 1027 2205 1069 aera
2251 1014 2575 1071 indicantia
2608 1034 2620 1069 :
2648 1015 2884 1068 απολλων
2937 1033 3022 1067 του
3060 1015 3394 1087 λησαχθεισης
3439 1016 3485 1067 δι
3535 1034 3592 1067 ου

1923 1102 2080 1144 ετους.
2990 1098 2995 1103 ’

1993 1156 2204 1211 Mirum
2238 1162 2538 1226 propterea
2564 1157 2750 1213 videri
2780 1157 3021 1212 minime
3049 1156 3238 1221 debet,
3275 1157 3326 1212 si
3358 1156 3592 1213 advena:

1921 1225 2310 1300 descriptores
2350 1225 2753 1300 ’chronologiaa
2802 1228 3142 1300 pontificum
3202 1228 3587 1300 Romanorum

1923 1298 2112 1352 aetatis
2137 1297 2416 1361 barbarm,
2442 1299 2542 1368 qui
2566 1313 2634 1354 ex
2652 1297 2856 1354 tribus
2881 1298 3149 1354 basilicis
3176 1299 3594 1368 patriarchali-

1922 1368 2033 1423 bus
2062 1382 2263 1437 annos,
2295 1383 2519 1425 menses
2544 1384 2608 1425 ac
2632 1371 2759 1425 dies
2785 1369 3249 1425 transcribebant
3279 1370 3436 1425 sedis
3461 1370 3594 1425 sin-

1924 1438 2192 1510 gulorum
2220 1440 2301 1495 ibi
2328 1442 2607 1510 depictos,
2637 1448 2690 1496 et
2714 1441 3011 1509 elongatos
3036 1441 3243 1510 palmis
3266 1440 3397 1510 plus
3420 1453 3592 1511 quam

1926 1511 2226 1581 sexagenis
2242 1511 2313 1566 ab
2335 1512 2523 1568 oculis
2546 1512 3018 1582 inspectantium,
3046 1518 3129 1566 tot
3151 1512 3375 1567 mendis
3400 1525 3595 1567 nume-

1925 1595 2121 1637 rorum
2156 1583 2556 1652 insperserunt
2582 1598 2721 1639 suos
2741 1583 3043 1654 Catalogos
3063 1583 3271 1653 raptim
3299 1583 3590 1638 transcri-

1927 1659 2052 1722 plos
2076 1666 2143 1709 ex
2175 1655 2390 1723 pariete
2420 1668 2616 1723 parum
2648 1654 2943 1711 illustrato
2972 1668 3069 1724 per
3095 1654 3373 1710 fenestras
3398 1667 3591 1724 angu-

1925 1724 2168 1788 stiores;
2195 1740 2326 1781 cum
2348 1726 2670 1796 antiquarii
2694 1726 2884 1781 aetatis
2907 1731 3115 1781 nostrae
3137 1726 3498 1795 cultissimaa,
3523 1738 3590 1781 ac

1923 1796 2248 1864 superioris
2279 1798 2501 1866 saeculi,
2535 1798 2673 1853 dum
2707 1798 2827 1852 haec
2859 1798 3057 1853 studia
3090 1796 3368 1852 ﬂorebant
3396 1802 3453 1851 et
3479 1797 3591 1852 tio-

1841 1886 1894 1946 B
1926 1870 2071 1946 rent,
2108 1866 2363 1939 integras
2392 1869 2681 1946 dictiones
2723 1868 3126 1946 perverterint,
3159 1872 3590 1946 et‘contextum

1923 1937 2254 2009 verborum'
2299 1937 2768 2009 permutaverint,
2844 1945 3018 2009 atque
3079 1940 3158 1995 ita
3228 1938 3594 1995 inemendata

1926 2008 2133 2064 iterum
2160 2011 2501 2066 excuderint
2528 2011 2856 2067 inconsulto
2883 2008 3209 2081 archetypo,
3238 2011 3387 2080 quod
3417 2016 3587 2080 pote-

1925 2086 2072 2153 rant,
2099 2085 2163 2153 ut
2186 2095 2339 2137 nunc
2366 2096 2691 2153 possumus,
2722 2096 2833 2138 non
2860 2082 3025 2138 modo
3056 2081 3243 2138 oculis
3273 2082 3592 2151 admovere,

1924 2151 2020 2206 sed
2055 2152 2228 2208 etiam
2259 2154 2526 2209 manibus
2553 2151 2927 2211 contrectare.
2960 2153 3144 2208 Unum
3170 2153 3277 2208 hoc
3303 2154 3592 2221 specimen

1925 2222 2069 2277 satis
2098 2223 2264 2279 docet
2295 2238 2523 2281 causam
2568 2226 2790 2281 erroris
2829 2226 2887 2280 in
2926 2224 3220 2293 Calalogis
3255 2223 3593 2279 festinanter

1924 2294 2259 2366 descriptis,
2286 2297 2599 2365 praesertim
2627 2310 2725 2366 per
2746 2296 3005 2366 hospites
3029 2296 3328 2366 regionum
3352 2294 3422 2349 ab
3443 2294 3593 2349 Urbe

1924 2365 2362 2433 elongatarum:
2400 2376 2453 2422 et
2487 2365 2802 2424 utilitatem
2836 2365 2902 2422 ac
2934 2365 3333 2422 necesSitatem
3369 2378 3591 2421 consu-

1926 2435 2081 2508 lendi
2118 2444 2485 2494 monumenta
2517 2454 2648 2494 cum
2670 2439 3003 2508 archetypo,
3029 2438 3203 2494 etiam
3238 2441 3363 2508 post
3390 2437 3593 2491 editio-

1927 2507 2292 2580 nesiiteratas
2317 2511 2505 2565 aetatis
2533 2516 2760 2580 nostrae,
2791 2507 2935 2564 hanc
2964 2509 3188 2580 laudem
3219 2507 3581 2580 professaehin

1924 2578 2384 2647 antiquitatibus
2403 2582 2698 2635 emendate
2724 2578 2790 2636 ac
2817 2579 3066 2635 fideliter
3092 2579 3457 2633 exhibendis.
3487 2578 3590 2632 Sed

1926 2649 1993 2703 ad
2027 2648 2443 2720 inscriptionis
2486 2652 2809 2707 Puteolanze
2853 2652 3125 2720 epocham
3160 2650 3354 2720 redeat
3385 2661 3588 2703 sermo.

2006 2717 2376 2776 Annus'aarm
2419 2721 2762 2776 Christiana:
2803 2717 3129 2776 communis
3163 2717 3598 2790 474,,signatus

1934 2790 2276 2847 consulibus
2296 2793 2461 2848 Gallo
2481 2798 2536 2847 et
2559 2793 2778 2860 Flacco,
2809 2805 2939 2847 cum
2969 2791 3206 2846 initium
3233 2789 3432 2845 afferat
3459 2789 3595 2844 anni

1934 2863 2322 2918 tercentesimi
2356 2878 2480 2919 ιρι-ω
2506 2864 2833 2933 Tyriorum.
2862 2862 3121 2932 expressi
3152 2862 3208 2915 in
3237 2861 3397 2933 Aciis
3425 2874 3596 2916 sena-

1935 2937 2028 3003 tus
2062 2935 2244 3003 rogati
2277 2936 2346 2990 ad
2379 2931 2625 2991 dictum
2666 2935 2881 2991 mensis
2909 2931 3027 2999 Dii,
3060 2934 3180 2989 sive
3212 2932 3280 2987 ad
3312 2931 3348 2987 8
3376 2934 3601 2987 Decem-

1931 3001 2055 3077 bris
2074 3001 2316 3077 Ju'liani,
2344 3010 2408 3061 ut
2430 3020 2767 3075 responsum
2791 3007 2953 3062 daret
2973 3004 3232 3077 epistolae
3253 3016 3285 3057 a
3310 3002 3599 3077 p0pul_ari-

1932 3072 2041 3147 bus
2074 3076 2201 3131 suis
2232 3072 2312 3133 ad
2336 3072 2696 3147 ipsum'datre
2729 3077 2985 3132 Puteolis
3005 3072 3200 3131 eodem
3233 3072 3419 3147 anno,
3459 3074 3598 3129 diex

1932 3145 2215 3220 Kalendas
2237 3145 2506 3220 Augusti,
2535 3147 2862 3204 manifestat
2885 3147 3125 3203 initium
3148 3159 3273 3220 mrge
3293 3146 3596 3220 Tyriorum

1933 3217 2135 3276 cadere
2177 3219 2235 3273 in
2268 3212 2613 3276 autumnum
2658 3220 2795 3274 anni
2833 3223 2964 3273 ante
3007 3231 3177 3272 ueram
3208 3212 3428 3271 Christi
3471 3212 3592 3270 426.

1934 3290 2014 3344 Ex
2044 3290 2203 3347 Actis
2233 3292 2471 3346 concilii
2504 3291 2658 3360 Tyri,
2700 3289 2960 3360 recitatis
2992 3288 3077 3360 inA
3092 3287 3309 3360 synodo
3354 3298 3598 3360 oecume-

1934 3361 2066 3418 nica
2112 3361 2262 3431 apud
2313 3356 2753 3431 Chalced'orem,
2794 3359 3029 3431 actione
3049 3356 3104 3423 9,
3156 3357 3309 3431 idem
3359 3356 3596 3431 initium

1934 3425 2477 3503 optime’collegerat
2497 3425 2816 3503 cardinalis
2841 3430 3134 3503 Norisius.
3156 3425 3467 3503 Conﬁrmat
3493 3427 3601 3503 igi-

1935 3498 2031 3558 tur
2061 3517 2186 3559 aerae
2219 3498 2394 3557 istius
2426 3502 2722 3556 character
2767 3500 3065 3555 luculento
3115 3499 3219 3553 hoc
3259 3498 3598 3552 testimonio

1934 3573 2342 3643 comprobatus
2367 3574 2504 3628 Acta
2531 3572 2790 3639 concilii,
2815 3578 2875 3643 et
2894 3569 3142 3643 mirifice
3166 3567 3427 3643 illustrat
3451 3582 3601 3643 com-

1937 3638 2196 3701 mensum
2227 3644 2575 3713 epocharum
2621 3641 3007 3698 Orientalium
3052 3653 3183 3696 cum
3215 3638 3597 3695 Occidentali-

1936 3716 2064 3773 bus.

2007 3786 2241 3844 Gruteri
2269 3790 2461 3843 autem
2491 3784 2695 3854 editio,
2728 3783 2955 3839 etiamsi
2982 3795 3021 3854 re
3049 3780 3281 3837 schedis
3307 3780 3600 3854 mendosis

1940 3860 2165 3928 hausta,
2188 3872 2288 3914 nec
2302 3872 2331 3912 a
2351 3870 2640 3928 quoquam
2662 3853 3086 3928 posterioribus
3102 3854 3263 3928 curis
3278 3853 3596 3928 emendata,

1940 3931 2108 3987 nobis
2137 3924 2388 4000 plurimo
2418 3924 2751 3999 adiumento
2779 3934 2867 3983 est
2896 3927 2965 3982 ad
3001 3926 3389 4000 integritatem
3422 3924 3598 4000 hujus

1941 3996 2350 4071 inscriptionis
2406 3996 2503 4057 ad'
2546 4004 2805 4069 posteros
2872 3996 3595 4071 transmittendamLCum

1937 4075 2092 4129 enim
2125 4067 2279 4127 intra
2312 4072 2419 4127 hoc
2449 4067 2745 4137 saeculum,
2779 4083 2812 4125 a
2842 4070 3076 4125 Gruteri
3124 4069 3310 4139 prima
3341 4067 3600 4139 editione

1937 4144 2289 4210 absolutum,
2346 4144 2542 4200 Graeco
2593 4141 2731 4213 huic
2774 4141 3043 4213 marmori
3094 4138 3425 4213 Puteolano
3455 4138 3605 4213 frag-

1943 4223 2131 4273 menta
2155 4215 2433 4272 nonnulla
2463 4219 2673 4270 temere
2704 4212 2920 4268 fuerint
2947 4211 3225 4283 abscissa,
3256 4212 3372 4266 nisi
3399 4211 3601 4283 Grute-

1940 4288 2103 4343 riana
2134 4288 2233 4343 illa
2266 4288 2447 4343 editio
2478 4285 2885 4356 praecessisset,
2916 4284 3195 4356 integram
3215 4281 3365 4337 dare
3397 4281 3604 4338 inscri-

1943 4360 2195 4430 ptionem
2222 4373 2288 4414 ex
2320 4354 2625 4429 archetypo
2654 4370 2764 4412 non
2800 4354 3116 4430 possemus.
3149 4354 3432 4430 Integram
3464 4367 3598 4411 vero

1939 4424 2229 4501 dabimus,
2280 4424 2604 4486 indicantes
2641 4424 3074 4483 characteribus
3124 4424 3445 4501 quadratis,
3499 4438 3599 4481 seu

1942 4495 2313 4573 capitalibus,
2344 4516 2489 4572 quos
2516 4502 2851 4578 majusculos
2879 4501 3101 4578 vocant,
3127 4495 3351 4578 litatera‘s.
3374 4495 3432 4549 in
3459 4510 3603 4553 mar-

1946 4566 2101 4630 more
2164 4566 2534 4645 praeservatas
2578 4566 2689 4642 {et
2753 4577 2988 4627 caeteras
3056 4570 3115 4645 in
3178 4566 3427 4645 frustis_
3448 4581 3602 4645 nunc

1860 4645 1912 4706 D
1943 4635 2282 4716 deperditis,
2319 4660 2443 4717 quae
2483 4635 2713 4701 fuerant
2740 4647 2904 4700 aetate
2943 4638 3261 4717 cardinalis
3292 4635 3601 4717 Mati‘miex

1944 4708 2445 4788 archetypo'tunc
2502 4717 2727 4787 integro
2776 4714 3159 4788 transcripta,
3206 4714 3265 4766 et
3310 4721 3356 4788 a_
3393 4708 3601 4788 Pighio

1946 4782 2300 4845 transmissae
2348 4789 2417 4845 ad
2454 4782 2785 4856 Gruterum,
2828 4782 3233 4842 exhibebimus
3276 4782 3602 4837 minusculis

1945 4859 2383 4917 characteribus
2416 4873 2527 4916 non
2558 4857 2929 4929 capitalibus.

931 4950 1648 5040 EHICTOAH
1761 4959 1786 5042 ]

1986 4963 2193 5071 λφεισκ
2283 5012 2347 5062 τη
2440 4959 2821 5045 πΟΑΕΙ

348 5094 604 5143 ΤΥΡΙΟΝ
644 5094 784 5144 THC
828 5095 1035 5143 IEPAC
1079 5099 1198 5142 ΚΑΙ
1234 5096 1509 5145 ΛΟΥΔΟΥ
1544 5102 1663 5147 ΚΑΙ
1700 5105 2123 5153 ATTONOMOI‘
2167 5100 2565 5153 ΜΗΤΡΟΠολεως
2597 5102 2819 5162 φοινικηο
2863 5105 2978 5149 ΚΔ]
3016 5103 3247 5150 ΔΛΛΩΝ
3281 5101 3467 5148 ΠΟΛΕ

347 5164 443 5211 DN
508 5168 629 5213 ΚΑΙ
692 5166 1147 5213 ΝΔΥΑΡΚΙΛΟΟ
1211 5169 1511 5215 ΛΡΧΟΥΟΙ
1578 5173 1804 5220 ΒΟΥΔΗ
1872 5178 2064 5223 ΔΗΜΩ
2131 5178 2249 5222 ΚΔΙ
2317 5173 2433 5220 ’1³116
2475 5185 2640 5233 xum:
2680 5170 2899 5235 πιτριδος
2939 5176 2997 5219 Ol
3038 5177 3111 5220 EN
3155 5171 3467 5220 HOTIOAOIC

634 5239 671 5286 Κ
687 5236 1085 5283 ΔΤΟΙΚΟΥΝΤΕΟ

3235 5244 3466 5289 ΧΔΙΡΕΙΝ

288 5307 399 5352 AIA
451 5306 673 5355 ΘΕΟΥΟ
722 5306 897 5353 ΤΟΥΟ
948 5309 1065 5352 ΚΑΙ
1103 5308 1236 5354 ΤΗΝ
1286 5307 1679 5356 ΤΟΥΚΥΡΙΟΥ
1727 5315 1786 5359 111

1986 5316 2395 5374 ΛΥΤΟΚΡΑΤορος
2425 5327 2584 5372 τυγην
2620 5314 2685 5356 ΕΙ
2731 5314 2852 5359 ΚΑΙ
2889 5314 3002 5360 TIC
3037 5314 3199 5360 AAAH
3234 5311 3406 5357 CTATI

349 5378 433 5423 ON
484 5377 652 5423 ECTIN
694 5379 767 5423 ΕΝ
813 5376 1124 5423 ΙἸΟΤΙΟΛΟΙΟ
1176 5378 1337 5425 0C0]
1394 5380 1696 5428 "AEIOI'C
1747 5384 1941 5431 ΥΜΩΝ
1992 5382 2185 5429 ΙΟΛΟΙ
2241 5387 2359 5431 ΚΔΙ
2408 5384 2680 5429 ΗΜΕΤΕΡΛ
2725 5386 2855 5429 ΕΟΤΙ
2901 5386 3021 5429 ΚΑΙ
3064 5383 3301 5429 ΚΟΟΜΩ
3346 5383 3464 5427 ΚΑΙ

348 5450 606 5495 ΜΕῙἚΘΕΙ
653 5449 792 5493 ΤΩΝ
850 5448 1085 5493 ΔΛΛΩΝ
1144 5448 1519 5495 ΔΙΑΦΕΡΟΥΟΔ
1577 5453 1858 5501 TAI‘THC
1914 5456 2103 5503 ῙΙΔΔΔῙ
2157 5456 2274 5499 ΜΕΝ
2322 5452 2748 5500 ΕΠΕΜΕΛΟΥΝΤΟ
2796 5456 2852 5499 01
2900 5456 2972 5499 EN
3018 5450 3332 5499 ΠΟΤΙΟΛΟΙΟ
3376 5453 3463 5498 ΚΔ

349 5516 716 5564 ΤΟΙΚΟΥΝΤΕΟ
759 5518 992 5564 ΤΥΡῙΟΙ
1033 5519 1100 5563 01
1144 5520 1358 5563 ΠΟΛΛΟΙ
1400 5519 1588 5566 ONTEC
1631 5525 1749 5569 ΚΑΙ

1988 5520 2128 5569 ClOl
2173 5525 2301 5570 NI’N
2345 5526 2424 5569 ΔΕ
2467 5522 2767 5568 ΟΛΙΓΟΥΟ
2812 5523 2975 5569 ΠΜΛΟ
3022 5522 3307 5569 ΠΕΡΙΕΟΤΠ
3351 5522 3464 5566 TON

351 5590 607 5635 APIBMON
655 5589 777 5635 ΚΑΙ
826 5586 1278 5635 ΛΝΔΛῘΟΚΟΝΤΕΣ
1324 5586 1492 5634 EICTB
1538 5591 1754 5639 GTCIAC

1986 5591 2361 5639 DPECKEIAC
2404 5591 2524 5638 ΤΩΝ
2572 5592 2830 5639 ΠΔΤΡΙΩΝ
2867 5595 3036 5639 ΗΜΩΝ
3070 5594 3227 5638 BEQN
3262 5592 3342 5637 EN
3374 5591 3462 5637 ΘΔ

345 5657 865 5705 ΔΕΛΦΩΟΙΩΜΕΝΩΝ
910 5658 994 5704 ΕΝ
1041 5656 1251 5706 NAOIC
1298 5658 1429 5705 ΟΥΚ
1478 5660 1945 5709 ΕΥΤΟΝΟΥΜΕΝ

2001 5664 2129 5710 TON
2179 5662 2438 5710 MICOON
2484 5658 2600 5706 TIIC
2649 5660 2987 5710 CTATIQNOC
3039 5664 3325 5710 HAPEXEIN
3374 5662 3462 5709 ΚΔ

346 5736 539 5785 TETOC
579 5720 634 5779 ἓξ
675 5725 747 5786 (ῖῇ
768 5735 1063 5785 'MAAICTA
1098 5738 1138 5783 Η
1172 5737 1276 5786 ΚΑΙ
1309 5739 1391 5785 ΤΑ.
1423 5740 1796 5788 ΑΝΔΛΩΜΔΤΔ
1830 5740 1924 5787 EIC
1958 5742 2069 5787 TON
2107 5743 2307 5787 ΔΙὯΝΔ
2341 5744 2454 5788 TON
2488 5741 2558 5785 EN
2596 5740 2909 5789 HOTIOAOIC
2953 5742 3068 5789 IHC
3104 5740 3462 5789 BOI‘BOTCIAC

344 5807 528 5856 HMEIN
571 5807 725 5856 ΠΡΟΣ
766 5808 960 5855 ΕΤΕΘΗ
1001 5810 1274 5856 ΔΕΟΜΕΘΔ
1313 5809 1444 5855 ΟΥΝ
1489 5810 1786 5857 IIPONOHCA

1993 5809 2027 5857 c
2070 5812 2201 5856 τοι·
2241 5810 2701 5880 armaarma!
2745 5814 2861 5858 THN
2905 5811 3208 5860 erumna
3246 5813 3461 5858 suum

348 5888 400 5933 El
439 5887 507 5934 ΔΕ
544 5888 654 5934 BAN
691 5885 1107 5932 ΠΡΟΝΟΙΑΝΤΩΝ
1140 5886 1413 5951 ΚᾼΤΕΤΟΟ
1446 5888 1779 5935 ΔῙΔΟΜΕΝΩΝ

1986 5890 2075 5935 “nn
2119 5887 2399 5936 MICOQCIN
2446 5872 2493 5931 X

2542 5889 2612 5937 CN
2656 5890 2990 5941 llOlHCACOE
3033 5892 3122 5938 TA
3164 5890 3292 5937 I‘AI’
3334 5889 3460 5936 ΕΙἸΖ
