3912 6402
50 482 142 539 9H
931 481 1021 535 DE
1060 478 1598 534 PRIEEMINENTIA
1638 478 1722 531 ET
1759 474 2236 531 AUCTORITATE
2273 476 2329 528 S.
2365 475 2576 529 SEDIS.

50 610 314 679 episcopo
382 605 644 662 eumdem
704 606 915 679 locum,

52 677 327 742 ordinem,
361 679 565 732 Petrus
601 677 849 732 contulit
887 691 955 736 ex
995 677 1191 731 allatis
1236 677 1406 746 paulo
1437 684 1566 730 ante
1598 687 1697 728 ra-

55 751 330 807 tionibus.
357 750 632 803 Praeterea
657 748 864 818 legavit
885 747 1032 803 alios
1052 762 1119 802 ex
1143 748 1457 816 discipulis
1486 747 1613 801 suis
1637 745 1696 799 in

52 825 234 877 varias
263 820 599 876 Occidentis
651 820 994 888 provincias,
1029 825 1094 874 ut
1140 819 1478 886 metropoles
1531 818 1611 871 ibi
1643 823 1700 870 et

54 893 439 965 suffraganeos
468 891 836 965 episcopatus
865 892 1171 965 erigerent,
1208 890 1305 965 ubi
1341 895 1698 965 perspectum

55 964 165 1021 fuit
208 960 470 1033 a'ntiquis
523 961 831 1016 Ecclesiam
889 960 1070 1017 fuisse
1127 961 1345 1016 nullam
1393 961 1699 1033 excitatam

58 1041 254 1106 praeter
293 1029 389 1091 eas
418 1046 562 1104 quas
595 1034 795 1088 Petrus
824 1033 1064 1103 ejusque
1093 1045 1455 1088 successores
1485 1029 1703 1086 funda—

56 1112 255 1164 verunt
275 1112 378 1164 (α).

123 1107 552 1234 ll"li-i]tii{)a)adfuit
597 1173 940 1247 praefuitque
988 1175 1237 1232 concilio
1291 1173 1705 1247 Hierosolymis

58 1254 429 1322 congregato;
462 1261 528 1304 ac
553 1245 904 1322 posthreru‘m
930 1263 1062 1322 quae
1091 1247 1462 1322 agitabantur
1484 1245 1706 1322 discus-

59 1315 295 1389 sionem',
325 1315 637 1390 assurgens
666 1320 765 1390 (b),
801 1333 859 1374 se
889 1315 974 1375 ait
1012 1333 1044 1373 a
1089 1315 1204 1374 Deo
1246 1319 1490 1374 electum
1524 1315 1706 1372 fuisse

63 1409 170 1462 prie
200 1393 444 1459 cieteris,
479 1397 545 1447 ut
583 1391 654 1446 ab
687 1391 876 1460 ipsius
904 1405 1012 1463 ore
1045 1391 1316 1463 audirent
1347 1395 1544 1463 gentes
1573 1402 1707 1442 ver-

60 1466 190 1520 bum
223 1464 538 1535 Evangelii,
573 1476 889 1533 eorumque
917 1462 1496 1535 deﬁnitionem,_quze
1529 1473 1707 1535 opor-

59 1542 198 1592 teret
237 1531 415 1592 credi.
451 1536 648 1590 Postea
693 1531 1034 1589 sententiam
1086 1533 1494 1603 pronuntians,
1530 1531 1707 1603 legem

60 1609 266 1678 Moysis
291 1607 531 1661 minime
558 1602 1098 1678 necessariamesse
1120 1605 1178 1678 in
1210 1603 1465 1660 Ecclesia
1493 1602 1710 1678 deﬁni-

59 1673 162 1746 vit,
205 1678 583 1747 hominesque
623 1677 812 1731 salvos
842 1675 965 1731 ﬁeri
996 1691 1095 1746 per
1134 1676 1297 1732 ﬁdem
1359 1681 1415 1730 et
1466 1673 1708 1747 gratiam

59 1745 184 1805 Jesu
212 1749 450 1804 Christi.
485 1745 643 1803 Tunc
673 1747 863 1803 omnis
897 1749 1208 1803 multitudo
1240 1748 1443 1812 tacuit,
1470 1750 1532 1800 ut
1560 1745 1713 1799 Scri-

64 1828 224 1890 ptura
258 1826 521 1888 testatur,
573 1820 628 1873 id
661 1827 746 1873 est
788 1820 1100 1873 secundum
1129 1819 1248 1872 divi
1285 1819 1433 1872 Petri
1473 1823 1712 1890 senten—_-

61 1885 193 1946 tiam
241 1905 406 1947 nemo
449 1885 703 1959 amplius
757 1897 841 1946 est
890 1904 1068 1944 ausus
1115 1889 1455 1957 disceptare.
1509 1885 1707 1957 Aiiqui

3362 471 3470 530 942

985 606 1170 676 quoad
1238 603 1692 660 ecclesiasticum
1727 601 1780 660 A
1811 601 1962 670 lapis
2014 607 2203 657 autem
2258 602 2386 676 qui_
2421 603 2780 676 percusserat
2835 603 3082 654 statuam
3142 599 3328 657 factus
3382 609 3470 658 est

1811 687 1973 728 mons
2005 687 2264 744 magnus,
2288 680 2346 728 et
2375 672 2634 740 implevit
2659 671 2984 726 universam
3018 677 3244 726 terram.

2382 816 2762 873 ARTICULUS
2803 815 2894 872 III.

1815 927 2061 981 Traditio
2100 926 2326 981 secundi
2365 934 2414 980 et
2462 928 2611 980 tertii
2639 927 2830 980 seaculi
2868 926 3053 994 quoad
3089 930 3470 984 auctoritatem

2167 1003 2216 1051 et
2235 998 2678 1066 jurisdictio-nem
2715 1002 2918 1051 sanctae
2945 999 3110 1052 sedis.

1881 1106 2310 1162 Successionem
2357 1107 2740 1162 Romanorum
2787 1105 3121 1174 pontiﬁcum
3163 1108 3326 1164 nullo
3356 1124 3475 1166 un-

1813 1192 1982 1248 quam
2036 1183 2288 1244 tempore
2334 1177 2714 1246 interruptam
2756 1191 2857 1246 pro
2899 1177 3234 1235 firmissimo
3263 1189 3475 1237 sanctae

1813 1249 1977 1304 Sedis
2020 1248 2390 1320 auctoritatis
2419 1254 2757 1320 argumento
2788 1250 2973 1303 sancti
3027 1251 3217 1305 Patres
3249 1251 3473 1308 habue-

1817 1326 1973 1376 runt.
2008 1320 2190 1388 Hujus
2222 1319 2304 1373 rei
2337 1319 2510 1392 testes
2538 1320 2755 1392 videsis
2775 1320 3197 1392 Tertullianum
3225 1323 3308 1392 (j),
3335 1338 3475 1380 san-

1818 1398 1942 1447 ctos
1979 1393 2253 1445 Irenaaum
2287 1396 2342 1445 et
2388 1391 2756 1461 Cyprianum,
2801 1390 3080 1459 aliosque.
3126 1394 3182 1446 S.
3230 1390 3477 1452 lrenteus

1821 1463 2120 1532 pontiﬁces
2151 1475 2348 1517 omnes
2380 1462 2734 1534 numerando
2769 1470 3082 1531 percenset,
3119 1465 3218 1534 qui
3259 1466 3328 1519 ad
3371 1480 3476 1522 sua

1821 1547 2004 1604 usque
2050 1539 2303 1602 tempora
2352 1533 2747 1604 gubernarunt
2789 1534 3098 1588 Ecclesiam
3125 1533 3151 1604 ;'
3192 1537 3478 1592 Eusebius

1818 1605 2192 1678 Caesariensis
2219 1605 2290 1678 ad
2306 1619 2490 1678 suam
2542 1611 2762 1678 aetatem
2811 1606 3035 1678 eosdem
3088 1609 3475 1678 persequitur,

1819 1679 1888 1732 ad
1933 1677 2170 1730 initium
2213 1675 2439 1730 scilicet
2478 1676 2670 1746 quarti
2712 1675 2931 1743 saeculi,
2979 1678 3225 1747 Uterque
3270 1675 3476 1734 horum

1821 1749 2056 1803 silentio
2092 1748 2369 1816 praeteriit
2409 1747 2605 1802 divum
2646 1747 2886 1809 Cletum,
2934 1749 3074 1817 quin
3108 1749 3392 1806 Eusebius
3422 1755 3478 1806 et

1821 1825 2082 1891 sanctum
2106 1818 2434 1891 Marcellum
2459 1818 2676 1872 omisit.
2702 1818 3022 1887 Scriptores
3041 1819 3144 1874 alii
3165 1835 3329 1890 quam
3342 1821 3478 1891 plu-

1823 1905 1913 1946 res
1946 1890 2070 1958 hoc,
2126 1891 2226 1960 qui
2274 1890 2558 1959 sequitur,
2610 1891 2812 1945 ordine
2859 1898 3227 1946 censuerunt.
3272 1893 3478 1948 Beatus

60 1963 335 2018 duntaxat
387 1976 418 2017 e
473 1960 829 2031 primoribus
875 1963 1172 2033 veritatem
1227 1960 2044 2033 verborumquaaBPetrus,
2103 1962 2196 2016 SS.
2245 1961 2464 2033 Linus,
2529 1960 2742 2030 Cletus,
2808 1961 3085 2030 Clemens,
3146 1964 3473 2033 Anacletus,

63 2035 364 2107 audierant
396 2030 632 2102 proprio
661 2031 983 2107 or_e_tes_tati
1022 2038 1178 2092 sunt,
1224 2043 1289 2084 ac
1334 2030 1713 2107 quemadmo—
1824 2033 2139 2107 Evaristus,
2186 2032 2528 2107 Alexander,
2567 2033 3308 2107 _Xy_stus,_'I‘helesphorus,
3358 2030 3478 2107 lgié

61 2105 190 2160 dum
255 2100 788 2160 decreta—concilii
855 2103 1303 2171 disponerentur
1363 2100 1712 2170 pronuntia-

63 2182 213 2232 runt.

124 2249 201 2302 Ea
227 2261 363 2303 vero
396 2260 523 2316 qua:
556 2245 661 2300 hac
699 2245 756 2299 in
785 2243 1002 2314 synodo
1042 2244 1262 2299 sancita
1306 2243 1562 2309 fuerunt,
1597 2247 1711 2316 tam

64 2318 108 2372 is
141 2332 320 2389 quam
363 2319 428 2371 D.
461 2316 672 2389 Paulus
703 2316 1055 2389 adamussim
1084 2323 1404 2389 servarunt,
1448 2315 1714 2389 quando—

66 2385 173 2458 que'
197 2397 392 2444 tamen
427 2387 704 2442 nonnulis
736 2392 871 2442 sunt
902 2387 991 2442 usi
1021 2385 1305 2458 legalibus
1329 2385 1710 2450 czeremoniis,

68 2457 118 2514 ut
142 2460 370 2515 Judaais
409 2458 632 2528 aliquid
658 2458 1027 2528 indulgendo,
1075 2457 1362 2513 efﬁcacius
1392 2459 1460 2514 ad
1492 2457 1713 2512 Christi

67 2531 219 2586 ﬁdem
281 2544 383 2584 eos
440 2535 849 2584 converterent.
919 2529 1124 2583 Omnia
1162 2530 1372 2598 Moysis
1438 2534 1715 2598 prtecepta

68 2608 290 2670 repente
355 2600 635 2670 abrogare
697 2614 806 2670 non
871 2599 1228 2668 expediebat.
1283 2614 1466 2669 neque
1530 2599 1711 2653 Judaei

71 2674 252 2728 statim
285 2669 548 2726 conversi
586 2669 927 2738 prohibendi
955 2677 1119 2724 erant
1150 2674 1379 2739 penitus
1403 2684 1466 2725 ea
1503 2670 1667 2739 sequi
1696 2687 1708 2723 :

10 2752 14 2787 ῑ
73 2746 203 2799 satis
241 2744 462 2812 quippe
504 2748 627 2796 erat
664 2741 956 2796 declarare
995 2755 1092 2796 eos
1121 2743 1221 2810 qui
1267 2757 1298 2797 e
1377 2741 1611 2796 entibus
1641 2740 1709 2794 ad

10 2825 13 2830 ·
71 2816 276 2867 Christi
303 2814 470 2867 ﬁdem
499 2811 998 2867 convertebantur.
1027 2813 1311 2867 eiusmodi
1341 2757 1573 2867 Ieaibus
1600 2824 1709 2866 non

10 2825 13 2830 '
71 2811 276 2871 Christi
303 2814 470 2869 ﬁdem
499 2811 998 2878 convertebantur,
1027 2813 1311 2880 ejusmodi
1347 2811 1573 2883 legibus
1600 2824 1711 2866 non

11 2897 14 2900 ’
76 2887 264 2951 teneri,
298 2891 365 2940 ut
395 2884 610 2940 sensim
639 2883 1063 2938 obsolescerent
1107 2891 1161 2938 et
1191 2882 1488 2954 Synandga
1515 2882 1715 2938 felici—

77 2964 151 3012 ter
167 2955 812 3022 exstingueretur.Cum
831 2959 1022 3009 autem
1050 2955 1258 3010 Paulus
1280 2957 1505 3010 Petrum
1532 2967 1714 3023 repre-

77 3028 260 3084 hendit
304 3027 640 3083 observatos
681 3027 908 3094 aliquot
955 3025 1155 3080 horum
1208 3026 1452 3092 rituum,
1496 3026 1715 3080 idcirco

77 3098 269 3156 factum
328 3100 391 3154 id
451 3097 568 3152 fuit
614 3097 750 3168 quia
807 3097 1091 3166 principis
1139 3097 1530 3168 apostolorum
1583 3109 1717 3168 erga

73 3171 278 3228 Judteos
308 3167 676 3240 indulgentia
703 3169 1110 3224 detrimentum
1139 3170 1408 3238 gentibus
1437 3167 1719 3223 inferebat

75 3255 132 3297 ex
174 3245 433 3313 ipsarum
485 3241 674 3313 adhuc
700 3240 853 3313 novit
865 3241 919 3294 ia
948 3241 1352 3308 dispositione,
1387 3254 1514 3295 cum
1547 3252 1721 3313 occa—

1823 2119 1955 2176 nus,
2009 2104 2162 2166 Pius,
2212 2105 2504 2176 Anicetus,
2559 2104 2782 2176 Sother,
2840 2104 3228 2168 Eleutherius,
3261 2104 3474 2176 Victor,

1821 2175 2186 2244 Zephirinus,
2219 2175 2522 2242 Callixtus,
2555 2175 2838 2240 Urbanus,
2888 2177 3219 2232 Pontianus.
3253 2175 3478 2233 Antheé

1823 2262 1946 2315 rus,
1984 2245 2647 2320 Fabianus,_Cornelius.
2701 2249 2933 2315 Lucius,
2977 2248 3319 2317 Stephanus,
3355 2251 3480 2320 Xy-

1823 2327 1949 2373 stus
1978 2319 2044 2386 lI,
2078 2318 2411 2387 Dionysius,
2445 2319 2620 2383 Felix,
2653 2320 3062 2389 Eutychianus,
3093 2321 3287 2389 Caius,
3322 2318 3477 2375 Mar-

1823 2389 2092 2451 cellinus,
2130 2389 2453 2457 Marcellus,
2489 2389 2792 2454 Eusebius,
2826 2390 3192 2446 Melchiades.

1897 2462 1972 2513 De
1994 2461 2201 2529 primis
2223 2461 2452 2530 quidem
2479 2460 2854 2529 pontiﬁcibus
2873 2462 3177 2516 admodum
3207 2477 3386 2531 pauca
3406 2464 3475 2520 ad

1826 2545 1931 2587 nos
1962 2537 2341 2600 pervenerunt
2369 2550 2383 2599 ;
2417 2533 2705 2601 siquidem
2742 2533 3026 2587 idolorum
3059 2533 3311 2588 cultores
3347 2549 3480 2600 per-

1825 2610 2128 2671 sequentes
2161 2602 2465 2656 Ecclesiam
2512 2602 2781 2671 pleraque
2821 2611 3186 2657 monumenta
3224 2611 3479 2659 veterum

1822 2674 1892 2728 de
1921 2674 1996 2728 iis
2021 2673 2313 2745 loquentia
2342 2675 2704 2745 eripuerunt.
2727 2674 3152 2742 Quamplurimi
3180 2674 3249 2728 ab
3270 2676 3345 2729 iis
3365 2677 3482 2745 epi-

1823 2744 2169 2813 sc0picreati
2191 2745 2468 2798 dicuntur
2489 2743 2669 2799 fuisse
2689 2744 2819 2814 (qua
2847 2745 2904 2798 in
2927 2759 2983 2798 re
3006 2745 3166 2800 nulla
3187 2743 3480 2802 dubitatio

1823 2830 1947 2870 esse
1975 2814 2200 2884 potest),
2227 2820 2290 2870 ut
2315 2815 2539 2869 scilicet
2567 2816 2843 2870 Ecclesiis
2868 2823 3173 2884 prieessent
3197 2832 3321 2886 qua
3348 2831 3482 2886 pon-

1826 2887 2045 2942 tiﬁcum
2069 2887 2396 2941 eorumdem
2423 2888 2772 2941 auctoritate
2804 2887 2862 2940 in
2897 2888 3291 2956 patriarchatu
3322 2889 3483 2944 Occi-

1823 2957 2016 3012 dentis
2032 2957 2434 3030 excitabantur
2452 2957 2541 3030 (k).
2563 2959 2808 3014 Sanctus
2826 2959 3002 3014 Linus
3026 2959 3298 3028 praesules
3317 2961 3485 3030 quin-

1825 3030 2009 3085 decim
2044 3030 2356 3084 ordinavit.
2379 3029 2433 3084 S.
2461 3029 2655 3084 Cletus
2687 3031 2946 3100 quinque
2975 3038 3027 3085 et
3048 3031 3256 3101 viginti
3291 3029 3482 3087 Reme:

1829 3102 2188 3170 presbyteros
2208 3101 2550 3170 constituit;
2576 3114 2822 3170 quorum
2849 3102 3040 3169 postea
3060 3115 3361 3157 numerum
3383 3115 3484 3158 au-

1829 3173 1916 3226 xit
1944 3173 2238 3226 Evaristus
2263 3173 2606 3242 eosdemque
2631 3173 2781 3226 inter
2806 3177 2862 3226 et
2887 3179 3099 3240 septem
3123 3187 3155 3228 a
3175 3186 3237 3227 se
3259 3179 3484 3229 creatos

1829 3243 2105 3299 diaconos
2132 3243 2342 3298 divisit
2371 3256 2633 3312 synaxes.
2670 3256 2796 3312 quae
2828 3243 2986 3298 tituli
3023 3243 3377 3298 vocabantur
3403 3244 3481 3308 (ι).

79 3311 277 3370 sionem
323 3312 589 3370 scandali
642 3313 774 3367 inde
823 3311 1187 3366 desumerent
1229 3313 1380 3367 unde
1425 3311 1721 3380 apostolus
1749 3317 1800 3380 (ζ’,
1835 3315 1895 3368 D.
1929 3315 2184 3370 Clemens
2210 3311 2512 3382 epistolam
2543 3311 2784 3381 scripsit
2806 3313 3152 3380 Corinthiis,
3184 3327 3356 3382 quam
3390 3315 3486 3369 Pa-

79 3385 430 3457 desumptum
460 3385 532 3439 iri
559 3397 668 3440 non
697 3383 1218 3457 suspicabaturjo}.

141 3459 181 3511 Α
217 3455 442 3528 synodo
493 3457 693 3528 Petrus
742 3457 974 3509 Romam
1025 3455 1194 3528 redit,
1244 3460 1368 3528 tum
1415 3460 1481 3528 ut
1519 3467 1722 3510 susce-

82 3533 224 3595 ptum
249 3525 398 3598 opus
417 3527 700 3598 perficiat,
723 3533 844 3581 tum
869 3531 934 3580 ut
956 3525 1190 3594 proprio
1207 3526 1566 3596 conglutinet
1579 3538 1724 3598 san:

81 3600 239 3669 guine
272 3595 328 3656 S.
360 3595 577 3662 sedem,
609 3599 780 3667 cujus
823 3597 1188 3669 fundamenta
1217 3595 1522 3669 posuerat.
1559 3595 1720 3665 Quod

83 3667 372 3728 consilium
404 3672 762 3726 Athanasius
803 3669 874 3723 ab
905 3667 1165 3737 apostolo
1196 3668 1279 3738 (ά)
1305 3674 1550 3736 οωριιιιη
1591 3680 1721 3722 cum

86 3744 280 3811 gaudio
323 3741 776 3809 absolutumque
818 3745 1082 3795 testatur.
1110 3738 1212 3793 Hic
1236 3751 1724 3811 supremamper-

84 3809 300 3883 scripsit
322 3813 642 3884 Epistolam
663 3812 941 3882 deditque
960 3813 1027 3866 ad
1051 3823 1254 3884 omnes
1266 3810 1485 3864 Christi
1506 3809 1721 3884 ﬁdeles,

85 3880 244 3940 veluti
300 3880 714 3942 testamentum
770 3880 981 3953 suique
1046 3881 1420 3937 novissimum
1501 3880 1724 3949 paterni

85 3959 279 4012 amoris
326 3964 766 4014 monumentum
807 3967 942 4025 erga
986 3966 1183 4008 omnes
1221 3953 1434 4021 ﬁdeles,
1479 3963 1724 4025 quorum

89 4025 195 4097 ipse
227 4035 378 4097 pater
428 4036 558 4084 erat
606 4028 699 4097 (e).
757 4027 858 4081 Per
882 4023 1156 4080 'eamdem
1203 4023 1728 4097 monetAquomodo

87 4093 502 4167 Scrip'turarum
531 4093 1064 4167 interpretationem
1097 4101 1357 4165 oporteat
1378 4094 1516 4167 ﬁeri
1543 4113 1559 4162 ς
1589 4093 1726 4167 divi

92 4115 192 4152 θοι-ι
234 4115 502 4156 turarum
531 4115 1064 4167 interpretationem
1097 4115 1357 4165 oporteat
1395 4115 1559 4162 ueri;
1605 4115 1726 4147 unn

92 4115 231 4249 Pauii
264 4171 560 4249 Epistolas
583 4184 710 4249 _com
724 4169 952 4224 mendat
977 4181 1188 4238 easque
1229 4166 1528 4249 intellectu
1569 4163 1731 4249 didi:-

91 4239 233 4310 ciles.
274 4235 329 4298 et
367 4242 548 4299 facile
582 4241 642 4296 in
691 4253 895 4310 pravos
931 4235 1109 4308 posse
1137 4253 1344 4294 sensus
1393 4237 1622 4310 inﬂecti
1659 4235 1732 4290 ab

93 4308 319 4382 indoctis
353 4314 577 4370 fatetur
602 4307 706 4382 (ης
740 4307 1071 4366 Prazclaram
1097 4310 1168 4365 de
1209 4310 1440 4366 homine
1469 4307 1728 4382 omnium

95 4379 240 4454 longe
303 4379 853 4442 fraudulentissimo
912 4382 1144 4436 Simone
1210 4383 1385 4454 Mago;
1427 4379 1731 4454 victoriam

96 4449 268 4523 refe'rt,
322 4458 508 4513 multo
543 4463 730 4510 autem
767 4454 1186 4523 praeclariorem
1236 4449 1322 4507 de'
1355 4452 1582 4512 Satana,
1629 4449 1729 4518 qui

98 4523 211 4579 urbi
244 4527 376 4584 huic
416 4528 679 4602 gentium
711 4526 961 4602 dominae
1003 4524 1488 4602 immanissimum
1527 4523 1731 4592 jugum

99 4607 182 4659 per
209 4595 489 4656 summu'in
525 4598 777 4653 dedecus
811 4597 1162 4665 imposuerat
1200 4595 1299 4662 (g).

157 4667 258 4722 Hac
302 4671 358 4725 in
406 4671 552 4727 urbe
589 4671 720 4726 Jesu
761 4667 981 4723 Christi
1031 4668 1285 4722 vicarius
1323 4667 1516 4723 eodem
1564 4665 1731 4734 plane

97 4732 267 4817 fructu
293 4741 553 4817 laborum
578 4755 699 4795 cum
712 4739 1274 4817 pendia‘cumulavit,
1306 4753 1419 4817 quo
1439 4732 1729 4817 Jeroso_l_y—

99 4809 192 4861 mis
236 4814 352 4880 ipse
409 4814 690 4874 Salvator,
746 4810 1066 4866 cruciﬁxus
1121 4810 1356 4879 perinde
1409 4809 1731 4880 atqueille

97 4887 234 4934 extra
262 4879 454 4940 urbem
494 4885 554 4939 in
587 4889 774 4938 monte
806 4883 905 4951 (h).
945 4882 1039 4936 Sic
1072 4896 1182 4936 una
1213 4895 1342 4936 cum
1375 4883 1567 4936 eodem
1599 4879 1729 4951 Sal:

97 4956 268 5024 vatore
312 4956 570 5011 Danielis
613 4949 971 5024 prophetiam
1011 4952 1279 5021 explevit.
1326 4953 1551 5024 aientis
1573 4949 1728 5024 quod

100 5017 231 5097 lapis
253 5025 350 5081 ille
375 5029 476 5097 qui
506 5017 769 5082 tantulus
798 5017 1100 5097 videbatur
1126 5023 1480 5097 hominibus,
1504 5021 1734 5097 abscis-

100 5103 188 5147 sus
205 5095 270 5151 de
297 5092 484 5154 monte
515 5098 643 5153 sine
669 5096 934 5151 manibus
967 5095 1254 5166 percussit
1287 5099 1535 5166 statuam
1572 5092 1731 5147 illam

103 5168 347 5240 grandem
390 5175 568 5240 atque
613 5165 1560 5240 proceram_adg_montis_radices
1601 5175 1732 5240 ere—

101 5239 251 5306 ctam,
281 5245 336 5294 et
366 5235 588 5312 redegit
613 5235 788 5310 quasi
821 5240 881 5294 in
914 5236 1170 5294 favillam
1201 5235 1412 5293 aestivae
1450 5249 1594 5291 areae
1626 5235 1730 5306 (i);

164 5411 228 5492 (et)
261 5419 452 5492 Innoc.
476 5422 521 5492 Ι,
536 5422 617 5492 ad
643 5423 873 5479 Decent.

163 5488 225 5566 ib)
260 5491 382 5566 act.
409 5488 570 5566 κη]
601 5498 658 5548 et
686 5509 808 5566 seq.

161 5558 219 5681 ἓξ)
253 5560 370 5617 Gal.
407 5577 470 5632 ιι,
493 5558 566 5620 ’31
600 5570 656 5620 et
681 5558 802 5636 seq'.

224 5633 234 5681 l
269 5633 322 5681 Β.
358 5635 560 5681 Athan-
591 5637 802 5681 Annlna

167 5627 234 5706 (ά)
266 5633 322 5706 ἓ.
353 5627 561 5690 Athan.
585 5627 828 5706 Apolo’g.
868 5636 939 5694 de
967 5637 1120 5705 Fuga
1147 5647 1270 5690 sua.

165 5703 222 5776 te)
261 5705 306 5758 II
334 5707 481 5761 Petr.
513 5720 556 5776 ι,
582 5703 652 5763 20
681 5714 738 5764 et
755 5703 848 5764 24.

167 5774 229 5846 (Γ)
263 5777 306 5829 II
329 5777 502 5846 Petr.,
540 5774 598 5842 ll,
631 5778 700 5836 45
720 5788 775 5835 et
808 5779 894 5836 46.

174 5845 238 5966 ἕρ)
273 5848 323 5902 S.
357 5849 605 5918 August.
631 5858 832 5907 contra
861 5850 1018 5923 Fulg.
1043 5853 1270 5921 Douat.,
1298 5862 1425 5920 cap.
1451 5845 1542 5903 23·

179 5917 238 5983 ji)
272 5918 428 5974 Joan.
459 5920 568 5974 ult.
595 5919 662 5976 48
688 5927 745 5978 et
771 5919 857 5978 l9.

175 5960 237 6057 li;
260 5960 568 6061 ὐΞῖιίΪῇ
601 5960 662 6050 εἰ
676 5960 764 6048 :15.
782 5960 857 5978 ’”’

1832 3393 1950 3441 tres
1971 3385 2396 3440 validissimum
2419 3385 2790 3439 auctoritatis
2812 3385 3078 3439 Ecclesia:
3103 3385 3365 3438 Romanae
3383 3398 3488 3439 ar-

1835 3465 2167 3529 gumentum
2198 3455 2645 3529 judicarent,}it
2686 3467 2876 3522 pacem
2917 3455 3484 3529 atqueconcordiam

1839 3524 1989 3583 inter
2012 3527 2204 3581 ﬁdeles
2238 3532 2518 3592 tueretur,
2555 3524 2921 3593 ﬁrmaretque
2951 3526 3006 3579 in
3033 3525 3144 3580 fide
3179 3530 3484 3592 nutantes;

1833 3600 2084 3666 denique
2108 3603 2170 3650 ut
2189 3597 2517 3652 enuntiaret
2541 3595 2840 3666 palamque
2862 3594 3072 3650 faceret
3093 3609 3219 3666 quin
3239 3597 3488 3664 apostoli

1835 3665 2312 3725 tradiderunt.De
2340 3666 2604 3736 reliquis,
2631 3679 2758 3736 quae
2776 3665 2910 3721 divo
2925 3667 3199 3722 Clementi
3226 3667 3491 3724 tribuun-

1839 3748 1955 3810 tur,
1987 3738 2440 3810 operibusnihil
2467 3735 2724 3810 affertur,
2764 3751 3009 3810 namque
3047 3739 3424 3808 supposititia
3456 3753 3490 3796 a

1842 3808 2144 3868 nonnullis
2194 3809 2496 3882 habentur.
2529 3808 2946 3882 Alexanderet
2988 3809 3204 3882 Xystus
3234 3810 3492 3882 liturgiie

1837 3881 2107 3939 nonnihil
2129 3881 2499 3953 addiderunt,
2527 3879 2777 3953 itemque
2799 3879 3199 3953 Telesphorus,
3223 3883 3324 3953 qui
3348 3879 3498 3953 jeju-

1839 3956 2002 4010 nium
2022 3951 2542 4024 quadragesimale.
2565 3950 2684 4024 jam
2705 3951 3020 4024 traditione
3042 3950 3492 4024 servatum,‘lata

1840 4026 1960 4096 lege
1989 4021 2187 4096 sanxit
2207 4021 2318 4094 (νὴ).
2347 4023 2604 4096 Hyginus
2637 4021 2708 4076 ab
2740 4021 3246 4096 Ecclesiaexpulit
3275 4021 3494 4082 Cerdo-

1839 4093 1965 4152 nem
1999 4093 2351 4166 haereticum,
2394 4093 2695 4162 eidemque
2739 4093 3064 4166 interdixit,
3098 4093 3244 4166 quia
3269 4099 3497 4155 scilicet

1839 4183 1969 4223 cum
2003 4181 2139 4223 suos
2168 4165 2264 4220 ille
2286 4179 2510 4220 errores
2537 4166 2595 4218 in
2622 4165 2938 4233 provinciis
2967 4165 3352 4232 praedicasset.
3375 4183 3497 4226 eos-

1841 4241 1967 4294 dem
2011 4245 2203 4307 postea
2244 4237 2305 4292 in
2347 4236 2487 4310 urbe
2520 4237 2693 4310 Roma
2745 4235 3154 4310 dissimulabat
3205 4239 3300 4310 (n),
3347 4255 3494 4310 quos

1841 4311 2072 4366 demum
2093 4311 2352 4365 detectus
2371 4307 2688 4377 abjiciendi
2710 4307 2955 4375 speciem
2978 4307 3497 4377 praebens,'interea

1845 4381 2172 4438 clanculum
2203 4379 2577 4450 proﬁtebatur
2600 4378 2856 4434 assidue.
2885 4379 3023 4433 Pius
3047 4379 3336 4436 decretum
3360 4380 3498 4438 fecit

1843 4455 1913 4509 de
1959 4453 2232 4507 Paschate
2281 4450 2622 4507 celebrando
2652 4451 2748 4506 die
2791 4451 3090 4506 Dominico
3133 4451 3218 4520 (ο).
3253 4453 3476 4509 Aniceti

1849 4525 2023 4593 hujus
2066 4537 2395 4579 successore
2449 4521 2733 4592 pontiﬁce,
2772 4523 3131 4592 Polycarpus,
3165 4525 3458 4579 sanctitati

1844 4601 1901 4650 et
1923 4596 2203 4650 doctrinae
2236 4596 2403 4650 laude
2442 4595 2700 4649 omnium
2729 4593 2880 4649 Asiae
2917 4595 3223 4662 prtesulum
3268 4609 3470 4651 cozevo

1759 4702 1815 4763 D
1847 4681 1978 4763 fit“!
1989 4666 2418 4763 ηίὲίῗῖοίῗηέἷὶθῗξὲ
2426 4667 2655 4763 ἮΞῨΞἮ
2668 4681 2778 4763 ‘33;
2789 4680 2957 4763 Ρέξξὶίι
2965 4681 3047 4763 “fi
3072 4666 3496 4763 ἮΞΞίΡΡξυῗΡ·

1842 4739 2080 4794 Joannis
2108 4737 2315 4807 fuerat,
2343 4739 2571 4792 Romam
2596 4751 2655 4791 se
2674 4737 2948 4800 contulit,
2979 4738 3048 4792 de
3077 4737 3246 4793 rebus
3262 4740 3331 4794 ad
3364 4739 3498 4794 dis—

1844 4810 2120 4878 ciplinam
2155 4809 2551 4879 spectantibus
2591 4809 2912 4878 pontificem
2947 4809 3341 4865 consulturus.
3371 4812 3495 4880 Qua

1845 4881 1915 4936 de
1947 4895 2006 4935 re
2041 4884 2143 4935 hoc
2175 4882 2326 4934 inter
2350 4894 2448 4934 eos
2477 4881 2744 4935 convenit
2776 4887 2839 4934 ut
2864 4893 2932 4933 ne
2963 4881 3096 4948 quis
3126 4881 3196 4935 ab
3229 4895 3334 4936 usu
3362 4884 3494 4937 dis-

1846 4953 2090 5007 cederet.
2119 4953 2172 5005 S.
2208 4952 2522 5020 Dionysius
2564 4951 2997 5022 Corinthiorum
3054 4952 3362 5022 episcopus
3399 4955 3496 5009 So—

1846 5024 1952 5078 teri
1989 5027 2233 5094 testatur
2259 5024 2542 5078 Romanos
2569 5021 2868 5090 pontiﬁces
2899 5022 2955 5075 in
2991 5021 3498 5094 Ecclesia'semper

1845 5108 1968 5149 esse
2002 5093 2230 5166 habitos
2251 5101 2524 5166 tanquam
2556 5105 2888 5166 communes
2917 5093 3177 5149 omnium
3212 5093 3496 5166 parentes,

1847 5179 1956 5220 non
2005 5165 2172 5238 modo
2219 5165 2408 5233 quoad
2453 5165 2630 5238 vitam
2663 5163 2930 5232 spiritus,
2977 5167 3074 5219 sed
3103 5163 3275 5220 etiam
3309 5163 3495 5238 quoad

1845 5237 2042 5292 saeculi
2069 5235 2162 5307 (p),
2201 5249 2446 5306 namque
2487 5235 2530 5290 ii
2563 5248 2857 5304 nunquam
2900 5249 3011 5290 non
3050 5235 3499 5307 suppeditarunt

1917 5417 1982 5489 (λ’)
2017 5415 2371 5489 ΤθνιΠΙΙ-,ςιθ
2400 5416 2722 5489 Ρτὶἓδοτίνῐο
2757 5434 2773 5486 ;
2803 5415 2860 5471 S.
2892 5417 3045 5489 Iren.
3075 5415 3179 5473 lib.
3214 5431 3276 5474 ιιι
3308 5425 3364 5476 et
3396 5435 3487 5478 xv;

1847 5491 1905 5546 S.
1926 5485 2105 5560 Cypr.
2137 5503 2226 5558 ep.
2253 5485 2324 5544 69
2345 5507 2369 5560 ιθ
2390 5488 2446 5542 S.
2474 5490 2619 5560 Aug.
2650 5485 2852 5544 contr.
2884 5489 2987 5558 Ep.
3021 5486 3280 5547 fundam.

1921 5561 1991 5630 (k)
2032 5559 2153 5615 Lib.
2178 5559 2386 5615 Pontif.
2419 5559 2528 5614 sub
2555 5572 2706 5615 nom.
2735 5560 2963 5615 Damasi
2994 5559 3054 5630 in
3089 5561 3227 5616 Lino
3257 5569 3315 5620 et
3337 5565 3500 5622 aliis.
3529 5581 3532 5586 ·

1852 5632 1982 5760 Καὶ
2018 5632 2071 5686 S.
2107 5633 2256 5756 1:82“.
2290 5631 2328 5686 l.
2365 5643 2428 5685 ιιι
2458 5631 2586 5686 adv.
2622 5631 2848 5702 haeres,
2900 5644 2951 5686 c.
2991 5629 3045 5688 3.
3091 5634 3298 5691 Euseb.
3337 5637 3374 5692 l.
3413 5653 3502 5711 ιιι,

1907 5721 1956 5759 IS
1989 5745 2024 5760 ..
2053 5719 2102 5758 c.
2216 5743 2227 5755 .

1907 5714 2024 5766 lSl..,
2053 5719 2102 5758 C.
2141 5714 2227 5756 1'2.

1942 5776 2013 5842 m)
2053 5775 2257 5830 Euseb.
2297 5774 2354 5828 in
2378 5773 2586 5830 Chron.

1949 5847 2002 5914 ιι)
2042 5849 2187 5901 lrcn.
2219 5846 2254 5899 Ι.
2293 5860 2352 5900 ιιι
2381 5861 2430 5901 c.
2462 5843 2540 5906 4.,

1950 5923 1997 5984 o)
2037 5918 2240 5972 Euseb.
2271 5918 2479 5971 Chron.
2515 5918 2594 5972 Id.
2630 5918 2777 5975 Hist.
2809 5918 2864 5989 ὕ,
2892 5917 2982 5975 24.

1929 5931 2006 6060 ip)
2045 5989 2101 6044 Id
2138 5989 2279 6043 ibid.
2316 6003 2390 6057 tv,

1953 5991 2006 6060 ρ)
2045 5989 2101 6044 Id
2138 5989 2279 6043 ibid.
2316 6003 2390 6057 tv,
