3912 6562
445 445 550 510 943

1244 455 1337 510 AD
1374 453 1806 511 ANASTASIUM
1847 453 2359 510 PROLEGOMENA
2396 457 2571 512 EDIT.
2617 456 3047 514 ROM.-VATIC.

3743 468 3823 526 944

453 577 723 658 fidelibus
747 591 1103 660 quacunque
1142 579 1208 660 ad
1253 580 1649 660 sustinendam
1681 582 1864 660 vitani
1890 593 2093 660 neces—
2123 580 2402 660 Acausan
2430 583 2528 650 qui
2575 583 2807 660 sibimet
2849 582 3276 660 objiciehantur
3318 581 3392 660 (1).
3428 587 3592 644 Hunc
3648 596 3826 660 pariter

443 650 596 704 saria
637 658 848 705 essent.
898 649 996 703 ubi
1045 651 1301 718 gentium
1355 665 1454 719 pro
1504 651 1789 706 catholica
1835 651 1943 706 fide
1996 652 2092 704 in-

445 720 828 776 sectationum
865 721 1244 775 incommodis
1276 729 1636 776 vexarentur.

512 791 845 845 Eleutherio
876 791 1143 858 pontiﬁce
1175 793 1238 844 D.
1273 794 1519 847 lrenaus
1547 793 1946 861 Lugdunensis
1977 793 2090 861 epi-

443 876 653 931 scopus
686 868 930 916 testatur
957 860 1029 931 (a)
1055 863 1204 931 quod
1240 863 1307 917 ad
1345 865 1555 917 incitas
1590 860 1884 933 redigendi
1915 860 2088 920 causa

444 934 503 988 in
535 933 849 1001 provinciis
875 933 1274 987 hareticorum
1301 947 1368 987 ac
1388 934 1890 989 schismaticorum
1919 936 2090 990 auda-

441 1005 612 1069 ciam,
663 1012 835 1074 atque
894 1004 1242 1074 impediendi
1279 1006 1594 1073 quominus
1639 1007 2091 1073 depravarentur

442 1089 646 1143 mores,
702 1073 844 1146 itum
894 1073 1009 1130 fuit
1047 1075 1538 1146 adapostolicam
1581 1077 1767 1130 sedem
1816 1083 2087 1146 tanquam

439 1148 721 1203 doctrina
742 1145 854 1200 sibi
883 1145 1226 1217 concredita
1251 1153 1622 1215 sequestrem,
1657 1147 1808 1203 unde
1834 1148 2088 1217 integer-

442 1221 590 1273 rima
621 1223 813 1272 manat
841 1216 908 1270 ad
955 1222 1210 1285 posteros
1243 1230 1341 1286 per
1370 1230 1726 1271 summorum
1759 1216 2090 1273 successio-

439 1303 567 1345 nem
591 1288 953 1358 pontiﬁcum:
978 1287 1245 1356 quodque
1260 1287 1548 1342 constanti
1569 1288 1827 1341 omnium
1849 1289 1982 1356 opin
1999 1290 2091 1344 io—

439 1375 511 1415 ne
531 1358 851 1429 singularis
873 1370 936 1411 ea
957 1364 1013 1411 et
1029 1371 1297 1429 suprema
1319 1358 1481 1429 sedes
1497 1359 1816 1412 constituta
1839 1358 1950 1413 fuit
1970 1367 2090 1414 tan-

439 1445 610 1501 quam
639 1428 974 1498 perpetuum
1001 1441 1065 1481 ac
1095 1428 1600 1501 praclarissimum
1629 1438 2082 1501 monumentum,

438 1498 603 1556 nullo
643 1513 894 1568 unquam
943 1505 1192 1567 tempore
1233 1498 1489 1553 futuram
1540 1503 1596 1552 in
1633 1500 1883 1554 Ecclesia
1915 1501 2081 1556 fidem

435 1573 610 1628 aliam
645 1577 848 1640 prater
876 1583 994 1623 eam
1030 1584 1199 1638 quam
1233 1571 1477 1638 apostoli
1515 1570 1898 1625 tradiderunt.

510 1643 892 1703 Montanista,
939 1654 1183 1709 quorum
1226 1641 1403 1709 pestis
1433 1641 1802 1710 grassabatur
1846 1643 1904 1697 in
1949 1644 2084 1698 Asia

440 1715 551 1769 iter
596 1715 664 1768 ad
712 1713 963 1767 eamdem
1013 1712 1201 1766 sedem
1255 1712 1592 1779 instituunt,
1653 1713 2084 1770 communionis

437 1786 755 1854 diplomata
797 1783 1186 1854 impetraturi,
1235 1789 1298 1837 ut
1328 1782 1612 1852 quibusve
1643 1783 1715 1836 ab
1755 1786 2086 1853 aggressio-

439 1853 616 1910 nibus
662 1868 785 1910 sese
835 1855 913 1908 ita
961 1853 1362 1920 defenderent;
1413 1861 1470 1908 et
1520 1868 1717 1923 reapse
1766 1855 2084 1910 catholicos

2205 653 2528 733 pontiﬁcem
2555 653 2764 733 estqui
2795 656 3007 708 asserit
3030 654 3299 733 Philippo
3325 653 3663 727 imperatori
3683 669 3826 733 pani-

2206 725 2441 804 thentiam
2489 725 2837 804 injunxisse,
2886 739 3054 804 quem
3102 725 3479 796 antiquorum
3528 745 3644 788 non
3683 725 3822 804 'pauci

2203 793 2553 849 Christianis
2598 793 2922 850 accensent.

2278 866 2407 920 Post
2439 865 2672 920 Fabiani
2704 867 2928 921 obitum
2963 869 3186 922 vacavit
3215 876 3414 925 sancta
3445 873 3608 929 sedes
3646 879 3822 933 sexde-

2203 935 2568 1012 cim‘menses
2596 951 2725 991 rum
2757 938 3028 1012 dimidio,
3067 938 3139 993 ob
3170 954 3454 996 summam
3486 945 3822 1012 Imperatoris

2200 1006 2358 1083 Decii
2377 1007 2676 1075 savitiam,
2700 1008 3122 1083 qui,Cypriano
3143 1015 3285 1083 teste
3308 1011 3417 1083 (m),
3440 1006 3667 1082 imperii
3685 1033 3816 1075 amn-

2202 1075 2343 1160 lum,
2392 1092 2561 1146 quam
2597 1075 2931 1160 pontiﬁcem
2957 1080 3016 1160 in_
3071 1079 3214 1160 prbe
3246 1075 3441 1160 Roma
3468 1075 3662 1142 minus
3703 1104 3824 1160 agre

2199 1155 2349 1203 esset
2378 1162 2580 1226 passus
2624 1148 2717 1219 (η).
2766 1151 2885 1226 {loc
2924 1150 3232 1226 viduitatis
3265 1167 3384 1208 sua
3430 1159 3684 1226 tempore
3729 1148 3825 1215 Ιῖο-

2200 1231 2364 1291 mana
2391 1220 2552 1274 sedes
2581 1233 2643 1274 ea
2675 1219 2920 1288 prabuit
2961 1221 3301 1291 vigilantia,
3350 1219 3717 1284 auctoritatis
3744 1245 3826 1285 ar—

2197 1290 2503 1358 dentisque
2525 1291 2706 1345 studii
2733 1290 3084 1356 testimonia,
3118 1307 3244 1362 qua
3268 1307 3625 1352 communem
3652 1302 3826 1356 decent

2200 1367 2508 1434 parentem,
2529 1362 3023 1434 Christianosrtam
3049 1362 3240 1418 Roma
3268 1379 3438 1434 quam
3465 1366 3605 1423 aliis
3633 1371 3690 1426 in
3717 1373 3824 1427 Pro-

2197 1432 2410 1485 vinciis
2453 1433 2740 1502 degentes,
2791 1433 3030 1500 optimis
3060 1447 3259 1502 regens
3286 1432 3580 1493 consiliis.
3629 1443 3828 1497 Interea

2197 1516 2469 1582 sponsum
2493 1503 2974 1582 oﬂpperiensnleges
3004 1503 3600 1582 condiditsalutares,
3631 1526 3753 1582 qua
3778 1514 3825 1568 in

2196 1573 2477 1648 catholica
2511 1574 2764 1648 Ecclesia
2795 1572 3037 1648 fuerunt
3063 1575 3434 1648 promulgata
3463 1578 3549 1648 (ο),

2268 1644 2767 1721 Yerumenimvero
2816 1645 3041 1721 tametsi
3076 1645 3168 1721 _nil
3214 1644 3558 1721 intentatum
3611 1654 3824 1721 tyranni

2199 1713 2541 1793 reliquerint
2562 1722 2626 1793 ut
2648 1716 2901 1793 supremi
2925 1715 3260 1793 electionem
3286 1720 3580 1793 pontiﬁcis
3608 1713 3825 1793 impedi-

2197 1793 2340 1862 rent,
2375 1785 2683 1862 Cornelius
2708 1792 2893 1862 tamen
2939 1787 3032 1862 ad_
3056 1787 3204 1840 Petri
3238 1789 3589 1862 cathedram,
3620 1785 3824 1862 nempe,

2197 1861 2261 1909 ut
2279 1855 2546 1924 Cypriani
2571 1857 2761 1910 verbis
2797 1861 2942 1921 utar,
2965 1857 3034 1911 ad
3059 1859 3367 1912 sacerdotii
3396 1855 3651 1918 sublime
3673 1855 3826 1919 fasti;

437 1926 780 2002 simulantes
809 1925 1188 2002 obtinuerunt
1215 1923 1306 1995 (b).
1334 1923 1910 2002 Atdemum,_fraude
1943 1926 2080 2002 illo—
2115 1940 2170 2002 Β
2197 1923 2746 2002 ςὶυςὴθξῑ-θνθριμδ
2786 1926 2879 1996 (ρ).
2927 1928 2988 2002 In
3016 1927 3175 2002 hunc
3217 1930 3542 2002 pontiﬁcem
3589 1935 3825 1990 schisma

440 2011 567 2054 rum
621 1997 861 2064 detecta,
925 1995 1179 2064 pontifex
1209 2003 1265 2050 et
1317 1996 1560 2051 traditas
1613 1997 1890 2064 epistolas
1948 1997 2085 2053 fecit

439 2070 661 2135 irritas,
680 2077 735 2123 et
754 2067 1054 2122 anathema
1079 2065 1318 2122 nefariis
1340 2067 1632 2134 capitibus
1656 2067 1895 2122 inﬂixit.
1922 2068 2084 2123 Hunc

438 2141 629 2209 ipsum
674 2139 1004 2194 Pontiﬁcem
1049 2138 1277 2193 misisse
1312 2138 1548 2193 tradunt
1578 2138 1644 2192 ad
1685 2139 1918 2206 Majoris
1950 2141 2087 2193 Bri-

438 2212 651 2265 tannia
698 2212 899 2280 Regem
941 2210 1088 2264 duos
1125 2209 1418 2280 Evangelii
1457 2222 1764 2280 pracones,
1795 2222 1827 2262 a
1869 2210 2084 2277 quibus

437 2283 585 2355 idem
639 2279 949 2355 gentesque
996 2293 1190 2335 omnes
1238 2279 1353 2334 sibi
1405 2279 1652 2336 subdita
1691 2281 2079 2355 Christianam

431 2353 597 2408 ﬁdem
631 2353 1009 2422 susceperint.

507 2423 767 2480 Pontifex
791 2425 982 2479 Victor
1001 2437 1031 2476 a
1060 2423 1315 2478 fidelium
1335 2423 1740 2477 communione
1755 2423 2078 2478 Coriarium

430 2496 790 2550 Theodorum
821 2493 1078 2556 removit,
1113 2495 1352 2562 ejusque
1373 2493 1692 2547 doctrinam
1723 2494 2077 2547 condemna—

433 2567 517 2619 vit
545 2564 628 2634 (c).
661 2566 866 2620 Eadem
897 2565 986 2618 usi
1015 2562 1244 2634 fortuna
1277 2571 1439 2616 erant
1469 2563 1737 2617 Florinus
1765 2569 1822 2617 et
1852 2564 2076 2618 Blastus

422 2633 700 2691 Ecclesia
731 2637 994 2689 Romana
1031 2633 1342 2702 presbyteri
1368 2650 1381 2685 :
1415 2635 1981 2702 eorumqueerroris
2009 2647 2076 2687 ac

431 2707 764 2761 schismatis
782 2705 1100 2767 occasione,
1125 2701 1590 2757 contendentium
1613 2701 1890 2756 celebrari
1914 2717 2076 2771 Opor-

431 2785 550 2831 tere
579 2776 790 2830 Pascha
813 2781 1015 2844 quarta
1039 2772 1428 2844 decimaluna
1458 2773 1647 2844 Martii
1673 2786 1802 2844 cum
1833 2774 2067 2842 Judais,

431 2846 507 2916 (εἰ)
529 2841 873 2915 quacunque
892 2844 1034 2916 illud
1055 2843 1150 2896 die
1166 2841 1887 2916 obtigissethebdomadis,
1911 2841 2071 2899 consé

429 2912 595 2972 tituit
620 2912 817 2970 Victor
841 2915 1076 2970 omnino
1103 2919 1388 2967 servatum
1420 2912 1493 2966 iri
1517 2913 1603 2966 Pii
1635 2915 2070 2980 pradecessoris

426 2989 718 3043 decretum
765 2988 836 3041 de
887 2983 1224 3039 celebrando
1285 2983 1557 3037 Paschate
1607 2985 1704 3038 die
1766 2985 2066 3041 Dominica

426 3064 688 3127 quartam
737 3056 1016 3127 decimam
1071 3054 1222 3109 luna
1272 3055 1528 3127 proxime
1573 3062 1955 3127 consequente
2005 3057 2064 3111 in

426 3123 702 3183 universo
728 3126 1190 3183 Christianornm
1221 3123 1376 3179 orbe.
1408 3125 1558 3179 Asia
1583 3123 1863 3180 duntaxat
1888 3127 2065 3181 Mino-

425 3199 509 3254 ris
555 3199 831 3268 episcolii,
888 3197 1645 3268 studentesconsuetudini
1698 3197 1769 3268 ab
1825 3197 2063 3252 Aniceto

422 3266 690 3346 pontifice
719 3270 990 3346 tolerata,
1025 3281 1180 3346 nova
1209 3266 1343 3320 huic
1374 3266 1485 3346 legi
1519 3267 1767 3346 Victoris
1799 3275 2064 3346 recusant

417 3354 488 3395 ne
511 3341 901 3409 obtemperent
924 3339 1006 3409 (ε),
1040 3339 1224 3407 Quare
1256 3338 1512 3406 pontifex
1539 3338 1896 3392 anathemate
1929 3339 2062 3394 illos

415 3413 610 3466 statim
641 3417 1015 3480 percusserat,
1045 3409 1156 3463 nisi
1183 3411 1241 3462 D.
1266 3411 1514 3480 lrenaus
1538 3409 1714 3462 ictum
1735 3411 2054 3464 avertisset.

413 3482 591 3550 Quam
623 3479 772 3538 recte
821 3483 1202 3536 Asiaticorum
1230 3479 1601 3547 disciplinam
1635 3480 1738 3534 hac
1765 3480 1820 3534 in
1852 3495 1910 3534 re
1935 3495 2059 3548 pro-

416 3553 668 3609 scribere
701 3551 954 3622 pontifex
991 3550 1282 3620 cogitarit,
1311 3551 1601 3622 Nicanum
1639 3559 1828 3618 postea
1855 3553 2056 3606 conci—

410 3623 556 3680 lium
585 3620 949 3694 apertissime
973 3620 1386 3694 demonstravit
1407 3621 1491 3690 (f).
1528 3621 1729 3676 Eadem
1757 3624 2057 3694 occasione

410 3693 889 3765 locupletissimis
940 3699 1265 3749 sanctorum
1326 3693 1553 3765 Patrum
1612 3693 2057 3765 auctoritatibus

411 3763 738 3822 ostenditur
764 3765 836 3837 (g)
861 3772 1060 3821 contra
1085 3778 1255 3837 quam
1289 3763 1473 3837 aliqui
1504 3763 1885 3818 recentiorum
1916 3778 2056 3837 seti-7

408 3837 586 3905 tiunt,
610 3834 860 3908 quod'a'b
881 3835 1210 3908 apostolica
1229 3834 1385 3908 sedis
1410 3837 1813 3908 communione
1829 3835 2049 3908 secludi

409 3904 645 3973 perinde
699 3915 788 3964 est
823 3904 996 3977 atque
1044 3905 1114 3960 ab
1171 3905 1439 3960 Ecclesia
1481 3904 1777 3959 catholica
1831 3906 2066 3962 unitate.

398 3991 670 4034 amoveri.

473 4050 830 4119 hphyrinus
858 4049 1154 4103 damnavit
1181 4047 1424 4102 hareses
1446 4048 1775 4113 Marcionis,
1799 4049 2044 4115 Praxea,

398 4119 636 4174 Sabellii
659 4119 1022 4186 aliorumque
1052 4120 1472 4184 haereticorum,
1505 4119 1562 4172 in
1591 4133 1735 4188 quos
1758 4120 2050 4174 declama-

2195 1997 2472 2072 ex_c_itavit
2491 1995 2863 2072 Novatianus,
2886 1997 2987 2066 qui
3009 1995 3124 2052 fuit
3143 1995 3362 2072 primus
3379 2004 3676 2072 antipapa.
3699 2007 3822 2060 Cum

2194 2068 2522 2130 schismate.
2545 2069 2693 2138 quod
2726 2068 3102 2137 pleurumque
3132 2068 3212 2136 ﬁt,
3249 2068 3525 2127 haresim'
3545 2068 3656 2130 iste
3692 2090 3823 2131 con-

2187 2139 2424 2208 junxit;
2449 2140 2659 2196 docens
2682 2140 2828 2209 quod
2855 2141 3044 2206 lapsos
3067 2147 3191 2208 post
3211 2140 3559 2210 baptismum
3587 2146 3826 2201 Ecclesia

2196 2211 2568 2265 reconciliare
2634 2223 2746 2265 non
2789 2216 2990 2278 potest,
3038 2224 3220 2280 neque
3255 2213 3322 2266 ad
3375 2218 3824 2272 communionem

2193 2293 2484 2354 sacrorum
2580 2281 2982 2354 mysteriorum
3058 2282 3376 2351 admittere,
3455 2290 3819 2354 quantumvis

2190 2352 2693 2426 eosdemmaxime
2725 2355 3068 2426 paeniteret;
3100 2365 3226 2426 cum
3272 2354 3422 2410 Deus
3456 2352 3510 2412 id
3539 2359 3825 2426 judicium

2189 2420 2302 2493 sibi
2339 2424 2506 2477 unice
2538 2423 2928 2492 reservaverit,
2963 2420 3144 2493 neque
3185 2423 3288 2478 hac
3321 2426 3379 2478 in
3413 2440 3472 2480 re
3501 2420 3670 2483 suam
3707 2442 3826 2482 cum

2187 2492 2306 2564 alio
2332 2493 2449 2548 ullo
2470 2494 2868 2548 auctoritatem
2889 2492 3416 2550 communicaverit.
3450 2495 3826 2564 Quamobrem

2185 2563 2488 2634 Cornelius
2547 2565 2912 2633 congregavit
2967 2565 3240 2620 adversus
3294 2580 3420 2621 eum
3476 2563 3824 2634 concilium,

2184 2634 2424 2701 ejusque
2474 2633 2679 2708 haresi
2709 2647 2774 2687 ac
2817 2635 3130 2689 schismate
3171 2637 3580 2708 condemnatis,
3639 2633 3826 2708 ipsum

2184 2716 2491 2771 secumque
2534 2705 2847 2757 sentientes
2889 2718 3088 2759 omnes
3136 2706 3208 2760 ab
3253 2708 3513 2763 Ecclesia
3554 2705 3833 2764 commu—

2183 2773 2354 2826 nione
2385 2774 2659 2840 sejunxit.
2683 2771 2756 2842 (q)
2778 2773 2957 2841 Cujus
2987 2775 3322 2842 latijudicii
3355 2780 3713 2834 universalis
3744 2782 3832 2834 Ec-

2179 2843 2369 2897 clesia
2401 2843 2672 2915 prasules
2705 2844 3017 2912 participes
3048 2843 3206 2915 facti,
3242 2851 3506 2904 unanimi
3537 2863 3827 2905 consensu

2177 2927 2371 2968 omnes
2396 2914 2450 2967 id
2481 2913 2813 2982 probarunt.

2244 2985 2566 3060 Cyprianus
2593 2983 2659 3060 (τ’)
2675 2997 2814 3060 vero
2849 2996 2962 3060 pra
3005 2985 3229 3060 caeteris
3262 2985 3320 3060 iu
3356 2990 3829 3060 pseudopontiﬁ-

2176 3053 2296 3108 cem
2355 3057 2564 3123 stylum
2628 3053 2958 3121 distrinxit,
3021 3053 3456 3110 liiculentiSSme
3517 3053 3832 3118 ostendens

2174 3126 2348 3200 quod,
2372 3139 2500 3181 cum
2522 3139 2691 3200 unam
2710 3126 2874 3179 Jesus
2892 3123 3158 3200 Christus
3176 3125 3616 3200 ‘Ecclesiamiun
3631 3143 3833 3200 umque

2172 3197 2413 3251 omnino
2453 3196 2864 3274 episcopatum
2892 3196 3237 3274 instituerit,
3277 3198 3452 3274 cujus
3498 3196 3833 3274 funguntur

2087 3293 2135 3352 ρ
2175 3281 2407 3322 munere
2429 3267 2685 3352 variis-in
2712 3267 3343 3352 provinci'is‘dispertiti
3372 3267 3688 3352 prasule's,
3708 3285 3832 3342 qua-

2173 3353 2297 3412 rum
2343 3353 2480 3393 cura
2514 3337 2716 3412 iisdem
2769 3337 3086 3412 incumbit_;
3125 3351 3369 3412 cumque
3399 3340 3634 3412 electus
3662 3337 3834 3412 atque

2174 3409 2652 3481 inauguratusis
2683 3407 2858 3463 fuerit
2902 3408 3195 3481 cui_De_us
3244 3409 3606 3466 universalis
3659 3407 3830 3481 hujus

2169 3480 2436 3535 Ecclesia
2468 3479 2716 3548 regimen
2745 3479 3181 3550 commendavit,
3214 3484 3270 3550 et
3303 3493 3401 3546 per
3425 3496 3607 3550 quem
3643 3479 3836 3539 unitas

2167 3558 2223 3623 et
2251 3549 2587 3623 conjunctio
2615 3550 2870 3617 ejusdem
2889 3549 3112 3623 existit
3131 3549 3417 3623 Ecclesia,
3447 3549 3830 3623 nequaquam

2168 3621 2290 3676 ﬁeri
2324 3625 2395 3676 ab
2423 3622 2551 3694 alio
2569 3626 2806 3690 poterat,
2831 3621 2958 3694 nisi
2991 3620 3359 3675 schismatica
3388 3620 3833 3694 societasfqua

2166 3694 2438 3761 quoniam
2474 3693 2556 3746 nil
2592 3698 2794 3760 prater
2831 3691 3144 3746 humanum
3185 3698 3424 3760 saperet,
3458 3691 3675 3749 eadem
3712 3691 3835 3749 for—

2165 3770 2306 3818 tuna
2335 3767 2417 3820 uti
2451 3777 2560 3834 qua
2587 3763 2773 3818 solent
2797 3761 3444 3834 schismata‘oporteret,
3481 3779 3623 3832 qua
3657 3768 3833 3820 maxi-

2166 3849 2286 3889 mas
2315 3831 2545 3904 quidem
2581 3841 2808 3903 repente
2862 3832 3060 3887 turbas
3092 3831 3348 3905 faciunt.
3381 3831 3440 3888 at
3481 3831 3830 3905 propediem

2164 3903 2346 3962 ruunt
2373 3920 2439 3961 ac
2477 3906 2895 3960 dissolvuntur.
2929 3905 3060 3960 Post
3091 3903 3210 3959 hac
3237 3903 3615 3961 demonstrat
3637 3908 3832 3962 nemi-

2161 3990 2288 4032 nem
2341 3991 2438 4047 per
2483 3977 2646 4032 ﬁdem
2696 3981 2750 4030 et
2792 3974 3128 4030 charitatem
3171 3989 3300 4047 cum
3351 3975 3618 4032 Ecclesia
3666 3991 3832 4047 posse

2159 4045 2457 4120 conjungi,
2494 4048 2608 4120 qui
2659 4048 2984 4120 asilomano
3023 4045 3291 4120 pontiﬁce
3329 4047 3408 4100 sit
3446 4045 3829 4120 disjunctus,

2160 4132 2360 4188 nempe
2386 4117 2507 4188 'qui
2559 4117 2817 4188 pontiﬁci
2866 4118 3190 4172 earumdem
3237 4117 3523 4172 virtutum
3584 4119 3834 4174 vinculo

2159 4189 2560 4245 indissolubili
2582 4204 2649 4243 ac

2680 4189 3057 4258 perseveranti
3080 4201 3189 4243 non
3211 4189 3278 4258 ad
3291 4189 3482 4242 haret.
3509 4189 3830 4246 Postremo

2156 4261 2461 4316 Romanam
2516 4259 2826 4315 Ecclesiam
2860 4259 3114 4313 declarat
3160 4257 3473 4313 habendam
3518 4274 3666 4315 esse
3715 4269 3837 4316 tan-

2155 4346 2325 4402 quam
2351 4331 2598 4386 radicem
2629 4339 2683 4385 et
2709 4335 2942 4402 matrem
2966 4330 3224 4402 omnium
3259 4329 3691 4401 Ecclesiarum,
3727 4345 3835 4386 ne—

2155 4401 2264 4473 que
2293 4403 2363 4457 ab
2394 4403 2516 4470 ipsa
2547 4402 2664 4458 ullo
2693 4408 2856 4473 pacto
2887 4401 3301 4455 abscedendum
3331 4413 3476 4473 esse.

2223 4476 2428 4528 Sancto
2481 4474 2665 4528 eidem
2717 4472 3005 4541 episcOpo,
3061 4478 3122 4525 ut
3171 4485 3358 4525 rerum
3413 4471 3827 4527 humanarum

396 4192 481 4245 vit
506 4191 896 4246 Tertullianus
919 4190 1029 4259 (h);
1057 4193 1156 4258 qui
1190 4189 1522 4258 propediem
1545 4191 1797 4244 Montani
1824 4191 2047 4245 delira—

398 4268 590 4318 menta
624 4263 934 4332 professus,
978 4261 1231 4332 eamdem
1280 4259 2044 4332 implicitusidamnationis

392 4329 676 4389 sententia
708 4341 811 4391 est.
849 4347 1016 4403 quam
1051 4332 1111 4385 in
1145 4329 1537 4403 haresiarclia
1563 4331 2040 4403 illiusvesaniam

393 4404 649 4473 pontifex
683 4401 1098 4474 pronuntiavit.
1145 4401 1294 4468 Quin
1339 4402 1512 4474 etiam
1551 4401 1945 4474 Tertullianus
1981 4402 2040 4473 (ἱ)

389 4472 539 4531 idem
593 4472 793 4546 rigida-
840 4475 1094 4546 nimium
1143 4472 1487 4546 innocentia
1533 4472 2033 4546 assertorfactus,

383 4561 513 4602 cum
545 4541 798 4603 eﬁ‘utiret
830 4543 1235 4616 fornicationis
1259 4549 1315 4616 et
1340 4543 1614 4616 adulterii
1648 4543 2034 4616 criminarma-
2152 4545 2498 4600 vicissitudo
2527 4550 2630 4610 est,
2679 4556 2850 4616 causa
2884 4544 3119 4616 demum
3143 4556 3254 4616 pro
3285 4555 3344 4596 se
3389 4541 3518 4616 ipso
3563 4545 3832 4598 dicenda

377 4618 505 4686 jora
535 4632 660 4674 esse
689 4631 856 4687 quam
893 4613 1107 4687 quibus
1135 4613 1354 4687 absolvi
1385 4612 2030 4687 ab_Ecclesiashomines
2063 4663 2111 4687 η
2153 4617 2265 4671 fuit
2286 4622 2480 4670 contra
2506 4614 2849 4687 caput_illud
2880 4613 3322 4687 insanissimum
3350 4614 3597 4687 nomine
3621 4616 3835 4670 Fortu-

384 4663 659 4758 Lagi}?
672 4663 856 4758 nm;
893 4663 1294 4753 summisit;
1312 4663 2029 4752 {camaraeasinis
2055 4663 2111 4724 Β
2149 4663 3100 4758 5311a;;‘.;afeaia;i~aia;uga‘aai
3109 4663 3827 4758 a'sfsa‘éa-iaagihéagéa

2145 4753 2477 4813 sedem'sui
2533 4756 2657 4811 loco
2712 4755 3022 4825 provehere
3077 4753 3715 4825 moliebatur.Quare
3771 4757 3828 4811 in

2141 4828 2593 4898 expostulatoria
2637 4824 3376 4898 ad’Corneliumgepistola
3422 4824 3478 4898 id
3541 4829 3832 4896 apprime

2139 4895 2404 4971 queritur
2433 4897 2495 4970 (ε)
2525 4899 2677 4971 quod
2702 4897 3072 4971 schismatica
3104 4896 3203 4950 illa
3234 4909 3307 4971 ac
3326 4895 3580 4971 scelesta
3611 4895 3830 4971 socie—

2139 4967 2224 5026 tas
2256 4967 2574 5039 impudenti
2611 4969 2751 5023 adeo
2777 4982 2875 5023 ore
2915 4967 3111 5039 fuerit,
3149 4974 3212 5021 ut
3240 4967 3309 5039 ad
3342 4967 3473 5039 divi
3511 4968 3690 5024 Petri
3721 4986 3825 5025 ca—

2135 5037 2418 5105 thedram,
2463 5042 2532 5095 ad
2581 5041 2841 5095 omnium
2887 5038 3207 5107 principem
3260 5037 3704 5108 Ecclesiarum,
3754 5041 3823 5094 ad

2131 5113 2480 5183 episcOpalis
2509 5111 2760 5183 unitatis
2786 5110 3069 5183 originem
3097 5108 3442 5183 temeritatis
3466 5114 3670 5180 atque
3705 5112 3826 5166 im—

2132 5179 2421 5255 pudentia
2448 5197 2567 5238 sua
2597 5182 2870 5238 nuntium
2891 5179 3131 5236 mittere
3158 5193 3271 5236 non
3296 5179 3632 5252 dubitarit,
3671 5185 3820 5238 ani-

377 4761 810 4816 condemnatus.

449 4832 735 4887 Callixtus
761 4833 1010 4900 quatuor
1029 4827 1169 4900 anni
1201 4833 1520 4900 temporum
1546 4825 1834 4900 jejunium
1866 4828 2030 4884 insti-

380 4904 496 4958 tuit
519 4903 602 4974 (j).
636 4897 921 4957 Fabianus
943 4899 1118 4974 latam
1149 4898 1206 4974 in
1234 4897 1502 4974 Africano
1528 4899 1778 4974 concilio
1809 4907 2031 4974 senten-

376 4969 839 5029 tiam‘adversus
867 4971 1156 5025 Privatum
1194 4970 1524 5042 hareticum
1555 4969 1912 5025 conﬁrmavit
1936 4971 2022 5042 (k).

373 5045 457 5099 Ad
480 5044 743 5100 eumdem
763 5045 1039 5114 Origenes
1059 5055 1220 5097 suam
1241 5041 1372 5114 ﬁdei
1397 5040 1806 5114 professionem
1834 5040 2020 5112 misit;

376 5116 518 5184 quin
541 5117 735 5183 etiam,
759 5112 1025 5171 nonnulli
1053 5114 1136 5169 uti
1158 5113 1394 5167 tradunt
1413 5112 1783 5184 historici,a(i
1802 5120 2026 5184 aposto-

373 5183 545 5240 licam
585 5186 775 5242 sedem
824 5199 884 5242 se
925 5184 1193 5253 contulit,
1251 5196 1473 5239 errores
1511 5196 1702 5239 coram
1754 5183 2019 5240 diluendi

2192 5509 2209 5788 ξ

2188 5794 2204 6002 ἒ

462 5363 515 5434 α)
551 5366 606 5419 S.
640 5366 786 5419 Iren.
831 5362 870 5418 l.
908 5377 992 5434 ιιι,
1024 5379 1074 5420 c.
1107 5362 1160 5419 3.
2196 5360 2260 5431 (j)
2299 5362 2422 5418 Lib.
2450 5364 2614 5418 Pont.

463 5429 513 5504 ὁ)
549 5438 698 5492 Tert.
736 5434 836 5490 lib.
869 5429 997 5490 adv.
1029 5437 1191 5490 Prax.
2197 5429 2264 5504 (lt?)
2303 5436 2355 5488 S.
2389 5435 2553 5504 Cypr.
2587 5447 2677 5503 ep.
2707 5429 2798 5487 59.

442 5500 506 5576 (ο)
545 5507 668 5565 Lib.
715 5505 924 5562 Pontif.
969 5507 1127 5561 Beda
1159 5506 1218 5560 in
1253 5519 1306 5560 v1
1345 5503 1543 5560 mundi
1570 5509 1721 5562 atat.
1763 5503 1925 5561 Adon
1954 5506 2013 5561 in
2195 5500 2493 5576 (l)’AEuse'b'.
2525 5500 2666 5559 Hist.
2692 5500 2882 5576 v_i,__i9.

366 5573 574 5633 Chron.
1227 5645 1230 5646 ν
1318 5645 1324 5646 γ
2193 5573 2283 5646 (m)
2311 5577 2366 5630 S.
2398 5577 2564 5646 Cypr.
2598 5589 2686 5644 ep.
2719 5573 2811 5629 55.

438 5648 515 5721 (d)
549 5648 1110 5721 Theodoret.haret.
1143 5645 1278 5702 Fab.
1314 5645 1419 5702 lib.
1449 5659 1512 5700 Ii.
2192 5642 2274 5721 (η)
2301 5642 2690 5721 Apud'euuid.
2717 5659 2806 5715 ep.
2833 5642 2890 5699 8.

458 5716 508 5788 e)'
543 5719 751 5773 Pontif.
786 5719 845 5772 in
871 5720 1115 5774 Victore.
1141 5786 1154 5788 _
2192 5716 2259 5788 (ο)
2299 5719 2402 5785 Id.,
2433 5731 2522 5788 ep.
2555 5716 2645 5773 55.

539 5788 745 5843 Euseb.
773 5803 805 5843 v
834 5789 979 5844 Hist.
1012 5803 1062 5842 c.
1094 5786 1165 5844 22
1192 5793 1249 5843 et
1271 5801 1389 5855 seq.
2190 5786 2264 5856 (ρ)
2303 5789 2446 5843 lbid.

453 5856 506 5927 θ’)
544 5857 752 5914 Rufﬁn.
780 5858 926 5912 llist.
960 5860 1004 5912 l.
1037 5872 1098 5924 tt,
1123 5873 1172 5914 c.
1204 5858 1258 5914 6.
2189 5856 2260 5927 (q)
2298 5859 2503 5913 Euseb.
2532 5859 2678 5914 Hist.
2711 5873 2787 5922 Vl,
2819 5856 2910 5914 35.

435 5927 509 6067 ἓὴ)
543 5930 733 5996 Optat.
761 5927 950 5982 Milev.
983 5927 1087 5982 lib.
1119 5944 1158 5981 ι.

456 6000 496 6067 i)
530 5996 750 6052 Tertul.
775 5996 848 6050 de
869 5997 1051 6064 Jejun.
1077 6003 1134 6052 et

2207 5947 2236 5982 r
2297 5930 2460 5998 Cypr.
2499 5929 2650 5998 epist
2685 5928 2775 5985 55.

2207 5929 2254 6072 εξ
2287 6000 2392 6071 Id.,
2425 6013 2513 6070 ep.
2544 5998 2637 6056 59.

456 5976 509 6069 '1"),
530 5976 1060 6064 ῗθῖἱῖἱίᾶὲλῖὲίυῖῖ
1075 5976 1232 6052 vet-Ide
1253 5994 1454 6050 Pudic.
2028 5976 2033 5981 ’
2287 5976 2407 6071 Id:
2417 5976 2637 6070 eali-5‘9...
