3912 6408
383 342 491 402 947

1187 351 1282 408 ΑΙ)
1316 351 1748 409 ANASTASIUM
1784 347 2298 406 PROLEGOMENA
2334 351 2510 406 EDIT.
2554 348 2986 409 ROM.—VATIC.

3707 339 3804 400 948

392 469 480 520 rio
500 467 869 538 Imperatoris
896 467 1085 521 Roma:
1116 475 1432 536 paruerunt
1459 468 1548 538 (a).
1574 470 1859 524 Niczenam
1899 476 2042 524 hanc
2074 469 2124 524 Α
2154 464 2286 538 ﬁdei
2312 465 2722 538 professionem
2745 468 3377 538 tabulisconsignatam
3397 465 3552 522 Julio
3570 463 3808 538 praeben’

393 537 670 610 synodum
701 540 826 610 aD.
857 538 1133 593 Silvestro
1180 554 1304 594 esse
1337 537 1699 608 celebratam,
1735 541 1835 610 qui
1865 539 2046 594 multa

388 608 559 662 etiam
599 622 698 678 pro
744 609 1008 664 interiori
1040 618 1095 664 et
1120 611 1392 666 exteriori
1427 611 1689 667 Ecclesiae
1735 608 2048 680 disciplina

389 680 719 753 constituit,
749 682 1143 753 vetustissima
1175 688 1537 737 monumenta
1571 683 1910 738 conﬁrmant
1955 683 2046 753 (b).

463 749 723 823 Pontifex
757 752 980 807 Marcus
1012 753 1274 808 instituit
1317 758 1380 807 ut
1419 753 1704 809 Ostiensis
1747 749 2052 823 episcopus

391 821 570 892 pallio
623 829 900 888 uteretur,
952 825 1352 878 auctoritatem
1383 825 1468 878 sic
1518 825 1681 879 illius
1709 821 2052 880 conﬁrmans

392 894 712 947 Romanum
767 895 1094 962 pontiﬁcem
1149 896 1524 950 consecrandi
1580 896 1661 966 (c).
1713 896 1871 964 Quod
1919 908 2057 951 sane

393 971 790 1037 ornamentum
817 967 1314 1036 metropolitarum
1336 967 1675 1036 sediumque
1691 968 2056 1037 superiorum

391 1035 703 1104 prtesulum
754 1035 1050 1105 proprium
1095 1044 1202 1092 est.

462 1107 618 1162 Julio
649 1109 670 1161 Ι
705 1108 972 1175 pontiﬁce
1001 1110 1261 1164 homines
1292 1110 1429 1164 divo
1475 1110 1790 1166 Athanasio
1818 1109 2054 1177 infensi,

397 1184 522 1246 post
551 1178 606 1250 S.
640 1180 972 1250 episcopum
1004 1180 1077 1234 ab
1112 1181 1245 1235 sede
1288 1180 1674 1236 Alexandrina
1725 1183 1968 1250 ejectum
1997 1182 2058 1235 in

396 1249 786 1305 conciliabulo
829 1252 962 1319 Tyri
1003 1251 1199 1305 habito
1237 1250 1331 1320 (εἰ),
1364 1252 1432 1306 ad
1482 1253 1538 1306 S.
1590 1249 1778 1307 sedem
1812 1255 1921 1308 iter
1961 1254 2060 1306 in—

397 1322 672 1381 stituunt,
710 1321 966 1388 ejusdem
993 1322 1339 1376 auctoritate
1383 1329 1445 1376 ut
1470 1322 1797 1378 ﬁrmaretur
1841 1324 2061 1378 tamla—

398 1398 519 1446 tum
546 1405 639 1464 per
669 1405 767 1446 eos
787 1393 1077 1464 judicium
1103 1393 1518 1464 quamgintrusi
1549 1395 1774 1462 electio,
1800 1409 1967 1464 quem
1999 1397 2058 1449 in

397 1463 579 1535 sancti
618 1463 883 1530 prazsulis
931 1461 1132 1518 locum
1175 1461 1537 1518 suffecerant.
1598 1461 1949 1521 Athanasius
1995 1465 2059 1535 (ε)

398 1533 614 1606 pariter
644 1548 780 1588 suos
809 1535 1025 1603 legatos
1056 1536 1287 1588 Romam
1321 1536 1516 1603 misit;
1549 1550 1580 1589 a
1607 1537 1823 1606 quibus
1848 1533 2059 1593 adveré-

397 1604 800 1660 sariiconvicti
833 1613 890 1660 et
913 1607 1176 1674 elingues
1198 1605 1356 1674 facti,
1385 1604 1674 1676 petierunt
1696 1623 1811 1664 rem
1841 1608 2053 1676 differi,

398 1683 464 1730 ut
506 1690 642 1732 suas
690 1685 921 1746 possent
975 1678 1228 1749 rationes
1279 1691 1579 1749 eXponere,
1614 1694 1756 1749 quas
1807 1681 2056 1736 nondum

399 1755 606 1815 praesto
655 1762 779 1802 esse
804 1748 1172 1804 dictitabant.
1213 1748 1469 1806 Pontifex
1502 1748 1690 1805 Romae
1742 1752 2056 1808 concilium

399 1820 610 1874 indicit
655 1817 722 1890 (Γ)
759 1835 874 1888 quo
925 1826 1089 1876 vocat
1142 1826 1330 1889 partes
1360 1835 1576 1889 omnes,
1600 1823 1651 1878 S.
1705 1823 2060 1878 Athanasius

393 1890 485 1962 (g),
533 1891 752 1964 judicis
793 1893 886 1946 sui
945 1892 1226 1946 mandatis
1271 1893 1668 1961 obtemperans
1715 1894 2063 1964 quantocius

397 1963 649 2036 advenit,
701 1976 765 2036 ac
832 1963 1068 2036 perinde
1139 1965 1412 2034 praesules
1461 1963 2056 2036 Constantinopoleos,

397 2033 869 2104 Adrianopoleos,
895 2033 1152 2106 Ancyrae,
1183 2037 1345 2090 Gaza:
1375 2037 1596 2105 aliique
1630 2033 1892 2105 praeterea
1925 2033 2062 2106 plu-4

398 2118 487 2178 res
521 2111 634 2160 tam
679 2106 935 2178 Orientis
975 2121 1144 2176 quam
1175 2108 1422 2178 Egypti,
1466 2121 1682 2163 necnon
1739 2110 2061 2164 sacerdotes

399 2177 687 2232 innumeri
716 2177 787 2232 ab
823 2179 1096 2233 Ecclesiis
1145 2177 1318 2246 pulSi.
1363 2180 1512 2248 quod
1541 2179 1754 2234 Ariana
1782 2180 1907 2234 fabe
1928 2193 2060 2234 cre-

394 2249 671 2304 derentur
698 2249 918 2319 infecti,
960 2251 1193 2305 Romam
1225 2251 1487 2305 veniuut.
1530 2251 1730 2306 Ariani
1762 2266 1912 2316 vero,
1942 2265 2059 2307 suae

395 2321 542 2390 ipsis
569 2321 874 2390 injustiiia:
889 2323 1244 2376 conscientia
1275 2329 1432 2388 teste,
1466 2322 1788 2387 latitarunt,
1814 2322 2058 2378 fraudis-

397 2405 508 2462 que
540 2393 716 2463 hujus
773 2392 1100 2447 levissimas
1142 2406 1348 2447 causas
1397 2395 1726 2461 commenti,
1755 2395 2058 2462 epistolam

395 2465 740 2518 temeritatis
769 2471 824 2517 et
849 2463 1104 2518 audacia:
1151 2463 1369 2532 plenam
1425 2465 1493 2518 ad
1537 2465 1754 2518 Julium
1799 2465 2062 2519 tradide-

395 2542 533 2589 runt
559 2534 648 2605 (h).
698 2533 960 2588 Pontifex
1007 2541 1221 2600 autem,
1265 2547 1434 2605 causa
1455 2539 1580 2605 tota
1611 2535 2062 2603 diligentissime

394 2604 648 2674 cognita,
685 2605 744 2657 in
780 2605 1083 2671 pristinam
1117 2604 1368 2658 asseruit
1408 2604 1748 2674 dignitatem
1781 2607 1845 2658 D.
1878 2606 2064 2658 Atha-

397 2675 623 2729 nasium
661 2687 726 2727 ac
755 2673 1012 2742 reliquos
1041 2674 1348 2741 episcopus
1381 2675 1478 2740 qui
1511 2673 1583 2727 ab
1614 2675 2065 2730 insectatoribus

398 2746 556 2814 pulsi
589 2743 821 2798 fuerant
851 2762 866 2809 ;
898 2743 1249 2814 adversariis
1278 2744 1584 2798 interdixit
1615 2746 1916 2801 restitutos
1949 2747 2067 2800 im-

398 2813 688 2885 posterum
723 2813 1059 2885 perturbare
1081 2830 1107 2885 7-,
1124 2819 1248 2867 acta
1279 2827 1475 2885 eorum
1503 2821 1559 2868 et
1586 2816 1803 2884 scripta
1823 2817 2069 2871 damna-

391 2883 797 2957 vit;denique
817 2883 994 2957 latum
1025 2884 1094 2957 ad
1139 2884 1508 2957 sejudicium
1537 2883 1742 2941 iisdem
1785 2902 1883 2956 per
1902 2888 2070 2943 litte—

397 2953 850 3097 Psédcclaravit,
914 2954 1163 3024 ineptias
1189 2953 1455 3010 refellens
1505 2953 1878 3026 epistolaa'ab
1923 2960 2069 3028 ipsis

421 3042 479 3082 ra
528 3041 619 3081 tae
689 3044 744 3079 ι.

392 3027 619 3082 tradita:
668 3027 744 3082 (il.

471 3099 634 3167 Quod
664 3095 729 3153 ut
763 3095 1024 3170 pontifex
1064 3103 1359 3166 praestaret
1386 3103 1560 3170 atque
1583 3100 1841 3157 Orientis
1863 3103 2066 3158 Eccle-

400 3170 509 3243 siis
526 3169 1008 3243 tranquillitatem
1032 3171 1835 3243 restitueret,imperatoriam
1858 3174 2061 3243 appel-

403 3242 545 3296 lavit
594 3241 966 3309 majestatem.
1032 3243 1229 3310 Itaque
1282 3242 1446 3296 civili
1501 3257 1628 3297 cum
1670 3241 2061 3299 ecclesiastica

405 3318 684 3382 potestate
723 3311 1051 3384 conjuncta,
1098 3320 1356 3384 coactum
1405 3312 1780 3384 habitumque
1813 3323 1899 3370 est
1923 3317 2063 3371 Sar-

403 3384 636 3456 dicense
671 3382 1296 3456 conciliumomnium
1322 3382 1722 3454 episcoporum
1758 3387 2064 3456 utriusque

404 3455 635 3527 imperii
661 3454 740 3523 (j).
777 3453 921 3527 Huic
940 3453 1131 3508 Julius
1157 3468 1254 3522 per
1285 3454 1496 3524 legatos
1524 3453 1784 3525 prmsedit
1819 3475 1834 3524 ;
1860 3473 1924 3512 ac
1953 3453 2066 3527 prae

403 3526 626 3581 cazteris
648 3533 764 3579 tres
792 3525 849 3577 in
881 3538 946 3579 eo
973 3539 1218 3580 canones
1239 3527 1338 3594 jus
1360 3527 1688 3594 apostolicae
1703 3529 1856 3583 sedis
1881 3525 2068 3584 decer-

408 3603 553 3652 nunt
585 3595 673 3667 (k),
702 3597 772 3650 de
791 3595 1175 3664 appellatione
1203 3597 1513 3668 scilicetin
1542 3599 1736 3654 causis
1761 3601 2067 3668 episcOpo-

413 3682 538 3722 rum
567 3669 635 3722 ad
669 3668 920 3740 eamdem
954 3681 984 3721 e
1016 3668 1330 3735 provinciis
1356 3667 1660 3724 deferenda
1682 3669 1757 3740 (l).
1792 3667 2071 3726 Decerni—

409 3747 507 3794 tur
535 3738 858 3808 pontiﬁcem
895 3739 1213 3794 Romanum
1264 3752 1426 3808 posse
1448 3738 1705 3810 accipere
1724 3738 2070 3810 'hujusmodi

410 3811 862 3880 appellationnm
893 3823 1098 3883 causas
1124 3827 1138 3872 ς
1177 3825 1302 3878 quat
1333 3817 1456 3864 acta
1483 3817 1652 3865 erunt
1683 3813 1938 3883 probare,
1973 3827 2073 3868 seu

411 3895 598 3935 causze
630 3888 842 3948 partem
883 3882 1136 3950 aliquam
1185 3883 1347 3935 novis
1391 3885 1748 3938 committere
1774 3885 2075 3952 judicibus

411 3953 907 4024 cognoscendam;
942 3953 1201 4006 eumdem
1231 3966 1334 4006 sua
1363 3967 1430 4006 ex
1461 3955 1593 4009 aula
1647 3970 1809 4023 posse
1847 3957 2076 4024 judices

412 4021 736 4094 deSngnare,
775 4021 872 4094 qui
907 4036 1018 4076 una
1048 4037 1178 4077 cum
1215 4021 2077 4094 provinciarumcognitoribus

415 4091 759 4148 sententiam
791 4091 993 4166 ferant,
1022 4107 1333 4166 aiquorum
1369 4098 1650 4151 sententia
1681 4091 1843 4166 posse
1867 4099 2074 4153 iterum

419 4167 666 4239 Romam
688 4165 1298 4239 _provo_cari._Concilii
1331 4167 1520 4239 Patres
1548 4182 1650 4222 sua
1685 4165 1792 4222 ins
1835 4171 2076 4239 ynodica

414 4237 481 4312 ad
503 4235 836 4312 pontificem
865 4235 1071 4312 legatis
1095 4238 1350 4312 aiu_nt_se
1378 4238 1750 4312 demandasse
1778 4235 1850 4293 ut'
1870 4241 2076 4312 singil-

419 4308 584 4380 latim,
612 4306 862 4380 rationes
894 4306 1136 4380 referant
1175 4308 1245 4380 de
1273 4309 1348 4380 iis
1377 4309 1645 4365 omnibus
1686 4325 1812 4380 quae
1841 4306 1995 4366 acta'
2014 4326 2077 4367 ac

416 4379 652 4434 deﬁnita
683 4378 742 4431 in
771 4378 1022 4432 concilio
1051 4375 1288 4445 fuerint,
1336 4379 1447 4446 ipsi
1476 4375 1746 4449 tanquam
1773 4383 1894 4436 divi
1927 4385 2077 4438 Petri

416 4451 702 4524 sucessori
731 4458 784 4504 et
821 4449 1104 4524 Ecclesia}
1143 4451 1342 4524 capiti,
1387 4453 1553 4519 cujus
1578 4458 1664 4506 est
1695 4466 1864 4507 nosse
1897 4456 2074 4524 quid-

417 4523 554 4593 quid
584 4523 652 4576 ad
675 4521 927 4574 eamdem
959 4519 1278 4593 Ecclesiam
1306 4526 1574 4593 pertinet.

2159 536 2317 592 tibus
2341 537 2433 608 (n),
2469 545 2524 593 et
2549 539 2834 609 quidquid
2865 540 2925 594 in
2964 541 3027 592 D.
3053 536 3431 594 Athanasium
3458 537 3586 593 ausi
3631 539 3806 594 erant.

2159 609 2562 665 revocantibus
2579 610 2662 679 (0).
2691 615 2933 666 Sanctus
2954 617 3144 665 autem
3167 610 3260 664 hic
3279 610 3483 665 doctor
3508 614 3804 676 antequam

2159 693 2320 735 suam
2364 681 2434 735 ad
2491 681 2796 736 Ecclesiam
2839 681 3167 749 revertitur,
3195 695 3310 750 quo
3348 681 3420 734 ab
3477 681 3809 750 imperatore

2158 751 2491 806 Constantio
2523 752 2893 817 invitabatur,
2925 747 3162 807 Julium'
3193 747 3518 821 pontiﬁcem
3558 747 3683 806 adit
3721 747 3806 816 (p),

2161 823 2406 878 consilia
2453 824 2706 890 ejusdem
2749 824 3062 878 auditurus
3103 838 3169 878 ac
3214 823 3438 878 litteras
3479 828 3812 890 accepturus

2162 895 2660 949 commendatitias
2676 896 2744 950 ad
2760 894 2978 949 clerum
2996 903 3052 949 et
3073 894 3345 962 populum
3365 893 3747 949 Alexandriae.

2236 964 2520 1034 Liberius,
2545 965 2688 1020 Julii
2718 979 3036 1035 successor,
3060 966 3255 1020 statim
3274 971 3446 1035 atque
3465 964 3727 1019 ascendit
3750 964 3810 1018 ad

2166 1036 2317 1090 Petri
2349 1037 2697 1103 cathedram,
2721 1037 3149 1092 communionis
3175 1037 3399 1091 litteras
3417 1036 3553 1091 divo
3578 1035 3818 1090 Athana-

2167 1108 2256 1162 sio
2274 1109 2610 1176 perscripsit
2625 1107 2718 1178 (q),
2742 1109 2953 1178 nequid
2963 1121 3132 1177 quam
3147 1113 3345 1163 contra
3365 1103 3820 1162 sollicitantibus

2166 1179 2560 1234 Orientalibus
2572 1180 2823 1247 ejusdem
2847 1178 3310 1234 insectatoribus.
3329 1178 3820 1247 Przeviditquanta

2167 1250 2436 1305 Ecclesiae
2458 1250 2758 1305 calamitas
2790 1249 2986 1306 futura
3007 1257 3132 1305 erat
3157 1264 3285 1305 cum
3313 1249 3473 1305 solus
3502 1262 3699 1304 rerum
3719 1261 3821 1317 po-

2168 1322 2378 1376 tiretur
2404 1322 2796 1389 Constantius,
2830 1336 2999 1392 quam
3035 1321 3236 1390 praeire
3261 1321 3543 1375 meditans
3566 1333 3823 1392 (Boume—

2167 1393 2297 1446 nica
2328 1394 2785 1462 synodus,enixe
2815 1391 3215 1461 imperatorem
3243 1399 3507 1462 precatus
3536 1405 3638 1460 per
3666 1391 3824 1445 litte-

2167 1477 2280 1530 ras,
2315 1461 2540 1518 tandem
2572 1465 2765 1530 evicit,
2818 1464 3054 1520 multam
3075 1463 3146 1518 ab
3185 1477 3248 1518 eo
3276 1462 3396 1518 fore
3420 1461 3823 1518 difﬁcultatem

2167 1536 2309 1604 quin
2341 1535 2592 1606 synodus
2628 1542 2944 1606 cogeretur.
2975 1537 3033 1589 In
3079 1535 3322 1606 quadam
3351 1548 3417 1589 ex
3452 1535 3542 1588 his
3557 1533 3829 1603 epistolis

2166 1607 2234 1661 ad
2258 1605 2656 1676 imperatorem
2683 1605 2938 1662 Ostendit
2969 1606 3107 1732 guid
3141 1605 3337 1660 saaculi
3366 1611 3679 1674 potestates
3704 1617 3828 1674 pne-

2168 1685 2319 1732 stare
2335 1678 2577 1732 debeant
2593 1680 2660 1732 ad
2680 1692 2963 1732 convocan
3009 1692 3039 1732 a
3056 1677 3320 1732 concilia.
3349 1677 3621 1732 Publicae.
3640 1675 3828 1732 induit

2168 1685 2319 1733 stare
2335 1675 2577 1734 debeant
2593 1680 2660 1733 ad
2680 1675 3039 1733 convocanda
3056 1677 3320 1732 concilia.
3349 1677 3621 1739 Publicae,
3640 1675 3831 1744 inquit

2171 1750 2549 1820 traquillitati
2599 1750 2899 1805 consulere
2951 1754 3171 1817 oportet
3215 1748 3534 1820 principes,
3581 1747 3829 1820 ut_cele-

2092 1840 2144 1899 Β
2172 1817 2617 1899 brariconcilia
2657 1826 2885 1890 queant.
2924 1817 3406 1899 utquesuffragia
3455 1820 3577 1899 sint
3606 1818 3830 1899 libera;

2171 1893 2379 1949 deinde
2405 1906 2569 1948 suam
2603 1889 2968 1959 interponere
2995 1889 3422 1957 auctoritatem,
3453 1897 3518 1946 ut
3544 1904 3681 1960 quae
3710 1889 3833 1943 fue—

2174 1965 2292 2019 rint
2315 1964 2556 2020 deﬁnita
2585 1964 2970 2032 accipiantur,
2991 1969 3047 2018 et
3073 1976 3198 2033 quae
3241 1962 3462 2016 sancita
3509 1966 3830 2033 serventur.

2174 2037 2554 2092 Constantius
2588 2031 2809 2090 omnem
2862 2031 3132 2090 adhibuit
3186 2045 3382 2088 curam
3429 2038 3492 2089 ut
3517 2031 3834 2088 Mediolani

2171 2109 2368 2163 Patres
2414 2115 2901 2178 congregarentur
2933 2125 2950 2168 ς
3000 2106 3120 2176 ipse
3151 2112 3373 2178 autem_
3396 2104 3628 2178 adesse_
3655 2102 3839 2159 voluit

2173 2174 2616 2248 przrsidendi'ac
2633 2174 2973 2235 'deﬁniendi
3001 2174 3194 2233 animo
3226 2175 3309 2247 (ν).
3342 2176 3548 2231 Omnia
3601 2174 3840 2232 fuerunt

2168 2250 2405 2305 Arianis
2439 2251 2731 2321 gratiosa;
2785 2250 2952 2321 legati
3019 2248 3578 2321 pontiﬁcis,_quique
3635 2248 3836 2321 horum

2172 2328 2361 2391 partes
2379 2321 2687 2377 tuebantur
2709 2319 2966 2391 episcopi
2985 2321 3308 2391 exsulatum
3335 2319 3417 2374 ire
3429 2320 3606 2388 jussi.
3632 2319 3840 2391 Eadem

2170 2390 2305 2447 sane
2321 2392 2565 2461 procella
2586 2390 2760 2447 etiam
2785 2390 3011 2446 Liberio
3034 2390 3338 2461 subeunda
3355 2391 3484 2454 fuit,
3505 2391 3650 2457 quia
3674 2390 3844 2461 impe-

2173 2459 2351 2518 ratori
2380 2463 2630 2530 obstitit,
2652 2464 2771 2532 qui,
2812 2468 2874 2515 ut
2897 2463 3168 2516 ethnicus
3196 2459 3373 2532 tradit
3403 2462 3762 2522 historicus,
3793 2459 3842 2532 in

2171 2547 2306 2589 suas
2345 2541 2532 2602 partes
2557 2527 2882 2602 pertrahere
2912 2534 3156 2602 maxime
3184 2527 3384 2602 avebat
3411 2532 3762 2602 pontiﬁcem
3784 2527 3842 2583 ob

2174 2597 2496 2673 supremam
2515 2597 2633 2658 sum
2650 2603 2803 2658 sedis
2825 2601 3205 2673 probantibus
3226 2597 3290 2667 (ε)
3309 2597 3589 2673 ;_nullusd
3603 2602 3718 2654 ubi
3732 2610 3846 2656 tans

2173 2669 2425 2746 (Arianis
2472 2675 2528 2729 id
2562 2669 3144 2746 probantibus)‘quiin
3187 2669 3478 2746 pontiﬁcis
3508 2673 3844 2746 exemplum

2175 2740 2294 2803 tota
2317 2740 2654 2815 sequeretur
2684 2740 3041 2815 Ecclesia'r(t)’.
3067 2745 3264 2812 Itaque
3285 2740 3600 2808 imperator
3633 2741 3845 2812 largiri

2183 2814 2434 2890 primum
2465 2823 2551 2871 est
2573 2831 2762 2890 orsus,
2790 2814 3000 2890 deinde
3023 2815 3256 2890 minari,
3277 2818 3588 2882 postremo,
3618 2825 3771 2890 eum
3792 2825 3845 2866 ea

2181 2883 2471 2944 incassum
2507 2888 2705 2943 cedere
2733 2885 3019 2941 intellexit
3044 2885 3112 2939 ad
3146 2886 3259 2938 vim
3309 2897 3369 2938 se
3399 2883 3718 2950 convertit,
3751 2885 3845 2951 ju—

2179 2962 2388 3029 betque
2438 2965 2501 3014 ut
2556 2957 2813 3028 pontifex
2870 2969 3054 3029 suam
3097 2957 3164 3010 ad
3199 2955 3389 3011 aulam
3447 2954 3843 3022 pertrahatur.

2177 3028 2353 3102 Quem
2383 3037 2446 3085 ut
2476 3031 2631 3085 videt
2681 3031 3010 3102 imperator,
3048 3028 3361 3102 interrOgat
3391 3038 3524 3102 nu_m
3570 3037 3844 3102 suprema

2174 3095 2451 3174 dignitas,
2489 3115 2601 3171 qua
2634 3095 3050 3174 estprzeditus,
3080 3095 3371 3174 tan-tos'ei
3392 3095 3620 3174 animos
3646 3095 3839 3174 faciat,

2175 3166 2421 3229 utvsolus
2441 3166 2555 3241 prie
2567 3166 2837 3227 omnibus
2854 3176 3006 3224 stare
3039 3168 3218 3238 possit
3241 3167 3268 3220 ?
3295 3168 3374 3222 Ad
3391 3180 3516 3236 quze
3535 3166 3837 3241 Liberius:

2171 3247 2304 3301 Esto
2338 3263 2353 3313 ς
2384 3237 2495 3298 siin
2524 3247 2686 3298 solus
2719 3256 2818 3311 pro
2848 3241 2959 3313 ﬁde
2992 3258 3004 3292 :
3040 3237 3228 3313 ipsius
3273 3251 3445 3313 causa
3475 3250 3586 3313 non
3619 3237 3844 3313 modico

2171 3331 2230 3373 se
2247 3308 2447 3440 tue'tutr
2460 3308 2734 3440 praesidio
2749 3313 2844 3384 (ιλ).
2865 3308 3240 3382 QuamObrem
3263 3309 3465 3380 pulsus
3491 3310 3549 3362 in
3563 3308 3840 3364 exsilium

2172 3394 2257 3440 est
2296 3399 2401 3440 non
2435 3401 2452 3440 ι
2481 3399 2570 3440 ex.

2172 3394 2257 3444 est
2296 3387 2570 3444 pontifex.

2249 3401 2637 3526 Rgferglatfgnis
2662 3455 3024 3526 incommoda
3054 3459 3110 3509 et
3138 3455 3417 3509 intentata
3446 3465 3602 3526 mors
3616 3448 3841 3526 Liberii

2176 3520 2559 3585 constantiam
2612 3528 2752 3582 adeo
2798 3524 3237 3590 labefactarunt,
3299 3533 3362 3579 ut
3431 3524 3485 3578 S.
3533 3520 3839 3576 Athanasii

2177 3600 2538 3657 damnationi
2561 3597 2972 3672 subscriberet.
3004 3597 3189 3672 Unum
3215 3597 3320 3652 hoc
3341 3594 3569 3672 Liberio
3596 3592 3842 3672 vertitur

2181 3673 2344 3738 vitio,
2381 3685 2483 3726 nec
2516 3670 2630 3725 nisi
2680 3669 2897 3737 injuria
2929 3668 3237 3733 asseritur,
3284 3667 3546 3738 eumdem
3576 3663 3842 3738 subscri—

2184 3735 2368 3813 psisse
2409 3741 2596 3798 codici
2651 3735 3028 3795 formularum
3058 3744 3257 3794 contra
3289 3738 3477 3792 ﬁdem.
3507 3735 3680 3813 Enim
3721 3745 3840 3786 vero

2186 3805 2519 3884 hujusmodi
2571 3813 2748 3867 codex
2790 3824 3151 3882 nequaquam
3182 3822 3305 3865 esse
3362 3807 3550 3877 potuit
3576 3805 3650 3884 (τε)
3681 3818 3835 3882 quem

2187 3878 2436 3955 primum
2490 3884 2781 3955 Berrhoeze
2811 3878 3084 3955 signavit,
3130 3894 3311 3951 neque
3345 3891 3541 3955 eorum
3563 3878 3724 3955 alter
3746 3878 3836 3944 qui

2183 3949 2458 4012 Sirmium
2493 3954 2727 4010 fuerunt
2784 3949 2968 4014 missi,
3013 3965 3138 4007 cum
3171 3949 3467 4007 sententia:
3508 3949 3841 4002 adversetur

2186 4029 2588 4097 episcOporum
2623 4025 2723 4095 qui
2770 4025 3062 4097 Liberium
3106 4025 3174 4078 ad
3221 4019 3841 4097 subscribendum_in—

2187 4090 2479 4156 duxerunt
2511 4116 2525 4165 ;
2555 4090 2738 4169 multo
2766 4103 2956 4151 autem
2982 4096 3176 4169 minus
3199 4095 3427 4169 tertius,
3463 4092 3564 4162 qui
3592 4090 3836 4169 nondum

2193 4172 2484 4240 prodierat
2516 4163 2573 4223 in
2609 4168 2813 4240 lucem,
2839 4181 2967 4240 cum
2984 4167 3216 4240 Romam
3240 4163 3492 4240 pontifex
3521 4163 3840 4240 estdimis-

2190 4234 2310 4298 'sus.
2362 4243 2598 4296 Necesse
2641 4245 2728 4293 est
2778 4238 2960 4309 igitur
2986 4247 3050 4292 ut
3107 4239 3154 4292 is
3191 4236 3368 4309 fuerit
3392 4234 3839 4309 primus_co_ntra

2191 4314 2498 4368 Photinum
2518 4302 3198 4379 exaratusfmaximeque
3217 4302 3598 4379 orthodoxus,
3626 4302 3839 4379 Hilario

2188 4391 2331 4439 teste
2356 4383 2450 4454 (re).
2502 4382 2659 4449 Quod
2690 4382 2756 4454 si
2786 4372 3052 4454 Liberius
3106 4372 3212 4434 alii
3255 4372 3673 4454 subscripserit
3707 4372 3836 4454 fidei

2189 4446 2542 4526 professioni
2565 4453 2786 4517 Sirmii,
2823 4452 2920 4526 ubi
2941 4466 3051 4526 vox
3081 4464 3144 4506 ea
3171 4448 3662 4526 consubtsantia_lis
3688 4446 3840 4500 desi—

2186 4519 2504 4594 deraretur,
2531 4538 2641 4579 non
2685 4531 2870 4578 tamen
2901 4525 3116 4578 idcirco
3147 4536 3266 4576 eam
3291 4533 3478 4594 vocem
3500 4519 3834 4594 Arianorum

486 4593 854 4665 Ursaciuset
875 4591 1078 4665 Valens
1105 4585 1380 4660 episcopi,
1434 4592 1686 4648 fautores
1712 4595 1876 4651 ambo
1902 4597 2076 4654 Aria-
2104 4604 2158 4664 D
2190 4601 2373 4653 instar
2398 4585 2693 4651 damnavit
2717 4595 2789 4665 (ῃ)
2817 4614 2832 4664 ;
2865 4596 3048 4650 vetuit
3069 4600 3255 4648 autem
3289 4596 3351 4665 ut
3379 4589 3756 4665 quisbusdam
3785 4585 3832 4638 in

417 4679 618 4720 norum
651 4662 1032 4728 celeberrimi,
1070 4672 1367 4732 postquam
1395 4678 1640 4719 errorem
1674 4682 1842 4721 suum
1874 4668 1929 4723 in
1956 4671 2075 4725 Me-

415 4737 741 4792 dionalensi
761 4732 1010 4808 concilio
1027 4731 1135 4803 (m),
1161 4731 1254 4788 cui
1277 4736 1739 4808 prteerantlegati
1761 4740 2070 4807 pontiﬁcis,

416 4810 778 4878 adjurarunt,
814 4807 1046 4859 Romam
1077 4819 1136 4859 se
1173 4805 1478 4878 conferunt
1523 4805 1805 4876 plenam‘a
1835 4811 1887 4865 S.
1942 4814 2074 4868 sede

419 4876 838 4951 indulgentiam
870 4876 1257 4932 consecuturi.
1295 4878 1350 4932 id
1370 4879 1582 4934 accidit
1610 4881 1815 4937 iisdem
1845 4897 1913 4938 ex
1942 4890 2072 4940 voto

504 4985 556 5053 a)
587 4985 742 5041 Felix
789 4986 879 5051 IlI,
911 4997 997 5053 ep.
1050 4981 1102 5038 4.

505 5053 554 5112 bi
603 5056 725 5111 Lib.
753 5053 964 5110 Pontif.

503 5128 547 5195 ο)
574 5128 746 5183 Idem.

490 5195 558 5269 'd)
587 5201 712 5253 Soz.
750 5197 891 5251 Hist.
921 5197 1024 5252 lib.
1056 5212 1141 5267 ιιι,
1174 5213 1224 5253 c.
1259 5195 1314 5254 7.

503 5271 548 5340 ε)
575 5270 630 5324 S.
662 5267 929 5323 Athanas.
961 5269 1112 5337 apol.
1145 5286 1208 5322 ιι.

481 5208 899 5414 Ξῃᾘιθφᾱριπθῐ.
927 5341 970 5394 Ι.
995 5353 1056 5407 ιι,
1085 5353 1132 5414 c.
1161 5337 1214 5394 4.
1304 5413 1311 5414 γ

503 5288 529 5326 Θ

482 4986 500 5202 ἒ

532 5267 630 5340 )8.
662 5267 929 5340 Athanas.
961 5269 1112 5337 apol.
1145 5286 1208 5340 ιι.

564 5339 899 5393 Theodoret.
927 5341 970 5394 Ι.
995 5353 1056 5407 ιι,
1085 5353 1132 5394 c.
1161 5337 1214 5394 4.

405 5483 429 5535 Ι
478 5409 950 5535 εὰᾼῚιιιειιιειε.
981 5410 1130 5480 apol.
1169 5424 1208 5465 ιι
1244 5430 1259 5483 ;
1299 5413 1433 5468 item
1467 5415 1535 5469 ad
1565 5415 1744 5486 solit;
1779 5417 1914 5472 item
1944 5418 2065 5474 Soz.

436 5523 448 5534 .
478 5496 567 5544 ιιι,
614 5494 661 5533 c.
710 5494 752 5534 ι.

505 5553 560 5619 h)
581 5550 637 5619 S.
665 5550 869 5604 Athan.
914 5550 1064 5618 apol.
1098 5566 1137 5606 ιι
1167 5559 1223 5606 et
1247 5554 1316 5609 ad
1346 5554 1568 5610 solitar.

505 5618 549 5682 ί)
595 5618 754 5688 Apud
794 5623 986 5675 eumd.
1019 5622 1170 5688 apol.
1217 5637 1276 5676 ιι.

481 5685 551 5758 (1')
589 5685 739 5758 S_ocr.
777 5689 874 5743 lib.
911 5703 949 5757 ι,
984 5685 1108 5758 cap.
1147 5690 1234 5745 40.

545 5752 658 5824 )_S-
689 5757 894 5811 Athan.
920 5752 1072 5824 apol:
1103 5759 1164 5823 l1,

502 5820 544 5886 ι)
571 5819 703 5872 Can.
739 5824 792 5895 3,
829 5826 863 5881 4
891 5819 1021 5880 et7.

2186 4669 2420 4725 casibus
2474 4662 2865 4729 adhiberetur,
2923 4667 3137 4736 quibus
3194 4663 3406 4736 Paulus
3443 4662 3837 4736 Samosatenus

2183 4749 2355 4810 atque
2379 4739 2480 4794 alii
2517 4738 2778 4810 nonnulli
2814 4733 3318 4810 hmretlciadsuos
3360 4733 3835 4810 ﬁrmandoserrc-

2184 4798 2279 4868 res
2317 4811 2485 4866 abusi
2516 4808 2764 4864 fuerant.
2813 4810 3088 4863 Caaterum
3134 4806 3204 4860 ab
3230 4819 3384 4861 omni
3423 4803 3699 4858 abhorret
3741 4798 3835 4854 ﬁde

2185 4883 2335 4956 quod
2371 4882 2472 4938 illa
2523 4882 2582 4935 in
2625 4881 2919 4936 Liberium
2968 4878 3334 4934 anathemata
3361 4877 3427 4930 D.
3456 4874 3672 4928 Hilarii
3722 4872 3833 4927 fr.1-

2268 4990 2338 5059 m)
2365 4991 2547 5060 Epist.
2589 5002 2748 5044 conc.
2792 4987 3051 5060 _Arimin.

2269 5057 2329 5128 η)
2366 5057 2428 5117 Ξῖ
2455 5061 2640 5117 Hilar.
2683 5061 2742 5114 in
2782 5057 2963 5128 fragm

2269 5127 2318 5201 ο)
2358 5134 2516 5189 Socr.
2547 5133 2584 5187 l.
2629 5146 2691 5201 ιι,
2725 5127 2910 5201 οκ48.

2266 5199 2322 5274 p)
2351 5205 2473 5261 Soz.
2506 5204 2544 5259 l.
2582 5199 2748 5270 m,'c.
2785 5199 2873 5256 49.

2269 5241 2322 5344 δέ
2700 5241 2920 5327 ἷίΡίυέιά
2971 5271 3165 5345 Const.
3199 5271 3342 5341 Aug.

2269 5343 2317 5413 ν)
2368 5343 2423 5402 51
2481 5346 2685 5401 Athan.
2729 5358 2815 5413 ep.
2851 5344 2921 5398 ad
2967 5343 3123 5400 solit.

2249 5411 2314 5490 (ε)
2339 5416 2621 5472 Ammian.
2666 5411 2892 5490 Marcet.
2923 5415 3024 5490 lib.
3074 5428 3170 5486 xv,
3205 5418 3331 5486 post
3363 5411 3518 5468 med.

2276 5487 2312 5556 t)
2341 5490 2392 5543 S.
2427 5490 2628 5543 Athan.
2663 5500 2749 5556 ep.
2777 5487 2846 5541 ad
2899 5487 3056 5543 solit.

2273 5556 2329 5628 ιι)
2354 5560 2688 5614 Theodoret.
2727 5559 2766 5628 Ι.
2819 5571 2858 5613 ιι
2890 5559 3034 5614 Hist.
3090 5573 3140 5614 c.
3181 5556 3268 5613 46.

2270 5627 2320 5699 υ)
2352 5631 2411 5684 V.
2447 5630 2486 5684 l.
2517 5644 2600 5699 ιιι,
2632 5644 2680 5685 c.
2716 5627 2799 5694 12,
2847 5629 2990 5686 Hist.
3025 5637 3233 5687 nostrae
3257 5629 3451 5699 dogm.

2265 5699 2322 5772 ac)
2341 5702 2392 5756 S.
2419 5701 2596 5772 Hilar.
2633 5701 2692 5755 in
2724 5700 2922 5772 fragm.
2947 5702 3020 5759 de
3039 5715 3164 5772 syn.
3185 5701 3314 5757 adv.
3335 5699 3557 5754 Ariam.

2242 5769 2314 5843 (ῃ)
2337 5773 2458 5827 Soz.
2485 5771 2588 5826 lib.
2621 5785 2698 5841 iv,
2723 5785 2773 5825 c.
2805 5769 2889 5826 44,
