  <div class='ocr_page' id='page_1' title='image "/cluster/home/n/w/nwhite01/storage/ocr_20150623/127-128/uc1.31175010226572/484.png"; bbox 0 0 3912 6404; ppageno 0'>
   <div class='ocr_carea' id='block_1_1' title="bbox 207 386 316 444">
    <p class='ocr_par' dir='ltr' id='par_1_1' title="bbox 207 386 316 444">
     <span class='ocr_line' id='line_1_1' title="bbox 207 386 316 444; baseline 0.009 -1"><span class='ocrx_word' id='word_1_1' title='bbox 207 386 316 444; x_wconf 78' lang='grc'><strong>953</strong></span> 
     </span>
    </p>
   </div>
   <div class='ocr_carea' id='block_1_2' title="bbox 1087 390 2757 448">
    <p class='ocr_par' dir='ltr' id='par_1_2' title="bbox 1087 390 2757 448">
     <span class='ocr_line' id='line_1_2' title="bbox 1087 390 2757 448; baseline -0.001 -1"><span class='ocrx_word' id='word_1_2' title='bbox 1087 393 1178 448; x_wconf 85' lang='lat' dir='ltr'><strong>DE</strong></span> <span class='ocrx_word' id='word_1_3' title='bbox 1217 390 1756 448; x_wconf 71' lang='lat' dir='ltr'><strong>PRIEEMFNENTIA</strong></span> <span class='ocrx_word' id='word_1_4' title='bbox 1791 393 1878 448; x_wconf 80' lang='lat' dir='ltr'><strong>ET</strong></span> <span class='ocrx_word' id='word_1_5' title='bbox 1913 390 2395 447; x_wconf 79' lang='lat' dir='ltr'><strong>AUCTORITATE</strong></span> <span class='ocrx_word' id='word_1_6' title='bbox 2436 393 2490 448; x_wconf 88' lang='lat' dir='ltr'><strong>S.</strong></span> <span class='ocrx_word' id='word_1_7' title='bbox 2542 391 2757 448; x_wconf 88' lang='lat' dir='ltr'><strong>SEDIS.</strong></span> 
     </span>
    </p>
   </div>
   <div class='ocr_carea' id='block_1_3' title="bbox 3537 385 3644 445">
    <p class='ocr_par' dir='ltr' id='par_1_3' title="bbox 3537 385 3644 445">
     <span class='ocr_line' id='line_1_3' title="bbox 3537 385 3644 445; baseline 0 -1"><span class='ocrx_word' id='word_1_8' title='bbox 3537 385 3644 445; x_wconf 82' lang='grc'>954</span> 
     </span>
    </p>
   </div>
   <div class='ocr_carea' id='block_1_4' title="bbox 212 510 3639 588">
    <p class='ocr_par' dir='ltr' id='par_1_4' title="bbox 212 510 3639 588">
     <span class='ocr_line' id='line_1_4' title="bbox 212 510 3639 588; baseline -0.001 -19"><span class='ocrx_word' id='word_1_9' title='bbox 212 511 401 581; x_wconf 86' lang='lat' dir='ltr'><strong>Quare</strong></span> <span class='ocrx_word' id='word_1_10' title='bbox 429 510 686 588; x_wconf 87' lang='lat' dir='ltr'><strong>pontifex</strong></span> <span class='ocrx_word' id='word_1_11' title='bbox 726 518 835 588; x_wconf 91' lang='lat' dir='ltr'><strong>tot_</strong></span> <span class='ocrx_word' id='word_1_12' title='bbox 853 516 1144 586; x_wconf 89' lang='lat' dir='ltr'><strong>tantisque</strong></span> <span class='ocrx_word' id='word_1_13' title='bbox 1201 517 1392 572; x_wconf 78' lang='lat' dir='ltr'><strong>turbis</strong></span> <span class='ocrx_word' id='word_1_14' title='bbox 1442 517 1870 588; x_wconf 91' lang='lat' dir='ltr'><strong>compescendis</strong></span> <span class='ocrx_word' id='word_1_15' title='bbox 1900 520 1955 577; x_wconf 84' lang='lat' dir='ltr'><strong>A</strong></span> <span class='ocrx_word' id='word_1_16' title='bbox 1983 518 2176 573; x_wconf 90' lang='lat' dir='ltr'><strong>varios</strong></span> <span class='ocrx_word' id='word_1_17' title='bbox 2196 518 2375 574; x_wconf 68' lang='lat' dir='ltr'><strong>Italia:</strong></span> <span class='ocrx_word' id='word_1_18' title='bbox 2396 515 2958 588; x_wconf 71' lang='lat' dir='ltr'><strong>Praesules,dumque</strong></span> <span class='ocrx_word' id='word_1_19' title='bbox 2983 513 3053 569; x_wconf 87' lang='lat' dir='ltr'><strong>ad</strong></span> <span class='ocrx_word' id='word_1_20' title='bbox 3078 512 3639 588; x_wconf 71' lang='lat' dir='ltr'><strong>privatoshomines.</strong></span> 
     </span>
    </p>
   </div>
   <div class='ocr_carea' id='block_1_5' title="bbox 214 585 1873 657">
    <p class='ocr_par' dir='ltr' id='par_1_5' title="bbox 214 585 1873 657">
     <span class='ocr_line' id='line_1_5' title="bbox 214 585 1873 657; baseline 0.003 -19"><span class='ocrx_word' id='word_1_21' title='bbox 214 585 628 657; x_wconf 71' lang='lat' dir='ltr'><strong>mcumenicam</strong></span> <span class='ocrx_word' id='word_1_22' title='bbox 661 586 941 655; x_wconf 77' lang='lat' dir='ltr'><strong>synodum</strong></span> <span class='ocrx_word' id='word_1_23' title='bbox 970 585 1302 657; x_wconf 67' lang='lat' dir='ltr'><strong>intelligens</strong></span> <span class='ocrx_word' id='word_1_24' title='bbox 1327 602 1472 657; x_wconf 91' lang='lat' dir='ltr'><strong>opus</strong></span> <span class='ocrx_word' id='word_1_25' title='bbox 1497 585 1638 656; x_wconf 83' lang='lat' dir='ltr'><strong>fore,</strong></span> <span class='ocrx_word' id='word_1_26' title='bbox 1692 590 1873 644; x_wconf 88' lang='lat' dir='ltr'><strong>Hono-</strong></span> 
     </span>
    </p>
   </div>
   <div class='ocr_carea' id='block_1_6' title="bbox 214 656 1875 728">
    <p class='ocr_par' dir='ltr' id='par_1_6' title="bbox 214 656 1875 728">
     <span class='ocr_line' id='line_1_6' title="bbox 214 656 1875 728; baseline 0.003 -19"><span class='ocrx_word' id='word_1_27' title='bbox 214 656 801 728; x_wconf 74' lang='lat' dir='ltr'><strong>riumimperatorem</strong></span> <span class='ocrx_word' id='word_1_28' title='bbox 832 658 900 712; x_wconf 91' lang='lat' dir='ltr'><strong>ad</strong></span> <span class='ocrx_word' id='word_1_29' title='bbox 931 656 1297 713; x_wconf 89' lang='lat' dir='ltr'><strong>scribendum</strong></span> <span class='ocrx_word' id='word_1_30' title='bbox 1334 656 1567 714; x_wconf 82' lang='lat' dir='ltr'><strong>induxit</strong></span> <span class='ocrx_word' id='word_1_31' title='bbox 1619 660 1875 728; x_wconf 88' lang='lat' dir='ltr'><strong>impera-</strong></span> 
     </span>
    </p>
   </div>
   <div class='ocr_carea' id='block_1_7' title="bbox 215 724 1872 799">
    <p class='ocr_par' dir='ltr' id='par_1_7' title="bbox 215 724 1872 799">
     <span class='ocr_line' id='line_1_7' title="bbox 215 724 1872 799; baseline 0.003 -19"><span class='ocrx_word' id='word_1_32' title='bbox 215 726 329 781; x_wconf 90' lang='lat' dir='ltr'><strong>tori</strong></span> <span class='ocrx_word' id='word_1_33' title='bbox 359 725 607 799; x_wconf 91' lang='lat' dir='ltr'><strong>Arcadio</strong></span> <span class='ocrx_word' id='word_1_34' title='bbox 646 724 835 795; x_wconf 82' lang='lat' dir='ltr'><strong>fratri,</strong></span> <span class='ocrx_word' id='word_1_35' title='bbox 893 736 956 799; x_wconf 89' lang='lat' dir='ltr'><strong>ut</strong></span> <span class='ocrx_word' id='word_1_36' title='bbox 1007 742 1198 784; x_wconf 81' lang='lat' dir='ltr'><strong>secum</strong></span> <span class='ocrx_word' id='word_1_37' title='bbox 1250 730 1603 799; x_wconf 83' lang='lat' dir='ltr'><strong>impenderet</strong></span> <span class='ocrx_word' id='word_1_38' title='bbox 1650 724 1872 785; x_wconf 80' lang='lat' dir='ltr'><strong>omnem</strong></span> 
     </span>
    </p>
   </div>
   <div class='ocr_carea' id='block_1_8' title="bbox 214 798 1874 871">
    <p class='ocr_par' dir='ltr' id='par_1_8' title="bbox 214 798 1874 871">
     <span class='ocr_line' id='line_1_8' title="bbox 214 798 1874 871; baseline 0.002 -19"><span class='ocrx_word' id='word_1_39' title='bbox 214 809 457 871; x_wconf 81' lang='lat' dir='ltr'><strong>operam</strong></span> <span class='ocrx_word' id='word_1_40' title='bbox 479 798 539 851; x_wconf 91' lang='lat' dir='ltr'><strong>in</strong></span> <span class='ocrx_word' id='word_1_41' title='bbox 572 810 631 851; x_wconf 90' lang='lat' dir='ltr'><strong>re</strong></span> <span class='ocrx_word' id='word_1_42' title='bbox 663 811 788 871; x_wconf 70' lang='lat' dir='ltr'><strong>qua:</strong></span> <span class='ocrx_word' id='word_1_43' title='bbox 841 798 910 871; x_wconf 84' lang='lat' dir='ltr'><strong>ad</strong></span> <span class='ocrx_word' id='word_1_44' title='bbox 946 804 1257 867; x_wconf 89' lang='lat' dir='ltr'><strong>utrumque</strong></span> <span class='ocrx_word' id='word_1_45' title='bbox 1288 798 1601 871; x_wconf 80' lang='lat' dir='ltr'><strong>spectabat.</strong></span> <span class='ocrx_word' id='word_1_46' title='bbox 1636 803 1874 871; x_wconf 81' lang='lat' dir='ltr'><strong>Legatos</strong></span> 
     </span>
    </p>
   </div>
   <div class='ocr_carea' id='block_1_9' title="bbox 215 868 1873 940">
    <p class='ocr_par' dir='ltr' id='par_1_9' title="bbox 215 868 1873 940">
     <span class='ocr_line' id='line_1_9' title="bbox 215 868 1873 940; baseline 0.003 -19"><span class='ocrx_word' id='word_1_47' title='bbox 215 868 279 940; x_wconf 84' lang='lat' dir='ltr'><strong>is</strong></span> <span class='ocrx_word' id='word_1_48' title='bbox 329 868 491 922; x_wconf 89' lang='lat' dir='ltr'><strong>misit</strong></span> <span class='ocrx_word' id='word_1_49' title='bbox 515 882 646 923; x_wconf 92' lang='lat' dir='ltr'><strong>cum</strong></span> <span class='ocrx_word' id='word_1_50' title='bbox 677 868 911 940; x_wconf 86' lang='lat' dir='ltr'><strong>litteris,</strong></span> <span class='ocrx_word' id='word_1_51' title='bbox 941 871 1038 940; x_wconf 88' lang='lat' dir='ltr'><strong>qui</strong></span> <span class='ocrx_word' id='word_1_52' title='bbox 1074 883 1106 924; x_wconf 89' lang='lat' dir='ltr'><strong>a</strong></span> <span class='ocrx_word' id='word_1_53' title='bbox 1153 871 1457 940; x_wconf 86' lang='lat' dir='ltr'><strong>Theophili</strong></span> <span class='ocrx_word' id='word_1_54' title='bbox 1512 868 1761 926; x_wconf 79' lang='lat' dir='ltr'><strong>factione</strong></span> <span class='ocrx_word' id='word_1_55' title='bbox 1813 874 1873 926; x_wconf 92' lang='lat' dir='ltr'><strong>in</strong></span> 
     </span>
    </p>
   </div>
   <div class='ocr_carea' id='block_1_10' title="bbox 216 938 1876 1013">
    <p class='ocr_par' dir='ltr' id='par_1_10' title="bbox 216 938 1876 1013">
     <span class='ocr_line' id='line_1_10' title="bbox 216 938 1876 1013; baseline 0.002 -20"><span class='ocrx_word' id='word_1_56' title='bbox 216 939 428 1013; x_wconf 76' lang='lat' dir='ltr'><strong>itinere</strong></span> <span class='ocrx_word' id='word_1_57' title='bbox 457 938 711 1013; x_wconf 74' lang='lat' dir='ltr'><strong>aggressi</strong></span> <span class='ocrx_word' id='word_1_58' title='bbox 743 945 915 1013; x_wconf 86' lang='lat' dir='ltr'><strong>atque</strong></span> <span class='ocrx_word' id='word_1_59' title='bbox 933 938 1149 1013; x_wconf 80' lang='lat' dir='ltr'><strong>rejecti,</strong></span> <span class='ocrx_word' id='word_1_60' title='bbox 1179 938 1380 1013; x_wconf 83' lang='lat' dir='ltr'><strong>vanam</strong></span> <span class='ocrx_word' id='word_1_61' title='bbox 1396 948 1453 997; x_wconf 91' lang='lat' dir='ltr'><strong>et</strong></span> <span class='ocrx_word' id='word_1_62' title='bbox 1483 943 1707 997; x_wconf 92' lang='lat' dir='ltr'><strong>irritam</strong></span> <span class='ocrx_word' id='word_1_63' title='bbox 1732 942 1876 1013; x_wconf 87' lang='lat' dir='ltr'><strong>lcga-</strong></span> 
     </span>
    </p>
   </div>
   <div class='ocr_carea' id='block_1_11' title="bbox 215 1007 1873 1082">
    <p class='ocr_par' dir='ltr' id='par_1_11' title="bbox 215 1007 1873 1082">
     <span class='ocr_line' id='line_1_11' title="bbox 215 1007 1873 1082; baseline 0.002 -18"><span class='ocrx_word' id='word_1_64' title='bbox 215 1010 433 1082; x_wconf 87' lang='lat' dir='ltr'><strong>tionem</strong></span> <span class='ocrx_word' id='word_1_65' title='bbox 462 1007 739 1082; x_wconf 36' lang='lat' dir='ltr'><strong>fec’erunt.</strong></span> <span class='ocrx_word' id='word_1_66' title='bbox 777 1007 928 1065; x_wconf 79' lang='lat' dir='ltr'><strong>Inter</strong></span> <span class='ocrx_word' id='word_1_67' title='bbox 954 1007 1072 1065; x_wconf 73' lang='lat' dir='ltr'><strong>hch</strong></span> <span class='ocrx_word' id='word_1_68' title='bbox 1091 1007 1154 1065; x_wconf 46' lang='lat' dir='ltr'><strong>D&#39;.</strong></span> <span class='ocrx_word' id='word_1_69' title='bbox 1182 1012 1643 1082; x_wconf 90' lang='lat' dir='ltr'><strong>Chrysostomus,</strong></span> <span class='ocrx_word' id='word_1_70' title='bbox 1675 1007 1873 1068; x_wconf 74' lang='lat' dir='ltr'><strong>exsilii</strong></span> 
     </span>
    </p>
   </div>
   <div class='ocr_carea' id='block_1_12' title="bbox 214 1080 1879 1152">
    <p class='ocr_par' dir='ltr' id='par_1_12' title="bbox 214 1080 1879 1152">
     <span class='ocr_line' id='line_1_12' title="bbox 214 1080 1879 1152; baseline 0.002 -17"><span class='ocrx_word' id='word_1_71' title='bbox 214 1080 665 1152; x_wconf 84' lang='lat' dir='ltr'><strong>calamitatibus</strong></span> <span class='ocrx_word' id='word_1_72' title='bbox 693 1093 1023 1150; x_wconf 90' lang='lat' dir='ltr'><strong>oppressus,</strong></span> <span class='ocrx_word' id='word_1_73' title='bbox 1069 1080 1363 1139; x_wconf 89' lang='lat' dir='ltr'><strong>occubuit.</strong></span> <span class='ocrx_word' id='word_1_74' title='bbox 1413 1083 1592 1152; x_wconf 88' lang='lat' dir='ltr'><strong>Quam</strong></span> <span class='ocrx_word' id='word_1_75' title='bbox 1630 1098 1744 1139; x_wconf 89' lang='lat' dir='ltr'><strong>rem</strong></span> <span class='ocrx_word' id='word_1_76' title='bbox 1776 1085 1879 1138; x_wconf 89' lang='lat' dir='ltr'><strong>In—</strong></span> 
     </span>
    </p>
   </div>
   <div class='ocr_carea' id='block_1_13' title="bbox 216 1150 1878 1220">
    <p class='ocr_par' dir='ltr' id='par_1_13' title="bbox 216 1150 1878 1220">
     <span class='ocr_line' id='line_1_13' title="bbox 216 1150 1878 1220; baseline 0.002 -15"><span class='ocrx_word' id='word_1_77' title='bbox 216 1150 863 1220; x_wconf 13' lang='lat' dir='ltr'><strong>nocentiusgaccipicns,</strong></span> <span class='ocrx_word' id='word_1_78' title='bbox 906 1158 1129 1207; x_wconf 65' lang='lat' dir='ltr'><strong>aeternae</strong></span> <span class='ocrx_word' id='word_1_79' title='bbox 1161 1159 1273 1209; x_wconf 90' lang='lat' dir='ltr'><strong>tam</strong></span> <span class='ocrx_word' id='word_1_80' title='bbox 1307 1150 1490 1210; x_wconf 77' lang='lat' dir='ltr'><strong>sancti</strong></span> <span class='ocrx_word' id='word_1_81' title='bbox 1520 1156 1630 1210; x_wconf 89' lang='lat' dir='ltr'><strong>viri</strong></span> <span class='ocrx_word' id='word_1_82' title='bbox 1658 1168 1878 1209; x_wconf 91' lang='lat' dir='ltr'><strong>memo-</strong></span> 
     </span>
    </p>
   </div>
   <div class='ocr_carea' id='block_1_14' title="bbox 216 1217 1874 1295">
    <p class='ocr_par' dir='ltr' id='par_1_14' title="bbox 216 1217 1874 1295">
     <span class='ocr_line' id='line_1_14' title="bbox 216 1217 1874 1295; baseline 0.002 -20"><span class='ocrx_word' id='word_1_83' title='bbox 216 1222 319 1276; x_wconf 66' lang='lat' dir='ltr'><strong>ria:</strong></span> <span class='ocrx_word' id='word_1_84' title='bbox 338 1222 437 1295; x_wconf 81' lang='lat' dir='ltr'><strong>jus</strong></span> <span class='ocrx_word' id='word_1_85' title='bbox 454 1217 641 1276; x_wconf 90' lang='lat' dir='ltr'><strong>voluit</strong></span> <span class='ocrx_word' id='word_1_86' title='bbox 660 1217 1056 1295; x_wconf 68' lang='lat' dir='ltr'><strong>aequissimum</strong></span> <span class='ocrx_word' id='word_1_87' title='bbox 1075 1224 1257 1293; x_wconf 90' lang='lat' dir='ltr'><strong>reddi,</strong></span> <span class='ocrx_word' id='word_1_88' title='bbox 1292 1227 1441 1295; x_wconf 89' lang='lat' dir='ltr'><strong>quod</strong></span> <span class='ocrx_word' id='word_1_89' title='bbox 1464 1239 1531 1281; x_wconf 92' lang='lat' dir='ltr'><strong>ne</strong></span> <span class='ocrx_word' id='word_1_90' title='bbox 1544 1227 1671 1281; x_wconf 92' lang='lat' dir='ltr'><strong>vivo</strong></span> <span class='ocrx_word' id='word_1_91' title='bbox 1692 1225 1874 1279; x_wconf 92' lang='lat' dir='ltr'><strong>eidem</strong></span> 
     </span>
    </p>
   </div>
   <div class='ocr_carea' id='block_1_15' title="bbox 214 1292 1877 1367">
    <p class='ocr_par' dir='ltr' id='par_1_15' title="bbox 214 1292 1877 1367">
     <span class='ocr_line' id='line_1_15' title="bbox 214 1292 1877 1367; baseline 0.002 -21"><span class='ocrx_word' id='word_1_92' title='bbox 214 1299 273 1367; x_wconf 81' lang='lat' dir='ltr'><strong>et</strong></span> <span class='ocrx_word' id='word_1_93' title='bbox 318 1292 511 1347; x_wconf 90' lang='lat' dir='ltr'><strong>adhuc</strong></span> <span class='ocrx_word' id='word_1_94' title='bbox 530 1293 856 1367; x_wconf 36' lang='lat' dir='ltr'><strong>Asuperstiti</strong></span> <span class='ocrx_word' id='word_1_95' title='bbox 892 1292 1251 1367; x_wconf 84' lang='lat' dir='ltr'><strong>redderetur</strong></span> <span class='ocrx_word' id='word_1_96' title='bbox 1278 1292 1563 1367; x_wconf 69' lang='lat' dir='ltr'><strong>angustia:</strong></span> <span class='ocrx_word' id='word_1_97' title='bbox 1603 1296 1877 1365; x_wconf 91' lang='lat' dir='ltr'><strong>temporis</strong></span> 
     </span>
    </p>
   </div>
   <div class='ocr_carea' id='block_1_16' title="bbox 218 1361 1879 1431">
    <p class='ocr_par' dir='ltr' id='par_1_16' title="bbox 218 1361 1879 1431">
     <span class='ocr_line' id='line_1_16' title="bbox 218 1361 1879 1431; baseline 0.002 -14"><span class='ocrx_word' id='word_1_98' title='bbox 218 1362 495 1418; x_wconf 81' lang='lat' dir='ltr'><strong>fecerant.</strong></span> <span class='ocrx_word' id='word_1_99' title='bbox 520 1361 629 1430; x_wconf 90' lang='lat' dir='ltr'><strong>Qui</strong></span> <span class='ocrx_word' id='word_1_100' title='bbox 662 1376 791 1418; x_wconf 91' lang='lat' dir='ltr'><strong>eum</strong></span> <span class='ocrx_word' id='word_1_101' title='bbox 824 1362 1054 1420; x_wconf 84' lang='lat' dir='ltr'><strong>fuerant</strong></span> <span class='ocrx_word' id='word_1_102' title='bbox 1100 1361 1387 1431; x_wconf 49' lang='lat' dir='ltr'><strong>insectati“,</strong></span> <span class='ocrx_word' id='word_1_103' title='bbox 1416 1382 1445 1421; x_wconf 89' lang='lat' dir='ltr'><strong>a</strong></span> <span class='ocrx_word' id='word_1_104' title='bbox 1474 1361 1879 1422; x_wconf 82' lang='lat' dir='ltr'><strong>communione</strong></span> 
     </span>
    </p>
   </div>
   <div class='ocr_carea' id='block_1_17' title="bbox 214 1433 1877 1508">
    <p class='ocr_par' dir='ltr' id='par_1_17' title="bbox 214 1433 1877 1508">
     <span class='ocr_line' id='line_1_17' title="bbox 214 1433 1877 1508; baseline 0.001 -19"><span class='ocrx_word' id='word_1_105' title='bbox 214 1447 417 1508; x_wconf 83' lang='lat' dir='ltr'><strong>omnes</strong></span> <span class='ocrx_word' id='word_1_106' title='bbox 445 1433 641 1508; x_wconf 88' lang='lat' dir='ltr'><strong>rejecit</strong></span> <span class='ocrx_word' id='word_1_107' title='bbox 664 1433 739 1503; x_wconf 84' lang='grc' dir='ltr'><strong>(α)</strong></span> <span class='ocrx_word' id='word_1_108' title='bbox 778 1448 1090 1508; x_wconf 84' lang='lat' dir='ltr'><strong>omnesque</strong></span> <span class='ocrx_word' id='word_1_109' title='bbox 1110 1438 1275 1492; x_wconf 85' lang='lat' dir='ltr'><strong>venia</strong></span> <span class='ocrx_word' id='word_1_110' title='bbox 1310 1438 1582 1508; x_wconf 88' lang='lat' dir='ltr'><strong>indignos</strong></span> <span class='ocrx_word' id='word_1_111' title='bbox 1610 1438 1877 1492; x_wconf 87' lang='lat' dir='ltr'><strong>declara—</strong></span> 
     </span>
    </p>
   </div>
   <div class='ocr_carea' id='block_1_18' title="bbox 211 1505 1876 1576">
    <p class='ocr_par' dir='ltr' id='par_1_18' title="bbox 211 1505 1876 1576">
     <span class='ocr_line' id='line_1_18' title="bbox 211 1505 1876 1576; baseline 0.003 -19"><span class='ocrx_word' id='word_1_112' title='bbox 211 1505 302 1558; x_wconf 83' lang='lat' dir='ltr'><strong>vit</strong></span> <span class='ocrx_word' id='word_1_113' title='bbox 330 1506 669 1576; x_wconf 38' lang='lat' dir='ltr'><strong>usquedum~</strong></span> <span class='ocrx_word' id='word_1_114' title='bbox 705 1506 889 1560; x_wconf 83' lang='lat' dir='ltr'><strong>sancti</strong></span> <span class='ocrx_word' id='word_1_115' title='bbox 935 1509 1189 1576; x_wconf 86' lang='lat' dir='ltr'><strong>episcopi</strong></span> <span class='ocrx_word' id='word_1_116' title='bbox 1230 1505 1467 1564; x_wconf 62' lang='lat' dir='ltr'><strong>nomen&#39;</strong></span> <span class='ocrx_word' id='word_1_117' title='bbox 1495 1508 1770 1563; x_wconf 86' lang='lat' dir='ltr'><strong>referrent</strong></span> <span class='ocrx_word' id='word_1_118' title='bbox 1816 1508 1876 1562; x_wconf 90' lang='lat' dir='ltr'><strong>in</strong></span> 
     </span>
    </p>
   </div>
   <div class='ocr_carea' id='block_1_19' title="bbox 213 1574 1876 1650">
    <p class='ocr_par' dir='ltr' id='par_1_19' title="bbox 213 1574 1876 1650">
     <span class='ocr_line' id='line_1_19' title="bbox 213 1574 1876 1650; baseline 0.002 -21"><span class='ocrx_word' id='word_1_119' title='bbox 213 1589 414 1650; x_wconf 84' lang='lat' dir='ltr'><strong>sacras</strong></span> <span class='ocrx_word' id='word_1_120' title='bbox 438 1574 779 1650; x_wconf 89' lang='lat' dir='ltr'><strong>_diptychas.</strong></span> <span class='ocrx_word' id='word_1_121' title='bbox 829 1574 989 1650; x_wconf 82' lang='lat' dir='ltr'><strong>Citra</strong></span> <span class='ocrx_word' id='word_1_122' title='bbox 1040 1574 1184 1633; x_wconf 86' lang='lat' dir='ltr'><strong>hanc</strong></span> <span class='ocrx_word' id='word_1_123' title='bbox 1242 1578 1417 1650; x_wconf 84' lang='lat' dir='ltr'><strong>legem</strong></span> <span class='ocrx_word' id='word_1_124' title='bbox 1484 1580 1876 1650; x_wconf 88' lang='lat' dir='ltr'><strong>nequidquam</strong></span> 
     </span>
    </p>
   </div>
   <div class='ocr_carea' id='block_1_20' title="bbox 212 1644 1879 1706">
    <p class='ocr_par' dir='ltr' id='par_1_20' title="bbox 212 1644 1879 1706">
     <span class='ocr_line' id='line_1_20' title="bbox 212 1644 1879 1706; baseline 0.003 -7"><span class='ocrx_word' id='word_1_125' title='bbox 212 1646 410 1700; x_wconf 84' lang='lat' dir='ltr'><strong>conati</strong></span> <span class='ocrx_word' id='word_1_126' title='bbox 432 1644 664 1701; x_wconf 90' lang='lat' dir='ltr'><strong>fuerunt</strong></span> <span class='ocrx_word' id='word_1_127' title='bbox 687 1647 1167 1705; x_wconf 89' lang='lat' dir='ltr'><strong>nonnullieorum</strong></span> <span class='ocrx_word' id='word_1_128' title='bbox 1188 1650 1254 1705; x_wconf 89' lang='lat' dir='ltr'><strong>ad</strong></span> <span class='ocrx_word' id='word_1_129' title='bbox 1276 1644 1329 1705; x_wconf 65' lang='lat'><strong>5&#39;.</strong></span> <span class='ocrx_word' id='word_1_130' title='bbox 1350 1652 1505 1706; x_wconf 89' lang='lat' dir='ltr'><strong>sedis</strong></span> <span class='ocrx_word' id='word_1_131' title='bbox 1525 1644 1879 1705; x_wconf 75' lang='lat' dir='ltr'><strong>communio-</strong></span> 
     </span>
    </p>
   </div>
   <div class='ocr_carea' id='block_1_21' title="bbox 213 1717 1878 1791">
    <p class='ocr_par' dir='ltr' id='par_1_21' title="bbox 213 1717 1878 1791">
     <span class='ocr_line' id='line_1_21' title="bbox 213 1717 1878 1791; baseline 0.003 -21"><span class='ocrx_word' id='word_1_132' title='bbox 213 1729 347 1771; x_wconf 91' lang='lat' dir='ltr'><strong>nem</strong></span> <span class='ocrx_word' id='word_1_133' title='bbox 377 1717 584 1791; x_wconf 82' lang='lat' dir='ltr'><strong>redire.</strong></span> <span class='ocrx_word' id='word_1_134' title='bbox 617 1719 813 1787; x_wconf 89' lang='lat' dir='ltr'><strong>Itaque</strong></span> <span class='ocrx_word' id='word_1_135' title='bbox 840 1721 1072 1775; x_wconf 92' lang='lat' dir='ltr'><strong>nomine</strong></span> <span class='ocrx_word' id='word_1_136' title='bbox 1112 1734 1348 1789; x_wconf 85' lang='lat' dir='ltr'><strong>prorsus</strong></span> <span class='ocrx_word' id='word_1_137' title='bbox 1368 1728 1602 1791; x_wconf 85' lang='lat' dir='ltr'><strong>excepto</strong></span> <span class='ocrx_word' id='word_1_138' title='bbox 1625 1722 1878 1777; x_wconf 91' lang='lat' dir='ltr'><strong>eamdem</strong></span> 
     </span>
    </p>
   </div>
   <div class='ocr_carea' id='block_1_22' title="bbox 211 1788 767 1857">
    <p class='ocr_par' dir='ltr' id='par_1_22' title="bbox 211 1788 767 1857">
     <span class='ocr_line' id='line_1_22' title="bbox 211 1788 767 1857; baseline 0 -16"><span class='ocrx_word' id='word_1_139' title='bbox 211 1800 418 1842; x_wconf 86' lang='lat' dir='ltr'><strong>omnes</strong></span> <span class='ocrx_word' id='word_1_140' title='bbox 442 1788 767 1857; x_wconf 82' lang='lat' dir='ltr'><strong>explcrunt.</strong></span> 
     </span>
    </p>
   </div>
   <div class='ocr_carea' id='block_1_23' title="bbox 292 1859 1879 1933">
    <p class='ocr_par' dir='ltr' id='par_1_23' title="bbox 292 1859 1879 1933">
     <span class='ocr_line' id='line_1_23' title="bbox 292 1859 1879 1933; baseline 0.003 -21"><span class='ocrx_word' id='word_1_141' title='bbox 292 1860 360 1912; x_wconf 91' lang='lat' dir='ltr'><strong>II.</strong></span> <span class='ocrx_word' id='word_1_142' title='bbox 415 1859 629 1933; x_wconf 80' lang='lat' dir='ltr'><strong>Deinde</strong></span> <span class='ocrx_word' id='word_1_143' title='bbox 656 1861 1027 1933; x_wconf 84' lang='lat' dir='ltr'><strong>Innocentius</strong></span> <span class='ocrx_word' id='word_1_144' title='bbox 1065 1862 1235 1930; x_wconf 91' lang='lat' dir='ltr'><strong>idem,</strong></span> <span class='ocrx_word' id='word_1_145' title='bbox 1291 1867 1564 1933; x_wconf 88' lang='lat' dir='ltr'><strong>tanquam</strong></span> <span class='ocrx_word' id='word_1_146' title='bbox 1610 1863 1879 1920; x_wconf 67' lang='lat' dir='ltr'><strong>Ecclesia:</strong></span> 
     </span>
    </p>
   </div>
   <div class='ocr_carea' id='block_1_24' title="bbox 214 1929 1881 2003">
    <p class='ocr_par' dir='ltr' id='par_1_24' title="bbox 214 1929 1881 2003">
     <span class='ocr_line' id='line_1_24' title="bbox 214 1929 1881 2003; baseline 0.002 -20"><span class='ocrx_word' id='word_1_147' title='bbox 214 1929 904 2003; x_wconf 79' lang='lat' dir='ltr'><strong>caput_l_’elagia_nismum</strong></span> <span class='ocrx_word' id='word_1_148' title='bbox 943 1933 1240 1987; x_wconf 83' lang='lat' dir='ltr'><strong>damnavit</strong></span> <span class='ocrx_word' id='word_1_149' title='bbox 1270 1934 1363 2003; x_wconf 72' lang='grc' dir='ltr'><strong>(ὁ).</strong></span> <span class='ocrx_word' id='word_1_150' title='bbox 1411 1929 1744 2000; x_wconf 62' lang='lat' dir='ltr'><strong>&#39;leestius,</strong></span> <span class='ocrx_word' id='word_1_151' title='bbox 1772 1933 1881 1987; x_wconf 88' lang='lat' dir='ltr'><strong>Pe-</strong></span> 
     </span>
    </p>
   </div>
   <div class='ocr_carea' id='block_1_25' title="bbox 226 2000 1882 2074">
    <p class='ocr_par' dir='ltr' id='par_1_25' title="bbox 226 2000 1882 2074">
     <span class='ocr_line' id='line_1_25' title="bbox 226 2000 1882 2074; baseline 0.002 -21"><span class='ocrx_word' id='word_1_152' title='bbox 226 2000 373 2074; x_wconf 80' lang='lat' dir='ltr'><strong>lagii</strong></span> <span class='ocrx_word' id='word_1_153' title='bbox 396 2000 821 2074; x_wconf 82' lang='lat' dir='ltr'><strong>discipulorum</strong></span> <span class='ocrx_word' id='word_1_154' title='bbox 844 2000 1018 2074; x_wconf 81' lang='lat' dir='ltr'><strong>facile</strong></span> <span class='ocrx_word' id='word_1_155' title='bbox 1042 2000 1333 2072; x_wconf 75' lang='lat' dir='ltr'><strong>princeps,</strong></span> <span class='ocrx_word' id='word_1_156' title='bbox 1359 2004 1685 2074; x_wconf 89' lang='lat' dir='ltr'><strong>vindexque</strong></span> <span class='ocrx_word' id='word_1_157' title='bbox 1714 2017 1882 2058; x_wconf 85' lang='lat' dir='ltr'><strong>acer-</strong></span> 
     </span>
    </p>
   </div>
   <div class='ocr_carea' id='block_1_26' title="bbox 213 2070 1883 2141">
    <p class='ocr_par' dir='ltr' id='par_1_26' title="bbox 213 2070 1883 2141">
     <span class='ocr_line' id='line_1_26' title="bbox 213 2070 1883 2141; baseline 0.004 -18"><span class='ocrx_word' id='word_1_158' title='bbox 213 2070 411 2126; x_wconf 89' lang='lat' dir='ltr'><strong>rimus</strong></span> <span class='ocrx_word' id='word_1_159' title='bbox 444 2071 620 2125; x_wconf 89' lang='lat' dir='ltr'><strong>istius</strong></span> <span class='ocrx_word' id='word_1_160' title='bbox 656 2071 912 2139; x_wconf 65' lang='lat' dir='ltr'><strong>haeresis,</strong></span> <span class='ocrx_word' id='word_1_161' title='bbox 936 2070 1386 2141; x_wconf 53' lang='lat' dir='ltr'><strong>damnatus&#39;jam</strong></span> <span class='ocrx_word' id='word_1_162' title='bbox 1417 2070 1606 2130; x_wconf 80' lang='lat' dir='ltr'><strong>fuerat</strong></span> <span class='ocrx_word' id='word_1_163' title='bbox 1632 2076 1691 2129; x_wconf 92' lang='lat' dir='ltr'><strong>in</strong></span> <span class='ocrx_word' id='word_1_164' title='bbox 1717 2074 1883 2129; x_wconf 88' lang='lat' dir='ltr'><strong>Afri-</strong></span> 
     </span>
    </p>
   </div>
   <div class='ocr_carea' id='block_1_27' title="bbox 206 2142 1883 2210">
    <p class='ocr_par' dir='ltr' id='par_1_27' title="bbox 206 2142 1883 2210">
     <span class='ocr_line' id='line_1_27' title="bbox 206 2142 1883 2210; baseline 0.003 -16"><span class='ocrx_word' id='word_1_165' title='bbox 206 2154 363 2195; x_wconf 88' lang='lat' dir='ltr'><strong>cano</strong></span> <span class='ocrx_word' id='word_1_166' title='bbox 390 2142 642 2197; x_wconf 90' lang='lat' dir='ltr'><strong>concilio</strong></span> <span class='ocrx_word' id='word_1_167' title='bbox 664 2142 753 2210; x_wconf 88' lang='lat' dir='ltr'><strong>(c),</strong></span> <span class='ocrx_word' id='word_1_168' title='bbox 779 2142 929 2197; x_wconf 89' lang='lat' dir='ltr'><strong>unde</strong></span> <span class='ocrx_word' id='word_1_169' title='bbox 958 2145 1289 2209; x_wconf 85' lang='lat' dir='ltr'><strong>provocavit</strong></span> <span class='ocrx_word' id='word_1_170' title='bbox 1336 2145 1405 2199; x_wconf 91' lang='lat' dir='ltr'><strong>ad</strong></span> <span class='ocrx_word' id='word_1_171' title='bbox 1433 2146 1489 2199; x_wconf 92' lang='lat' dir='ltr'><strong>S.</strong></span> <span class='ocrx_word' id='word_1_172' title='bbox 1520 2146 1731 2200; x_wconf 91' lang='lat' dir='ltr'><strong>sedem.</strong></span> <span class='ocrx_word' id='word_1_173' title='bbox 1776 2147 1883 2199; x_wconf 84' lang='lat' dir='ltr'><strong>Pe—</strong></span> 
     </span>
    </p>
   </div>
   <div class='ocr_carea' id='block_1_28' title="bbox 210 2211 1885 2286">
    <p class='ocr_par' dir='ltr' id='par_1_28' title="bbox 210 2211 1885 2286">
     <span class='ocr_line' id='line_1_28' title="bbox 210 2211 1885 2286; baseline 0.004 -21"><span class='ocrx_word' id='word_1_174' title='bbox 210 2211 414 2286; x_wconf 74' lang='lat' dir='ltr'><strong>lagius</strong></span> <span class='ocrx_word' id='word_1_175' title='bbox 442 2226 576 2267; x_wconf 90' lang='lat' dir='ltr'><strong>vero</strong></span> <span class='ocrx_word' id='word_1_176' title='bbox 605 2213 915 2286; x_wconf 85' lang='lat' dir='ltr'><strong>canonicas</strong></span> <span class='ocrx_word' id='word_1_177' title='bbox 933 2227 1146 2286; x_wconf 64' lang='lat' dir='ltr'><strong>pinnas</strong></span> <span class='ocrx_word' id='word_1_178' title='bbox 1177 2214 1511 2282; x_wconf 90' lang='lat' dir='ltr'><strong>declinavit,</strong></span> <span class='ocrx_word' id='word_1_179' title='bbox 1547 2218 1735 2285; x_wconf 87' lang='lat' dir='ltr'><strong>specie</strong></span> <span class='ocrx_word' id='word_1_180' title='bbox 1758 2218 1885 2286; x_wconf 89' lang='lat' dir='ltr'><strong>qui-</strong></span> 
     </span>
    </p>
   </div>
   <div class='ocr_carea' id='block_1_29' title="bbox 202 2282 1881 2355">
    <p class='ocr_par' dir='ltr' id='par_1_29' title="bbox 202 2282 1881 2355">
     <span class='ocr_line' id='line_1_29' title="bbox 202 2282 1881 2355; baseline 0.004 -20"><span class='ocrx_word' id='word_1_181' title='bbox 202 2282 346 2355; x_wconf 75' lang='lat' dir='ltr'><strong>dem</strong></span> <span class='ocrx_word' id='word_1_182' title='bbox 397 2297 536 2337; x_wconf 89' lang='lat' dir='ltr'><strong>suos</strong></span> <span class='ocrx_word' id='word_1_183' title='bbox 581 2295 805 2337; x_wconf 90' lang='lat' dir='ltr'><strong>errores</strong></span> <span class='ocrx_word' id='word_1_184' title='bbox 856 2282 1181 2355; x_wconf 85' lang='lat' dir='ltr'><strong>diﬁitendo</strong></span> <span class='ocrx_word' id='word_1_185' title='bbox 1212 2285 1271 2339; x_wconf 90' lang='lat' dir='ltr'><strong>in</strong></span> <span class='ocrx_word' id='word_1_186' title='bbox 1317 2286 1532 2355; x_wconf 84' lang='lat' dir='ltr'><strong>synodo</strong></span> <span class='ocrx_word' id='word_1_187' title='bbox 1562 2282 1881 2342; x_wconf 66' lang='lat' dir='ltr'><strong>Palaestina.</strong></span> 
     </span>
    </p>
   </div>
   <div class='ocr_carea' id='block_1_30' title="bbox 202 2353 1885 2425">
    <p class='ocr_par' dir='ltr' id='par_1_30' title="bbox 202 2353 1885 2425">
     <span class='ocr_line' id='line_1_30' title="bbox 202 2353 1885 2425; baseline 0.003 -18"><span class='ocrx_word' id='word_1_188' title='bbox 202 2354 422 2407; x_wconf 85' lang='lat' dir='ltr'><strong>Postea</strong></span> <span class='ocrx_word' id='word_1_189' title='bbox 456 2366 585 2407; x_wconf 87' lang='lat' dir='ltr'><strong>vero</strong></span> <span class='ocrx_word' id='word_1_190' title='bbox 619 2358 731 2425; x_wconf 86' lang='lat' dir='ltr'><strong>tam</strong></span> <span class='ocrx_word' id='word_1_191' title='bbox 791 2353 1096 2425; x_wconf 66' lang='lat' dir='ltr'><strong>Caelestius</strong></span> <span class='ocrx_word' id='word_1_192' title='bbox 1135 2354 1206 2409; x_wconf 92' lang='lat' dir='ltr'><strong>ab</strong></span> <span class='ocrx_word' id='word_1_193' title='bbox 1258 2353 1646 2425; x_wconf 80' lang='lat' dir='ltr'><strong>appellatione</strong></span> <span class='ocrx_word' id='word_1_194' title='bbox 1686 2359 1885 2412; x_wconf 88' lang='lat' dir='ltr'><strong>desci-</strong></span> 
     </span>
    </p>
   </div>
   <div class='ocr_carea' id='block_1_31' title="bbox 205 2423 1879 2497">
    <p class='ocr_par' dir='ltr' id='par_1_31' title="bbox 205 2423 1879 2497">
     <span class='ocr_line' id='line_1_31' title="bbox 205 2423 1879 2497; baseline 0.002 -18"><span class='ocrx_word' id='word_1_195' title='bbox 205 2436 408 2489; x_wconf 88' lang='lat' dir='ltr'><strong>scens,</strong></span> <span class='ocrx_word' id='word_1_196' title='bbox 437 2437 607 2497; x_wconf 82' lang='lat' dir='ltr'><strong>quam</strong></span> <span class='ocrx_word' id='word_1_197' title='bbox 642 2423 923 2497; x_wconf 81' lang='lat' dir='ltr'><strong>Pelagius,</strong></span> <span class='ocrx_word' id='word_1_198' title='bbox 958 2426 1127 2492; x_wconf 91' lang='lat' dir='ltr'><strong>cujus</strong></span> <span class='ocrx_word' id='word_1_199' title='bbox 1146 2425 1264 2497; x_wconf 87' lang='lat' dir='ltr'><strong>doli</strong></span> <span class='ocrx_word' id='word_1_200' title='bbox 1301 2423 1359 2481; x_wconf 83' lang='lat' dir='ltr'><strong>in</strong></span> <span class='ocrx_word' id='word_1_201' title='bbox 1383 2429 1643 2495; x_wconf 88' lang='lat' dir='ltr'><strong>apricum</strong></span> <span class='ocrx_word' id='word_1_202' title='bbox 1672 2429 1879 2497; x_wconf 91' lang='lat' dir='ltr'><strong>prolati</strong></span> 
     </span>
    </p>
   </div>
   <div class='ocr_carea' id='block_1_32' title="bbox 211 2494 1886 2567">
    <p class='ocr_par' dir='ltr' id='par_1_32' title="bbox 211 2494 1886 2567">
     <span class='ocr_line' id='line_1_32' title="bbox 211 2494 1886 2567; baseline 0.004 -18"><span class='ocrx_word' id='word_1_203' title='bbox 211 2499 407 2567; x_wconf 84' lang='lat' dir='ltr'><strong>erant,</strong></span> <span class='ocrx_word' id='word_1_204' title='bbox 425 2494 666 2567; x_wconf 86' lang='lat' dir='ltr'><strong>duobus</strong></span> <span class='ocrx_word' id='word_1_205' title='bbox 702 2495 760 2547; x_wconf 91' lang='lat' dir='ltr'><strong>in</strong></span> <span class='ocrx_word' id='word_1_206' title='bbox 796 2494 1005 2567; x_wconf 77' lang='lat' dir='ltr'><strong>Africae</strong></span> <span class='ocrx_word' id='word_1_207' title='bbox 1043 2496 1280 2567; x_wconf 90' lang='lat' dir='ltr'><strong>concilii</strong></span> <span class='ocrx_word' id='word_1_208' title='bbox 1318 2504 1557 2567; x_wconf 90' lang='lat' dir='ltr'><strong>uterque</strong></span> <span class='ocrx_word' id='word_1_209' title='bbox 1600 2494 1728 2553; x_wconf 57' lang='lat' dir='ltr'><strong>cu&#39;m</strong></span> <span class='ocrx_word' id='word_1_210' title='bbox 1768 2514 1886 2566; x_wconf 86' lang='lat' dir='ltr'><strong>per-</strong></span> 
     </span>
    </p>
   </div>
   <div class='ocr_carea' id='block_1_33' title="bbox 214 2564 1878 2636">
    <p class='ocr_par' dir='ltr' id='par_1_33' title="bbox 214 2564 1878 2636">
     <span class='ocr_line' id='line_1_33' title="bbox 214 2564 1878 2636; baseline 0.003 -17"><span class='ocrx_word' id='word_1_211' title='bbox 214 2564 648 2636; x_wconf 85' lang='lat' dir='ltr'><strong>niciosissima,</strong></span> <span class='ocrx_word' id='word_1_212' title='bbox 670 2577 837 2632; x_wconf 90' lang='lat' dir='ltr'><strong>quam</strong></span> <span class='ocrx_word' id='word_1_213' title='bbox 870 2566 1305 2636; x_wconf 77' lang='lat' dir='ltr'><strong>profitebantur,</strong></span> <span class='ocrx_word' id='word_1_214' title='bbox 1334 2564 1597 2623; x_wconf 72' lang='lat' dir='ltr'><strong>doctrina</strong></span> <span class='ocrx_word' id='word_1_215' title='bbox 1624 2564 1878 2625; x_wconf 86' lang='lat' dir='ltr'><strong>damnati</strong></span> 
     </span>
    </p>
   </div>
   <div class='ocr_carea' id='block_1_34' title="bbox 213 2633 1879 2707">
    <p class='ocr_par' dir='ltr' id='par_1_34' title="bbox 213 2633 1879 2707">
     <span class='ocr_line' id='line_1_34' title="bbox 213 2633 1879 2707; baseline 0.002 -17"><span class='ocrx_word' id='word_1_216' title='bbox 213 2633 482 2704; x_wconf 29' lang='lat' dir='ltr'><strong>sunt(d).</strong></span> <span class='ocrx_word' id='word_1_217' title='bbox 538 2635 747 2707; x_wconf 81' lang='lat' dir='ltr'><strong>Harum</strong></span> <span class='ocrx_word' id='word_1_218' title='bbox 800 2633 1147 2703; x_wconf 82' lang='lat' dir='ltr'><strong>synodcrum</strong></span> <span class='ocrx_word' id='word_1_219' title='bbox 1208 2633 1399 2693; x_wconf 81' lang='lat' dir='ltr'><strong>Patres</strong></span> <span class='ocrx_word' id='word_1_220' title='bbox 1448 2640 1516 2694; x_wconf 89' lang='lat' dir='ltr'><strong>ad</strong></span> <span class='ocrx_word' id='word_1_221' title='bbox 1554 2640 1879 2707; x_wconf 90' lang='lat' dir='ltr'><strong>pontiﬁcem</strong></span> 
     </span>
    </p>
   </div>
   <div class='ocr_carea' id='block_1_35' title="bbox 219 2704 1884 2775">
    <p class='ocr_par' dir='ltr' id='par_1_35' title="bbox 219 2704 1884 2775">
     <span class='ocr_line' id='line_1_35' title="bbox 219 2704 1884 2775; baseline 0.003 -16"><span class='ocrx_word' id='word_1_222' title='bbox 219 2707 510 2775; x_wconf 84' lang='lat' dir='ltr'><strong>legarunt,</strong></span> <span class='ocrx_word' id='word_1_223' title='bbox 545 2706 645 2775; x_wconf 89' lang='lat' dir='ltr'><strong>qui</strong></span> <span class='ocrx_word' id='word_1_224' title='bbox 673 2704 743 2758; x_wconf 93' lang='lat' dir='ltr'><strong>de</strong></span> <span class='ocrx_word' id='word_1_225' title='bbox 776 2707 947 2759; x_wconf 90' lang='lat' dir='ltr'><strong>rebus</strong></span> <span class='ocrx_word' id='word_1_226' title='bbox 975 2720 1006 2760; x_wconf 90' lang='lat' dir='ltr'><strong>a</strong></span> <span class='ocrx_word' id='word_1_227' title='bbox 1056 2708 1419 2774; x_wconf 89' lang='lat' dir='ltr'><strong>sejudicatis</strong></span> <span class='ocrx_word' id='word_1_228' title='bbox 1444 2704 1696 2763; x_wconf 85' lang='lat' dir='ltr'><strong>rationes</strong></span> <span class='ocrx_word' id='word_1_229' title='bbox 1747 2712 1884 2764; x_wconf 87' lang='lat' dir='ltr'><strong>red-</strong></span> 
     </span>
    </p>
   </div>
   <div class='ocr_carea' id='block_1_36' title="bbox 217 2775 1882 2850">
    <p class='ocr_par' dir='ltr' id='par_1_36' title="bbox 217 2775 1882 2850">
     <span class='ocr_line' id='line_1_36' title="bbox 217 2775 1882 2850; baseline 0.002 -19"><span class='ocrx_word' id='word_1_230' title='bbox 217 2777 448 2850; x_wconf 78' lang='lat' dir='ltr'><strong>derent,</strong></span> <span class='ocrx_word' id='word_1_231' title='bbox 473 2775 880 2850; x_wconf 68' lang='lat' dir='ltr'><strong>supplicesque</strong></span> <span class='ocrx_word' id='word_1_232' title='bbox 913 2782 1169 2844; x_wconf 89' lang='lat' dir='ltr'><strong>peterent</strong></span> <span class='ocrx_word' id='word_1_233' title='bbox 1220 2784 1285 2850; x_wconf 88' lang='lat' dir='ltr'><strong>ut</strong></span> <span class='ocrx_word' id='word_1_234' title='bbox 1314 2780 1601 2848; x_wconf 85' lang='lat' dir='ltr'><strong>quidquid</strong></span> <span class='ocrx_word' id='word_1_235' title='bbox 1638 2781 1747 2850; x_wconf 88' lang='lat' dir='ltr'><strong>ipsi</strong></span> <span class='ocrx_word' id='word_1_236' title='bbox 1781 2794 1882 2850; x_wconf 90' lang='lat' dir='ltr'><strong>pro</strong></span> 
     </span>
    </p>
   </div>
   <div class='ocr_carea' id='block_1_37' title="bbox 219 2846 1883 2917">
    <p class='ocr_par' dir='ltr' id='par_1_37' title="bbox 219 2846 1883 2917">
     <span class='ocr_line' id='line_1_37' title="bbox 219 2846 1883 2917; baseline 0.003 -16"><span class='ocrx_word' id='word_1_237' title='bbox 219 2860 335 2901; x_wconf 89' lang='lat' dir='ltr'><strong>sua</strong></span> <span class='ocrx_word' id='word_1_238' title='bbox 360 2846 680 2917; x_wconf 80' lang='lat' dir='ltr'><strong>exiguitate</strong></span> <span class='ocrx_word' id='word_1_239' title='bbox 706 2852 1035 2915; x_wconf 85' lang='lat' dir='ltr'><strong>sanxerant,</strong></span> <span class='ocrx_word' id='word_1_240' title='bbox 1068 2846 1402 2916; x_wconf 69' lang='lat' dir='ltr'><strong>apostolicae</strong></span> <span class='ocrx_word' id='word_1_241' title='bbox 1446 2846 1602 2904; x_wconf 83' lang='lat' dir='ltr'><strong>sedis</strong></span> <span class='ocrx_word' id='word_1_242' title='bbox 1633 2846 1883 2906; x_wconf 79' lang='lat' dir='ltr'><strong>auctori-</strong></span> 
     </span>
    </p>
   </div>
   <div class='ocr_carea' id='block_1_38' title="bbox 219 2917 1879 2991">
    <p class='ocr_par' dir='ltr' id='par_1_38' title="bbox 219 2917 1879 2991">
     <span class='ocr_line' id='line_1_38' title="bbox 219 2917 1879 2991; baseline 0.003 -20"><span class='ocrx_word' id='word_1_243' title='bbox 219 2917 766 2991; x_wconf 23' lang='lat' dir='ltr'><strong>tas_conﬁrmaret.A</strong></span> <span class='ocrx_word' id='word_1_244' title='bbox 807 2919 1063 2988; x_wconf 91' lang='lat' dir='ltr'><strong>Namque</strong></span> <span class='ocrx_word' id='word_1_245' title='bbox 1096 2921 1295 2974; x_wconf 77' lang='lat' dir='ltr'><strong>isthaec</strong></span> <span class='ocrx_word' id='word_1_246' title='bbox 1339 2921 1521 2981; x_wconf 86' lang='lat' dir='ltr'><strong>sedes,</strong></span> <span class='ocrx_word' id='word_1_247' title='bbox 1579 2922 1879 2991; x_wconf 80' lang='lat' dir='ltr'><strong>inquiunt,</strong></span> 
     </span>
    </p>
   </div>
   <div class='ocr_carea' id='block_1_39' title="bbox 222 2988 1888 3060">
    <p class='ocr_par' dir='ltr' id='par_1_39' title="bbox 222 2988 1888 3060">
     <span class='ocr_line' id='line_1_39' title="bbox 222 2988 1888 3060; baseline 0.003 -17"><span class='ocrx_word' id='word_1_248' title='bbox 222 2988 598 3058; x_wconf 88' lang='lat' dir='ltr'><strong>potissimum</strong></span> <span class='ocrx_word' id='word_1_249' title='bbox 627 2988 833 3043; x_wconf 84' lang='lat' dir='ltr'><strong>sortita</strong></span> <span class='ocrx_word' id='word_1_250' title='bbox 865 2995 952 3043; x_wconf 89' lang='lat' dir='ltr'><strong>est</strong></span> <span class='ocrx_word' id='word_1_251' title='bbox 988 3003 1197 3045; x_wconf 92' lang='lat' dir='ltr'><strong>munus</strong></span> <span class='ocrx_word' id='word_1_252' title='bbox 1217 2991 1460 3046; x_wconf 89' lang='lat' dir='ltr'><strong>docendi</strong></span> <span class='ocrx_word' id='word_1_253' title='bbox 1489 2988 1680 3060; x_wconf 56' lang='lat' dir='ltr'><strong>alios,</strong></span> <span class='ocrx_word' id='word_1_254' title='bbox 1714 2993 1888 3049; x_wconf 89' lang='lat' dir='ltr'><strong>valet-</strong></span> 
     </span>
    </p>
   </div>
   <div class='ocr_carea' id='block_1_40' title="bbox 222 3060 1879 3131">
    <p class='ocr_par' dir='ltr' id='par_1_40' title="bbox 222 3060 1879 3131">
     <span class='ocr_line' id='line_1_40' title="bbox 222 3060 1879 3131; baseline 0.003 -17"><span class='ocrx_word' id='word_1_255' title='bbox 222 3072 339 3131; x_wconf 86' lang='lat' dir='ltr'><strong>que</strong></span> <span class='ocrx_word' id='word_1_256' title='bbox 363 3060 733 3131; x_wconf 87' lang='lat' dir='ltr'><strong>auctoritate,</strong></span> <span class='ocrx_word' id='word_1_257' title='bbox 763 3072 931 3129; x_wconf 90' lang='lat' dir='ltr'><strong>quam</strong></span> <span class='ocrx_word' id='word_1_258' title='bbox 983 3073 1141 3115; x_wconf 86' lang='lat' dir='ltr'><strong>sacra</strong></span> <span class='ocrx_word' id='word_1_259' title='bbox 1178 3062 1476 3131; x_wconf 90' lang='lat' dir='ltr'><strong>Scriptura</strong></span> <span class='ocrx_word' id='word_1_260' title='bbox 1524 3063 1792 3131; x_wconf 89' lang='lat' dir='ltr'><strong>pluribus</strong></span> <span class='ocrx_word' id='word_1_261' title='bbox 1822 3067 1879 3119; x_wconf 89' lang='lat' dir='ltr'><strong>in</strong></span> 
     </span>
    </p>
   </div>
   <div class='ocr_carea' id='block_1_41' title="bbox 222 3130 1880 3199">
    <p class='ocr_par' dir='ltr' id='par_1_41' title="bbox 222 3130 1880 3199">
     <span class='ocr_line' id='line_1_41' title="bbox 222 3130 1880 3199; baseline 0.002 -14"><span class='ocrx_word' id='word_1_262' title='bbox 222 3130 372 3185; x_wconf 90' lang='lat' dir='ltr'><strong>locis</strong></span> <span class='ocrx_word' id='word_1_263' title='bbox 398 3130 583 3186; x_wconf 87' lang='lat' dir='ltr'><strong>eidem</strong></span> <span class='ocrx_word' id='word_1_264' title='bbox 614 3136 805 3199; x_wconf 90' lang='lat' dir='ltr'><strong>aperte</strong></span> <span class='ocrx_word' id='word_1_265' title='bbox 827 3130 1057 3196; x_wconf 91' lang='lat' dir='ltr'><strong>tribuit,</strong></span> <span class='ocrx_word' id='word_1_266' title='bbox 1103 3132 1172 3187; x_wconf 89' lang='lat' dir='ltr'><strong>ad</strong></span> <span class='ocrx_word' id='word_1_267' title='bbox 1207 3130 1424 3188; x_wconf 88' lang='lat' dir='ltr'><strong>rectum</strong></span> <span class='ocrx_word' id='word_1_268' title='bbox 1460 3130 1745 3188; x_wconf 84' lang='lat' dir='ltr'><strong>tramitem</strong></span> <span class='ocrx_word' id='word_1_269' title='bbox 1791 3136 1880 3191; x_wconf 88' lang='lat' dir='ltr'><strong>de-</strong></span> 
     </span>
    </p>
   </div>
   <div class='ocr_carea' id='block_1_42' title="bbox 219 3201 1247 3267">
    <p class='ocr_par' dir='ltr' id='par_1_42' title="bbox 219 3201 1247 3267">
     <span class='ocr_line' id='line_1_42' title="bbox 219 3201 1247 3267; baseline 0.002 -11"><span class='ocrx_word' id='word_1_270' title='bbox 219 3203 351 3256; x_wconf 91' lang='lat' dir='ltr'><strong>vios</strong></span> <span class='ocrx_word' id='word_1_271' title='bbox 402 3203 670 3257; x_wconf 84' lang='lat' dir='ltr'><strong>reducere</strong></span> <span class='ocrx_word' id='word_1_272' title='bbox 694 3201 883 3256; x_wconf 90' lang='lat' dir='ltr'><strong>tutius</strong></span> <span class='ocrx_word' id='word_1_273' title='bbox 926 3215 988 3256; x_wconf 91' lang='lat' dir='ltr'><strong>ac</strong></span> <span class='ocrx_word' id='word_1_274' title='bbox 1020 3202 1247 3267; x_wconf 87' lang='lat' dir='ltr'><strong>melius,</strong></span> 
     </span>
    </p>
   </div>
   <div class='ocr_carea' id='block_1_43' title="bbox 222 3272 1881 3343">
    <p class='ocr_par' dir='ltr' id='par_1_43' title="bbox 222 3272 1881 3343">
     <span class='ocr_line' id='line_1_43' title="bbox 222 3272 1881 3343; baseline 0.003 -17"><span class='ocrx_word' id='word_1_275' title='bbox 222 3285 576 3341; x_wconf 88' lang='lat' dir='ltr'><strong>quocunque</strong></span> <span class='ocrx_word' id='word_1_276' title='bbox 627 3272 883 3327; x_wconf 92' lang='lat' dir='ltr'><strong>consilio</strong></span> <span class='ocrx_word' id='word_1_277' title='bbox 924 3272 1162 3328; x_wconf 90' lang='lat' dir='ltr'><strong>aliunde</strong></span> <span class='ocrx_word' id='word_1_278' title='bbox 1216 3272 1446 3343; x_wconf 89' lang='lat' dir='ltr'><strong>sumpto</strong></span> <span class='ocrx_word' id='word_1_279' title='bbox 1502 3274 1585 3343; x_wconf 85' lang='lat' dir='ltr'><strong>(e).</strong></span> <span class='ocrx_word' id='word_1_280' title='bbox 1618 3272 1881 3332; x_wconf 85' lang='lat' dir='ltr'><strong>Pontifex</strong></span> 
     </span>
    </p>
   </div>
   <div class='ocr_carea' id='block_1_44' title="bbox 220 3343 1882 3414">
    <p class='ocr_par' dir='ltr' id='par_1_44' title="bbox 220 3343 1882 3414">
     <span class='ocr_line' id='line_1_44' title="bbox 220 3343 1882 3414; baseline 0.003 -17"><span class='ocrx_word' id='word_1_281' title='bbox 220 3343 374 3397; x_wconf 87' lang='lat' dir='ltr'><strong>hanc</strong></span> <span class='ocrx_word' id='word_1_282' title='bbox 404 3343 779 3414; x_wconf 65' lang='lat' dir='ltr'><strong>observantia;</strong></span> <span class='ocrx_word' id='word_1_283' title='bbox 810 3343 1294 3413; x_wconf 89' lang='lat' dir='ltr'><strong>signiﬁcationem</strong></span> <span class='ocrx_word' id='word_1_284' title='bbox 1333 3359 1466 3414; x_wconf 88' lang='lat' dir='ltr'><strong>erga</strong></span> <span class='ocrx_word' id='word_1_285' title='bbox 1505 3352 1758 3400; x_wconf 90' lang='lat' dir='ltr'><strong>sanctam</strong></span> <span class='ocrx_word' id='word_1_286' title='bbox 1801 3362 1882 3402; x_wconf 87' lang='lat' dir='ltr'><strong>se-</strong></span> 
     </span>
    </p>
   </div>
   <div class='ocr_carea' id='block_1_45' title="bbox 217 3412 1878 3483">
    <p class='ocr_par' dir='ltr' id='par_1_45' title="bbox 217 3412 1878 3483">
     <span class='ocr_line' id='line_1_45' title="bbox 217 3412 1878 3483; baseline 0.003 -15"><span class='ocrx_word' id='word_1_287' title='bbox 217 3414 349 3468; x_wconf 88' lang='lat' dir='ltr'><strong>dem</strong></span> <span class='ocrx_word' id='word_1_288' title='bbox 381 3412 708 3483; x_wconf 86' lang='lat' dir='ltr'><strong>gratulatus</strong></span> <span class='ocrx_word' id='word_1_289' title='bbox 738 3412 1006 3467; x_wconf 86' lang='lat' dir='ltr'><strong>Patribus</strong></span> <span class='ocrx_word' id='word_1_290' title='bbox 1036 3414 1187 3469; x_wconf 91' lang='lat' dir='ltr'><strong>unde</strong></span> <span class='ocrx_word' id='word_1_291' title='bbox 1222 3412 1729 3483; x_wconf 83' lang='lat' dir='ltr'><strong>persuasissimum</strong></span> <span class='ocrx_word' id='word_1_292' title='bbox 1764 3418 1878 3474; x_wconf 90' lang='lat' dir='ltr'><strong>sibi</strong></span> 
     </span>
    </p>
   </div>
   <div class='ocr_carea' id='block_1_46' title="bbox 217 3486 1881 3557">
    <p class='ocr_par' dir='ltr' id='par_1_46' title="bbox 217 3486 1881 3557">
     <span class='ocr_line' id='line_1_46' title="bbox 217 3486 1881 3557; baseline 0.003 -18"><span class='ocrx_word' id='word_1_293' title='bbox 217 3487 533 3557; x_wconf 85' lang='lat' dir='ltr'><strong>esseaiunt</strong></span> <span class='ocrx_word' id='word_1_294' title='bbox 561 3489 965 3557; x_wconf 79' lang='lat' dir='ltr'><strong>certasemper</strong></span> <span class='ocrx_word' id='word_1_295' title='bbox 988 3486 1214 3539; x_wconf 79' lang='lat' dir='ltr'><strong>decreta</strong></span> <span class='ocrx_word' id='word_1_296' title='bbox 1257 3498 1541 3553; x_wconf 87' lang='lat' dir='ltr'><strong>emanare,</strong></span> <span class='ocrx_word' id='word_1_297' title='bbox 1596 3489 1881 3557; x_wconf 65' lang='lat' dir='ltr'><strong>praecipue</strong></span> 
     </span>
    </p>
   </div>
   <div class='ocr_carea' id='block_1_47' title="bbox 222 3554 1884 3625">
    <p class='ocr_par' dir='ltr' id='par_1_47' title="bbox 222 3554 1884 3625">
     <span class='ocr_line' id='line_1_47' title="bbox 222 3554 1884 3625; baseline 0.004 -18"><span class='ocrx_word' id='word_1_298' title='bbox 222 3568 360 3610; x_wconf 82' lang='lat' dir='ltr'><strong>vero</strong></span> <span class='ocrx_word' id='word_1_299' title='bbox 393 3555 444 3609; x_wconf 91' lang='lat' dir='ltr'><strong>si</strong></span> <span class='ocrx_word' id='word_1_300' title='bbox 468 3569 581 3624; x_wconf 88' lang='lat' dir='ltr'><strong>qua</strong></span> <span class='ocrx_word' id='word_1_301' title='bbox 605 3554 677 3609; x_wconf 92' lang='lat' dir='ltr'><strong>de</strong></span> <span class='ocrx_word' id='word_1_302' title='bbox 704 3555 833 3609; x_wconf 90' lang='lat' dir='ltr'><strong>ﬁdei</strong></span> <span class='ocrx_word' id='word_1_303' title='bbox 861 3556 1125 3625; x_wconf 90' lang='lat' dir='ltr'><strong>dogmate</strong></span> <span class='ocrx_word' id='word_1_304' title='bbox 1154 3558 1448 3611; x_wconf 90' lang='lat' dir='ltr'><strong>contentio</strong></span> <span class='ocrx_word' id='word_1_305' title='bbox 1492 3561 1577 3611; x_wconf 92' lang='lat' dir='ltr'><strong>est</strong></span> <span class='ocrx_word' id='word_1_306' title='bbox 1598 3554 1627 3621; x_wconf 73' lang='grc' dir='ltr'><strong>’ς</strong></span> <span class='ocrx_word' id='word_1_307' title='bbox 1681 3554 1884 3615; x_wconf 82' lang='lat' dir='ltr'><strong>simul-</strong></span> 
     </span>
    </p>
   </div>
   <div class='ocr_carea' id='block_1_48' title="bbox 219 3625 1881 3696">
    <p class='ocr_par' dir='ltr' id='par_1_48' title="bbox 219 3625 1881 3696">
     <span class='ocr_line' id='line_1_48' title="bbox 219 3625 1881 3696; baseline 0.002 -15"><span class='ocrx_word' id='word_1_308' title='bbox 219 3638 336 3696; x_wconf 90' lang='lat' dir='ltr'><strong>que</strong></span> <span class='ocrx_word' id='word_1_309' title='bbox 363 3632 615 3695; x_wconf 59' lang='lat' dir='ltr'><strong>carptum</strong></span> <span class='ocrx_word' id='word_1_310' title='bbox 646 3625 717 3681; x_wconf 91' lang='lat' dir='ltr'><strong>ab</strong></span> <span class='ocrx_word' id='word_1_311' title='bbox 766 3626 841 3681; x_wconf 92' lang='lat' dir='ltr'><strong>iis</strong></span> <span class='ocrx_word' id='word_1_312' title='bbox 885 3626 1198 3681; x_wconf 91' lang='lat' dir='ltr'><strong>consilium</strong></span> <span class='ocrx_word' id='word_1_313' title='bbox 1243 3628 1408 3695; x_wconf 84' lang='lat' dir='ltr'><strong>juxta</strong></span> <span class='ocrx_word' id='word_1_314' title='bbox 1440 3628 1783 3683; x_wconf 90' lang='lat' dir='ltr'><strong>traditonem</strong></span> <span class='ocrx_word' id='word_1_315' title='bbox 1826 3637 1881 3685; x_wconf 93' lang='lat' dir='ltr'><strong>et</strong></span> 
     </span>
    </p>
   </div>
   <div class='ocr_carea' id='block_1_49' title="bbox 217 3696 1881 3767">
    <p class='ocr_par' dir='ltr' id='par_1_49' title="bbox 217 3696 1881 3767">
     <span class='ocr_line' id='line_1_49' title="bbox 217 3696 1881 3767; baseline 0.003 -16"><span class='ocrx_word' id='word_1_316' title='bbox 217 3696 701 3751; x_wconf 89' lang='lat' dir='ltr'><strong>consuetudinem</strong></span> <span class='ocrx_word' id='word_1_317' title='bbox 730 3697 988 3751; x_wconf 92' lang='lat' dir='ltr'><strong>omnium</strong></span> <span class='ocrx_word' id='word_1_318' title='bbox 1019 3703 1360 3766; x_wconf 87' lang='lat' dir='ltr'><strong>temporum,</strong></span> <span class='ocrx_word' id='word_1_319' title='bbox 1394 3699 1621 3767; x_wconf 90' lang='lat' dir='ltr'><strong>petendi</strong></span> <span class='ocrx_word' id='word_1_320' title='bbox 1654 3700 1881 3756; x_wconf 90' lang='lat' dir='ltr'><strong>scilicet</strong></span> 
     </span>
    </p>
   </div>
   <div class='ocr_carea' id='block_1_50' title="bbox 213 3767 1879 3837">
    <p class='ocr_par' dir='ltr' id='par_1_50' title="bbox 213 3767 1879 3837">
     <span class='ocr_line' id='line_1_50' title="bbox 213 3767 1879 3837; baseline 0.002 -15"><span class='ocrx_word' id='word_1_321' title='bbox 213 3767 511 3836; x_wconf 87' lang='lat' dir='ltr'><strong>judicium</strong></span> <span class='ocrx_word' id='word_1_322' title='bbox 548 3781 665 3837; x_wconf 92' lang='lat' dir='ltr'><strong>quo</strong></span> <span class='ocrx_word' id='word_1_323' title='bbox 695 3780 800 3823; x_wconf 90' lang='lat' dir='ltr'><strong>sua</strong></span> <span class='ocrx_word' id='word_1_324' title='bbox 834 3767 1091 3836; x_wconf 88' lang='lat' dir='ltr'><strong>ipsorum</strong></span> <span class='ocrx_word' id='word_1_325' title='bbox 1134 3768 1419 3823; x_wconf 91' lang='lat' dir='ltr'><strong>sententia</strong></span> <span class='ocrx_word' id='word_1_326' title='bbox 1454 3769 1754 3825; x_wconf 89' lang='lat' dir='ltr'><strong>roboretur</strong></span> <span class='ocrx_word' id='word_1_327' title='bbox 1803 3772 1879 3826; x_wconf 88' lang='lat' dir='ltr'><strong>vi-</strong></span> 
     </span>
    </p>
   </div>
   <div class='ocr_carea' id='block_1_51' title="bbox 220 3838 1882 3909">
    <p class='ocr_par' dir='ltr' id='par_1_51' title="bbox 220 3838 1882 3909">
     <span class='ocr_line' id='line_1_51' title="bbox 220 3838 1882 3909; baseline 0.002 -17"><span class='ocrx_word' id='word_1_328' title='bbox 220 3846 472 3909; x_wconf 86' lang='lat' dir='ltr'><strong>geatque</strong></span> <span class='ocrx_word' id='word_1_329' title='bbox 502 3846 692 3908; x_wconf 91' lang='lat' dir='ltr'><strong>postea</strong></span> <span class='ocrx_word' id='word_1_330' title='bbox 720 3839 779 3892; x_wconf 92' lang='lat' dir='ltr'><strong>in</strong></span> <span class='ocrx_word' id='word_1_331' title='bbox 806 3845 929 3909; x_wconf 86' lang='lat' dir='ltr'><strong>tota</strong></span> <span class='ocrx_word' id='word_1_332' title='bbox 958 3838 1246 3903; x_wconf 81' lang='lat' dir='ltr'><strong>Ecclesia;</strong></span> <span class='ocrx_word' id='word_1_333' title='bbox 1280 3846 1455 3893; x_wconf 91' lang='lat' dir='ltr'><strong>ratam</strong></span> <span class='ocrx_word' id='word_1_334' title='bbox 1488 3840 1623 3894; x_wconf 91' lang='lat' dir='ltr'><strong>fecit</strong></span> <span class='ocrx_word' id='word_1_335' title='bbox 1644 3846 1882 3895; x_wconf 87' lang='lat' dir='ltr'><strong>senten-</strong></span> 
     </span>
    </p>
   </div>
   <div class='ocr_carea' id='block_1_52' title="bbox 219 3908 1881 3979">
    <p class='ocr_par' dir='ltr' id='par_1_52' title="bbox 219 3908 1881 3979">
     <span class='ocr_line' id='line_1_52' title="bbox 219 3908 1881 3979; baseline 0.002 -16"><span class='ocrx_word' id='word_1_336' title='bbox 219 3908 363 3963; x_wconf 85' lang='lat' dir='ltr'><strong>tiam</strong></span> <span class='ocrx_word' id='word_1_337' title='bbox 388 3908 461 3963; x_wconf 90' lang='lat' dir='ltr'><strong>ab</strong></span> <span class='ocrx_word' id='word_1_338' title='bbox 495 3910 572 3963; x_wconf 91' lang='lat' dir='ltr'><strong>iis</strong></span> <span class='ocrx_word' id='word_1_339' title='bbox 598 3909 770 3963; x_wconf 90' lang='lat' dir='ltr'><strong>latam</strong></span> <span class='ocrx_word' id='word_1_340' title='bbox 802 3908 857 3963; x_wconf 93' lang='lat' dir='ltr'><strong>in</strong></span> <span class='ocrx_word' id='word_1_341' title='bbox 885 3909 1127 3964; x_wconf 71' lang='lat' dir='ltr'><strong>haereses</strong></span> <span class='ocrx_word' id='word_1_342' title='bbox 1148 3924 1460 3979; x_wconf 85' lang='lat' dir='ltr'><strong>earumque</strong></span> <span class='ocrx_word' id='word_1_343' title='bbox 1484 3911 1740 3965; x_wconf 90' lang='lat' dir='ltr'><strong>artiﬁces</strong></span> <span class='ocrx_word' id='word_1_344' title='bbox 1763 3913 1881 3967; x_wconf 82' lang='lat' dir='ltr'><strong>fau-</strong></span> 
     </span>
    </p>
   </div>
   <div class='ocr_carea' id='block_1_53' title="bbox 220 3978 1879 4120">
    <p class='ocr_par' dir='ltr' id='par_1_53' title="bbox 220 3978 1879 4120">
     <span class='ocr_line' id='line_1_53' title="bbox 220 3978 1879 4120; baseline 0.003 -86"><span class='ocrx_word' id='word_1_345' title='bbox 220 3986 495 4120; x_wconf 57' lang='lat' dir='ltr'><strong>tort‘es((},ue</strong></span> <span class='ocrx_word' id='word_1_346' title='bbox 540 3998 556 4050; x_wconf 65' lang='grc' dir='ltr'><strong>ς</strong></span> <span class='ocrx_word' id='word_1_347' title='bbox 608 3980 712 4049; x_wconf 88' lang='lat' dir='ltr'><strong>sic,</strong></span> <span class='ocrx_word' id='word_1_348' title='bbox 753 3978 1083 4050; x_wconf 87' lang='lat' dir='ltr'><strong>Augustino</strong></span> <span class='ocrx_word' id='word_1_349' title='bbox 1132 3987 1293 4049; x_wconf 91' lang='lat' dir='ltr'><strong>teste,</strong></span> <span class='ocrx_word' id='word_1_350' title='bbox 1349 3978 1521 4036; x_wconf 86' lang='lat' dir='ltr'><strong>causa</strong></span> <span class='ocrx_word' id='word_1_351' title='bbox 1562 3980 1677 4037; x_wconf 92' lang='lat' dir='ltr'><strong>fuit</strong></span> <span class='ocrx_word' id='word_1_352' title='bbox 1720 3983 1879 4039; x_wconf 91' lang='lat' dir='ltr'><strong>abso-</strong></span> 
     </span>
     <span class='ocr_line' id='line_1_54' title="bbox 247 4065 457 4105; baseline -0.005 0"><span class='ocrx_word' id='word_1_353' title='bbox 247 4065 345 4105; x_wconf 90' lang='lat' dir='ltr'><strong>ua</strong></span> <span class='ocrx_word' id='word_1_354' title='bbox 445 4090 457 4104; x_wconf 94' lang='lat'><strong>.</strong></span> 
     </span>
    </p>
   </div>
   <div class='ocr_carea' id='block_1_54' title="bbox 247 4056 457 4105">
    <p class='ocr_par' dir='ltr' id='par_1_54' title="bbox 247 4056 457 4105">
     <span class='ocr_line' id='line_1_55' title="bbox 247 4056 457 4105; baseline -0.005 0"><span class='ocrx_word' id='word_1_355' title='bbox 247 4056 345 4105; x_wconf 89' lang='lat' dir='ltr'><strong>uta</strong></span> <span class='ocrx_word' id='word_1_356' title='bbox 371 4056 457 4105; x_wconf 78' lang='lat' dir='ltr'><strong>(fl.</strong></span> 
     </span>
    </p>
   </div>
   <div class='ocr_carea' id='block_1_55' title="bbox 293 4121 1877 4193">
    <p class='ocr_par' dir='ltr' id='par_1_55' title="bbox 293 4121 1877 4193">
     <span class='ocr_line' id='line_1_56' title="bbox 293 4121 1877 4193; baseline 0.003 -18"><span class='ocrx_word' id='word_1_357' title='bbox 293 4124 385 4176; x_wconf 93' lang='lat' dir='ltr'><strong>lII.</strong></span> <span class='ocrx_word' id='word_1_358' title='bbox 422 4121 683 4192; x_wconf 89' lang='lat' dir='ltr'><strong>Denique</strong></span> <span class='ocrx_word' id='word_1_359' title='bbox 714 4121 1085 4177; x_wconf 90' lang='lat' dir='ltr'><strong>Innocentius</strong></span> <span class='ocrx_word' id='word_1_360' title='bbox 1129 4121 1200 4193; x_wconf 88' lang='lat' dir='ltr'><strong>(g)</strong></span> <span class='ocrx_word' id='word_1_361' title='bbox 1255 4126 1525 4192; x_wconf 83' lang='lat' dir='ltr'><strong>tanquam</strong></span> <span class='ocrx_word' id='word_1_362' title='bbox 1574 4123 1877 4180; x_wconf 55' lang='lat' dir='ltr'><strong>catholicae</strong></span> 
     </span>
    </p>
   </div>
   <div class='ocr_carea' id='block_1_56' title="bbox 225 4193 1883 4263">
    <p class='ocr_par' dir='ltr' id='par_1_56' title="bbox 225 4193 1883 4263">
     <span class='ocr_line' id='line_1_57' title="bbox 225 4193 1883 4263; baseline 0.002 -16"><span class='ocrx_word' id='word_1_363' title='bbox 225 4193 495 4248; x_wconf 61' lang='lat' dir='ltr'><strong>Ecclesia:</strong></span> <span class='ocrx_word' id='word_1_364' title='bbox 524 4200 698 4263; x_wconf 87' lang='lat' dir='ltr'><strong>caput</strong></span> <span class='ocrx_word' id='word_1_365' title='bbox 728 4207 889 4249; x_wconf 84' lang='lat' dir='ltr'><strong>suam</strong></span> <span class='ocrx_word' id='word_1_366' title='bbox 926 4194 1233 4249; x_wconf 90' lang='lat' dir='ltr'><strong>minitatur</strong></span> <span class='ocrx_word' id='word_1_367' title='bbox 1262 4194 1665 4249; x_wconf 89' lang='lat' dir='ltr'><strong>auctoritatem</strong></span> <span class='ocrx_word' id='word_1_368' title='bbox 1691 4196 1883 4251; x_wconf 86' lang='lat' dir='ltr'><strong>Hiero-</strong></span> 
     </span>
    </p>
   </div>
   <div class='ocr_carea' id='block_1_57' title="bbox 220 4264 1883 4335">
    <p class='ocr_par' dir='ltr' id='par_1_57' title="bbox 220 4264 1883 4335">
     <span class='ocr_line' id='line_1_58' title="bbox 220 4264 1883 4335; baseline 0.001 -16"><span class='ocrx_word' id='word_1_369' title='bbox 220 4264 579 4334; x_wconf 87' lang='lat' dir='ltr'><strong>solymorum</strong></span> <span class='ocrx_word' id='word_1_370' title='bbox 621 4265 911 4333; x_wconf 87' lang='lat' dir='ltr'><strong>episcopo,</strong></span> <span class='ocrx_word' id='word_1_371' title='bbox 957 4265 1072 4319; x_wconf 91' lang='lat' dir='ltr'><strong>nisi</strong></span> <span class='ocrx_word' id='word_1_372' title='bbox 1107 4279 1218 4335; x_wconf 90' lang='lat' dir='ltr'><strong>qua</strong></span> <span class='ocrx_word' id='word_1_373' title='bbox 1274 4266 1420 4320; x_wconf 87' lang='lat' dir='ltr'><strong>idem</strong></span> <span class='ocrx_word' id='word_1_374' title='bbox 1478 4272 1755 4334; x_wconf 89' lang='lat' dir='ltr'><strong>potestate</strong></span> <span class='ocrx_word' id='word_1_375' title='bbox 1796 4274 1883 4321; x_wconf 86' lang='lat' dir='ltr'><strong>est</strong></span> 
     </span>
    </p>
   </div>
   <div class='ocr_carea' id='block_1_58' title="bbox 222 4335 1879 4405">
    <p class='ocr_par' dir='ltr' id='par_1_58' title="bbox 222 4335 1879 4405">
     <span class='ocr_line' id='line_1_59' title="bbox 222 4335 1879 4405; baseline 0.002 -16"><span class='ocrx_word' id='word_1_376' title='bbox 222 4335 506 4405; x_wconf 68' lang='lat' dir='ltr'><strong>praeditus</strong></span> <span class='ocrx_word' id='word_1_377' title='bbox 526 4335 926 4390; x_wconf 72' lang='lat' dir='ltr'><strong>haereticorum</strong></span> <span class='ocrx_word' id='word_1_378' title='bbox 948 4335 1251 4390; x_wconf 90' lang='lat' dir='ltr'><strong>audaciam</strong></span> <span class='ocrx_word' id='word_1_379' title='bbox 1280 4337 1575 4405; x_wconf 86' lang='lat' dir='ltr'><strong>reprimat,</strong></span> <span class='ocrx_word' id='word_1_380' title='bbox 1598 4337 1697 4405; x_wconf 90' lang='lat' dir='ltr'><strong>qui</strong></span> <span class='ocrx_word' id='word_1_381' title='bbox 1723 4338 1879 4392; x_wconf 90' lang='lat' dir='ltr'><strong>omni</strong></span> 
     </span>
    </p>
   </div>
   <div class='ocr_carea' id='block_1_59' title="bbox 222 4406 1878 4477">
    <p class='ocr_par' dir='ltr' id='par_1_59' title="bbox 222 4406 1878 4477">
     <span class='ocr_line' id='line_1_60' title="bbox 222 4406 1878 4477; baseline 0.001 -16"><span class='ocrx_word' id='word_1_382' title='bbox 222 4406 471 4462; x_wconf 88' lang='lat' dir='ltr'><strong>tudibrii</strong></span> <span class='ocrx_word' id='word_1_383' title='bbox 497 4418 701 4477; x_wconf 88' lang='lat' dir='ltr'><strong>genere</strong></span> <span class='ocrx_word' id='word_1_384' title='bbox 719 4406 1122 4476; x_wconf 80' lang='lat' dir='ltr'><strong>Hieronymum</strong></span> <span class='ocrx_word' id='word_1_385' title='bbox 1141 4412 1197 4461; x_wconf 92' lang='lat' dir='ltr'><strong>et</strong></span> <span class='ocrx_word' id='word_1_386' title='bbox 1217 4409 1524 4462; x_wconf 88' lang='lat' dir='ltr'><strong>monachos</strong></span> <span class='ocrx_word' id='word_1_387' title='bbox 1542 4406 1878 4476; x_wconf 59' lang='lat' dir='ltr'><strong>Palaistinas,</strong></span> 
     </span>
    </p>
   </div>
   <div class='ocr_carea' id='block_1_60' title="bbox 221 4477 1057 4548">
    <p class='ocr_par' dir='ltr' id='par_1_60' title="bbox 221 4477 1057 4548">
     <span class='ocr_line' id='line_1_61' title="bbox 221 4477 1057 4548; baseline -0.004 -16"><span class='ocrx_word' id='word_1_388' title='bbox 221 4477 442 4548; x_wconf 89' lang='lat' dir='ltr'><strong>quibus</strong></span> <span class='ocrx_word' id='word_1_389' title='bbox 468 4483 728 4546; x_wconf 66' lang='lat' dir='ltr'><strong>praeerat,</strong></span> <span class='ocrx_word' id='word_1_390' title='bbox 758 4477 1057 4531; x_wconf 64' lang='lat' dir='ltr'><strong>laedebant.</strong></span> 
     </span>
    </p>
   </div>
   <div class='ocr_carea' id='block_1_61' title="bbox 294 4546 1882 4618">
    <p class='ocr_par' dir='ltr' id='par_1_61' title="bbox 294 4546 1882 4618">
     <span class='ocr_line' id='line_1_62' title="bbox 294 4546 1882 4618; baseline 0.003 -17"><span class='ocrx_word' id='word_1_391' title='bbox 294 4549 613 4617; x_wconf 79' lang='lat' dir='ltr'><strong>Supremas</strong></span> <span class='ocrx_word' id='word_1_392' title='bbox 664 4549 812 4604; x_wconf 91' lang='lat' dir='ltr'><strong>idem</strong></span> <span class='ocrx_word' id='word_1_393' title='bbox 884 4546 1160 4616; x_wconf 84' lang='lat' dir='ltr'><strong>pontifex,</strong></span> <span class='ocrx_word' id='word_1_394' title='bbox 1236 4553 1505 4618; x_wconf 90' lang='lat' dir='ltr'><strong>tanquam</strong></span> <span class='ocrx_word' id='word_1_395' title='bbox 1549 4550 1882 4606; x_wconf 87' lang='lat' dir='ltr'><strong>Occidentis</strong></span> 
     </span>
    </p>
   </div>
   <div class='ocr_carea' id='block_1_62' title="bbox 1982 584 3643 659">
    <p class='ocr_par' dir='ltr' id='par_1_62' title="bbox 1982 584 3643 659">
     <span class='ocr_line' id='line_1_63' title="bbox 1982 584 3643 659; baseline -0.002 -17"><span class='ocrx_word' id='word_1_396' title='bbox 1982 590 2044 643; x_wconf 92' lang='lat' dir='ltr'><strong>In</strong></span> <span class='ocrx_word' id='word_1_397' title='bbox 2067 588 2339 643; x_wconf 88' lang='lat' dir='ltr'><strong>decretali</strong></span> <span class='ocrx_word' id='word_1_398' title='bbox 2364 589 2432 644; x_wconf 90' lang='lat' dir='ltr'><strong>ad</strong></span> <span class='ocrx_word' id='word_1_399' title='bbox 2465 587 2835 659; x_wconf 86' lang='lat' dir='ltr'><strong>Eugubinum</strong></span> <span class='ocrx_word' id='word_1_400' title='bbox 2865 584 3199 659; x_wconf 75' lang='lat' dir='ltr'><strong>episcopum</strong></span> <span class='ocrx_word' id='word_1_401' title='bbox 3232 584 3445 659; x_wconf 77' lang='lat' dir='ltr'><strong>tradita</strong></span> <span class='ocrx_word' id='word_1_402' title='bbox 3496 598 3643 659; x_wconf 74' lang='lat' dir='ltr'><strong>con—</strong></span> 
     </span>
    </p>
   </div>
   <div class='ocr_carea' id='block_1_63' title="bbox 1984 655 3644 728">
    <p class='ocr_par' dir='ltr' id='par_1_63' title="bbox 1984 655 3644 728">
     <span class='ocr_line' id='line_1_64' title="bbox 1984 655 3644 728; baseline -0.002 -15"><span class='ocrx_word' id='word_1_403' title='bbox 1984 658 2172 713; x_wconf 91' lang='lat' dir='ltr'><strong>cludit</strong></span> <span class='ocrx_word' id='word_1_404' title='bbox 2198 660 2345 728; x_wconf 90' lang='lat' dir='ltr'><strong>quod</strong></span> <span class='ocrx_word' id='word_1_405' title='bbox 2374 674 2504 713; x_wconf 89' lang='lat' dir='ltr'><strong>cum</strong></span> <span class='ocrx_word' id='word_1_406' title='bbox 2538 655 2802 713; x_wconf 67' lang='lat' dir='ltr'><strong>Ecclesia:</strong></span> <span class='ocrx_word' id='word_1_407' title='bbox 2830 669 3024 712; x_wconf 89' lang='lat' dir='ltr'><strong>omnes</strong></span> <span class='ocrx_word' id='word_1_408' title='bbox 3048 655 3247 728; x_wconf 61' lang='lat' dir='ltr'><strong>Italiae,</strong></span> <span class='ocrx_word' id='word_1_409' title='bbox 3283 655 3505 725; x_wconf 69' lang='lat' dir='ltr'><strong>Galliae,</strong></span> <span class='ocrx_word' id='word_1_410' title='bbox 3538 656 3644 710; x_wconf 85' lang='lat' dir='ltr'><strong>lli—</strong></span> 
     </span>
    </p>
   </div>
   <div class='ocr_carea' id='block_1_64' title="bbox 1986 727 3644 798">
    <p class='ocr_par' dir='ltr' id='par_1_64' title="bbox 1986 727 3644 798">
     <span class='ocr_line' id='line_1_65' title="bbox 1986 727 3644 798; baseline -0.002 -14"><span class='ocrx_word' id='word_1_411' title='bbox 1986 727 2452 798; x_wconf 62' lang='lat' dir='ltr'><strong>spanim,Afric:e</strong></span> <span class='ocrx_word' id='word_1_412' title='bbox 2476 735 2531 784; x_wconf 92' lang='lat' dir='ltr'><strong>et</strong></span> <span class='ocrx_word' id='word_1_413' title='bbox 2562 729 2955 797; x_wconf 89' lang='lat' dir='ltr'><strong>adjacentium</strong></span> <span class='ocrx_word' id='word_1_414' title='bbox 2986 727 3336 798; x_wconf 87' lang='lat' dir='ltr'><strong>insularum,</strong></span> <span class='ocrx_word' id='word_1_415' title='bbox 3362 734 3483 781; x_wconf 92' lang='lat' dir='ltr'><strong>tum</strong></span> <span class='ocrx_word' id='word_1_416' title='bbox 3506 739 3644 798; x_wconf 79' lang='lat' dir='ltr'><strong>con-</strong></span> 
     </span>
    </p>
   </div>
   <div class='ocr_carea' id='block_1_65' title="bbox 1985 797 3645 868">
    <p class='ocr_par' dir='ltr' id='par_1_65' title="bbox 1985 797 3645 868">
     <span class='ocr_line' id='line_1_66' title="bbox 1985 797 3645 868; baseline -0.002 -13"><span class='ocrx_word' id='word_1_417' title='bbox 1985 800 2205 855; x_wconf 66' lang='lat' dir='ltr'><strong>stitutaa</strong></span> <span class='ocrx_word' id='word_1_418' title='bbox 2231 800 2471 868; x_wconf 88' lang='lat' dir='ltr'><strong>fuerint,</strong></span> <span class='ocrx_word' id='word_1_419' title='bbox 2535 804 2656 855; x_wconf 92' lang='lat' dir='ltr'><strong>tum</strong></span> <span class='ocrx_word' id='word_1_420' title='bbox 2688 799 2905 868; x_wconf 91' lang='lat' dir='ltr'><strong>primos</strong></span> <span class='ocrx_word' id='word_1_421' title='bbox 2935 797 3265 866; x_wconf 86' lang='lat' dir='ltr'><strong>acceperint</strong></span> <span class='ocrx_word' id='word_1_422' title='bbox 3312 797 3585 868; x_wconf 67' lang='lat' dir='ltr'><strong>praesules</strong></span> <span class='ocrx_word' id='word_1_423' title='bbox 3611 809 3645 851; x_wconf 90' lang='lat' dir='ltr'><strong>a</strong></span> 
     </span>
    </p>
   </div>
   <div class='ocr_carea' id='block_1_66' title="bbox 1987 867 3642 941">
    <p class='ocr_par' dir='ltr' id='par_1_66' title="bbox 1987 867 3642 941">
     <span class='ocr_line' id='line_1_67' title="bbox 1987 867 3642 941; baseline -0.002 -16"><span class='ocrx_word' id='word_1_424' title='bbox 1987 872 2235 927; x_wconf 90' lang='lat' dir='ltr'><strong>Romano</strong></span> <span class='ocrx_word' id='word_1_425' title='bbox 2265 867 2533 941; x_wconf 86' lang='lat' dir='ltr'><strong>pontiﬁce</strong></span> <span class='ocrx_word' id='word_1_426' title='bbox 2564 867 2799 939; x_wconf 85' lang='lat' dir='ltr'><strong>perinde</strong></span> <span class='ocrx_word' id='word_1_427' title='bbox 2846 883 3075 941; x_wconf 74' lang='lat' dir='ltr'><strong>:equum</strong></span> <span class='ocrx_word' id='word_1_428' title='bbox 3106 875 3229 941; x_wconf 89' lang='lat' dir='ltr'><strong>erat</strong></span> <span class='ocrx_word' id='word_1_429' title='bbox 3264 874 3333 941; x_wconf 93' lang='lat' dir='ltr'><strong>ut_</strong></span> <span class='ocrx_word' id='word_1_430' title='bbox 3350 867 3422 922; x_wconf 91' lang='lat' dir='ltr'><strong>ab</strong></span> <span class='ocrx_word' id='word_1_431' title='bbox 3447 868 3642 941; x_wconf 89' lang='lat' dir='ltr'><strong>eodem</strong></span> 
     </span>
    </p>
   </div>
   <div class='ocr_carea' id='block_1_67' title="bbox 1985 938 3642 1012">
    <p class='ocr_par' dir='ltr' id='par_1_67' title="bbox 1985 938 3642 1012">
     <span class='ocr_line' id='line_1_68' title="bbox 1985 938 3642 1012; baseline -0.003 -14"><span class='ocrx_word' id='word_1_432' title='bbox 1985 938 2315 1011; x_wconf 58' lang='lat' dir='ltr'><strong>disciplinis</strong></span> <span class='ocrx_word' id='word_1_433' title='bbox 2351 938 2577 1012; x_wconf 85' lang='lat' dir='ltr'><strong>regulas</strong></span> <span class='ocrx_word' id='word_1_434' title='bbox 2598 938 2965 1012; x_wconf 81' lang='lat' dir='ltr'><strong>acciperent,</strong></span> <span class='ocrx_word' id='word_1_435' title='bbox 2984 938 3430 1012; x_wconf 82' lang='lat' dir='ltr'><strong>minimerebus</strong></span> <span class='ocrx_word' id='word_1_436' title='bbox 3477 939 3642 1012; x_wconf 80' lang='lat' dir='ltr'><strong>novis</strong></span> 
     </span>
    </p>
   </div>
   <div class='ocr_carea' id='block_1_68' title="bbox 1987 1009 3644 1082">
    <p class='ocr_par' dir='ltr' id='par_1_68' title="bbox 1987 1009 3644 1082">
     <span class='ocr_line' id='line_1_69' title="bbox 1987 1009 3644 1082; baseline -0.003 -14"><span class='ocrx_word' id='word_1_437' title='bbox 1987 1009 2357 1082; x_wconf 44' lang='lat' dir='ltr'><strong>citra—ipsius</strong></span> <span class='ocrx_word' id='word_1_438' title='bbox 2382 1009 2787 1068; x_wconf 77' lang='lat' dir='ltr'><strong>auctoritatem</strong></span> <span class='ocrx_word' id='word_1_439' title='bbox 2840 1011 3158 1066; x_wconf 88' lang='lat' dir='ltr'><strong>studentes.</strong></span> <span class='ocrx_word' id='word_1_440' title='bbox 3209 1010 3516 1066; x_wconf 91' lang='lat' dir='ltr'><strong>Genuinus</strong></span> <span class='ocrx_word' id='word_1_441' title='bbox 3547 1009 3644 1063; x_wconf 91' lang='lat' dir='ltr'><strong>hic</strong></span> 
     </span>
    </p>
   </div>
   <div class='ocr_carea' id='block_1_69' title="bbox 1987 1082 3646 1150">
    <p class='ocr_par' dir='ltr' id='par_1_69' title="bbox 1987 1082 3646 1150">
     <span class='ocr_line' id='line_1_70' title="bbox 1987 1082 3646 1150; baseline -0.004 -11"><span class='ocrx_word' id='word_1_442' title='bbox 1987 1098 2192 1139; x_wconf 89' lang='lat' dir='ltr'><strong>sensus</strong></span> <span class='ocrx_word' id='word_1_443' title='bbox 2224 1084 2519 1139; x_wconf 88' lang='lat' dir='ltr'><strong>habendus</strong></span> <span class='ocrx_word' id='word_1_444' title='bbox 2540 1088 2627 1138; x_wconf 86' lang='lat' dir='ltr'><strong>est</strong></span> <span class='ocrx_word' id='word_1_445' title='bbox 2646 1083 2953 1138; x_wconf 88' lang='lat' dir='ltr'><strong>decretalis</strong></span> <span class='ocrx_word' id='word_1_446' title='bbox 2983 1082 3246 1149; x_wconf 62' lang='lat' dir='ltr'><strong>laudatas,</strong></span> <span class='ocrx_word' id='word_1_447' title='bbox 3268 1092 3451 1150; x_wconf 88' lang='lat' dir='ltr'><strong>neque</strong></span> <span class='ocrx_word' id='word_1_448' title='bbox 3475 1093 3646 1135; x_wconf 88' lang='lat' dir='ltr'><strong>aures</strong></span> 
     </span>
    </p>
   </div>
   <div class='ocr_carea' id='block_1_70' title="bbox 1985 1151 3642 1209">
    <p class='ocr_par' dir='ltr' id='par_1_70' title="bbox 1985 1151 3642 1209">
     <span class='ocr_line' id='line_1_71' title="bbox 1985 1151 3642 1209; baseline -0.002 0"><span class='ocrx_word' id='word_1_449' title='bbox 1985 1155 2342 1209; x_wconf 88' lang='lat' dir='ltr'><strong>accommoda</strong></span> <span class='ocrx_word' id='word_1_450' title='bbox 2355 1155 2478 1208; x_wconf 74' lang='lat' dir='ltr'><strong>uda:</strong></span> <span class='ocrx_word' id='word_1_451' title='bbox 2508 1154 2742 1209; x_wconf 91' lang='lat' dir='ltr'><strong>omnino</strong></span> <span class='ocrx_word' id='word_1_452' title='bbox 2764 1158 2901 1208; x_wconf 91' lang='lat' dir='ltr'><strong>sunt</strong></span> <span class='ocrx_word' id='word_1_453' title='bbox 2920 1167 2951 1209; x_wconf 93' lang='lat' dir='ltr'><strong>e</strong></span> <span class='ocrx_word' id='word_1_454' title='bbox 2970 1152 3392 1208; x_wconf 89' lang='lat' dir='ltr'><strong>recentioribus</strong></span> <span class='ocrx_word' id='word_1_455' title='bbox 3413 1151 3642 1206; x_wconf 90' lang='lat' dir='ltr'><strong>cuidam</strong></span> 
     </span>
    </p>
   </div>
   <div class='ocr_carea' id='block_1_71' title="bbox 1990 1224 3185 1294">
    <p class='ocr_par' dir='ltr' id='par_1_71' title="bbox 1990 1224 3185 1294">
     <span class='ocr_line' id='line_1_72' title="bbox 1990 1224 3185 1294; baseline -0.003 -14"><span class='ocrx_word' id='word_1_456' title='bbox 1990 1239 2089 1294; x_wconf 92' lang='lat' dir='ltr'><strong>per</strong></span> <span class='ocrx_word' id='word_1_457' title='bbox 2119 1224 2442 1279; x_wconf 90' lang='lat' dir='ltr'><strong>ludibrium</strong></span> <span class='ocrx_word' id='word_1_458' title='bbox 2476 1238 2639 1278; x_wconf 90' lang='lat' dir='ltr'><strong>sensa</strong></span> <span class='ocrx_word' id='word_1_459' title='bbox 2666 1226 2793 1292; x_wconf 86' lang='lat' dir='ltr'><strong>ejus</strong></span> <span class='ocrx_word' id='word_1_460' title='bbox 2815 1224 3185 1292; x_wconf 87' lang='lat' dir='ltr'><strong>exprimenti.</strong></span> 
     </span>
    </p>
   </div>
   <div class='ocr_carea' id='block_1_72' title="bbox 2061 1292 3643 1364">
    <p class='ocr_par' dir='ltr' id='par_1_72' title="bbox 2061 1292 3643 1364">
     <span class='ocr_line' id='line_1_73' title="bbox 2061 1292 3643 1364; baseline -0.002 -14"><span class='ocrx_word' id='word_1_461' title='bbox 2061 1298 2198 1350; x_wconf 89' lang='lat' dir='ltr'><strong>Item</strong></span> <span class='ocrx_word' id='word_1_462' title='bbox 2228 1295 2605 1364; x_wconf 81' lang='lat' dir='ltr'><strong>patriarchali</strong></span> <span class='ocrx_word' id='word_1_463' title='bbox 2650 1308 2719 1348; x_wconf 87' lang='lat' dir='ltr'><strong>ex</strong></span> <span class='ocrx_word' id='word_1_464' title='bbox 2765 1295 3110 1349; x_wconf 83' lang='lat' dir='ltr'><strong>auctoritate</strong></span> <span class='ocrx_word' id='word_1_465' title='bbox 3156 1292 3643 1364; x_wconf 80' lang='lat' dir='ltr'><strong>Innocentiusin</strong></span> 
     </span>
    </p>
   </div>
   <div class='ocr_carea' id='block_1_73' title="bbox 1986 1362 3645 1433">
    <p class='ocr_par' dir='ltr' id='par_1_73' title="bbox 1986 1362 3645 1433">
     <span class='ocr_line' id='line_1_74' title="bbox 1986 1362 3645 1433; baseline -0.003 -11"><span class='ocrx_word' id='word_1_466' title='bbox 1986 1362 2317 1422; x_wconf 78' lang='lat' dir='ltr'><strong>Occidentis</strong></span> <span class='ocrx_word' id='word_1_467' title='bbox 2356 1365 2606 1420; x_wconf 86' lang='lat' dir='ltr'><strong>Ecclesia</strong></span> <span class='ocrx_word' id='word_1_468' title='bbox 2634 1364 2704 1433; x_wconf 83' lang='lat' dir='ltr'><strong>(h)</strong></span> <span class='ocrx_word' id='word_1_469' title='bbox 2727 1365 3223 1420; x_wconf 85' lang='lat' dir='ltr'><strong>Thessalonicensi</strong></span> <span class='ocrx_word' id='word_1_470' title='bbox 3271 1362 3645 1431; x_wconf 77' lang='lat' dir='ltr'><strong>metropolitze</strong></span> 
     </span>
    </p>
   </div>
   <div class='ocr_carea' id='block_1_74' title="bbox 1987 1434 3643 1507">
    <p class='ocr_par' dir='ltr' id='par_1_74' title="bbox 1987 1434 3643 1507">
     <span class='ocr_line' id='line_1_75' title="bbox 1987 1434 3643 1507; baseline -0.002 -15"><span class='ocrx_word' id='word_1_471' title='bbox 1987 1438 2202 1507; x_wconf 88' lang='lat' dir='ltr'><strong>Anysio</strong></span> <span class='ocrx_word' id='word_1_472' title='bbox 2244 1436 2561 1505; x_wconf 90' lang='lat' dir='ltr'><strong>Apostolici</strong></span> <span class='ocrx_word' id='word_1_473' title='bbox 2620 1435 2827 1507; x_wconf 91' lang='lat' dir='ltr'><strong>vicarii</strong></span> <span class='ocrx_word' id='word_1_474' title='bbox 2876 1435 3221 1507; x_wconf 85' lang='lat' dir='ltr'><strong>dignitatem</strong></span> <span class='ocrx_word' id='word_1_475' title='bbox 3284 1436 3340 1489; x_wconf 90' lang='lat' dir='ltr'><strong>in</strong></span> <span class='ocrx_word' id='word_1_476' title='bbox 3390 1434 3643 1507; x_wconf 91' lang='lat' dir='ltr'><strong>Illyrico,</strong></span> 
     </span>
    </p>
   </div>
   <div class='ocr_carea' id='block_1_75' title="bbox 1990 1506 3645 1578">
    <p class='ocr_par' dir='ltr' id='par_1_75' title="bbox 1990 1506 3645 1578">
     <span class='ocr_line' id='line_1_76' title="bbox 1990 1506 3645 1578; baseline -0.002 -16"><span class='ocrx_word' id='word_1_477' title='bbox 1990 1506 2160 1578; x_wconf 86' lang='lat' dir='ltr'><strong>quam</strong></span> <span class='ocrx_word' id='word_1_478' title='bbox 2202 1509 2569 1576; x_wconf 90' lang='lat' dir='ltr'><strong>superiorum</strong></span> <span class='ocrx_word' id='word_1_479' title='bbox 2614 1506 2791 1578; x_wconf 90' lang='lat' dir='ltr'><strong>trium</strong></span> <span class='ocrx_word' id='word_1_480' title='bbox 2843 1506 3181 1578; x_wconf 87' lang='lat' dir='ltr'><strong>pontiﬁcum</strong></span> <span class='ocrx_word' id='word_1_481' title='bbox 3236 1513 3489 1578; x_wconf 86' lang='lat' dir='ltr'><strong>tempore</strong></span> <span class='ocrx_word' id='word_1_482' title='bbox 3520 1506 3645 1578; x_wconf 75' lang='lat' dir='ltr'><strong>jam</strong></span> 
     </span>
    </p>
   </div>
   <div class='ocr_carea' id='block_1_76' title="bbox 2029 1575 3647 1646">
    <p class='ocr_par' dir='ltr' id='par_1_76' title="bbox 2029 1575 3647 1646">
     <span class='ocr_line' id='line_1_77' title="bbox 2029 1575 3647 1646; baseline -0.002 -13"><span class='ocrx_word' id='word_1_483' title='bbox 2029 1575 2671 1645; x_wconf 77' lang='lat' dir='ltr'><strong>esserat,conﬁrmavit.</strong></span> <span class='ocrx_word' id='word_1_484' title='bbox 2699 1576 2913 1646; x_wconf 88' lang='lat' dir='ltr'><strong>Anysio</strong></span> <span class='ocrx_word' id='word_1_485' title='bbox 2940 1583 3133 1645; x_wconf 89' lang='lat' dir='ltr'><strong>postea</strong></span> <span class='ocrx_word' id='word_1_486' title='bbox 3164 1577 3392 1641; x_wconf 88' lang='lat' dir='ltr'><strong>denato,</strong></span> <span class='ocrx_word' id='word_1_487' title='bbox 3421 1576 3479 1630; x_wconf 89' lang='lat' dir='ltr'><strong>in</strong></span> <span class='ocrx_word' id='word_1_488' title='bbox 3520 1575 3647 1630; x_wconf 86' lang='lat' dir='ltr'><strong>Ru-</strong></span> 
     </span>
    </p>
   </div>
   <div class='ocr_carea' id='block_1_77' title="bbox 2021 1647 3645 1717">
    <p class='ocr_par' dir='ltr' id='par_1_77' title="bbox 2021 1647 3645 1717">
     <span class='ocr_line' id='line_1_78' title="bbox 2021 1647 3645 1717; baseline -0.002 -13"><span class='ocrx_word' id='word_1_489' title='bbox 2021 1663 2113 1704; x_wconf 92' lang='lat' dir='ltr'><strong>um</strong></span> <span class='ocrx_word' id='word_1_490' title='bbox 2141 1650 2266 1717; x_wconf 88' lang='lat' dir='ltr'><strong>ejus</strong></span> <span class='ocrx_word' id='word_1_491' title='bbox 2288 1660 2679 1703; x_wconf 87' lang='lat' dir='ltr'><strong>successorem</strong></span> <span class='ocrx_word' id='word_1_492' title='bbox 2716 1649 2896 1716; x_wconf 91' lang='lat' dir='ltr'><strong>ipsam</strong></span> <span class='ocrx_word' id='word_1_493' title='bbox 2932 1647 3089 1702; x_wconf 89' lang='lat' dir='ltr'><strong>illam</strong></span> <span class='ocrx_word' id='word_1_494' title='bbox 3118 1647 3367 1703; x_wconf 91' lang='lat' dir='ltr'><strong>contulit</strong></span> <span class='ocrx_word' id='word_1_495' title='bbox 3396 1647 3645 1716; x_wconf 88' lang='lat' dir='ltr'><strong>dignita-</strong></span> 
     </span>
    </p>
   </div>
   <div class='ocr_carea' id='block_1_78' title="bbox 1992 1717 3649 1790">
    <p class='ocr_par' dir='ltr' id='par_1_78' title="bbox 1992 1717 3649 1790">
     <span class='ocr_line' id='line_1_79' title="bbox 1992 1717 3649 1790; baseline -0.001 -17"><span class='ocrx_word' id='word_1_496' title='bbox 1992 1727 2101 1774; x_wconf 88' lang='lat' dir='ltr'><strong>tem</strong></span> <span class='ocrx_word' id='word_1_497' title='bbox 2133 1720 2358 1789; x_wconf 85' lang='lat' dir='ltr'><strong>;decem</strong></span> <span class='ocrx_word' id='word_1_498' title='bbox 2378 1719 2594 1789; x_wconf 90' lang='lat' dir='ltr'><strong>Illyrici</strong></span> <span class='ocrx_word' id='word_1_499' title='bbox 2624 1719 2951 1787; x_wconf 83' lang='lat' dir='ltr'><strong>provincias</strong></span> <span class='ocrx_word' id='word_1_500' title='bbox 2976 1719 3029 1773; x_wconf 91' lang='lat' dir='ltr'><strong>ei</strong></span> <span class='ocrx_word' id='word_1_501' title='bbox 3050 1718 3397 1790; x_wconf 89' lang='lat' dir='ltr'><strong>singillatim</strong></span> <span class='ocrx_word' id='word_1_502' title='bbox 3419 1717 3649 1773; x_wconf 90' lang='lat' dir='ltr'><strong>deman-</strong></span> 
     </span>
    </p>
   </div>
   <div class='ocr_carea' id='block_1_79' title="bbox 1992 1790 3649 1859">
    <p class='ocr_par' dir='ltr' id='par_1_79' title="bbox 1992 1790 3649 1859">
     <span class='ocr_line' id='line_1_80' title="bbox 1992 1790 3649 1859; baseline -0.002 -12"><span class='ocrx_word' id='word_1_503' title='bbox 1992 1792 2157 1853; x_wconf 87' lang='lat' dir='ltr'><strong>dans,</strong></span> <span class='ocrx_word' id='word_1_504' title='bbox 2190 1798 2393 1859; x_wconf 84' lang='lat' dir='ltr'><strong>praeter</strong></span> <span class='ocrx_word' id='word_1_505' title='bbox 2422 1790 2710 1858; x_wconf 90' lang='lat' dir='ltr'><strong>propriam</strong></span> <span class='ocrx_word' id='word_1_506' title='bbox 2757 1790 2912 1845; x_wconf 89' lang='lat' dir='ltr'><strong>sedis</strong></span> <span class='ocrx_word' id='word_1_507' title='bbox 2951 1804 3068 1845; x_wconf 73' lang='lat' dir='ltr'><strong>suae</strong></span> <span class='ocrx_word' id='word_1_508' title='bbox 3122 1803 3397 1859; x_wconf 90' lang='lat' dir='ltr'><strong>suamque</strong></span> <span class='ocrx_word' id='word_1_509' title='bbox 3426 1790 3485 1843; x_wconf 91' lang='lat' dir='ltr'><strong>in</strong></span> <span class='ocrx_word' id='word_1_510' title='bbox 3515 1801 3649 1844; x_wconf 90' lang='lat' dir='ltr'><strong>eas-</strong></span> 
     </span>
    </p>
   </div>
   <div class='ocr_carea' id='block_1_80' title="bbox 1912 1859 3650 1938">
    <p class='ocr_par' dir='ltr' id='par_1_80' title="bbox 1912 1859 3650 1938">
     <span class='ocr_line' id='line_1_81' title="bbox 1912 1859 3650 1938; baseline -0.001 -21"><span class='ocrx_word' id='word_1_511' title='bbox 1912 1879 1962 1938; x_wconf 83' lang='lat' dir='ltr'>B</span> <span class='ocrx_word' id='word_1_512' title='bbox 1992 1863 2118 1938; x_wconf 82' lang='lat' dir='ltr'><strong>dem</strong></span> <span class='ocrx_word' id='word_1_513' title='bbox 2167 1862 2589 1938; x_wconf 79' lang='lat' dir='ltr'><strong>auctoritatem,</strong></span> <span class='ocrx_word' id='word_1_514' title='bbox 2621 1860 2924 1938; x_wconf 78' lang='lat' dir='ltr'><strong>delegavit,</strong></span> <span class='ocrx_word' id='word_1_515' title='bbox 2964 1868 3176 1938; x_wconf 75' lang='lat' dir='ltr'><strong>utpote</strong></span> <span class='ocrx_word' id='word_1_516' title='bbox 3204 1860 3276 1938; x_wconf 77' lang='lat' dir='ltr'><strong>ab</strong></span> <span class='ocrx_word' id='word_1_517' title='bbox 3333 1859 3650 1938; x_wconf 82' lang='lat' dir='ltr'><strong>apostolica</strong></span> 
     </span>
    </p>
   </div>
   <div class='ocr_carea' id='block_1_81' title="bbox 1993 1930 3650 2000">
    <p class='ocr_par' dir='ltr' id='par_1_81' title="bbox 1993 1930 3650 2000">
     <span class='ocr_line' id='line_1_82' title="bbox 1993 1930 3650 2000; baseline -0.001 -13"><span class='ocrx_word' id='word_1_518' title='bbox 1993 1934 2125 1988; x_wconf 90' lang='lat' dir='ltr'><strong>sede</strong></span> <span class='ocrx_word' id='word_1_519' title='bbox 2142 1932 2390 1987; x_wconf 92' lang='lat' dir='ltr'><strong>nimium</strong></span> <span class='ocrx_word' id='word_1_520' title='bbox 2407 1932 2670 1986; x_wconf 90' lang='lat' dir='ltr'><strong>dissitas.</strong></span> <span class='ocrx_word' id='word_1_521' title='bbox 2694 1934 2913 1986; x_wconf 90' lang='lat' dir='ltr'><strong>Interea</strong></span> <span class='ocrx_word' id='word_1_522' title='bbox 2935 1933 3127 2000; x_wconf 89' lang='lat' dir='ltr'><strong>plures</strong></span> <span class='ocrx_word' id='word_1_523' title='bbox 3144 1932 3305 1987; x_wconf 90' lang='lat' dir='ltr'><strong>dedit</strong></span> <span class='ocrx_word' id='word_1_524' title='bbox 3330 1930 3650 2000; x_wconf 88' lang='lat' dir='ltr'><strong>encyclicas</strong></span> 
     </span>
    </p>
   </div>
   <div class='ocr_carea' id='block_1_82' title="bbox 1993 2002 3651 2071">
    <p class='ocr_par' dir='ltr' id='par_1_82' title="bbox 1993 2002 3651 2071">
     <span class='ocr_line' id='line_1_83' title="bbox 1993 2002 3651 2071; baseline 0 -14"><span class='ocrx_word' id='word_1_525' title='bbox 1993 2004 2221 2058; x_wconf 92' lang='lat' dir='ltr'><strong>litteras</strong></span> <span class='ocrx_word' id='word_1_526' title='bbox 2263 2003 2332 2058; x_wconf 89' lang='lat' dir='ltr'><strong>ad</strong></span> <span class='ocrx_word' id='word_1_527' title='bbox 2379 2015 2574 2057; x_wconf 90' lang='lat' dir='ltr'><strong>earum</strong></span> <span class='ocrx_word' id='word_1_528' title='bbox 2622 2002 3021 2070; x_wconf 86' lang='lat' dir='ltr'><strong>metropolitas</strong></span> <span class='ocrx_word' id='word_1_529' title='bbox 3072 2002 3527 2071; x_wconf 84' lang='lat' dir='ltr'><strong>provinciarum,</strong></span> <span class='ocrx_word' id='word_1_530' title='bbox 3583 2007 3651 2057; x_wconf 91' lang='lat' dir='ltr'><strong>ut</strong></span> 
     </span>
    </p>
   </div>
   <div class='ocr_carea' id='block_1_83' title="bbox 1994 2072 3649 2157">
    <p class='ocr_par' dir='ltr' id='par_1_83' title="bbox 1994 2072 3649 2157">
     <span class='ocr_line' id='line_1_84' title="bbox 1994 2072 3649 2157; baseline 0.001 -29"><span class='ocrx_word' id='word_1_531' title='bbox 1994 2075 2253 2157; x_wconf 75' lang='lat' dir='ltr'><strong>ipsorum</strong></span> <span class='ocrx_word' id='word_1_532' title='bbox 2274 2073 2489 2128; x_wconf 90' lang='lat' dir='ltr'><strong>nemini</strong></span> <span class='ocrx_word' id='word_1_533' title='bbox 2513 2073 2757 2153; x_wconf 87' lang='lat' dir='ltr'><strong>obscura</strong></span> <span class='ocrx_word' id='word_1_534' title='bbox 2771 2078 2919 2129; x_wconf 92' lang='lat' dir='ltr'><strong>esset</strong></span> <span class='ocrx_word' id='word_1_535' title='bbox 2936 2073 3204 2130; x_wconf 89' lang='lat' dir='ltr'><strong>voluntas</strong></span> <span class='ocrx_word' id='word_1_536' title='bbox 3226 2072 3521 2142; x_wconf 90' lang='lat' dir='ltr'><strong>pontiﬁcis</strong></span> <span class='ocrx_word' id='word_1_537' title='bbox 3544 2072 3649 2129; x_wconf 92' lang='lat' dir='ltr'><strong>hac</strong></span> 
     </span>
    </p>
   </div>
   <div class='ocr_carea' id='block_1_84' title="bbox 1994 2158 2161 2200">
    <p class='ocr_par' dir='ltr' id='par_1_84' title="bbox 1994 2158 2161 2200">
     <span class='ocr_line' id='line_1_85' title="bbox 1994 2158 2161 2200; baseline -0.012 -1"><span class='ocrx_word' id='word_1_538' title='bbox 1994 2159 2055 2200; x_wconf 82' lang='grc' dir='ltr'><strong>ιη</strong></span> <span class='ocrx_word' id='word_1_539' title='bbox 2084 2158 2161 2199; x_wconf 92' lang='lat' dir='ltr'><strong>re.</strong></span> 
     </span>
    </p>
   </div>
   <div class='ocr_carea' id='block_1_85' title="bbox 2066 2214 3651 2285">
    <p class='ocr_par' dir='ltr' id='par_1_85' title="bbox 2066 2214 3651 2285">
     <span class='ocr_line' id='line_1_86' title="bbox 2066 2214 3651 2285; baseline 0.001 -16"><span class='ocrx_word' id='word_1_540' title='bbox 2066 2215 2338 2270; x_wconf 88' lang='lat' dir='ltr'><strong>Pontiﬁce</strong></span> <span class='ocrx_word' id='word_1_541' title='bbox 2368 2216 2590 2271; x_wconf 88' lang='lat' dir='ltr'><strong>Zosimo</strong></span> <span class='ocrx_word' id='word_1_542' title='bbox 2642 2214 2948 2271; x_wconf 67' lang='lat' dir='ltr'><strong>hmreticus</strong></span> <span class='ocrx_word' id='word_1_543' title='bbox 2971 2216 3274 2273; x_wconf 70' lang='lat' dir='ltr'><strong>Caelestius</strong></span> <span class='ocrx_word' id='word_1_544' title='bbox 3300 2214 3651 2285; x_wconf 89' lang='lat' dir='ltr'><strong>appellatio-</strong></span> 
     </span>
    </p>
   </div>
   <div class='ocr_carea' id='block_1_86' title="bbox 1996 2286 3649 2357">
    <p class='ocr_par' dir='ltr' id='par_1_86' title="bbox 1996 2286 3649 2357">
     <span class='ocr_line' id='line_1_87' title="bbox 1996 2286 3649 2357; baseline 0 -16"><span class='ocrx_word' id='word_1_545' title='bbox 1996 2300 2120 2341; x_wconf 92' lang='lat' dir='ltr'><strong>nem</strong></span> <span class='ocrx_word' id='word_1_546' title='bbox 2157 2288 2367 2342; x_wconf 90' lang='lat' dir='ltr'><strong>iterum</strong></span> <span class='ocrx_word' id='word_1_547' title='bbox 2418 2288 2751 2352; x_wconf 89' lang='lat' dir='ltr'><strong>meditatur,</strong></span> <span class='ocrx_word' id='word_1_548' title='bbox 2803 2301 2915 2357; x_wconf 89' lang='lat' dir='ltr'><strong>qua</strong></span> <span class='ocrx_word' id='word_1_549' title='bbox 2968 2288 3040 2341; x_wconf 91' lang='lat' dir='ltr'><strong>ab</strong></span> <span class='ocrx_word' id='word_1_550' title='bbox 3084 2286 3355 2342; x_wconf 85' lang='lat' dir='ltr'><strong>Africano</strong></span> <span class='ocrx_word' id='word_1_551' title='bbox 3395 2286 3649 2341; x_wconf 91' lang='lat' dir='ltr'><strong>concilio</strong></span> 
     </span>
    </p>
   </div>
   <div class='ocr_carea' id='block_1_87' title="bbox 1998 2358 3651 2427">
    <p class='ocr_par' dir='ltr' id='par_1_87' title="bbox 1998 2358 3651 2427">
     <span class='ocr_line' id='line_1_88' title="bbox 1998 2358 3651 2427; baseline 0.001 -16"><span class='ocrx_word' id='word_1_552' title='bbox 1998 2358 2209 2412; x_wconf 91' lang='lat' dir='ltr'><strong>multos</strong></span> <span class='ocrx_word' id='word_1_553' title='bbox 2238 2365 2369 2412; x_wconf 90' lang='lat' dir='ltr'><strong>ante</strong></span> <span class='ocrx_word' id='word_1_554' title='bbox 2394 2372 2575 2412; x_wconf 89' lang='lat' dir='ltr'><strong>annos</strong></span> <span class='ocrx_word' id='word_1_555' title='bbox 2602 2359 2669 2413; x_wconf 91' lang='lat' dir='ltr'><strong>ad</strong></span> <span class='ocrx_word' id='word_1_556' title='bbox 2694 2358 3068 2427; x_wconf 87' lang='lat' dir='ltr'><strong>apostolicam</strong></span> <span class='ocrx_word' id='word_1_557' title='bbox 3097 2359 3287 2413; x_wconf 88' lang='lat' dir='ltr'><strong>sedem</strong></span> <span class='ocrx_word' id='word_1_558' title='bbox 3323 2370 3651 2427; x_wconf 85' lang='lat' dir='ltr'><strong>provocave—</strong></span> 
     </span>
    </p>
   </div>
   <div class='ocr_carea' id='block_1_88' title="bbox 1997 2427 3651 2499">
    <p class='ocr_par' dir='ltr' id='par_1_88' title="bbox 1997 2427 3651 2499">
     <span class='ocr_line' id='line_1_89' title="bbox 1997 2427 3651 2499; baseline 0.001 -18"><span class='ocrx_word' id='word_1_559' title='bbox 1997 2427 2190 2499; x_wconf 76' lang='lat' dir='ltr'><strong>rat(i).</strong></span> <span class='ocrx_word' id='word_1_560' title='bbox 2222 2428 2600 2496; x_wconf 87' lang='lat' dir='ltr'><strong>Quamobrem</strong></span> <span class='ocrx_word' id='word_1_561' title='bbox 2649 2431 2878 2484; x_wconf 85' lang='lat' dir='ltr'><strong>Romam</strong></span> <span class='ocrx_word' id='word_1_562' title='bbox 2920 2442 2980 2483; x_wconf 92' lang='lat' dir='ltr'><strong>se</strong></span> <span class='ocrx_word' id='word_1_563' title='bbox 3019 2429 3259 2494; x_wconf 82' lang='lat' dir='ltr'><strong>confert,</strong></span> <span class='ocrx_word' id='word_1_564' title='bbox 3318 2441 3527 2497; x_wconf 90' lang='lat' dir='ltr'><strong>perque</strong></span> <span class='ocrx_word' id='word_1_565' title='bbox 3568 2428 3651 2482; x_wconf 90' lang='lat' dir='ltr'><strong>li-</strong></span> 
     </span>
    </p>
   </div>
   <div class='ocr_carea' id='block_1_89' title="bbox 1992 2497 3653 2570">
    <p class='ocr_par' dir='ltr' id='par_1_89' title="bbox 1992 2497 3653 2570">
     <span class='ocr_line' id='line_1_90' title="bbox 1992 2497 3653 2570; baseline 0 -18"><span class='ocrx_word' id='word_1_566' title='bbox 1992 2497 2207 2553; x_wconf 88' lang='lat' dir='ltr'><strong>bellum</strong></span> <span class='ocrx_word' id='word_1_567' title='bbox 2229 2498 2547 2567; x_wconf 91' lang='lat' dir='ltr'><strong>supplicem</strong></span> <span class='ocrx_word' id='word_1_568' title='bbox 2579 2501 2921 2570; x_wconf 86' lang='lat' dir='ltr'><strong>deprecatur</strong></span> <span class='ocrx_word' id='word_1_569' title='bbox 2947 2500 3269 2568; x_wconf 91' lang='lat' dir='ltr'><strong>pontiﬁcem</strong></span> <span class='ocrx_word' id='word_1_570' title='bbox 3297 2514 3355 2553; x_wconf 91' lang='lat' dir='ltr'><strong>se</strong></span> <span class='ocrx_word' id='word_1_571' title='bbox 3389 2505 3452 2554; x_wconf 94' lang='lat' dir='ltr'><strong>ut</strong></span> <span class='ocrx_word' id='word_1_572' title='bbox 3468 2512 3653 2570; x_wconf 84' lang='lat' dir='ltr'><strong>emen-</strong></span> 
     </span>
    </p>
   </div>
   <div class='ocr_carea' id='block_1_90' title="bbox 1991 2568 3653 2639">
    <p class='ocr_par' dir='ltr' id='par_1_90' title="bbox 1991 2568 3653 2639">
     <span class='ocr_line' id='line_1_91' title="bbox 1991 2568 3653 2639; baseline 0 -17"><span class='ocrx_word' id='word_1_573' title='bbox 1991 2570 2087 2639; x_wconf 88' lang='lat' dir='ltr'><strong>det</strong></span> <span class='ocrx_word' id='word_1_574' title='bbox 2117 2570 2165 2623; x_wconf 93' lang='lat' dir='ltr'><strong>si</strong></span> <span class='ocrx_word' id='word_1_575' title='bbox 2201 2583 2367 2639; x_wconf 93' lang='lat' dir='ltr'><strong>quem</strong></span> <span class='ocrx_word' id='word_1_576' title='bbox 2400 2568 2740 2625; x_wconf 32' lang='lat' dir='ltr'><strong>insciens‘in</strong></span> <span class='ocrx_word' id='word_1_577' title='bbox 2764 2583 3015 2626; x_wconf 90' lang='lat' dir='ltr'><strong>errorem</strong></span> <span class='ocrx_word' id='word_1_578' title='bbox 3048 2571 3245 2639; x_wconf 91' lang='lat' dir='ltr'><strong>lapsus</strong></span> <span class='ocrx_word' id='word_1_579' title='bbox 3267 2575 3436 2625; x_wconf 90' lang='lat' dir='ltr'><strong>esset.</strong></span> <span class='ocrx_word' id='word_1_580' title='bbox 3462 2568 3653 2624; x_wconf 88' lang='lat' dir='ltr'><strong>Ponti-</strong></span> 
     </span>
    </p>
   </div>
   <div class='ocr_carea' id='block_1_91' title="bbox 1995 2638 3651 2705">
    <p class='ocr_par' dir='ltr' id='par_1_91' title="bbox 1995 2638 3651 2705">
     <span class='ocr_line' id='line_1_92' title="bbox 1995 2638 3651 2705; baseline 0.001 -13"><span class='ocrx_word' id='word_1_581' title='bbox 1995 2638 2105 2705; x_wconf 86' lang='lat' dir='ltr'><strong>fex,</strong></span> <span class='ocrx_word' id='word_1_582' title='bbox 2155 2653 2221 2693; x_wconf 92' lang='lat' dir='ltr'><strong>eo</strong></span> <span class='ocrx_word' id='word_1_583' title='bbox 2276 2641 2513 2695; x_wconf 91' lang='lat' dir='ltr'><strong>minime</strong></span> <span class='ocrx_word' id='word_1_584' title='bbox 2563 2640 2850 2705; x_wconf 82' lang='lat' dir='ltr'><strong>absoluto,</strong></span> <span class='ocrx_word' id='word_1_585' title='bbox 2905 2638 3139 2696; x_wconf 76' lang='lat' dir='ltr'><strong>causam</strong></span> <span class='ocrx_word' id='word_1_586' title='bbox 3190 2640 3387 2696; x_wconf 82' lang='lat' dir='ltr'><strong>diﬁ‘ert</strong></span> <span class='ocrx_word' id='word_1_587' title='bbox 3430 2653 3651 2694; x_wconf 90' lang='lat' dir='ltr'><strong>menses</strong></span> 
     </span>
    </p>
   </div>
   <div class='ocr_carea' id='block_1_92' title="bbox 1991 2709 3651 2783">
    <p class='ocr_par' dir='ltr' id='par_1_92' title="bbox 1991 2709 3651 2783">
     <span class='ocr_line' id='line_1_93' title="bbox 1991 2709 3651 2783; baseline 0.001 -20"><span class='ocrx_word' id='word_1_588' title='bbox 1991 2709 2139 2783; x_wconf 87' lang='lat' dir='ltr'><strong>duos</strong></span> <span class='ocrx_word' id='word_1_589' title='bbox 2160 2711 2242 2777; x_wconf 79' lang='lat' dir='ltr'><strong>(j).</strong></span> <span class='ocrx_word' id='word_1_590' title='bbox 2266 2710 2513 2783; x_wconf 89' lang='lat' dir='ltr'><strong>_Interim</strong></span> <span class='ocrx_word' id='word_1_591' title='bbox 2528 2710 2686 2767; x_wconf 84' lang='lat' dir='ltr'><strong>Afris</strong></span> <span class='ocrx_word' id='word_1_592' title='bbox 2703 2712 2884 2767; x_wconf 88' lang='lat' dir='ltr'><strong>edicit</strong></span> <span class='ocrx_word' id='word_1_593' title='bbox 2907 2718 2970 2767; x_wconf 92' lang='lat' dir='ltr'><strong>ut</strong></span> <span class='ocrx_word' id='word_1_594' title='bbox 2996 2712 3220 2783; x_wconf 90' lang='lat' dir='ltr'><strong>vigente</strong></span> <span class='ocrx_word' id='word_1_595' title='bbox 3245 2713 3349 2765; x_wconf 90' lang='lat' dir='ltr'><strong>hac</strong></span> <span class='ocrx_word' id='word_1_596' title='bbox 3368 2711 3651 2765; x_wconf 91' lang='lat' dir='ltr'><strong>dilatione</strong></span> 
     </span>
    </p>
   </div>
   <div class='ocr_carea' id='block_1_93' title="bbox 1996 2780 3653 2852">
    <p class='ocr_par' dir='ltr' id='par_1_93' title="bbox 1996 2780 3653 2852">
     <span class='ocr_line' id='line_1_94' title="bbox 1996 2780 3653 2852; baseline 0 -19"><span class='ocrx_word' id='word_1_597' title='bbox 1996 2780 2227 2852; x_wconf 85' lang='lat' dir='ltr'><strong>mittant</strong></span> <span class='ocrx_word' id='word_1_598' title='bbox 2266 2780 2496 2835; x_wconf 84' lang='lat' dir='ltr'><strong>Romam</strong></span> <span class='ocrx_word' id='word_1_599' title='bbox 2525 2789 2907 2851; x_wconf 89' lang='lat' dir='ltr'><strong>accusatores,</strong></span> <span class='ocrx_word' id='word_1_600' title='bbox 2943 2780 3253 2852; x_wconf 63' lang='lat' dir='ltr'><strong>qui&#39;ﬁdei,</strong></span> <span class='ocrx_word' id='word_1_601' title='bbox 3313 2787 3397 2852; x_wconf 9' lang='lat' dir='ltr'><strong>ut,</strong></span> <span class='ocrx_word' id='word_1_602' title='bbox 3423 2794 3653 2836; x_wconf 85' lang='lat' dir='ltr'><strong>assere—</strong></span> 
     </span>
    </p>
   </div>
   <div class='ocr_carea' id='block_1_94' title="bbox 1993 2849 3648 2923">
    <p class='ocr_par' dir='ltr' id='par_1_94' title="bbox 1993 2849 3648 2923">
     <span class='ocr_line' id='line_1_95' title="bbox 1993 2849 3648 2923; baseline 0.001 -20"><span class='ocrx_word' id='word_1_603' title='bbox 1993 2849 2151 2923; x_wconf 77' lang='lat' dir='ltr'><strong>bant,</strong></span> <span class='ocrx_word' id='word_1_604' title='bbox 2183 2851 2457 2919; x_wconf 70' lang='lat' dir='ltr'><strong>improba:</strong></span> <span class='ocrx_word' id='word_1_605' title='bbox 2488 2854 2677 2921; x_wconf 88' lang='lat' dir='ltr'><strong>ipsum</strong></span> <span class='ocrx_word' id='word_1_606' title='bbox 2725 2849 3067 2908; x_wconf 83' lang='lat' dir='ltr'><strong>insimulent</strong></span> <span class='ocrx_word' id='word_1_607' title='bbox 3096 2854 3183 2923; x_wconf 71' lang='lat' dir='ltr'><strong>(Ii).</strong></span> <span class='ocrx_word' id='word_1_608' title='bbox 3219 2851 3479 2923; x_wconf 82' lang='lat' dir='ltr'><strong>Pelagius</strong></span> <span class='ocrx_word' id='word_1_609' title='bbox 3513 2853 3648 2905; x_wconf 91' lang='lat' dir='ltr'><strong>item</strong></span> 
     </span>
    </p>
   </div>
   <div class='ocr_carea' id='block_1_95' title="bbox 1995 2920 3655 2993">
    <p class='ocr_par' dir='ltr' id='par_1_95' title="bbox 1995 2920 3655 2993">
     <span class='ocr_line' id='line_1_96' title="bbox 1995 2920 3655 2993; baseline 0.001 -18"><span class='ocrx_word' id='word_1_610' title='bbox 1995 2920 2108 2975; x_wconf 91' lang='lat' dir='ltr'><strong>sibi</strong></span> <span class='ocrx_word' id='word_1_611' title='bbox 2139 2923 2288 2991; x_wconf 90' lang='lat' dir='ltr'><strong>apud</strong></span> <span class='ocrx_word' id='word_1_612' title='bbox 2321 2923 2375 2977; x_wconf 91' lang='lat' dir='ltr'><strong>S.</strong></span> <span class='ocrx_word' id='word_1_613' title='bbox 2408 2920 2595 2979; x_wconf 84' lang='lat' dir='ltr'><strong>sedem</strong></span> <span class='ocrx_word' id='word_1_614' title='bbox 2626 2931 3013 2993; x_wconf 87' lang='lat' dir='ltr'><strong>prospexerat,</strong></span> <span class='ocrx_word' id='word_1_615' title='bbox 3042 2920 3158 2979; x_wconf 84' lang='lat' dir='ltr'><strong>huc</strong></span> <span class='ocrx_word' id='word_1_616' title='bbox 3191 2924 3320 2978; x_wconf 91' lang='lat' dir='ltr'><strong>ﬁdei</strong></span> <span class='ocrx_word' id='word_1_617' title='bbox 3347 2920 3655 2992; x_wconf 85' lang='lat' dir='ltr'><strong>professio-</strong></span> 
     </span>
    </p>
   </div>
   <div class='ocr_carea' id='block_1_96' title="bbox 1995 2993 3647 3063">
    <p class='ocr_par' dir='ltr' id='par_1_96' title="bbox 1995 2993 3647 3063">
     <span class='ocr_line' id='line_1_97' title="bbox 1995 2993 3647 3063; baseline 0.001 -18"><span class='ocrx_word' id='word_1_618' title='bbox 1995 3005 2123 3046; x_wconf 88' lang='lat' dir='ltr'><strong>nem</strong></span> <span class='ocrx_word' id='word_1_619' title='bbox 2159 2993 2390 3048; x_wconf 90' lang='lat' dir='ltr'><strong>mittens</strong></span> <span class='ocrx_word' id='word_1_620' title='bbox 2421 3002 2739 3051; x_wconf 90' lang='lat' dir='ltr'><strong>contestata</strong></span> <span class='ocrx_word' id='word_1_621' title='bbox 2773 2996 3236 3061; x_wconf 90' lang='lat' dir='ltr'><strong>denuntiatione,</strong></span> <span class='ocrx_word' id='word_1_622' title='bbox 3287 3001 3370 3052; x_wconf 89' lang='lat' dir='ltr'><strong>ut.</strong></span> <span class='ocrx_word' id='word_1_623' title='bbox 3404 2994 3455 3048; x_wconf 92' lang='lat' dir='ltr'><strong>si</strong></span> <span class='ocrx_word' id='word_1_624' title='bbox 3509 2993 3647 3063; x_wconf 91' lang='lat' dir='ltr'><strong>quid</strong></span> 
     </span>
    </p>
   </div>
   <div class='ocr_carea' id='block_1_97' title="bbox 1998 3063 3651 3136">
    <p class='ocr_par' dir='ltr' id='par_1_97' title="bbox 1998 3063 3651 3136">
     <span class='ocr_line' id='line_1_98' title="bbox 1998 3063 3651 3136; baseline 0 -19"><span class='ocrx_word' id='word_1_625' title='bbox 1998 3063 2250 3130; x_wconf 90' lang='lat' dir='ltr'><strong>ineptum</strong></span> <span class='ocrx_word' id='word_1_626' title='bbox 2280 3074 2638 3133; x_wconf 90' lang='lat' dir='ltr'><strong>proponeret.</strong></span> <span class='ocrx_word' id='word_1_627' title='bbox 2670 3066 3028 3136; x_wconf 88' lang='lat' dir='ltr'><strong>imprudenti</strong></span> <span class='ocrx_word' id='word_1_628' title='bbox 3048 3066 3161 3121; x_wconf 91' lang='lat' dir='ltr'><strong>sibi</strong></span> <span class='ocrx_word' id='word_1_629' title='bbox 3184 3065 3475 3120; x_wconf 84' lang='lat' dir='ltr'><strong>excidisse</strong></span> <span class='ocrx_word' id='word_1_630' title='bbox 3496 3063 3651 3136; x_wconf 86' lang='lat' dir='ltr'><strong>judi-</strong></span> 
     </span>
    </p>
   </div>
   <div class='ocr_carea' id='block_1_98' title="bbox 1994 3134 3653 3206">
    <p class='ocr_par' dir='ltr' id='par_1_98' title="bbox 1994 3134 3653 3206">
     <span class='ocr_line' id='line_1_99' title="bbox 1994 3134 3653 3206; baseline 0 -19"><span class='ocrx_word' id='word_1_631' title='bbox 1994 3140 2242 3201; x_wconf 89' lang='lat' dir='ltr'><strong>caretur,</strong></span> <span class='ocrx_word' id='word_1_632' title='bbox 2277 3135 2509 3205; x_wconf 88' lang='lat' dir='ltr'><strong>sibique</strong></span> <span class='ocrx_word' id='word_1_633' title='bbox 2533 3134 2771 3192; x_wconf 79' lang='lat' dir='ltr'><strong>daretur</strong></span> <span class='ocrx_word' id='word_1_634' title='bbox 2799 3138 2987 3201; x_wconf 90' lang='lat' dir='ltr'><strong>venia,</strong></span> <span class='ocrx_word' id='word_1_635' title='bbox 3015 3137 3165 3206; x_wconf 90' lang='lat' dir='ltr'><strong>quod</strong></span> <span class='ocrx_word' id='word_1_636' title='bbox 3190 3138 3363 3192; x_wconf 89' lang='lat' dir='ltr'><strong>enixe</strong></span> <span class='ocrx_word' id='word_1_637' title='bbox 3391 3134 3653 3205; x_wconf 90' lang='lat' dir='ltr'><strong>precaba-</strong></span> 
     </span>
    </p>
   </div>
   <div class='ocr_carea' id='block_1_99' title="bbox 1301 3204 3652 3282">
    <p class='ocr_par' dir='ltr' id='par_1_99' title="bbox 1301 3204 3652 3282">
     <span class='ocr_line' id='line_1_100' title="bbox 1301 3204 3652 3282; baseline 0 -23"><span class='ocrx_word' id='word_1_638' title='bbox 1301 3218 1472 3282; x_wconf 89' lang='lat' dir='ltr'><strong>quam</strong></span> <span class='ocrx_word' id='word_1_639' title='bbox 1508 3204 1883 3282; x_wconf 27' lang='lat' dir='ltr'><strong>talii_possi‘nt</strong></span> <span class='ocrx_word' id='word_1_640' title='bbox 1909 3218 1958 3282; x_wconf 71' lang='grc' dir='ltr'><strong>ρ</strong></span> <span class='ocrx_word' id='word_1_641' title='bbox 1993 3206 2213 3282; x_wconf 84' lang='lat' dir='ltr'><strong>tur._ab</strong></span> <span class='ocrx_word' id='word_1_642' title='bbox 2238 3218 2303 3260; x_wconf 91' lang='lat' dir='ltr'><strong>eo</strong></span> <span class='ocrx_word' id='word_1_643' title='bbox 2321 3204 2431 3276; x_wconf 79' lang='lat' dir='ltr'><strong>qui</strong></span> <span class='ocrx_word' id='word_1_644' title='bbox 2457 3221 2569 3263; x_wconf 92' lang='lat' dir='ltr'><strong>non</strong></span> <span class='ocrx_word' id='word_1_645' title='bbox 2592 3222 2760 3282; x_wconf 84' lang='lat' dir='ltr'><strong>secus</strong></span> <span class='ocrx_word' id='word_1_646' title='bbox 2792 3204 3079 3282; x_wconf 25' lang='lat' dir='ltr'><strong>ﬁd‘ei_divi</strong></span> <span class='ocrx_word' id='word_1_647' title='bbox 3114 3208 3265 3282; x_wconf 85' lang='lat' dir='ltr'><strong>Petri</strong></span> <span class='ocrx_word' id='word_1_648' title='bbox 3290 3220 3356 3261; x_wconf 90' lang='lat' dir='ltr'><strong>ac</strong></span> <span class='ocrx_word' id='word_1_649' title='bbox 3386 3204 3652 3282; x_wconf 58' lang='lat' dir='ltr'><strong>ejusca-</strong></span> 
     </span>
    </p>
   </div>
   <div class='ocr_carea' id='block_1_100' title="bbox 1994 3274 3650 3348">
    <p class='ocr_par' dir='ltr' id='par_1_100' title="bbox 1994 3274 3650 3348">
     <span class='ocr_line' id='line_1_101' title="bbox 1994 3274 3650 3348; baseline 0 -20"><span class='ocrx_word' id='word_1_650' title='bbox 1994 3274 2209 3348; x_wconf 67' lang='lat' dir='ltr'><strong>thedraa</strong></span> <span class='ocrx_word' id='word_1_651' title='bbox 2229 3274 2355 3332; x_wconf 80' lang='lat' dir='ltr'><strong>erat</strong></span> <span class='ocrx_word' id='word_1_652' title='bbox 2373 3291 2692 3333; x_wconf 91' lang='lat' dir='ltr'><strong>successor.</strong></span> <span class='ocrx_word' id='word_1_653' title='bbox 2720 3279 2829 3331; x_wconf 89' lang='lat' dir='ltr'><strong>Hac</strong></span> <span class='ocrx_word' id='word_1_654' title='bbox 2860 3277 3071 3348; x_wconf 87' lang='lat' dir='ltr'><strong>Pelagii</strong></span> <span class='ocrx_word' id='word_1_655' title='bbox 3113 3279 3360 3348; x_wconf 84' lang='lat' dir='ltr'><strong>sincera,</strong></span> <span class='ocrx_word' id='word_1_656' title='bbox 3387 3284 3450 3330; x_wconf 93' lang='lat' dir='ltr'><strong>ut</strong></span> <span class='ocrx_word' id='word_1_657' title='bbox 3482 3274 3650 3348; x_wconf 75' lang='lat' dir='ltr'><strong>vide-</strong></span> 
     </span>
    </p>
   </div>
   <div class='ocr_carea' id='block_1_101' title="bbox 1991 3344 3650 3417">
    <p class='ocr_par' dir='ltr' id='par_1_101' title="bbox 1991 3344 3650 3417">
     <span class='ocr_line' id='line_1_102' title="bbox 1991 3344 3650 3417; baseline 0 -18"><span class='ocrx_word' id='word_1_658' title='bbox 1991 3344 2183 3409; x_wconf 88' lang='lat' dir='ltr'><strong>batur,</strong></span> <span class='ocrx_word' id='word_1_659' title='bbox 2239 3347 2667 3417; x_wconf 87' lang='lat' dir='ltr'><strong>signiﬁcatione</strong></span> <span class='ocrx_word' id='word_1_660' title='bbox 2717 3344 3016 3416; x_wconf 47' lang='lat' dir='ltr'><strong>accepta,‘</strong></span> <span class='ocrx_word' id='word_1_661' title='bbox 3045 3346 3304 3415; x_wconf 85' lang='lat' dir='ltr'><strong>pontifex</strong></span> <span class='ocrx_word' id='word_1_662' title='bbox 3358 3352 3414 3417; x_wconf 84' lang='lat' dir='ltr'><strong>et</strong></span> <span class='ocrx_word' id='word_1_663' title='bbox 3458 3344 3650 3400; x_wconf 90' lang='lat' dir='ltr'><strong>clerus</strong></span> 
     </span>
    </p>
   </div>
   <div class='ocr_carea' id='block_1_102' title="bbox 1992 3414 3648 3487">
    <p class='ocr_par' dir='ltr' id='par_1_102' title="bbox 1992 3414 3648 3487">
     <span class='ocr_line' id='line_1_103' title="bbox 1992 3414 3648 3487; baseline -0.001 -18"><span class='ocrx_word' id='word_1_664' title='bbox 1992 3417 2179 3487; x_wconf 59' lang='lat' dir='ltr'><strong>Romae</strong></span> <span class='ocrx_word' id='word_1_665' title='bbox 2204 3414 2321 3470; x_wconf 64' lang='lat' dir='ltr'><strong>vix&#39;</strong></span> <span class='ocrx_word' id='word_1_666' title='bbox 2358 3418 2628 3473; x_wconf 89' lang='lat' dir='ltr'><strong>cohibere</strong></span> <span class='ocrx_word' id='word_1_667' title='bbox 2672 3414 2954 3487; x_wconf 85' lang='lat' dir='ltr'><strong>lacrymas</strong></span> <span class='ocrx_word' id='word_1_668' title='bbox 2995 3414 3327 3487; x_wconf 84' lang='lat' dir='ltr'><strong>potuerunt,</strong></span> <span class='ocrx_word' id='word_1_669' title='bbox 3350 3414 3562 3487; x_wconf 81' lang='lat' dir='ltr'><strong>_deque</strong></span> <span class='ocrx_word' id='word_1_670' title='bbox 3584 3426 3648 3469; x_wconf 90' lang='lat' dir='ltr'><strong>ea</strong></span> 
     </span>
    </p>
   </div>
   <div class='ocr_carea' id='block_1_103' title="bbox 1994 3484 3648 3557">
    <p class='ocr_par' dir='ltr' id='par_1_103' title="bbox 1994 3484 3648 3557">
     <span class='ocr_line' id='line_1_104' title="bbox 1994 3484 3648 3557; baseline -0.002 -16"><span class='ocrx_word' id='word_1_671' title='bbox 1994 3500 2052 3541; x_wconf 90' lang='lat' dir='ltr'><strong>re</strong></span> <span class='ocrx_word' id='word_1_672' title='bbox 2080 3486 2204 3540; x_wconf 88' lang='lat' dir='ltr'><strong>Afri</strong></span> <span class='ocrx_word' id='word_1_673' title='bbox 2236 3487 2513 3557; x_wconf 88' lang='lat' dir='ltr'><strong>certiores</strong></span> <span class='ocrx_word' id='word_1_674' title='bbox 2545 3494 2609 3541; x_wconf 95' lang='lat' dir='ltr'><strong>ut</strong></span> <span class='ocrx_word' id='word_1_675' title='bbox 2640 3484 2841 3542; x_wconf 83' lang='lat' dir='ltr'><strong>ﬁerent</strong></span> <span class='ocrx_word' id='word_1_676' title='bbox 2897 3484 3205 3557; x_wconf 87' lang='lat' dir='ltr'><strong>voluerunt</strong></span> <span class='ocrx_word' id='word_1_677' title='bbox 3241 3485 3320 3557; x_wconf 83' lang='lat'><strong>(1).</strong></span> <span class='ocrx_word' id='word_1_678' title='bbox 3350 3484 3429 3557; x_wconf 77' lang='lat' dir='ltr'><strong>Ili</strong></span> <span class='ocrx_word' id='word_1_679' title='bbox 3458 3492 3648 3557; x_wconf 81' lang='lat' dir='ltr'><strong>autem</strong></span> 
     </span>
    </p>
   </div>
   <div class='ocr_carea' id='block_1_104' title="bbox 1991 3554 3649 3628">
    <p class='ocr_par' dir='ltr' id='par_1_104' title="bbox 1991 3554 3649 3628">
     <span class='ocr_line' id='line_1_105' title="bbox 1991 3554 3649 3628; baseline -0.002 -16"><span class='ocrx_word' id='word_1_680' title='bbox 1991 3563 2189 3628; x_wconf 80' lang='lat' dir='ltr'><strong>contra</strong></span> <span class='ocrx_word' id='word_1_681' title='bbox 2218 3556 2504 3625; x_wconf 91' lang='lat' dir='ltr'><strong>quidquid</strong></span> <span class='ocrx_word' id='word_1_682' title='bbox 2528 3558 2596 3611; x_wconf 91' lang='lat' dir='ltr'><strong>ad</strong></span> <span class='ocrx_word' id='word_1_683' title='bbox 2623 3557 2993 3628; x_wconf 86' lang='lat' dir='ltr'><strong>detegendam</strong></span> <span class='ocrx_word' id='word_1_684' title='bbox 3032 3554 3256 3628; x_wconf 81' lang='lat' dir='ltr'><strong>Pelagii</strong></span> <span class='ocrx_word' id='word_1_685' title='bbox 3284 3554 3366 3610; x_wconf 84' lang='lat' dir='ltr'><strong>ac</strong></span> <span class='ocrx_word' id='word_1_686' title='bbox 3395 3554 3649 3628; x_wconf 72' lang='lat' dir='ltr'><strong>Caelestii</strong></span> 
     </span>
    </p>
   </div>
   <div class='ocr_carea' id='block_1_105' title="bbox 1991 3624 3650 3697">
    <p class='ocr_par' dir='ltr' id='par_1_105' title="bbox 1991 3624 3650 3697">
     <span class='ocr_line' id='line_1_106' title="bbox 1991 3624 3650 3697; baseline -0.002 -15"><span class='ocrx_word' id='word_1_687' title='bbox 1991 3624 2631 3682; x_wconf 78' lang='lat' dir='ltr'><strong>calliditatemnecesse</strong></span> <span class='ocrx_word' id='word_1_688' title='bbox 2660 3624 2802 3686; x_wconf 79' lang='lat' dir='ltr'><strong>erat.</strong></span> <span class='ocrx_word' id='word_1_689' title='bbox 2832 3624 3193 3697; x_wconf 77' lang='lat' dir='ltr'><strong>quantocius</strong></span> <span class='ocrx_word' id='word_1_690' title='bbox 3226 3629 3453 3681; x_wconf 85' lang='lat' dir='ltr'><strong>Romam</strong></span> <span class='ocrx_word' id='word_1_691' title='bbox 3505 3624 3650 3697; x_wconf 85' lang='lat' dir='ltr'><strong>mit-</strong></span> 
     </span>
    </p>
   </div>
   <div class='ocr_carea' id='block_1_106' title="bbox 1994 3695 3649 3768">
    <p class='ocr_par' dir='ltr' id='par_1_106' title="bbox 1994 3695 3649 3768">
     <span class='ocr_line' id='line_1_107' title="bbox 1994 3695 3649 3768; baseline -0.002 -15"><span class='ocrx_word' id='word_1_692' title='bbox 1994 3703 2143 3753; x_wconf 87' lang='lat' dir='ltr'><strong>tunt.</strong></span> <span class='ocrx_word' id='word_1_693' title='bbox 2176 3698 2244 3751; x_wconf 90' lang='lat' dir='ltr'><strong>Et</strong></span> <span class='ocrx_word' id='word_1_694' title='bbox 2266 3699 2541 3767; x_wconf 88' lang='lat' dir='ltr'><strong>quoniam</strong></span> <span class='ocrx_word' id='word_1_695' title='bbox 2574 3695 2899 3763; x_wconf 71' lang='lat' dir='ltr'><strong>Caelestius,</strong></span> <span class='ocrx_word' id='word_1_696' title='bbox 2935 3711 3101 3768; x_wconf 88' lang='lat' dir='ltr'><strong>quem</strong></span> <span class='ocrx_word' id='word_1_697' title='bbox 3136 3695 3649 3768; x_wconf 71' lang='lat' dir='ltr'><strong>Romaeurgebant</strong></span> 
     </span>
    </p>
   </div>
   <div class='ocr_carea' id='block_1_107' title="bbox 1995 3766 3651 3839">
    <p class='ocr_par' dir='ltr' id='par_1_107' title="bbox 1995 3766 3651 3839">
     <span class='ocr_line' id='line_1_108' title="bbox 1995 3766 3651 3839; baseline 0.001 -19"><span class='ocrx_word' id='word_1_698' title='bbox 1995 3775 2057 3822; x_wconf 84' lang='lat' dir='ltr'><strong>ut</strong></span> <span class='ocrx_word' id='word_1_699' title='bbox 2079 3766 2428 3839; x_wconf 88' lang='lat' dir='ltr'><strong>simpliciter</strong></span> <span class='ocrx_word' id='word_1_700' title='bbox 2443 3774 2501 3823; x_wconf 89' lang='lat' dir='ltr'><strong>et</strong></span> <span class='ocrx_word' id='word_1_701' title='bbox 2515 3774 2708 3837; x_wconf 89' lang='lat' dir='ltr'><strong>aperte</strong></span> <span class='ocrx_word' id='word_1_702' title='bbox 2728 3766 3094 3837; x_wconf 77' lang='lat' dir='ltr'><strong>proﬁteretur</strong></span> <span class='ocrx_word' id='word_1_703' title='bbox 3112 3766 3397 3839; x_wconf 91' lang='lat' dir='ltr'><strong>quomodo</strong></span> <span class='ocrx_word' id='word_1_704' title='bbox 3410 3767 3651 3839; x_wconf 77' lang='lat' dir='ltr'><strong>sentiret</strong></span> 
     </span>
    </p>
   </div>
   <div class='ocr_carea' id='block_1_108' title="bbox 1990 3837 3652 3909">
    <p class='ocr_par' dir='ltr' id='par_1_108' title="bbox 1990 3837 3652 3909">
     <span class='ocr_line' id='line_1_109' title="bbox 1990 3837 3652 3909; baseline -0.002 -16"><span class='ocrx_word' id='word_1_705' title='bbox 1990 3840 2060 3894; x_wconf 91' lang='lat' dir='ltr'><strong>de</strong></span> <span class='ocrx_word' id='word_1_706' title='bbox 2083 3839 2211 3906; x_wconf 89' lang='lat' dir='ltr'><strong>ﬁde,</strong></span> <span class='ocrx_word' id='word_1_707' title='bbox 2245 3837 2570 3909; x_wconf 88' lang='lat' dir='ltr'><strong>aufugerat,</strong></span> <span class='ocrx_word' id='word_1_708' title='bbox 2596 3845 2795 3894; x_wconf 92' lang='lat' dir='ltr'><strong>contra</strong></span> <span class='ocrx_word' id='word_1_709' title='bbox 2830 3839 3019 3907; x_wconf 89' lang='lat' dir='ltr'><strong>ipsum</strong></span> <span class='ocrx_word' id='word_1_710' title='bbox 3050 3847 3106 3895; x_wconf 90' lang='lat' dir='ltr'><strong>et</strong></span> <span class='ocrx_word' id='word_1_711' title='bbox 3132 3837 3451 3909; x_wconf 86' lang='lat' dir='ltr'><strong>Pelagium</strong></span> <span class='ocrx_word' id='word_1_712' title='bbox 3482 3837 3652 3909; x_wconf 66' lang='lat' dir='ltr'><strong>Zosi«_-</strong></span> 
     </span>
    </p>
   </div>
   <div class='ocr_carea' id='block_1_109' title="bbox 1991 3907 3646 3981">
    <p class='ocr_par' dir='ltr' id='par_1_109' title="bbox 1991 3907 3646 3981">
     <span class='ocr_line' id='line_1_110' title="bbox 1991 3907 3646 3981; baseline -0.001 -17"><span class='ocrx_word' id='word_1_713' title='bbox 1991 3924 2120 3964; x_wconf 91' lang='lat' dir='ltr'><strong>mus</strong></span> <span class='ocrx_word' id='word_1_714' title='bbox 2153 3910 2263 3964; x_wconf 90' lang='lat' dir='ltr'><strong>rite</strong></span> <span class='ocrx_word' id='word_1_715' title='bbox 2294 3907 2582 3977; x_wconf 88' lang='lat' dir='ltr'><strong>judicium</strong></span> <span class='ocrx_word' id='word_1_716' title='bbox 2628 3910 3055 3981; x_wconf 84' lang='lat' dir='ltr'><strong>pronuntiavit,</strong></span> <span class='ocrx_word' id='word_1_717' title='bbox 3084 3912 3236 3981; x_wconf 92' lang='lat' dir='ltr'><strong>quod</strong></span> <span class='ocrx_word' id='word_1_718' title='bbox 3264 3907 3555 3981; x_wconf 83' lang='lat' dir='ltr'><strong>encyclica</strong></span> <span class='ocrx_word' id='word_1_719' title='bbox 3576 3907 3646 3981; x_wconf 87' lang='lat' dir='ltr'><strong>ad</strong></span> 
     </span>
    </p>
   </div>
   <div class='ocr_carea' id='block_1_110' title="bbox 1991 3978 3654 4052">
    <p class='ocr_par' dir='ltr' id='par_1_110' title="bbox 1991 3978 3654 4052">
     <span class='ocr_line' id='line_1_111' title="bbox 1991 3978 3654 4052; baseline -0.001 -17"><span class='ocrx_word' id='word_1_720' title='bbox 1991 3982 2173 4036; x_wconf 91' lang='lat' dir='ltr'><strong>totius</strong></span> <span class='ocrx_word' id='word_1_721' title='bbox 2193 3981 2460 4035; x_wconf 64' lang='lat' dir='ltr'><strong>Ecclesia:</strong></span> <span class='ocrx_word' id='word_1_722' title='bbox 2493 3978 2766 4049; x_wconf 65' lang='lat' dir='ltr'><strong>pra‘Sules</strong></span> <span class='ocrx_word' id='word_1_723' title='bbox 2809 3978 3173 4036; x_wconf 70' lang='lat' dir='ltr'><strong>conﬁrmavit</strong></span> <span class='ocrx_word' id='word_1_724' title='bbox 3226 3978 3335 4052; x_wconf 78' lang='grc' dir='ltr'><strong>(τη).</strong></span> <span class='ocrx_word' id='word_1_725' title='bbox 3367 3978 3490 4049; x_wconf 82' lang='lat' dir='ltr'><strong>Qua</strong></span> <span class='ocrx_word' id='word_1_726' title='bbox 3519 3979 3611 4047; x_wconf 92' lang='lat' dir='ltr'><strong>epi</strong></span> <span class='ocrx_word' id='word_1_727' title='bbox 3635 4003 3654 4015; x_wconf 69' lang='grc' dir='ltr'><strong>ι</strong></span> 
     </span>
    </p>
   </div>
   <div class='ocr_carea' id='block_1_111' title="bbox 1993 4052 3650 4124">
    <p class='ocr_par' dir='ltr' id='par_1_111' title="bbox 1993 4052 3650 4124">
     <span class='ocr_line' id='line_1_112' title="bbox 1993 4052 3650 4124; baseline -0.001 -19"><span class='ocrx_word' id='word_1_728' title='bbox 1993 4052 2157 4115; x_wconf 86' lang='lat' dir='ltr'><strong>stola,</strong></span> <span class='ocrx_word' id='word_1_729' title='bbox 2184 4052 2273 4106; x_wconf 89' lang='lat' dir='ltr'><strong>uti</strong></span> <span class='ocrx_word' id='word_1_730' title='bbox 2300 4058 2543 4106; x_wconf 89' lang='lat' dir='ltr'><strong>testatur</strong></span> <span class='ocrx_word' id='word_1_731' title='bbox 2562 4053 2627 4106; x_wconf 94' lang='lat' dir='ltr'><strong>D.</strong></span> <span class='ocrx_word' id='word_1_732' title='bbox 2659 4053 2898 4124; x_wconf 87' lang='lat' dir='ltr'><strong>Prosper</strong></span> <span class='ocrx_word' id='word_1_733' title='bbox 2926 4052 3021 4124; x_wconf 87' lang='grc' dir='ltr'><strong>(η).</strong></span> <span class='ocrx_word' id='word_1_734' title='bbox 3056 4053 3205 4107; x_wconf 90' lang='lat' dir='ltr'><strong>Petri</strong></span> <span class='ocrx_word' id='word_1_735' title='bbox 3228 4052 3421 4123; x_wconf 89' lang='lat' dir='ltr'><strong>gladio</strong></span> <span class='ocrx_word' id='word_1_736' title='bbox 3463 4052 3650 4124; x_wconf 85' lang='lat' dir='ltr'><strong>dexte-</strong></span> 
     </span>
    </p>
   </div>
   <div class='ocr_carea' id='block_1_112' title="bbox 1993 4121 3707 4192">
    <p class='ocr_par' dir='ltr' id='par_1_112' title="bbox 1993 4121 3707 4192">
     <span class='ocr_line' id='line_1_113' title="bbox 1993 4121 3707 4192; baseline -0.004 -13"><span class='ocrx_word' id='word_1_737' title='bbox 1993 4125 2371 4179; x_wconf 79' lang='lat' dir='ltr'><strong>rasumnium</strong></span> <span class='ocrx_word' id='word_1_738' title='bbox 2399 4121 3023 4188; x_wconf 82' lang='lat' dir='ltr'><strong>armavitantistitum,</strong></span> <span class='ocrx_word' id='word_1_739' title='bbox 3080 4124 3148 4177; x_wconf 91' lang='lat' dir='ltr'><strong>ad</strong></span> <span class='ocrx_word' id='word_1_740' title='bbox 3183 4121 3398 4192; x_wconf 80' lang='lat' dir='ltr'><strong>impios</strong></span> <span class='ocrx_word' id='word_1_741' title='bbox 3450 4121 3651 4192; x_wconf 37' lang='lat' dir='ltr'><strong>elimif</strong></span> <span class='ocrx_word' id='word_1_742' title='bbox 3700 4140 3707 4145; x_wconf 84' lang='grc'>·</span> 
     </span>
    </p>
   </div>
   <div class='ocr_carea' id='block_1_113' title="bbox 1996 4189 3651 4262">
    <p class='ocr_par' dir='ltr' id='par_1_113' title="bbox 1996 4189 3651 4262">
     <span class='ocr_line' id='line_1_114' title="bbox 1996 4189 3651 4262; baseline -0.002 -13"><span class='ocrx_word' id='word_1_743' title='bbox 1996 4195 2230 4249; x_wconf 91' lang='lat' dir='ltr'><strong>nandos.</strong></span> <span class='ocrx_word' id='word_1_744' title='bbox 2276 4194 2493 4249; x_wconf 91' lang='lat' dir='ltr'><strong>Marius</strong></span> <span class='ocrx_word' id='word_1_745' title='bbox 2525 4196 2822 4262; x_wconf 85' lang='lat' dir='ltr'><strong>Mercator,</strong></span> <span class='ocrx_word' id='word_1_746' title='bbox 2866 4198 2924 4247; x_wconf 80' lang='lat' dir='ltr'><strong>et</strong></span> <span class='ocrx_word' id='word_1_747' title='bbox 2954 4193 3235 4249; x_wconf 88' lang='lat' dir='ltr'><strong>Paulinus</strong></span> <span class='ocrx_word' id='word_1_748' title='bbox 3259 4189 3541 4249; x_wconf 87' lang='lat' dir='ltr'><strong>diaconus</strong></span> <span class='ocrx_word' id='word_1_749' title='bbox 3582 4189 3651 4262; x_wconf 86' lang='grc' dir='ltr'><strong>(ο)</strong></span> 
     </span>
    </p>
   </div>
   <div class='ocr_carea' id='block_1_114' title="bbox 1992 4264 3652 4333">
    <p class='ocr_par' dir='ltr' id='par_1_114' title="bbox 1992 4264 3652 4333">
     <span class='ocr_line' id='line_1_115' title="bbox 1992 4264 3652 4333; baseline -0.002 -13"><span class='ocrx_word' id='word_1_750' title='bbox 1992 4265 2459 4330; x_wconf 82' lang='lat' dir='ltr'><strong>Mediolanensis,</strong></span> <span class='ocrx_word' id='word_1_751' title='bbox 2511 4264 2821 4320; x_wconf 88' lang='lat' dir='ltr'><strong>referentes</strong></span> <span class='ocrx_word' id='word_1_752' title='bbox 2853 4264 3027 4332; x_wconf 89' lang='lat' dir='ltr'><strong>hujus</strong></span> <span class='ocrx_word' id='word_1_753' title='bbox 3063 4278 3249 4319; x_wconf 70' lang='lat' dir='ltr'><strong>causze</strong></span> <span class='ocrx_word' id='word_1_754' title='bbox 3273 4265 3423 4333; x_wconf 91' lang='lat' dir='ltr'><strong>apud</strong></span> <span class='ocrx_word' id='word_1_755' title='bbox 3451 4265 3508 4318; x_wconf 91' lang='lat' dir='ltr'><strong>S.</strong></span> <span class='ocrx_word' id='word_1_756' title='bbox 3552 4276 3652 4317; x_wconf 89' lang='lat' dir='ltr'><strong>se—</strong></span> 
     </span>
    </p>
   </div>
   <div class='ocr_carea' id='block_1_115' title="bbox 1992 4334 3652 4406">
    <p class='ocr_par' dir='ltr' id='par_1_115' title="bbox 1992 4334 3652 4406">
     <span class='ocr_line' id='line_1_116' title="bbox 1992 4334 3652 4406; baseline -0.003 -14"><span class='ocrx_word' id='word_1_757' title='bbox 1992 4338 2118 4392; x_wconf 90' lang='lat' dir='ltr'><strong>dem</strong></span> <span class='ocrx_word' id='word_1_758' title='bbox 2152 4335 2483 4391; x_wconf 69' lang='lat' dir='ltr'><strong>constitutaa</strong></span> <span class='ocrx_word' id='word_1_759' title='bbox 2527 4338 2810 4391; x_wconf 91' lang='lat' dir='ltr'><strong>actionem</strong></span> <span class='ocrx_word' id='word_1_760' title='bbox 2846 4334 3142 4406; x_wconf 88' lang='lat' dir='ltr'><strong>latumque</strong></span> <span class='ocrx_word' id='word_1_761' title='bbox 3167 4335 3479 4406; x_wconf 85' lang='lat' dir='ltr'><strong>judicium,</strong></span> <span class='ocrx_word' id='word_1_762' title='bbox 3515 4339 3652 4389; x_wconf 90' lang='lat' dir='ltr'><strong>tan-</strong></span> 
     </span>
    </p>
   </div>
   <div class='ocr_carea' id='block_1_116' title="bbox 1994 4404 3651 4478">
    <p class='ocr_par' dir='ltr' id='par_1_116' title="bbox 1994 4404 3651 4478">
     <span class='ocr_line' id='line_1_117' title="bbox 1994 4404 3651 4478; baseline -0.003 -15"><span class='ocrx_word' id='word_1_763' title='bbox 1994 4421 2164 4478; x_wconf 88' lang='lat' dir='ltr'><strong>quam</strong></span> <span class='ocrx_word' id='word_1_764' title='bbox 2209 4408 2497 4463; x_wconf 87' lang='lat' dir='ltr'><strong>axiomata</strong></span> <span class='ocrx_word' id='word_1_765' title='bbox 2554 4415 2880 4476; x_wconf 88' lang='lat' dir='ltr'><strong>pr0ponunt</strong></span> <span class='ocrx_word' id='word_1_766' title='bbox 2910 4404 3129 4478; x_wconf 82' lang='lat' dir='ltr'><strong>quibus</strong></span> <span class='ocrx_word' id='word_1_767' title='bbox 3161 4404 3440 4478; x_wconf 84' lang='lat' dir='ltr'><strong>refragari</strong></span> <span class='ocrx_word' id='word_1_768' title='bbox 3487 4417 3651 4460; x_wconf 90' lang='lat' dir='ltr'><strong>nemo</strong></span> 
     </span>
    </p>
   </div>
   <div class='ocr_carea' id='block_1_117' title="bbox 1996 4476 3649 4549">
    <p class='ocr_par' dir='ltr' id='par_1_117' title="bbox 1996 4476 3649 4549">
     <span class='ocr_line' id='line_1_118' title="bbox 1996 4476 3649 4549; baseline -0.003 -16"><span class='ocrx_word' id='word_1_769' title='bbox 1996 4476 2199 4549; x_wconf 83' lang='lat' dir='ltr'><strong>possit,</strong></span> <span class='ocrx_word' id='word_1_770' title='bbox 2224 4491 2410 4533; x_wconf 89' lang='lat' dir='ltr'><strong>veram</strong></span> <span class='ocrx_word' id='word_1_771' title='bbox 2431 4479 2596 4533; x_wconf 91' lang='lat' dir='ltr'><strong>ﬁdem</strong></span> <span class='ocrx_word' id='word_1_772' title='bbox 2624 4479 2681 4533; x_wconf 92' lang='lat' dir='ltr'><strong>in</strong></span> <span class='ocrx_word' id='word_1_773' title='bbox 2703 4476 3019 4545; x_wconf 87' lang='lat' dir='ltr'><strong>apostolica</strong></span> <span class='ocrx_word' id='word_1_774' title='bbox 3036 4478 3168 4533; x_wconf 90' lang='lat' dir='ltr'><strong>sede</strong></span> <span class='ocrx_word' id='word_1_775' title='bbox 3208 4476 3381 4549; x_wconf 84' lang='lat' dir='ltr'><strong>nullo</strong></span> <span class='ocrx_word' id='word_1_776' title='bbox 3398 4487 3649 4549; x_wconf 87' lang='lat' dir='ltr'><strong>unquam</strong></span> 
     </span>
    </p>
   </div>
   <div class='ocr_carea' id='block_1_118' title="bbox 1996 4546 3652 4619">
    <p class='ocr_par' dir='ltr' id='par_1_118' title="bbox 1996 4546 3652 4619">
     <span class='ocr_line' id='line_1_119' title="bbox 1996 4546 3652 4619; baseline -0.003 -15"><span class='ocrx_word' id='word_1_777' title='bbox 1996 4546 2152 4619; x_wconf 65' lang='lat' dir='ltr'><strong>nievo</strong></span> <span class='ocrx_word' id='word_1_778' title='bbox 2178 4550 2430 4619; x_wconf 67' lang='lat' dir='ltr'><strong>inspergi</strong></span> <span class='ocrx_word' id='word_1_779' title='bbox 2463 4569 2477 4614; x_wconf 87' lang='lat'><strong>;</strong></span> <span class='ocrx_word' id='word_1_780' title='bbox 2506 4551 2563 4604; x_wconf 90' lang='lat' dir='ltr'><strong>in</strong></span> <span class='ocrx_word' id='word_1_781' title='bbox 2591 4563 2653 4605; x_wconf 91' lang='lat' dir='ltr'><strong>ea</strong></span> <span class='ocrx_word' id='word_1_782' title='bbox 2700 4550 2912 4604; x_wconf 90' lang='lat' dir='ltr'><strong>donum</strong></span> <span class='ocrx_word' id='word_1_783' title='bbox 2940 4550 3129 4604; x_wconf 90' lang='lat' dir='ltr'><strong>inesse</strong></span> <span class='ocrx_word' id='word_1_784' title='bbox 3177 4546 3458 4619; x_wconf 79' lang='lat' dir='ltr'><strong>sectaries</strong></span> <span class='ocrx_word' id='word_1_785' title='bbox 3483 4547 3652 4600; x_wconf 90' lang='lat' dir='ltr'><strong>dete—</strong></span> 
     </span>
    </p>
   </div>
   <div class='ocr_carea' id='block_1_119' title="bbox 225 4597 3648 4692">
    <p class='ocr_par' dir='ltr' id='par_1_119' title="bbox 225 4597 3648 4692">
     <span class='ocr_line' id='line_1_120' title="bbox 225 4597 3648 4692; baseline -0.001 -19"><span class='ocrx_word' id='word_1_786' title='bbox 225 4597 581 4692; x_wconf 61' lang='lat' dir='ltr'><strong>patriarcha,</strong></span> <span class='ocrx_word' id='word_1_787' title='bbox 611 4597 843 4692; x_wconf 69' lang='lat' dir='ltr'><strong>regulas</strong></span> <span class='ocrx_word' id='word_1_788' title='bbox 860 4597 1200 4692; x_wconf 43' lang='lat' dir='ltr'><strong>disciplinis</strong></span> <span class='ocrx_word' id='word_1_789' title='bbox 1222 4597 1587 4692; x_wconf 59' lang='lat' dir='ltr'><strong>prms&#39;cripsit</strong></span> <span class='ocrx_word' id='word_1_790' title='bbox 1602 4597 1883 4677; x_wconf 59' lang='lat' dir='ltr'><strong>Eééié&#39;sliié</strong></span> <span class='ocrx_word' id='word_1_791' title='bbox 1916 4597 1968 4657; x_wconf 79' lang='lat' dir='ltr'>D</span> <span class='ocrx_word' id='word_1_792' title='bbox 1999 4597 2192 4692; x_wconf 62' lang='lat' dir='ltr'><strong>gendi,</strong></span> <span class='ocrx_word' id='word_1_793' title='bbox 2227 4597 2653 4675; x_wconf 43' lang='lat' dir='ltr'><strong>acderbit&#39;a&#39;eo&#39;s“</strong></span> <span class='ocrx_word' id='word_1_794' title='bbox 2667 4597 3171 4689; x_wconf 31' lang='lat' dir='ltr'><strong>pmvnaﬁmulctan&#39;di</strong></span> <span class='ocrx_word' id='word_1_795' title='bbox 3201 4617 3605 4692; x_wconf 79' lang='lat' dir='ltr'><strong>auctoritatem</strong></span> <span class='ocrx_word' id='word_1_796' title='bbox 3632 4633 3648 4684; x_wconf 72' lang='grc' dir='ltr'>ς</span> 
     </span>
    </p>
   </div>
   <div class='ocr_carea' id='block_1_120' title="bbox 220 4689 1879 4760">
    <p class='ocr_par' dir='ltr' id='par_1_120' title="bbox 220 4689 1879 4760">
     <span class='ocr_line' id='line_1_121' title="bbox 220 4689 1879 4760; baseline 0.001 -15"><span class='ocrx_word' id='word_1_797' title='bbox 220 4689 575 4757; x_wconf 81' lang='lat' dir='ltr'><strong>Galliarum,</strong></span> <span class='ocrx_word' id='word_1_798' title='bbox 610 4689 1016 4760; x_wconf 79' lang='lat' dir='ltr'><strong>HiSpaniarum</strong></span> <span class='ocrx_word' id='word_1_799' title='bbox 1048 4689 1289 4760; x_wconf 87' lang='lat' dir='ltr'><strong>Illyrici,</strong></span> <span class='ocrx_word' id='word_1_800' title='bbox 1341 4691 1550 4747; x_wconf 70' lang='lat' dir='ltr'><strong>Africze</strong></span> <span class='ocrx_word' id='word_1_801' title='bbox 1576 4699 1631 4747; x_wconf 91' lang='lat' dir='ltr'><strong>et</strong></span> <span class='ocrx_word' id='word_1_802' title='bbox 1680 4693 1879 4748; x_wconf 59' lang='lat' dir='ltr'><strong>Italia}.</strong></span> 
     </span>
    </p>
   </div>
   <div class='ocr_carea' id='block_1_121' title="bbox 223 4760 1881 4832">
    <p class='ocr_par' dir='ltr' id='par_1_121' title="bbox 223 4760 1881 4832">
     <span class='ocr_line' id='line_1_122' title="bbox 223 4760 1881 4832; baseline 0.001 -14"><span class='ocrx_word' id='word_1_803' title='bbox 223 4765 379 4818; x_wconf 90' lang='lat' dir='ltr'><strong>Duas</strong></span> <span class='ocrx_word' id='word_1_804' title='bbox 406 4760 546 4817; x_wconf 90' lang='lat' dir='ltr'><strong>fecit</strong></span> <span class='ocrx_word' id='word_1_805' title='bbox 574 4762 889 4818; x_wconf 88' lang='lat' dir='ltr'><strong>decretales</strong></span> <span class='ocrx_word' id='word_1_806' title='bbox 922 4776 1021 4830; x_wconf 87' lang='lat' dir='ltr'><strong>pro</strong></span> <span class='ocrx_word' id='word_1_807' title='bbox 1047 4762 1277 4832; x_wconf 87' lang='lat' dir='ltr'><strong>Galliis,</strong></span> <span class='ocrx_word' id='word_1_808' title='bbox 1332 4764 1574 4831; x_wconf 90' lang='lat' dir='ltr'><strong>primam</strong></span> <span class='ocrx_word' id='word_1_809' title='bbox 1608 4765 1881 4819; x_wconf 88' lang='lat' dir='ltr'><strong>tredecim</strong></span> 
     </span>
    </p>
   </div>
   <div class='ocr_carea' id='block_1_122' title="bbox 222 4834 1886 4904">
    <p class='ocr_par' dir='ltr' id='par_1_122' title="bbox 222 4834 1886 4904">
     <span class='ocr_line' id='line_1_123' title="bbox 222 4834 1886 4904; baseline 0.001 -16"><span class='ocrx_word' id='word_1_810' title='bbox 222 4847 495 4893; x_wconf 84' lang='lat' dir='ltr'><strong>canones,</strong></span> <span class='ocrx_word' id='word_1_811' title='bbox 526 4834 764 4888; x_wconf 91' lang='lat' dir='ltr'><strong>alteram</strong></span> <span class='ocrx_word' id='word_1_812' title='bbox 815 4838 1029 4902; x_wconf 88' lang='lat' dir='ltr'><strong>septem</strong></span> <span class='ocrx_word' id='word_1_813' title='bbox 1073 4834 1638 4902; x_wconf 88' lang='lat' dir='ltr'><strong>comprehendentes.</strong></span> <span class='ocrx_word' id='word_1_814' title='bbox 1670 4837 1729 4889; x_wconf 90' lang='lat' dir='ltr'><strong>In</strong></span> <span class='ocrx_word' id='word_1_815' title='bbox 1778 4850 1886 4904; x_wconf 90' lang='lat' dir='ltr'><strong>po-</strong></span> 
     </span>
    </p>
   </div>
   <div class='ocr_carea' id='block_1_123' title="bbox 222 4904 1884 4975">
    <p class='ocr_par' dir='ltr' id='par_1_123' title="bbox 222 4904 1884 4975">
     <span class='ocr_line' id='line_1_124' title="bbox 222 4904 1884 4975; baseline 0.001 -16"><span class='ocrx_word' id='word_1_816' title='bbox 222 4905 460 4960; x_wconf 88' lang='lat' dir='ltr'><strong>steriori</strong></span> <span class='ocrx_word' id='word_1_817' title='bbox 494 4904 817 4975; x_wconf 87' lang='lat' dir='ltr'><strong>catalogum</strong></span> <span class='ocrx_word' id='word_1_818' title='bbox 862 4904 1096 4975; x_wconf 86' lang='lat' dir='ltr'><strong>exhibet</strong></span> <span class='ocrx_word' id='word_1_819' title='bbox 1138 4905 1449 4974; x_wconf 68' lang='lat' dir='ltr'><strong>Scriptura:</strong></span> <span class='ocrx_word' id='word_1_820' title='bbox 1474 4919 1650 4960; x_wconf 71' lang='lat' dir='ltr'><strong>sacrm</strong></span> <span class='ocrx_word' id='word_1_821' title='bbox 1695 4905 1884 4961; x_wconf 91' lang='lat' dir='ltr'><strong>libro-</strong></span> 
     </span>
    </p>
   </div>
   <div class='ocr_carea' id='block_1_124' title="bbox 225 4974 1885 5047">
    <p class='ocr_par' dir='ltr' id='par_1_124' title="bbox 225 4974 1885 5047">
     <span class='ocr_line' id='line_1_125' title="bbox 225 4974 1885 5047; baseline 0 -16"><span class='ocrx_word' id='word_1_822' title='bbox 225 4989 375 5047; x_wconf 86' lang='lat' dir='ltr'><strong>rum.</strong></span> <span class='ocrx_word' id='word_1_823' title='bbox 410 4974 823 5044; x_wconf 83' lang='lat' dir='ltr'><strong>Hispaniarum</strong></span> <span class='ocrx_word' id='word_1_824' title='bbox 853 4974 1122 5030; x_wconf 54' lang='lat' dir='ltr'><strong>Ecclesia}</strong></span> <span class='ocrx_word' id='word_1_825' title='bbox 1156 4976 1341 5047; x_wconf 83' lang='lat' dir='ltr'><strong>prima</strong></span> <span class='ocrx_word' id='word_1_826' title='bbox 1394 4976 1455 5030; x_wconf 89' lang='lat' dir='ltr'><strong>in</strong></span> <span class='ocrx_word' id='word_1_827' title='bbox 1480 4977 1749 5031; x_wconf 90' lang='lat' dir='ltr'><strong>Toletana</strong></span> <span class='ocrx_word' id='word_1_828' title='bbox 1781 4992 1885 5047; x_wconf 89' lang='lat' dir='ltr'><strong>sy—</strong></span> 
     </span>
    </p>
   </div>
   <div class='ocr_carea' id='block_1_125' title="bbox 223 5046 1878 5117">
    <p class='ocr_par' dir='ltr' id='par_1_125' title="bbox 223 5046 1878 5117">
     <span class='ocr_line' id='line_1_126' title="bbox 223 5046 1878 5117; baseline -0.001 -14"><span class='ocrx_word' id='word_1_829' title='bbox 223 5046 666 5117; x_wconf 17' lang='lat' dir='ltr'><strong>nodoiquaedam</strong></span> <span class='ocrx_word' id='word_1_830' title='bbox 723 5051 1066 5112; x_wconf 88' lang='lat' dir='ltr'><strong>statuerant,</strong></span> <span class='ocrx_word' id='word_1_831' title='bbox 1100 5046 1325 5101; x_wconf 87' lang='lat' dir='ltr'><strong>volente</strong></span> <span class='ocrx_word' id='word_1_832' title='bbox 1380 5046 1697 5115; x_wconf 91' lang='lat' dir='ltr'><strong>apostolica</strong></span> <span class='ocrx_word' id='word_1_833' title='bbox 1728 5046 1878 5117; x_wconf 89' lang='lat' dir='ltr'><strong>sede,</strong></span> 
     </span>
    </p>
   </div>
   <div class='ocr_carea' id='block_1_126' title="bbox 223 5116 1885 5189">
    <p class='ocr_par' dir='ltr' id='par_1_126' title="bbox 223 5116 1885 5189">
     <span class='ocr_line' id='line_1_127' title="bbox 223 5116 1885 5189; baseline -0.001 -15"><span class='ocrx_word' id='word_1_834' title='bbox 223 5131 354 5189; x_wconf 66' lang='lat' dir='ltr'><strong>qua:</strong></span> <span class='ocrx_word' id='word_1_835' title='bbox 380 5116 756 5174; x_wconf 88' lang='lat' dir='ltr'><strong>Innocentius</strong></span> <span class='ocrx_word' id='word_1_836' title='bbox 785 5117 1059 5189; x_wconf 88' lang='lat' dir='ltr'><strong>decretali</strong></span> <span class='ocrx_word' id='word_1_837' title='bbox 1092 5118 1162 5172; x_wconf 91' lang='lat' dir='ltr'><strong>ad</strong></span> <span class='ocrx_word' id='word_1_838' title='bbox 1189 5117 1470 5189; x_wconf 89' lang='lat' dir='ltr'><strong>synodum</strong></span> <span class='ocrx_word' id='word_1_839' title='bbox 1498 5117 1645 5189; x_wconf 87' lang='lat' dir='ltr'><strong>data</strong></span> <span class='ocrx_word' id='word_1_840' title='bbox 1664 5116 1885 5173; x_wconf 51' lang='lat' dir='ltr'><strong>conﬁr-&#39;-</strong></span> 
     </span>
    </p>
   </div>
   <div class='ocr_carea' id='block_1_127' title="bbox 222 5188 1883 5258">
    <p class='ocr_par' dir='ltr' id='par_1_127' title="bbox 222 5188 1883 5258">
     <span class='ocr_line' id='line_1_128' title="bbox 222 5188 1883 5258; baseline 0 -14"><span class='ocrx_word' id='word_1_841' title='bbox 222 5188 424 5244; x_wconf 86' lang='lat' dir='ltr'><strong>mavit.</strong></span> <span class='ocrx_word' id='word_1_842' title='bbox 465 5189 790 5245; x_wconf 89' lang='lat' dir='ltr'><strong>Decretales</strong></span> <span class='ocrx_word' id='word_1_843' title='bbox 818 5188 1077 5258; x_wconf 67' lang='lat' dir='ltr'><strong>epistolae</strong></span> <span class='ocrx_word' id='word_1_844' title='bbox 1103 5188 1295 5257; x_wconf 87' lang='lat' dir='ltr'><strong>ipsius</strong></span> <span class='ocrx_word' id='word_1_845' title='bbox 1333 5193 1560 5242; x_wconf 85' lang='lat' dir='ltr'><strong>exstant</strong></span> <span class='ocrx_word' id='word_1_846' title='bbox 1583 5188 1653 5244; x_wconf 92' lang='lat' dir='ltr'><strong>ad</strong></span> <span class='ocrx_word' id='word_1_847' title='bbox 1682 5189 1883 5245; x_wconf 85' lang='lat' dir='ltr'><strong>Eccle-</strong></span> 
     </span>
    </p>
   </div>
   <div class='ocr_carea' id='block_1_128' title="bbox 223 5258 1879 5330">
    <p class='ocr_par' dir='ltr' id='par_1_128' title="bbox 223 5258 1879 5330">
     <span class='ocr_line' id='line_1_129' title="bbox 223 5258 1879 5330; baseline 0.001 -14"><span class='ocrx_word' id='word_1_848' title='bbox 223 5261 349 5317; x_wconf 84' lang='lat' dir='ltr'><strong>sias</strong></span> <span class='ocrx_word' id='word_1_849' title='bbox 377 5259 602 5330; x_wconf 88' lang='lat' dir='ltr'><strong>Illyrici</strong></span> <span class='ocrx_word' id='word_1_850' title='bbox 626 5266 744 5316; x_wconf 89' lang='lat' dir='ltr'><strong>tres</strong></span> <span class='ocrx_word' id='word_1_851' title='bbox 773 5261 842 5315; x_wconf 90' lang='lat' dir='ltr'><strong>ad</strong></span> <span class='ocrx_word' id='word_1_852' title='bbox 865 5258 1076 5315; x_wconf 66' lang='lat' dir='ltr'><strong>Africa:</strong></span> <span class='ocrx_word' id='word_1_853' title='bbox 1104 5260 1426 5328; x_wconf 87' lang='lat' dir='ltr'><strong>primatem,</strong></span> <span class='ocrx_word' id='word_1_854' title='bbox 1456 5271 1570 5314; x_wconf 91' lang='lat' dir='ltr'><strong>una</strong></span> <span class='ocrx_word' id='word_1_855' title='bbox 1600 5272 1668 5315; x_wconf 89' lang='lat' dir='ltr'><strong>ac</strong></span> <span class='ocrx_word' id='word_1_856' title='bbox 1685 5273 1783 5315; x_wconf 83' lang='lat' dir='ltr'><strong>sex</strong></span> <span class='ocrx_word' id='word_1_857' title='bbox 1810 5261 1879 5317; x_wconf 90' lang='lat' dir='ltr'><strong>ad</strong></span> 
     </span>
    </p>
   </div>
   <div class='ocr_carea' id='block_1_129' title="bbox 312 5365 1075 5437">
    <p class='ocr_par' dir='ltr' id='par_1_129' title="bbox 312 5365 1075 5437">
     <span class='ocr_line' id='line_1_130' title="bbox 312 5365 1075 5437; baseline -0.001 -15"><span class='ocrx_word' id='word_1_858' title='bbox 312 5366 367 5437; x_wconf 81' lang='grc' dir='ltr'><strong>α)</strong></span> <span class='ocrx_word' id='word_1_859' title='bbox 392 5367 656 5423; x_wconf 90' lang='lat' dir='ltr'><strong>Theodor</strong></span> <span class='ocrx_word' id='word_1_860' title='bbox 686 5367 723 5423; x_wconf 92' lang='lat' dir='ltr'><strong>l.</strong></span> <span class='ocrx_word' id='word_1_861' title='bbox 756 5365 811 5435; x_wconf 81' lang='lat'><strong>5,</strong></span> <span class='ocrx_word' id='word_1_862' title='bbox 834 5381 958 5437; x_wconf 90' lang='lat' dir='ltr'><strong>cap.</strong></span> <span class='ocrx_word' id='word_1_863' title='bbox 986 5365 1075 5424; x_wconf 81' lang='lat'><strong>35.</strong></span> 
     </span>
    </p>
   </div>
   <div class='ocr_carea' id='block_1_130' title="bbox 314 5438 1344 5510">
    <p class='ocr_par' dir='ltr' id='par_1_130' title="bbox 314 5438 1344 5510">
     <span class='ocr_line' id='line_1_131' title="bbox 314 5438 1344 5510; baseline -0.002 -17"><span class='ocrx_word' id='word_1_864' title='bbox 314 5438 368 5507; x_wconf 72' lang='grc' dir='ltr'><strong>ιι)</strong></span> <span class='ocrx_word' id='word_1_865' title='bbox 396 5441 577 5507; x_wconf 86' lang='lat' dir='ltr'><strong>Epist.</strong></span> <span class='ocrx_word' id='word_1_866' title='bbox 608 5439 743 5510; x_wconf 91' lang='lat' dir='ltr'><strong>Syn,</strong></span> <span class='ocrx_word' id='word_1_867' title='bbox 766 5439 959 5495; x_wconf 88' lang='lat' dir='ltr'><strong>Carth.</strong></span> <span class='ocrx_word' id='word_1_868' title='bbox 986 5438 1055 5495; x_wconf 91' lang='lat' dir='ltr'><strong>ad</strong></span> <span class='ocrx_word' id='word_1_869' title='bbox 1083 5441 1209 5494; x_wconf 90' lang='lat' dir='ltr'><strong>Inn.</strong></span> <span class='ocrx_word' id='word_1_870' title='bbox 1241 5439 1344 5492; x_wconf 90' lang='lat' dir='ltr'><strong>PP.</strong></span> 
     </span>
    </p>
   </div>
   <div class='ocr_carea' id='block_1_131' title="bbox 313 5512 1381 5566">
    <p class='ocr_par' dir='ltr' id='par_1_131' title="bbox 313 5512 1381 5566">
     <span class='ocr_line' id='line_1_132' title="bbox 313 5512 1381 5566; baseline -0.003 -1"><span class='ocrx_word' id='word_1_871' title='bbox 313 5512 360 5566; x_wconf 80' lang='lat' dir='ltr'><strong>cl</strong></span> <span class='ocrx_word' id='word_1_872' title='bbox 392 5513 531 5565; x_wconf 84' lang='lat' dir='ltr'><strong>Item</strong></span> <span class='ocrx_word' id='word_1_873' title='bbox 566 5512 785 5565; x_wconf 87' lang='lat' dir='ltr'><strong>Marius</strong></span> <span class='ocrx_word' id='word_1_874' title='bbox 808 5513 975 5566; x_wconf 83' lang='lat' dir='ltr'><strong>Merc.</strong></span> <span class='ocrx_word' id='word_1_875' title='bbox 1009 5512 1066 5566; x_wconf 90' lang='lat' dir='ltr'><strong>in</strong></span> <span class='ocrx_word' id='word_1_876' title='bbox 1089 5512 1381 5565; x_wconf 90' lang='lat' dir='ltr'><strong>Common.</strong></span> 
     </span>
    </p>
   </div>
   <div class='ocr_carea' id='block_1_132' title="bbox 355 5579 1395 5652">
    <p class='ocr_par' dir='ltr' id='par_1_132' title="bbox 355 5579 1395 5652">
     <span class='ocr_line' id='line_1_133' title="bbox 355 5579 1395 5652; baseline -0.004 -15"><span class='ocrx_word' id='word_1_877' title='bbox 355 5586 370 5652; x_wconf 74' lang='lat' dir='ltr'><strong>j</strong></span> <span class='ocrx_word' id='word_1_878' title='bbox 403 5585 504 5651; x_wconf 81' lang='lat' dir='ltr'><strong>Ep.</strong></span> <span class='ocrx_word' id='word_1_879' title='bbox 530 5579 600 5637; x_wconf 89' lang='lat'><strong>90</strong></span> <span class='ocrx_word' id='word_1_880' title='bbox 633 5588 689 5635; x_wconf 91' lang='lat' dir='ltr'><strong>et</strong></span> <span class='ocrx_word' id='word_1_881' title='bbox 709 5580 780 5636; x_wconf 78' lang='grc'><strong>92</strong></span> <span class='ocrx_word' id='word_1_882' title='bbox 813 5583 962 5638; x_wconf 90' lang='lat' dir='ltr'><strong>inter</strong></span> <span class='ocrx_word' id='word_1_883' title='bbox 987 5580 1395 5652; x_wconf 86' lang='lat' dir='ltr'><strong>Augustinian.</strong></span> 
     </span>
    </p>
   </div>
   <div class='ocr_carea' id='block_1_133' title="bbox 312 5652 1041 5721">
    <p class='ocr_par' dir='ltr' id='par_1_133' title="bbox 312 5652 1041 5721">
     <span class='ocr_line' id='line_1_134' title="bbox 312 5652 1041 5721; baseline 0 -13"><span class='ocrx_word' id='word_1_884' title='bbox 312 5662 356 5721; x_wconf 71' lang='grc' dir='ltr'><strong>ρ)</strong></span> <span class='ocrx_word' id='word_1_885' title='bbox 390 5653 537 5709; x_wconf 90' lang='lat' dir='ltr'><strong>Ibid.</strong></span> <span class='ocrx_word' id='word_1_886' title='bbox 570 5655 738 5721; x_wconf 88' lang='lat' dir='ltr'><strong>epist.</strong></span> <span class='ocrx_word' id='word_1_887' title='bbox 772 5652 832 5707; x_wconf 88' lang='lat'><strong>9|</strong></span> <span class='ocrx_word' id='word_1_888' title='bbox 870 5659 927 5708; x_wconf 92' lang='lat' dir='ltr'><strong>et</strong></span> <span class='ocrx_word' id='word_1_889' title='bbox 950 5652 1041 5708; x_wconf 86' lang='grc'><strong>93.</strong></span> 
     </span>
    </p>
   </div>
   <div class='ocr_carea' id='block_1_134' title="bbox 309 5670 1492 5797">
    <p class='ocr_par' dir='ltr' id='par_1_134' title="bbox 309 5670 1492 5797">
     <span class='ocr_line' id='line_1_135' title="bbox 312 5670 1041 5721; baseline 0 -13"><span class='ocrx_word' id='word_1_890' title='bbox 312 5673 338 5708; x_wconf 69' lang='grc' dir='ltr'><strong>ζ’</strong></span> <span class='ocrx_word' id='word_1_891' title='bbox 390 5670 537 5709; x_wconf 84' lang='grc' dir='ltr'><strong>ωια.</strong></span> <span class='ocrx_word' id='word_1_892' title='bbox 570 5670 738 5721; x_wconf 69' lang='grc' dir='ltr'><strong>εριεῑ.</strong></span> <span class='ocrx_word' id='word_1_893' title='bbox 772 5670 832 5707; x_wconf 68' lang='lat'><strong>3|</strong></span> <span class='ocrx_word' id='word_1_894' title='bbox 870 5670 927 5708; x_wconf 74' lang='lat' dir='ltr'><strong>BI.</strong></span> <span class='ocrx_word' id='word_1_895' title='bbox 950 5670 1041 5708; x_wconf 59' lang='grc' dir='ltr'><strong>ῦὸ.</strong></span> 
     </span>
     <span class='ocr_line' id='line_1_136' title="bbox 309 5670 1492 5797; baseline -0.003 -17"><span class='ocrx_word' id='word_1_896' title='bbox 309 5670 359 5797; x_wconf 57' lang='grc' dir='ltr'><em>Α</em></span> <span class='ocrx_word' id='word_1_897' title='bbox 388 5726 446 5780; x_wconf 89' lang='lat' dir='ltr'><strong>S.</strong></span> <span class='ocrx_word' id='word_1_898' title='bbox 475 5726 704 5795; x_wconf 85' lang='lat' dir='ltr'><strong>August</strong></span> <span class='ocrx_word' id='word_1_899' title='bbox 726 5725 797 5779; x_wconf 91' lang='lat' dir='ltr'><strong>de</strong></span> <span class='ocrx_word' id='word_1_900' title='bbox 821 5724 975 5797; x_wconf 73' lang='lat' dir='ltr'><strong>verb.</strong></span> <span class='ocrx_word' id='word_1_901' title='bbox 1006 5725 1210 5797; x_wconf 84' lang='lat' dir='ltr'><strong>Apost.</strong></span> <span class='ocrx_word' id='word_1_902' title='bbox 1249 5736 1417 5779; x_wconf 89' lang='lat' dir='ltr'><strong>serm.</strong></span> <span class='ocrx_word' id='word_1_903' title='bbox 1438 5720 1492 5777; x_wconf 76' lang='grc'><strong>2.</strong></span> 
     </span>
    </p>
   </div>
   <div class='ocr_carea' id='block_1_135' title="bbox 309 5794 1123 5869">
    <p class='ocr_par' dir='ltr' id='par_1_135' title="bbox 309 5794 1123 5869">
     <span class='ocr_line' id='line_1_137' title="bbox 309 5794 1123 5869; baseline -0.022 -2"><span class='ocrx_word' id='word_1_904' title='bbox 309 5794 363 5869; x_wconf 76' lang='grc'><strong>9)</strong></span> <span class='ocrx_word' id='word_1_905' title='bbox 392 5794 583 5869; x_wconf 58' lang='grc' dir='ltr'><strong>ΙΠΠΟρ</strong></span> <span class='ocrx_word' id='word_1_906' title='bbox 600 5797 697 5849; x_wconf 80' lang='lat' dir='ltr'><strong>PP.</strong></span> <span class='ocrx_word' id='word_1_907' title='bbox 732 5809 837 5869; x_wconf 74' lang='lat' dir='ltr'><strong>cap</strong></span> <span class='ocrx_word' id='word_1_908' title='bbox 863 5794 935 5851; x_wconf 77' lang='lat'><strong>32</strong></span> <span class='ocrx_word' id='word_1_909' title='bbox 957 5795 1123 5851; x_wconf 89' lang='lat' dir='ltr'><strong>et</strong></span> 
     </span>
    </p>
   </div>
   <div class='ocr_carea' id='block_1_136' title="bbox 310 5864 1339 5940">
    <p class='ocr_par' dir='ltr' id='par_1_136' title="bbox 310 5864 1339 5940">
     <span class='ocr_line' id='line_1_138' title="bbox 310 5864 1339 5940; baseline -0.003 -17"><span class='ocrx_word' id='word_1_910' title='bbox 310 5864 366 5940; x_wconf 71' lang='grc' dir='ltr'><strong>ἦ)</strong></span> <span class='ocrx_word' id='word_1_911' title='bbox 388 5868 506 5938; x_wconf 89' lang='lat' dir='ltr'><strong>Ap.</strong></span> <span class='ocrx_word' id='word_1_912' title='bbox 542 5868 714 5923; x_wconf 85' lang='lat' dir='ltr'><strong>Cone.</strong></span> <span class='ocrx_word' id='word_1_913' title='bbox 746 5864 906 5923; x_wconf 73' lang='lat' dir='ltr'><strong>Rem.</strong></span> <span class='ocrx_word' id='word_1_914' title='bbox 938 5869 1131 5922; x_wconf 86' lang='lat' dir='ltr'><strong>uisub</strong></span> <span class='ocrx_word' id='word_1_915' title='bbox 1154 5864 1339 5922; x_wconf 89' lang='lat' dir='ltr'><strong>Bonif.</strong></span> 
     </span>
    </p>
   </div>
   <div class='ocr_carea' id='block_1_137' title="bbox 1990 4688 3654 4761">
    <p class='ocr_par' dir='ltr' id='par_1_137' title="bbox 1990 4688 3654 4761">
     <span class='ocr_line' id='line_1_139' title="bbox 1990 4688 3654 4761; baseline -0.004 -14"><span class='ocrx_word' id='word_1_916' title='bbox 1990 4688 2213 4761; x_wconf 79' lang='lat' dir='ltr'><strong>judicia</strong></span> <span class='ocrx_word' id='word_1_917' title='bbox 2246 4693 2373 4761; x_wconf 90' lang='lat' dir='ltr'><strong>ejus</strong></span> <span class='ocrx_word' id='word_1_918' title='bbox 2401 4705 2525 4747; x_wconf 86' lang='lat' dir='ltr'><strong>esse</strong></span> <span class='ocrx_word' id='word_1_919' title='bbox 2550 4688 2888 4747; x_wconf 86' lang='lat' dir='ltr'><strong>deﬁnitiva:</strong></span> <span class='ocrx_word' id='word_1_920' title='bbox 2923 4694 3218 4761; x_wconf 90' lang='lat' dir='ltr'><strong>totiusque</strong></span> <span class='ocrx_word' id='word_1_921' title='bbox 3248 4688 3409 4744; x_wconf 89' lang='lat' dir='ltr'><strong>orbis</strong></span> <span class='ocrx_word' id='word_1_922' title='bbox 3436 4689 3654 4756; x_wconf 52' lang='lat' dir='ltr'><strong>episco.</strong></span> 
     </span>
    </p>
   </div>
   <div class='ocr_carea' id='block_1_138' title="bbox 1997 4760 3654 4833">
    <p class='ocr_par' dir='ltr' id='par_1_138' title="bbox 1997 4760 3654 4833">
     <span class='ocr_line' id='line_1_140' title="bbox 1997 4760 3654 4833; baseline -0.003 -17"><span class='ocrx_word' id='word_1_923' title='bbox 1997 4760 2099 4833; x_wconf 83' lang='lat' dir='ltr'><strong>pos</strong></span> <span class='ocrx_word' id='word_1_924' title='bbox 2128 4763 2338 4817; x_wconf 86' lang='lat' dir='ltr'><strong>Zosimi</strong></span> <span class='ocrx_word' id='word_1_925' title='bbox 2381 4764 2683 4818; x_wconf 69' lang='lat' dir='ltr'><strong>sententia:</strong></span> <span class='ocrx_word' id='word_1_926' title='bbox 2721 4760 3143 4830; x_wconf 87' lang='lat' dir='ltr'><strong>subscripsisse</strong></span> <span class='ocrx_word' id='word_1_927' title='bbox 3181 4760 3357 4833; x_wconf 77' lang='lat' dir='ltr'><strong>quod</strong></span> <span class='ocrx_word' id='word_1_928' title='bbox 3387 4763 3454 4813; x_wconf 89' lang='lat' dir='ltr'><strong>ut</strong></span> <span class='ocrx_word' id='word_1_929' title='bbox 3498 4772 3654 4833; x_wconf 63' lang='lat' dir='ltr'><strong>prte-</strong></span> 
     </span>
    </p>
   </div>
   <div class='ocr_carea' id='block_1_139' title="bbox 1994 4828 3652 4901">
    <p class='ocr_par' dir='ltr' id='par_1_139' title="bbox 1994 4828 3652 4901">
     <span class='ocr_line' id='line_1_141' title="bbox 1994 4828 3652 4901; baseline -0.003 -13"><span class='ocrx_word' id='word_1_930' title='bbox 1994 4828 2216 4888; x_wconf 80' lang='lat' dir='ltr'><strong>starent</strong></span> <span class='ocrx_word' id='word_1_931' title='bbox 2249 4834 2451 4888; x_wconf 89' lang='lat' dir='ltr'><strong>iisdem</strong></span> <span class='ocrx_word' id='word_1_932' title='bbox 2486 4835 2873 4892; x_wconf 88' lang='lat' dir='ltr'><strong>mandaverat.</strong></span> <span class='ocrx_word' id='word_1_933' title='bbox 2935 4828 3275 4901; x_wconf 66' lang='lat' dir='ltr'><strong>pinnamq&#39;ue</strong></span> <span class='ocrx_word' id='word_1_934' title='bbox 3325 4828 3652 4901; x_wconf 86' lang='lat' dir='ltr'><strong>depositio-</strong></span> 
     </span>
    </p>
   </div>
   <div class='ocr_carea' id='block_1_140' title="bbox 1997 4900 3653 4972">
    <p class='ocr_par' dir='ltr' id='par_1_140' title="bbox 1997 4900 3653 4972">
     <span class='ocr_line' id='line_1_142' title="bbox 1997 4900 3653 4972; baseline -0.003 -13"><span class='ocrx_word' id='word_1_935' title='bbox 1997 4905 2089 4959; x_wconf 91' lang='lat' dir='ltr'><strong>nis</strong></span> <span class='ocrx_word' id='word_1_936' title='bbox 2121 4903 2576 4959; x_wconf 86' lang='lat' dir='ltr'><strong>detrectantibus</strong></span> <span class='ocrx_word' id='word_1_937' title='bbox 2621 4903 2810 4959; x_wconf 90' lang='lat' dir='ltr'><strong>fuerat</strong></span> <span class='ocrx_word' id='word_1_938' title='bbox 2860 4900 3304 4972; x_wconf 54' lang='lat' dir='ltr'><strong>minitatuslp).</strong></span> <span class='ocrx_word' id='word_1_939' title='bbox 3364 4900 3653 4955; x_wconf 87' lang='lat' dir='ltr'><strong>Honorius</strong></span> 
     </span>
    </p>
   </div>
   <div class='ocr_carea' id='block_1_141' title="bbox 1997 4972 3649 5044">
    <p class='ocr_par' dir='ltr' id='par_1_141' title="bbox 1997 4972 3649 5044">
     <span class='ocr_line' id='line_1_143' title="bbox 1997 4972 3649 5044; baseline -0.004 -13"><span class='ocrx_word' id='word_1_940' title='bbox 1997 4977 2307 5044; x_wconf 87' lang='lat' dir='ltr'><strong>imperator</strong></span> <span class='ocrx_word' id='word_1_941' title='bbox 2337 4976 2629 5043; x_wconf 88' lang='lat' dir='ltr'><strong>pontiﬁcis</strong></span> <span class='ocrx_word' id='word_1_942' title='bbox 2665 4975 2957 5030; x_wconf 86' lang='lat' dir='ltr'><strong>decretum</strong></span> <span class='ocrx_word' id='word_1_943' title='bbox 3005 4974 3120 5028; x_wconf 88' lang='lat' dir='ltr'><strong>lata</strong></span> <span class='ocrx_word' id='word_1_944' title='bbox 3167 4972 3288 5043; x_wconf 88' lang='lat' dir='ltr'><strong>lege</strong></span> <span class='ocrx_word' id='word_1_945' title='bbox 3337 4972 3649 5037; x_wconf 90' lang='lat' dir='ltr'><strong>roboravit,</strong></span> 
     </span>
    </p>
   </div>
   <div class='ocr_carea' id='block_1_142' title="bbox 1994 5045 3653 5115">
    <p class='ocr_par' dir='ltr' id='par_1_142' title="bbox 1994 5045 3653 5115">
     <span class='ocr_line' id='line_1_144' title="bbox 1994 5045 3653 5115; baseline -0.004 -13"><span class='ocrx_word' id='word_1_946' title='bbox 1994 5046 2348 5115; x_wconf 88' lang='lat' dir='ltr'><strong>depositioni</strong></span> <span class='ocrx_word' id='word_1_947' title='bbox 2394 5045 2564 5099; x_wconf 86' lang='lat' dir='ltr'><strong>exsili</strong></span> <span class='ocrx_word' id='word_1_948' title='bbox 2610 5058 2827 5111; x_wconf 71' lang='lat' dir='ltr'><strong>poenam</strong></span> <span class='ocrx_word' id='word_1_949' title='bbox 2868 5045 3207 5114; x_wconf 88' lang='lat' dir='ltr'><strong>adjungens,</strong></span> <span class='ocrx_word' id='word_1_950' title='bbox 3257 5056 3405 5115; x_wconf 91' lang='lat' dir='ltr'><strong>quas</strong></span> <span class='ocrx_word' id='word_1_951' title='bbox 3458 5054 3653 5112; x_wconf 69' lang='lat' dir='ltr'><strong>pinnas</strong></span> 
     </span>
    </p>
   </div>
   <div class='ocr_carea' id='block_1_143' title="bbox 1992 5115 3252 5187">
    <p class='ocr_par' dir='ltr' id='par_1_143' title="bbox 1992 5115 3252 5187">
     <span class='ocr_line' id='line_1_145' title="bbox 1992 5115 3252 5187; baseline -0.005 -14"><span class='ocrx_word' id='word_1_952' title='bbox 1992 5115 2395 5187; x_wconf 84' lang='lat' dir='ltr'><strong>duodeviginti</strong></span> <span class='ocrx_word' id='word_1_953' title='bbox 2414 5128 2485 5170; x_wconf 88' lang='lat' dir='ltr'><strong>ex</strong></span> <span class='ocrx_word' id='word_1_954' title='bbox 2513 5115 2976 5187; x_wconf 71' lang='lat' dir='ltr'><strong>Italiapraasules</strong></span> <span class='ocrx_word' id='word_1_955' title='bbox 3001 5115 3252 5187; x_wconf 90' lang='lat' dir='ltr'><strong>subiere.</strong></span> 
     </span>
    </p>
   </div>
   <div class='ocr_carea' id='block_1_144' title="bbox 2062 5185 3652 5243">
    <p class='ocr_par' dir='ltr' id='par_1_144' title="bbox 2062 5185 3652 5243">
     <span class='ocr_line' id='line_1_146' title="bbox 2062 5185 3652 5243; baseline -0.004 0"><span class='ocrx_word' id='word_1_956' title='bbox 2062 5185 2352 5243; x_wconf 47' lang='lat' dir='ltr'><strong>Eccles‘ias</strong></span> <span class='ocrx_word' id='word_1_957' title='bbox 2387 5186 2537 5241; x_wconf 91' lang='lat' dir='ltr'><strong>inter</strong></span> <span class='ocrx_word' id='word_1_958' title='bbox 2576 5185 2964 5241; x_wconf 86' lang='lat' dir='ltr'><strong>Arelatensem</strong></span> <span class='ocrx_word' id='word_1_959' title='bbox 2991 5193 3047 5241; x_wconf 90' lang='lat' dir='ltr'><strong>et</strong></span> <span class='ocrx_word' id='word_1_960' title='bbox 3082 5186 3453 5241; x_wconf 81' lang='lat' dir='ltr'><strong>Viennensem</strong></span> <span class='ocrx_word' id='word_1_961' title='bbox 3504 5194 3652 5238; x_wconf 90' lang='lat' dir='ltr'><strong>con—</strong></span> 
     </span>
    </p>
   </div>
   <div class='ocr_carea' id='block_1_145' title="bbox 1994 5254 3649 5327">
    <p class='ocr_par' dir='ltr' id='par_1_145' title="bbox 1994 5254 3649 5327">
     <span class='ocr_line' id='line_1_147' title="bbox 1994 5254 3649 5327; baseline -0.004 -12"><span class='ocrx_word' id='word_1_962' title='bbox 1994 5260 2250 5315; x_wconf 91' lang='lat' dir='ltr'><strong>tentione</strong></span> <span class='ocrx_word' id='word_1_963' title='bbox 2287 5257 2533 5313; x_wconf 84' lang='lat' dir='ltr'><strong>excitata</strong></span> <span class='ocrx_word' id='word_1_964' title='bbox 2566 5258 2638 5313; x_wconf 91' lang='lat' dir='ltr'><strong>de</strong></span> <span class='ocrx_word' id='word_1_965' title='bbox 2667 5258 2921 5327; x_wconf 87' lang='lat' dir='ltr'><strong>primatu</strong></span> <span class='ocrx_word' id='word_1_966' title='bbox 2948 5256 3009 5311; x_wconf 90' lang='lat' dir='ltr'><strong>in</strong></span> <span class='ocrx_word' id='word_1_967' title='bbox 3047 5256 3277 5326; x_wconf 90' lang='lat' dir='ltr'><strong>aliquot</strong></span> <span class='ocrx_word' id='word_1_968' title='bbox 3328 5254 3649 5311; x_wconf 90' lang='lat' dir='ltr'><strong>Galliarum</strong></span> 
     </span>
    </p>
   </div>
   <div class='ocr_carea' id='block_1_146' title="bbox 2064 5360 3046 5435">
    <p class='ocr_par' dir='ltr' id='par_1_146' title="bbox 2064 5360 3046 5435">
     <span class='ocr_line' id='line_1_148' title="bbox 2064 5360 3046 5435; baseline -0.002 -16"><span class='ocrx_word' id='word_1_969' title='bbox 2064 5364 2194 5435; x_wconf 79' lang='lat' dir='ltr'><strong>(i)S.</strong></span> <span class='ocrx_word' id='word_1_970' title='bbox 2225 5365 2451 5435; x_wconf 88' lang='lat' dir='ltr'><strong>August</strong></span> <span class='ocrx_word' id='word_1_971' title='bbox 2477 5363 2549 5419; x_wconf 89' lang='lat' dir='ltr'><strong>de</strong></span> <span class='ocrx_word' id='word_1_972' title='bbox 2579 5377 2700 5434; x_wconf 87' lang='lat' dir='ltr'><strong>pec.</strong></span> <span class='ocrx_word' id='word_1_973' title='bbox 2732 5362 2879 5434; x_wconf 86' lang='lat' dir='ltr'><strong>orig.</strong></span> <span class='ocrx_word' id='word_1_974' title='bbox 2907 5376 2957 5418; x_wconf 92' lang='lat' dir='ltr'><strong>c.</strong></span> <span class='ocrx_word' id='word_1_975' title='bbox 2991 5360 3046 5418; x_wconf 88' lang='lat'><strong>6.</strong></span> 
     </span>
    </p>
   </div>
   <div class='ocr_carea' id='block_1_147' title="bbox 2064 5434 2461 5505">
    <p class='ocr_par' dir='ltr' id='par_1_147' title="bbox 2064 5434 2461 5505">
     <span class='ocr_line' id='line_1_149' title="bbox 2064 5434 2461 5505; baseline -0.008 -15"><span class='ocrx_word' id='word_1_976' title='bbox 2064 5438 2129 5505; x_wconf 85' lang='lat' dir='ltr'><strong>(j)</strong></span> <span class='ocrx_word' id='word_1_977' title='bbox 2156 5435 2295 5491; x_wconf 91' lang='lat' dir='ltr'><strong>Ibid.</strong></span> <span class='ocrx_word' id='word_1_978' title='bbox 2326 5434 2376 5489; x_wconf 69' lang='grc' dir='ltr'><strong>ἰ).</strong></span> <span class='ocrx_word' id='word_1_979' title='bbox 2405 5434 2461 5489; x_wconf 85' lang='grc'><strong>8.</strong></span> 
     </span>
    </p>
   </div>
   <div class='ocr_carea' id='block_1_148' title="bbox 2087 5506 2749 5561">
    <p class='ocr_par' dir='ltr' id='par_1_148' title="bbox 2087 5506 2749 5561">
     <span class='ocr_line' id='line_1_150' title="bbox 2087 5506 2749 5561; baseline 0 0"><span class='ocrx_word' id='word_1_980' title='bbox 2087 5511 2137 5561; x_wconf 85' lang='lat' dir='ltr'><strong>kl</strong></span> <span class='ocrx_word' id='word_1_981' title='bbox 2170 5509 2247 5561; x_wconf 80' lang='lat' dir='ltr'><strong>Ex</strong></span> <span class='ocrx_word' id='word_1_982' title='bbox 2279 5513 2387 5560; x_wconf 90' lang='lat' dir='ltr'><strong>vet.</strong></span> <span class='ocrx_word' id='word_1_983' title='bbox 2417 5506 2542 5561; x_wconf 92' lang='lat' dir='ltr'><strong>cod.</strong></span> <span class='ocrx_word' id='word_1_984' title='bbox 2567 5506 2749 5561; x_wconf 87' lang='lat' dir='ltr'><strong>Vatic.</strong></span> 
     </span>
    </p>
   </div>
   <div class='ocr_carea' id='block_1_149' title="bbox 2088 5576 2608 5646">
    <p class='ocr_par' dir='ltr' id='par_1_149' title="bbox 2088 5576 2608 5646">
     <span class='ocr_line' id='line_1_151' title="bbox 2088 5576 2608 5646; baseline -0.002 -14"><span class='ocrx_word' id='word_1_985' title='bbox 2088 5581 2123 5645; x_wconf 82' lang='grc' dir='ltr'><strong>Ι)</strong></span> <span class='ocrx_word' id='word_1_986' title='bbox 2152 5581 2274 5633; x_wconf 88' lang='lat' dir='ltr'><strong>Zos.</strong></span> <span class='ocrx_word' id='word_1_987' title='bbox 2310 5579 2409 5631; x_wconf 87' lang='lat' dir='ltr'><strong>PP.</strong></span> <span class='ocrx_word' id='word_1_988' title='bbox 2439 5591 2526 5646; x_wconf 90' lang='lat' dir='ltr'><strong>ep.</strong></span> <span class='ocrx_word' id='word_1_989' title='bbox 2558 5576 2608 5632; x_wconf 87' lang='grc'>4.</span> 
     </span>
    </p>
   </div>
   <div class='ocr_carea' id='block_1_150' title="bbox 2058 5644 2969 5721">
    <p class='ocr_par' dir='ltr' id='par_1_150' title="bbox 2058 5644 2969 5721">
     <span class='ocr_line' id='line_1_152' title="bbox 2058 5644 2969 5721; baseline -0.001 -17"><span class='ocrx_word' id='word_1_990' title='bbox 2058 5644 2146 5721; x_wconf 65' lang='grc' dir='ltr'><strong>(ιη)</strong></span> <span class='ocrx_word' id='word_1_991' title='bbox 2175 5652 2235 5703; x_wconf 72' lang='grc'><strong>5.</strong></span> <span class='ocrx_word' id='word_1_992' title='bbox 2274 5644 2517 5719; x_wconf 81' lang='lat' dir='ltr'><strong>August.</strong></span> <span class='ocrx_word' id='word_1_993' title='bbox 2551 5664 2640 5719; x_wconf 86' lang='lat' dir='ltr'><strong>ep.</strong></span> <span class='ocrx_word' id='word_1_994' title='bbox 2666 5645 2733 5703; x_wconf 87' lang='grc'>47</span> <span class='ocrx_word' id='word_1_995' title='bbox 2761 5652 2820 5705; x_wconf 89' lang='lat' dir='ltr'><strong>et</strong></span> <span class='ocrx_word' id='word_1_996' title='bbox 2847 5644 2969 5705; x_wconf 73' lang='grc'><strong>457.</strong></span> 
     </span>
    </p>
   </div>
   <div class='ocr_carea' id='block_1_151' title="bbox 2057 5721 2848 5791">
    <p class='ocr_par' dir='ltr' id='par_1_151' title="bbox 2057 5721 2848 5791">
     <span class='ocr_line' id='line_1_153' title="bbox 2057 5721 2848 5791; baseline -0.003 -16"><span class='ocrx_word' id='word_1_997' title='bbox 2057 5726 2134 5791; x_wconf 85' lang='lat' dir='ltr'><strong>(n)</strong></span> <span class='ocrx_word' id='word_1_998' title='bbox 2158 5723 2213 5775; x_wconf 82' lang='lat' dir='ltr'><strong>S.</strong></span> <span class='ocrx_word' id='word_1_999' title='bbox 2244 5722 2420 5788; x_wconf 90' lang='lat' dir='ltr'><strong>Prosp</strong></span> <span class='ocrx_word' id='word_1_1000' title='bbox 2447 5726 2606 5775; x_wconf 91' lang='lat' dir='ltr'><strong>cont.</strong></span> <span class='ocrx_word' id='word_1_1001' title='bbox 2647 5721 2848 5776; x_wconf 88' lang='lat' dir='ltr'><strong>Collat.</strong></span> 
     </span>
    </p>
   </div>
   <div class='ocr_carea' id='block_1_152' title="bbox 2056 5792 3637 5865">
    <p class='ocr_par' dir='ltr' id='par_1_152' title="bbox 2056 5792 3637 5865">
     <span class='ocr_line' id='line_1_154' title="bbox 2056 5792 3637 5865; baseline 0.002 -20"><span class='ocrx_word' id='word_1_1002' title='bbox 2056 5794 2123 5863; x_wconf 86' lang='lat'><strong>(0)</strong></span> <span class='ocrx_word' id='word_1_1003' title='bbox 2141 5792 2355 5847; x_wconf 85' lang='lat' dir='ltr'><strong>Marius</strong></span> <span class='ocrx_word' id='word_1_1004' title='bbox 2373 5794 2541 5865; x_wconf 60' lang='lat' dir='ltr'><strong>illecm</strong></span> <span class='ocrx_word' id='word_1_1005' title='bbox 2565 5792 2623 5847; x_wconf 88' lang='lat' dir='ltr'><strong>in</strong></span> <span class='ocrx_word' id='word_1_1006' title='bbox 2637 5793 2929 5865; x_wconf 64' lang='lat' dir='ltr'><strong>Common.</strong></span> <span class='ocrx_word' id='word_1_1007' title='bbox 2950 5792 3173 5851; x_wconf 91' lang='lat' dir='ltr'><strong>Paulin.</strong></span> <span class='ocrx_word' id='word_1_1008' title='bbox 3194 5794 3359 5850; x_wconf 86' lang='lat' dir='ltr'><strong>Diac.</strong></span> <span class='ocrx_word' id='word_1_1009' title='bbox 3391 5795 3455 5852; x_wconf 90' lang='lat' dir='ltr'><strong>in</strong></span> <span class='ocrx_word' id='word_1_1010' title='bbox 3476 5794 3637 5851; x_wconf 82' lang='lat' dir='ltr'><strong>libet.</strong></span> 
     </span>
    </p>
   </div>
   <div class='ocr_carea' id='block_1_153' title="bbox 2056 5861 2567 5933">
    <p class='ocr_par' dir='ltr' id='par_1_153' title="bbox 2056 5861 2567 5933">
     <span class='ocr_line' id='line_1_155' title="bbox 2056 5861 2567 5933; baseline -0.008 -13"><span class='ocrx_word' id='word_1_1011' title='bbox 2056 5866 2116 5933; x_wconf 79' lang='grc' dir='ltr'><strong>(ρ</strong></span> <span class='ocrx_word' id='word_1_1012' title='bbox 2159 5865 2387 5919; x_wconf 87' lang='lat' dir='ltr'><strong>Mercat.</strong></span> <span class='ocrx_word' id='word_1_1013' title='bbox 2422 5861 2567 5918; x_wconf 85' lang='lat' dir='ltr'><strong>ibid.</strong></span> 
     </span>
    </p>
   </div>
  </div>
