3912 6398
170 325 278 386 957

1059 335 1152 393 DE
1188 337 1729 395 ΡΒιΕΕΜΙΝΕΝΤῘΑ
1763 337 1851 393 ΕΤ
1885 335 2368 397 AUCTORITATE
2404 339 2458 396 S.
2502 341 2713 398 SEDIS.

3496 335 3604 395 958

173 457 351 536 citate
378 458 438 513 in
474 457 827 536 pmnitentiaa
859 468 1214 536 sacramento
1246 465 1731 536 administrando,
1768 477 1833 518 ac
1864 465 1924 525 A
1945 477 2069 536 esse
2096 465 2463 536 videbantur,
2506 482 2634 522 cum
2669 480 2792 522 sese
2831 471 3118 521 armarent
3145 465 3340 520 Patres
3374 478 3602 520 necesse

175 529 531 606 negligentia
556 529 612 584 in
646 543 1041 606 ep_:scoporum
1076 534 1404 606 gradusque
1435 529 1730 590 inferioris
1749 547 1834 589 ec-

177 599 641 675 clesiasticorum
673 599 949 659 electione
972 624 986 674 ;
1011 599 1232 660 eosdem
1267 599 1568 675 episcopos
1583 605 1836 661 Caelesti-

177 684 290 726 nus
312 672 608 746 renuntiat
631 675 957 746 cognitores
977 672 1042 730 in
1069 690 1238 732 causa
1263 672 1510 733 duorum
1527 677 1833 746 episcopo-

177 757 328 797 rum.
373 745 434 797 In
473 743 748 825 decretali
782 746 849 800 ad
880 747 1180 825 episcopos
1222 748 1498 804 Calabriae
1530 743 1585 804 et
1608 743 1835 825 Apuliae

176 826 474 888 sacrorum
501 819 577 868 iis
595 827 877 888 canonum
899 819 1223 886 scientiam,
1254 826 1447 888 utpote
1468 821 1702 875 omnino
1730 832 1837 873 ne—

175 886 488 940 cessariam
521 886 828 955 episcopis,
849 890 1240 944 commendat:
1271 886 1333 944 se
1367 890 1703 960 signiﬁcans
1734 903 1836 959 pro

176 970 402 1012 summa
424 969 537 1082 qua
567 963 654 1011 est
681 962 957 1026 potestate
989 961 1358 1030 praecipiendi
1387 963 1714 1017 eorumdem
1735 974 1831 1016 ca-

176 1041 392 1082 nonum
412 1041 445 1082 0
489 1029 852 1082 servantiam.
894 1030 953 1082 in
983 1045 1080 1082 eos
1102 1032 1561 1082 animadversum
1593 1033 1779 1082 nmnis
1803 1045 1831 1082 a

174 1041 392 1102 nonum
412 1029 852 1102 observantiam,
876 1030 953 1102 in
983 1029 1080 1086 eos
1102 1029 1562 1088 animadversum
1593 1033 1779 1102 poenis
1803 1045 1837 1087 a

169 1100 304 1168 jure
320 1098 653 1172 praeﬁnitis,
672 1114 817 1172 quos
836 1101 1177 1172 obsequium
1197 1117 1316 1160 sua:
1331 1098 1669 1159 auctoritati
1688 1104 1837 1158 suis-

175 1184 289 1240 que
318 1170 885 1242 mandatisdebitum
910 1173 978 1228 ad
993 1170 1296 1242 proprium
1322 1176 1561 1230 minime
1582 1173 1833 1230 oﬁicium

177 1242 531 1315 perduxerit.
551 1240 688 1315 Alia
714 1243 941 1315 demum
967 1240 1025 1298 in
1043 1240 1317 1300 decretali
1337 1246 1579 1315 epistola
1599 1247 1668 1301 ad
1694 1245 1837 1315 llly—

176 1313 332 1368 ricos
357 1311 630 1386 prtesules
645 1313 899 1386 declarat
929 1329 1160 1370 munera
1185 1317 1278 1371 sui
1298 1311 1602 1386 apostolici
1628 1311 1833 1371 vicarii

173 1397 302 1439 esse
329 1401 342 1437 :
371 1383 725 1438 deﬁnitivam
756 1385 814 1438 in
856 1398 921 1440 ea
949 1387 1246 1454 provincia
1275 1383 1618 1443 sententiam
1665 1387 1833 1452 ferre,

173 1468 514 1510 consecrare
543 1456 862 1528 episcopos,
896 1471 1208 1514 convocare
1237 1460 1504 1528 synodos,
1539 1465 1593 1513 et
1631 1473 1836 1514 causas

173 1540 307 1652 (qua:
359 1528 428 1581 ad
478 1526 850 1596 apostolicam
901 1530 1088 1584 sedem
1142 1526 1452 1585 referendae
1500 1529 1686 1586 forent
1724 1543 1837 1585 au—

218 1613 274 1652 ir
316 1638 326 1650 .

218 1611 326 1653 "'8.

245 1669 562 1754 Pelagiani,
597 1669 1115 1754 sollicitationibus
1132 1686 1198 1754 ac
1212 1673 1498 1754 “precibus
1531 1673 1839 1754 undequa—

171 1755 210 1813 q
257 1740 609 1809 eadhibitis,
647 1742 839 1813 conati
871 1750 1009 1798 sunt
1042 1740 1367 1813 pontiﬁcem
1394 1745 1462 1798 ad
1497 1758 1556 1798 se
1585 1740 1840 1798 audien—

1946 535 2062 591 fuit
2087 537 2361 608 adversus
2387 535 2864 594 contumeliosam
2896 538 3103 608 agendi
3129 538 3409 592 rationem
3441 537 3603 591 Joan-

1947 609 2041 679 nis
2066 607 2430 679 Antiocheni,
2468 610 2591 678 qui,
2625 610 2873 664 Nestorii
2908 607 3172 664 dOctrina
3202 608 3440 662 minime
3462 621 3602 677 pro—

1947 677 2099 750 bata,
2125 684 2310 734 tamen
2342 677 2642 736 curaverat
2663 687 2728 736 ut
2754 682 2818 734 D.
2846 679 3050 750 Cyrilli
3077 680 3344 734 doctrina
3375 682 3432 733 in
3455 692 3601 734 con—

1947 749 2228 820 ciliabulo
2281 751 2474 805 eadem
2524 751 2581 806 in
2635 751 2774 806 urbe
2818 749 3038 820 Epheso
3069 757 3265 806 coacto
3291 751 3602 805 damnare—

1948 826 2045 874 tur
2067 819 2148 890 (j).
2194 823 2391 877 Patres
2423 823 2607 890 igitur
2653 827 2782 890 post
2807 819 3130 877 necessaria
3164 821 3379 876 monita
3407 821 3603 876 schis-

1949 892 2188 946 maticos
2203 892 2337 948 illos
2358 895 2716 961 optimojure
2731 907 2761 947 a
2776 894 3181 948 communione
3197 893 3600 962 sejunxerunt,

1948 975 2131 1030 neque
2152 969 2338 1018 tamen
2361 964 2778 1032 doposuerunt,
2798 974 3009 1020 sanctae
3026 963 3418 1032 sedisjudicio
3441 965 3606 1031 ejus-

1948 1034 2099 1106 modi
2119 1048 2338 1102 poenam
2356 1035 2756 1104 imponendam
2778 1037 3193 1106 relinquentes,
3218 1035 3300 1089 uti
3319 1040 3605 1090 testantur

1946 1103 2006 1177 in
2041 1106 2317 1174 synodica
2356 1107 2426 1161 ad
2457 1106 2870 1175 Caelestinum;
2918 1103 3081 1177 quem
3130 1107 3265 1160 item
3299 1107 3602 1162 certiorem

1947 1174 2205 1248 fecerunt
2221 1177 2606 1244 depositionis
2623 1183 2796 1248 atque
2817 1174 3012 1233 exsilii
3035 1191 3233 1247 poenae,
3259 1192 3372 1246 qua
3394 1179 3599 1232 Nesto-

1947 1247 2101 1318 rium
2132 1246 2539 1318 damnaverant
2571 1246 2789 1302 necnon
2839 1246 3083 1304 alterius
3126 1250 3382 1318 episc0pi
3414 1249 3600 1303 eidem

1947 1316 2194 1372 suffecti.
2216 1317 2575 1389 Theodosius
2598 1319 2910 1387 imperator
2929 1320 3078 1374 duos
3101 1316 3362 1388 pontiﬁci
3388 1319 3604 1389 legatos

1949 1389 2112 1442 misit
2157 1388 2509 1459 gratulatum
2555 1390 2626 1444 ob
2679 1390 2980 1445 victoriam
3017 1389 3106 1460 (k),
3139 1405 3307 1460 quam
3351 1388 3604 1445 EcClesia

1949 1460 2225 1514 retulerat
2251 1460 2320 1514 de
2348 1460 2682 1529 haresibus,
2710 1461 3236 1530 praeclarissimam,
3265 1460 3605 1530 apostolicis

1949 1537 2117 1586 utens
2149 1531 2382 1597 gladiis,
2415 1531 2632 1600 quibus
2662 1535 2841 1600 ipsam
2875 1538 3210 1587 armaverat.
3248 1531 3510 1586 Pontifex
3543 1533 3602 1586 in

1949 1602 2238 1671 encyclica
2265 1603 2332 1657 ad
2381 1603 2683 1671 episcopos
2709 1604 2810 1672 qui
2843 1605 3124 1673 synodum
3167 1602 3522 1658 celebrarant
3549 1601 3606 1673 (l)

1951 1674 2294 1728 sententiam
2308 1674 2697 1743 depositionis
2709 1674 3034 1737 confirmat,
3057 1681 3174 1729 tum
3200 1675 3384 1743 princi
3398 1673 3484 1742 pis
3501 1673 3606 1728 haz-

1951 1745 2144 1799 reticaz
2196 1744 2361 1799 illius
2393 1750 2577 1813 sectae,
2608 1752 2729 1800 tum
2765 1753 3135 1809 sectatorum,
3171 1759 3317 1815 quos
3364 1744 3603 1800 concilii

177 1811 299 1886 dos
323 1813 636 1886 perducere
679 1811 752 1884 (α)
784 1833 793 1864 :
822 1811 1197 1886 contravero
1246 1815 1298 1870 is
1329 1816 1560 1886 negavit
1593 1813 1836 1886 nefariis
1866 1817 1919 1878 Β
1951 1817 2146 1870 Patres
2196 1817 2536 1871 nominatim
2568 1811 3032 1886 appellaverant.
3091 1811 3256 1872 Poena
3305 1817 3500 1871 eadem
3545 1817 3604 1870 in

167 1882 469 1956 capitibus
513 1882 1035 1956 accommodandasr
1079 1900 1270 1956 aures,
1307 1901 1376 1940 ex
1397 1882 1552 1954 juris
1583 1884 1842 1954 praascri-

169 1961 272 2026 pto
294 1953 594 2026 damnatis
627 1973 642 2017 ς
677 1968 968 2026 unamque
1000 1955 1076 2010 iis
1105 1957 1189 2010 ait
1220 1953 1368 2011 viam
1401 1953 1526 2012 esse
1552 1956 1837 2026 reliquam

161 2024 240 2079 ad
292 2024 606 2097 Ecclesiam
640 2025 925 2090 redeunti,
959 2027 1355 2095 paenitentiam
1387 2027 1484 2097 (b).
1551 2029 1612 2080 In
1651 2024 1842 2094 majo-

161 2109 293 2151 rem
337 2096 695 2150 Britanniam
731 2097 912 2163 misit,
943 2099 1044 2166 qui
1090 2099 1444 2166 provinciam
1475 2097 1546 2152 ab
1583 2097 1694 2152 ista
1734 2097 1843 2152 hae-

163 2167 290 2222 resi
337 2173 746 2237 expurgarent.
793 2167 1098 2238 Scotisque
1136 2169 1299 2223 dedit
1349 2167 1651 2237 praesulem
1706 2182 1836 2223 cum

158 2237 494 2308 evangelici
560 2237 839 2306 prazconis
886 2246 1184 2308 potestate,
1237 2253 1352 2308 quo
1403 2239 1464 2293 in
1502 2239 1838 2294 Hiberniam

157 2308 661 2379 proﬁcisceretur,
712 2315 830 2364 tum
863 2316 926 2364 ut
958 2311 1058 2380 qui
1093 2310 1387 2364 Christum
1423 2309 1636 2365 ibidem
1680 2310 1841 2366 cole—

155 2385 632 2452 rent,_servaret,
665 2386 787 2435 tum
821 2386 884 2435 ut
922 2395 1096 2437 novos
1124 2382 1193 2436 ad
1241 2381 1611 2452 Evangelium
1643 2381 1841 2437 culto—

153 2465 262 2506 res
286 2450 356 2504 ad
360 2452 646 2520 jungeret.

239 2521 400 2575 Idem
451 2521 706 2590 pontifex
741 2525 1141 2578 Nestorianam
1184 2523 1448 2579 haeresim
1481 2525 1838 2579 condemna-

158 2595 259 2665 vit
304 2605 373 2647 ex
403 2592 694 2665 delatione
722 2594 790 2647 ad
838 2608 898 2648 se
936 2593 1084 2649 facta
1132 2608 1230 2663 per
1278 2595 1554 2665 Cyrillum
1599 2595 1837 2650 Alexan-

160 2663 411 2720 drinum
467 2662 551 2734 (ο).
600 2665 1006 2720 Ηεενεείθινοὴξε
1054 2662 1270 2734 pariter
1296 2662 1684 2735 depositionis
1713 2680 1840 2734 ρω-

164 2749 307 2790 nam
337 2735 576 2796 indixit,
600 2735 714 2790 nisi
736 2742 948 2792 statum
980 2737 1131 2791 intra
1147 2743 1374 2804 tempus
1396 2751 1534 2792 suos
1554 2751 1622 2792 ex
1644 2739 1838 2792 animo

161 2821 230 2862 se
283 2819 508 2861 errores
555 2806 792 2875 ejecisse
835 2808 1074 2876 scriptis
1121 2808 1508 2863 conﬁrmaret.
1563 2808 1838 2862 Eumdem

160 2880 234 2933 D.
287 2877 568 2946 Cyrillum
616 2878 997 2946 apostolicum
1039 2893 1210 2934 suum
1236 2879 1520 2934 vicarium
1551 2879 1836 2948 instituit,

166 2956 237 3005 ut
268 2949 628 3003 exsecutioni
670 2957 898 3005 curaret
927 2951 1188 3006 mandari
1230 2951 1571 3006 sententiam
1601 2964 1632 3004 a
1659 2964 1719 3004 se
1746 2950 1836 3005 la-

160 3027 288 3075 tam
315 3020 874 3092 contraANestorium
905 3038 919 3090 ;
951 3035 1132 3091 eaque
1165 3023 1224 3076 in
1251 3036 1380 3077 eum
1413 3021 1618 3077 collata
1647 3021 1837 3092 digni-

165 3097 262 3146 tas
291 3103 469 3163 causa
501 3089 622 3163 fuit
648 3105 754 3146 cur
783 3089 1152 3148 mcu’men‘icm
1192 3094 1410 3163 synodo
1439 3093 1648 3162 Ephesi
1677 3089 1836 3147 cele—

1949 1887 2099 1942 alios
2119 1887 2764 1956 mandatanimadverti,
2789 1889 3043 1957 quicum
3070 1889 3128 1942 in
3152 1887 3362 1956 impios
3379 1887 3604 1943 eosdem

1952 1971 2157 2012 sensus
2187 1957 2334 2027 lapsi
2353 1965 2544 2013 essent
2567 1959 2802 2014 haeresis
2819 1967 2990 2029 atque
3011 1961 3138 2028 ejus
3157 1959 3416 2014 auctoris
3435 1959 3606 2014 dam-

1953 2029 2176 2083 nationi
2230 2042 2300 2083 ne
2330 2029 2762 2086 subscriberent
2793 2037 3145 2085 recusarent.
3190 2029 3392 2098 Quoad
3434 2029 3603 2099 alios,

1950 2100 2373 2155 Antiochenum
2399 2114 2599 2170 nempe
2621 2101 2919 2169 prtesulem
2942 2115 3007 2156 ac
3031 2103 3239 2167 socios,
3268 2102 3392 2171 qui,
3419 2100 3608 2155 haere-

1953 2171 2063 2225 sim
2104 2172 2569 2242 condemnantes,
2608 2173 3000 2228 indemnatum
3035 2173 3391 2242 reliquerant
3418 2172 3606 2227 haere—

1953 2241 2262 2305 siarcham,
2293 2241 2543 2298 fraterne
2576 2243 2742 2311 prius
2770 2244 2956 2298 voluit
2979 2241 3274 2300 admoneri
3309 2258 3478 2313 quam
3509 2244 3607 2298 in-

1952 2313 2297 2385 clementius
2346 2315 2404 2368 in
2460 2315 2686 2370 eosdem
2741 2321 3024 2385 ageretur.
3073 2316 3235 2371 Clero
3283 2315 3608 2384 populoque

1951 2384 2527 2454 Constantinopoleos
2577 2384 2915 2454 perscripsit
2962 2387 3032 2442 de
3072 2388 3330 2456 ipsorum
3366 2385 3608 2455 praasule

1953 2469 2150 2511 recens
2170 2457 2350 2510 electo
2380 2455 2490 2526 (m),
2524 2465 2589 2512 ut
2615 2458 3018 2526 cujuscunque
3061 2455 3452 2513 dubitationis
3477 2470 3607 2512 cau—

1950 2541 2043 2581 sas
2074 2526 2270 2594 procul
2300 2527 2572 2583 habentes
2602 2541 2731 2582 eum
2762 2529 3053 2596 audirent,
3080 2529 3295 2598 quippe
3321 2529 3444 2598 qui,
3474 2541 3604 2582 cum

1949 2599 2213 2652 Romanze
2260 2598 2318 2650 in
2347 2599 2615 2653 Ecclesia:
2642 2600 2779 2654 sinu
2821 2599 3002 2654 alitus
3033 2602 3411 2668 nutritusque
3436 2604 3604 2666 esset,

1951 2667 2074 2723 ﬁeri
2121 2681 2233 2723 non
2277 2674 2496 2736 poterat
2538 2677 2603 2724 ut
2641 2669 2755 2724 alia
2804 2678 3007 2737 praeter
3045 2667 3346 2738 antiquam
3392 2669 3612 2724 doctri-

1949 2753 2077 2814 nam
2123 2739 2382 2794 imbutus
2420 2747 2569 2814 esset
2603 2759 2617 2810 ;
2669 2741 2834 2796 novis
2875 2754 3126 2814 namque
3176 2741 3348 2796 rebus
3373 2741 3606 2814 Romam

1948 2811 2147 2865 aditus
2197 2816 2284 2880 est
2329 2812 2638 2867 OCCIUSUSI
2689 2811 2937 2874 cumque
2969 2813 3160 2880 ipsius
3209 2813 3464 2880 episcopi
3513 2812 3600 2866 d0-

1949 2882 2137 2953 ctrina
2192 2879 2643 2937 fundamentalis
2674 2879 3091 2953 angularisque
3138 2879 3290 2939 esset
3342 2879 3610 2937 Ecclesiae

1951 2952 2122 3022 lapis,
2150 2953 2221 3007 ab
2251 2953 2444 3008 eadem
2482 2954 2742 3009 recedere
2761 2952 2932 3009 nefas
2964 2955 3200 3011 omnino
3218 2968 3360 3009 esse.

2021 3026 2098 3078 De
2152 3024 2372 3095 ingenti
2435 3025 2890 3095 presbyterorum
2943 3040 2972 3080 e
3002 3025 3213 3081 Galliis
3241 3037 3498 3095 numero,
3531 3023 3607 3094 (η)

1946 3095 2131 3165 deque
2178 3093 2478 3166 aliquibus
2527 3093 2617 3152 ex‘
2663 3095 2804 3152 urbe
2852 3096 3050 3151 Genua
3080 3097 3335 3152 delatum
3389 3093 3502 3150 fuit
3538 3093 3606 3149 ad

163 3162 352 3237 brata:
381 3161 640 3237 Cyrillus
686 3169 950 3237 praeesset
995 3164 1090 3235 (εἰ).
1124 3161 1445 3237 Concilium
1481 3161 1830 3237 idgomnium
1865 3173 1916 3237 ο
1948 3168 1999 3220 S.
2039 3161 2298 3236 'sedem,'
2326 3169 2475 3237 quod
2544 3167 2696 3222 inter
2743 3181 2803 3222 se
2862 3168 3179 3223 coivissent
3220 3169 3498 3237 adversus
3541 3167 3605 3218 D.

166 3233 428 3302 partium
462 3232 775 3302 eﬂlagitatu
817 3232 1100 3290 indictum
1150 3235 1281 3304 fuit,
1309 3249 1439 3291 cum
1471 3235 1677 3304 primis
1701 3249 1832 3290 ve.o

165 3305 470 3386 ﬂagitante
509 3305 792 3386 Nestor-io,
829 3307 947 3386 _qui
982 3306 1256 3386 Cyrillum
1301 3305 1614 3386 delatorem
1657 3319 1831 3386 suum

165 3382 225 3430 et
260 3375 453 3444 ipsum
512 3377 775 3431 haeretica
829 3375 956 3431 labe
986 3375 1245 3432 natatum
1278 3390 1400 3431 esse
1431 3376 1827 3432 contendebat.

169 3449 493 3503 Potestates
522 3447 722 3518 ambae,
756 3447 1054 3518 pontiﬁcia
1085 3454 1142 3502 et
1174 3447 1521 3517 imperialis,
1545 3447 1743 3515 simul,
1770 3453 1836 3502 ut

168 3519 354 3573 moris
403 3523 545 3585 erat,
607 3520 948 3588 conjunctae,
1006 3517 1241 3574 fuerunt
1314 3518 1385 3574 ob
1437 3519 1834 3573 convocandos

167 3591 478 3660 episcopos
505 3590 863 3658 interpositae
887 3589 970 3661 (ρ).
996 3589 1424 3644 Alexandrinus
1453 3588 1683 3661 praesul,
1719 3597 1836 3643 tan-

170 3659 345 3728 quam
403 3661 700 3731 delegatus
749 3661 819 3716 ab
849 3659 1166 3731 apOStolica
1209 3661 1360 3728 sede,
1400 3661 1583 3728 prima
1615 3659 1674 3714 in
1707 3674 1836 3714 sese

170 3733 360 3803 sione,
398 3732 596 3786 habita
622 3739 926 3803 antequam
956 3739 1236 3788 venerunt
1268 3731 1435 3802 legati
1472 3739 1591 3786 tres
1619 3744 1650 3784 a
1689 3743 1837 3803 pou—

173 3801 553 3871 tiﬁce'missi,
589 3801 859 3873 prtesedit
890 3803 1086 3866 solus;
1121 3801 1345 3858 caeteris
1373 3816 1504 3857 vero
1533 3803 1591 3857 in
1615 3801 1836 3856 sessio—

174 3875 352 3930 nibus
379 3876 449 3929 ad
468 3872 789 3930 absOlutam
815 3889 996 3946 usque
1018 3875 1291 3945 synodam
1316 3880 1430 3929 tres
1460 3872 1696 3928 iisimul
1721 3885 1834 3928 una

172 3960 305 4002 cum
341 3947 468 4015 ipso
497 3947 714 4016 Cyrillo
743 3945 1111 4016 prmfuerunt.

244 4019 456 4073 Eadem
483 4015 549 4073 in
567 4015 784 4087 synodo
805 4019 963 4073 nulla
980 4018 1218 4073 omnino
1233 4015 1346 4074 fuit
1365 4015 1614 4087 quaestio
1634 4028 1831 4087 earum

173 4102 370 4144 rerum
392 4088 459 4159 (f)
477 4085 610 4159 qua!
628 4103 660 4144 a
685 4089 953 4158 pontiﬁce
973 4091 1304 4144 constituta:
1335 4085 1400 4142 ac
1427 4086 1678 4159 deﬁnitae
1702 4085 1833 4159 fue-

174 4167 306 4216 rant
327 4157 406 4216 de
420 4157 720 4215 catholicae
744 4161 1009 4215 Ecclesiae
1041 4160 1166 4216 fide.
1197 4160 1256 4215 Id
1283 4158 1677 4214 tantu...modo
1700 4157 1835 4228 agi-

171 4237 383 4298 tatum,
418 4238 482 4288 ut
502 4231 687 4286 eidem
718 4231 850 4286 ﬁdei
878 4233 1179 4287 Nestorius
1207 4232 1535 4297 adversans,
1559 4235 1661 4282 aut
1680 4229 1834 4296 pali-

172 4303 405 4358 nediam
428 4315 632 4358 canere
669 4303 1128 4372 compelleretur,
1157 4309 1257 4357 aut
1281 4316 1349 4358 ex
1384 4300 1612 4371 judicio
1635 4307 1834 4354 contra

175 4375 370 4442 ipsum
394 4373 466 4428 ab
493 4373 812 4443 apostolica
854 4375 986 4428 sede
1020 4374 1392 4441 pronuntiato
1427 4374 1829 4437 deponeretur.

171 4444 332 4514 Quod
364 4458 500 4501 sane
519 4447 711 4500 Patres
738 4445 1153 4513 praestiterunt,
1177 4451 1240 4498 ut
1263 4450 1458 4513 aperte
1477 4443 1834 4514 demonstrat

173 4518 462 4573 sententia
483 4517 772 4586 depositio
785 4517 875 4571 nis
893 4529 1063 4585 quam
1077 4524 1276 4570 contra
1292 4515 1454 4570 illum
1469 4513 1827 4584 tulerunt(g).

1946 3238 2260 3308 Augustini
2299 3236 2620 3308 doctrinam
2674 3239 2744 3292 de
2789 3238 2973 3308 gratia
3019 3245 3074 3292 et
3125 3238 3308 3292 libero
3339 3236 3606 3308 arbitrio.

1945 3307 2144 3377 Itaque
2206 3307 2462 3378 pontifex
2529 3307 2816 3362 doctorem
2878 3309 3181 3363 sanctitate
3228 3307 3606 3378 conspicuum

1946 3375 2367 3436 vindicaturus.
2414 3380 2513 3448 qui
2550 3377 2720 3447 paulo
2777 3384 2908 3432 ante
2939 3391 3266 3447 supremum
3316 3378 3468 3432 diem
3516 3375 3608 3448 ob-

1949 3451 2114 3519 ierat,
2163 3450 2229 3504 ad
2276 3446 2608 3504 GallibanOs
2652 3448 2953 3517 episcopos
3019 3446 3370 3519 encyclicam
3447 3446 3608 3502 dedit

1947 3519 2251 3589 epistolam
2299 3519 2395 3589 (ο),
2463 3519 2738 3574 mandans
2787 3526 2852 3574 ut
2899 3532 3095 3574 eorum
3145 3518 3444 3574 audaciam
3477 3530 3606 3589 pre-

1948 3588 2308 3660 sbyterorum
2337 3588 2639 3656 eoerceret,
2690 3590 3012 3658 iisdemque
3052 3589 3349 3644 silentium
3393 3588 3606 3643 indice-

1948 3659 2072 3729 ret;
2125 3674 2237 3716 non
2279 3663 2433 3714 enim
2484 3659 3008 3715 ecclesiasticorum
3037 3661 3163 3728 ejus
3201 3660 3428 3714 ordinis
3458 3672 3601 3726 esse,

1947 3732 2136 3788 aiebat
2182 3731 2459 3800 pontifex,
2494 3744 2684 3785 vocem
2717 3731 3006 3798 episcopis
3035 3733 3214 3785 altius
3264 3731 3323 3784 in
3352 3730 3604 3784 Ecclesia

1946 3803 2219 3860 extollere
2277 3816 2342 3856 ac
2397 3803 2467 3856 de
2517 3803 2780 3856 doctrina
2828 3803 3134 3856 decernere
3157 3800 3260 3872 (p).
3328 3801 3605 3856 Prteterea

1945 3875 2066 3929 divi
2091 3873 2404 3943 Augustini
2441 3872 2770 3927 memoriam
2791 3871 3104 3941 exquisitis
3129 3871 3605 3942 iis'prosequitur

1952 3945 2244 4013 laudibus,
2275 3958 2400 4014 quae
2436 3943 2682 3998 maxime
2708 3944 2908 3998 decent
2930 3944 3264 4014 episcopum
3297 3963 3308 3998 :
3346 3943 3606 3999 ardentis

1948 4029 2146 4086 nempe
2185 4015 2366 4070 studii
2417 4029 2546 4085 erga
2579 4013 2952 4086 apostolicam
2998 4016 3186 4070 sedem
3223 4033 3237 4084 ;
3285 4014 3604 4085 singularis

1945 4089 2070 4157 ejus
2098 4086 2505 4141 aestimationis
2538 4100 2648 4155 qua
2680 4085 2889 4140 summi
2920 4093 3052 4141 ante
3101 4087 3401 4156 pontiﬁces
3435 4086 3600 4140 illum

1951 4158 2267 4212 habuerant
2320 4157 2392 4212 ob
2453 4157 2841 4228 integritatem
2918 4158 3198 4212 doctrina:
3256 4170 3604 4228 magnosque

1945 4230 2265 4285 exantlatos
2297 4228 2520 4283 labores
2573 4241 2672 4296 pro
2700 4227 2952 4282 Ecclesia
2980 4229 3101 4282 Dei.
3133 4227 3372 4297 lpsemet
3399 4229 3456 4282 in
3504 4228 3602 4283 hu-

1940 4302 2102 4381 jusce
2141 4300 2628 4381 tractatus-exitu
2660 4297 2990 4381 articulum
3039 4299 3392 4381 singularem
3424 4299 3604 4381 conji-

1945 4370 2095 4428 ciam
2121 4373 2190 4427 de
2221 4372 2416 4427 studio
2449 4370 2551 4426 illo
2577 4371 2800 4426 ardenti
2826 4383 2890 4424 ac
2910 4370 3276 4426 veneratione
3297 4371 3359 4423 in
3383 4377 3605 4438 aposto-

1947 4445 2114 4499 licam
2149 4443 2357 4508 sedem,
2391 4456 2633 4513 quorum
2658 4449 2892 4497 sanctus
2926 4442 3018 4497 hic
3041 4443 3240 4498 doctor
3271 4439 3598 4512 praeclaram

1947 4517 2086 4571 adeo
2112 4515 2572 4570 testiﬁcationem
2607 4514 2849 4582 reliquit
2879 4515 3168 4570 Ecclesiae.

172 4589 378 4644 Statim
405 4584 577 4659 atque
597 4589 768 4659 legati
787 4584 1676 4656 pontiﬁcisvenerunt,tectaeque
1698 4591 1834 4641 sunt
1863 4584 1920 4647 D
2020 4589 2079 4642 ln
2110 4587 2367 4656 epistolae
2396 4601 2562 4657 quam
2597 4586 2902 4659 laudamus
2935 4586 3089 4659 calce
3127 4586 3594 4659 videre_est_con-

175 4659 446 4716 Patribus
480 4658 789 4730 pontiﬁciae
809 4659 1036 4727 litterae,
1060 4659 1212 4714 inter
1237 4659 1678 4714 acclamationes
1698 4672 1833 4730 gra—

173 4729 509 4803 tiarumque
526 4733 786 4787 actiones
809 4733 1061 4786 Romano
1095 4731 1376 4803 pontiﬁci,
1399 4740 1669 4803 tanquam
1688 4729 1830 4803 fidei

171 4800 431 4873 depositi
459 4803 686 4859 custodi
716 4803 954 4872 optimo,
983 4803 1248 4858 auditum
1277 4800 1391 4856 fuit
1415 4809 1471 4857 et
1503 4801 1647 4870 ipsis
1685 4801 1835 4873 litte-

173 4872 259 4930 ris
303 4873 380 4947 (Ιι)
422 4881 476 4930 et
508 4875 828 4947 legatorum
859 4875 1107 4947 adventu
1154 4874 1444 4928 divinitus
1469 4872 1832 4947 comprobari

172 4945 519 5003 sententiam
551 4945 585 5002 a
615 4945 887 5001 Patribus
918 4945 1090 5001 latam
1132 4951 1332 5000 contra
1377 4946 1732 5011 Nestorium,
1771 4948 1835 4998 ut

170 5018 534 5074 exsecutioni
563 5017 683 5073 alia
715 5017 1104 5084 mandaretur,
1127 5029 1300 5086 quam
1322 5023 1487 5086 antea
1514 5022 1712 5070 sancta
1735 5027 1834 5069 se—

170 5089 269 5146 des
292 5096 492 5145 contra
523 5090 785 5144 eumdem
819 5084 1292 5152 pronuntiaverat
1321 5084 1396 5156 (ἱ).

237 5163 362 5216 Jam
407 5161 581 5232 legati
629 5159 1101 5230 subscripserant
1141 5155 1538 5227 atque'omnia
1569 5155 1832 5212 absoluta

259 5267 313 5338 ιι)
341 5268 400 5323 S.
433 5269 632 5338 Prosp.
666 5268 735 5324 ad
766 5281 880 5323 ver.
914 5265 1120 5322 Collat.
1153 5266 1214 5320 in
1242 5264 1340 5320 ﬁn.

260 5339 310 5395 bl
340 5339 425 5394 Id.
457 5339 601 5394 ibid.
632 5346 689 5394 et
717 5342 776 5394 in
805 5339 1015 5395 Chron.

256 5408 304 5481 ε)
334 5411 517 5480 Epist.
565 5411 794 5481 C(elest.
828 5412 928 5481 Pp.
977 5409 1048 5464 ad
1099 5408 1223 5481 Cyr.
1279 5421 1371 5478 ap.
1417 5421 1576 5466 conc.
1619 5408 1826 5479 Ephes.

172 5480 314 5552 part.
348 5496 388 5550 ι,
421 5495 528 5550 cap
557 5480 642 5537 45.

255 5554 311 5626 d)
347 5555 427 5609 ld.
451 5553 595 5626 ibid.
631 5559 742 5610 act.
774 5551 822 5608 4.

255 5620 302 5695 ε)
329 5626 412 5680 ld.
451 5624 596 5679 ibid.
625 5638 692 5695 ac
721 5627 780 5681 in
809 5625 906 5680 ﬁn.
942 5626 1003 5683 V.
1035 5623 1074 5680 l.
1103 5621 1158 5695 4,
1182 5637 1230 5679 c.
1265 5620 1358 5679 21.

330 5696 478 5752 Ibid.
508 5702 620 5751 act.
644 5694 700 5752 2.

255 5766 310 5838 ρ’)
342 5768 421 5824 ld.
453 5780 615 5824 conc.
650 5774 758 5838 ac_t.
786 5766 839 5823 4.

257 5836 312 5895 hi
343 5838 491 5895 Ibid.
524 5838 650 5894 Act.
697 5836 752 5894 2.

235 5266 254 5482 ἓ

234 5556 252 5911 Ξ

1948 4655 2159 4731 geriem
2177 4655 2630 4714 constitutorum
2655 4672 2684 4731 a
2709 4658 3082 4731 pontiﬁcibus
3107 4657 3204 4731 qui
3227 4655 3599 4731 Caelestinum

1951 4725 2379 4800 przecesserunt,
2429 4731 2498 4786 de
2524 4725 2723 4800 gratia
2752 4737 2808 4785 et
2841 4730 3021 4784 libero
3053 4725 3315 4783 arbitrio.
3348 4725 3430 4780 Ibi
3485 4733 3603 4780 tan-

1948 4816 2117 4872 quam
2152 4802 2437 4856 axiomata
2481 4805 2819 4872 statuuntur
2852 4820 2862 4855 :
2901 4800 3282 4872 necessariam
3324 4810 3600 4872 esse_gra-

1947 4868 2085 4928 tiam
2114 4874 2181 4928 ad
2209 4873 2580 4943 cogitandum
2621 4873 2691 4943 de
2716 4871 2884 4934 bono,
2917 4872 2985 4943 ad
3014 4871 3160 4943 illud
3194 4868 3596 4943 appetendum,

1944 4945 2012 4999 ad
2041 4940 2497 5014 amplectendum
2531 4961 2546 5010 ;
2581 4942 2841 5014 liberum
2885 4942 3192 5014 arbitrium
3231 4940 3470 4995 minime
3501 4951 3602 5014 per

1945 5011 2186 5100 gratiae
2220 5013 2859 5100 destruiaaaiamtie?
2885 5013 3080 5100 Perist
3105 5011 3597 5100 Peawaaa“

1949 5083 2006 5142 in
2035 5087 2202 5142 nobis
2225 5099 2322 5156 per
2355 5085 2596 5156 gratiam
2629 5083 2772 5138 velle
2800 5090 3069 5156 et_agere,
3104 5084 3184 5138 ita
3225 5089 3289 5138 ut
3319 5094 3600 5156 coopera—

1946 5167 2099 5214 tores
2127 5153 2255 5227 ejus
2287 5153 2401 5226 ipsi
2431 5155 2638 5221 simus,
2666 5169 2796 5209 cum
2842 5153 2992 5210 ferre
3017 5163 3262 5226 nequeat
3288 5154 3535 5210 otiosam
3566 5165 3598 5208 a

2013 5264 2071 5406 8)
2092 5264 2244 5320 Ibid.

2051 5337 2077 5406 ⁸)
2101 5335 2243 5392 lbid.

2051 5332 2077 5406 ἶ)
2101 5335 2243 5392 Ibid.
2274 5335 2394 5390 Act.
2428 5332 2480 5390 3.

2036 5405 2083 5479 ις)
2110 5410 2166 5462 S.
2201 5409 2398 5475 Prosp.
2434 5409 2585 5479 cont.
2617 5405 2826 5461 Collat.
2863 5418 3036 5479 prope
3065 5405 3162 5462 ﬁn.

2033 5475 2260 5560 antprid
2292 5491 2449 5532 conc.
2485 5477 2689 5546 Ephes.
2721 5483 2878 5547 parte
2905 5475 2960 5532 3.

2019 5550 2308 5695 {Wilfrid
2351 5621 2522 5691 epist.
2587 5620 2811 5678 leest.
2857 5622 2958 5694 Bp.
3012 5621 3080 5678 ad
3131 5622 3310 5694 episc.
3365 5619 3592 5691 Galliae,

1946 5694 2255 5835 “dum.

2002 5767 2083 5906 (pg
2101 5837 2246 5892 Ibid.

2002 5832 2080 5912 (ρ)
2101 5837 2273 5908 Ibid.,
2305 5849 2426 5905 cap.
2456 5832 2511 5890 2.

2012 5409 2028 5622 ἕ
