3912 6394
163 376 264 437 964

1046 378 1139 434 DE
1173 375 1715 434 PREEMINENTIA
1751 376 1839 434 ET
1875 374 2354 433 AUCTORITATE
2389 378 2448 433 S.
2487 378 2699 436 SEDIS.

3483 378 3590 437 962

165 502 306 558 tiata
330 502 403 558 ab
429 502 743 573 apostolica
761 504 894 560 sede
915 504 1300 573 imperatoriae
1324 501 1696 573 auctoritatis
1723 496 1825 573 [ῃὶ-
1854 493 1912 553 Α
1935 497 2111 568 hujus
2156 504 2488 570 potestatem
2536 502 2778 555 testatus
2813 505 2901 557 est
2940 500 3000 555 in
3048 504 3282 573 caeteras
3334 503 3592 560 universi

164 574 318 629 nime
341 571 657 645 indigebat,
690 582 755 631 ut
778 575 863 630 vel
884 575 942 629 in
966 571 1177 631 Galliis
1205 572 1566 631 exsecutioni
1596 571 1825 645 manda-

163 651 342 717 retur,
368 644 441 717 ob
471 639 797 715 supremam
822 652 1152 715 potestatem
1183 659 1350 717 quam
1377 644 1546 700 habet
1567 639 1823 717 pontifex

160 715 221 787 in
253 716 509 772 Ecclesia
549 713 631 771 Et
657 721 776 771 erat
802 713 925 786 ipsa
976 713 1219 787 quidem—
1247 718 1517 771 sententia
1542 730 1640 784 per
1682 713 1824 787 Gal:

159 786 285 856 (ias,
322 790 489 841 etiam
536 790 653 843 sine
719 783 1003 858 imperiali
1038 790 1316 843 sanctione
1361 783 1624 841 valitura.
1677 783 1823 858 Quid

158 860 303 912 enim
318 861 463 913 tanti
488 861 761 930 pontiﬁcis
787 855 1111 914 auctoritati
1136 861 1197 913 in
1246 859 1519 930 Ecclesias
1546 873 1655 911 non
1686 855 1823 930 lice—

156 926 593 1001 retPNostram
648 926 951 1001 historiam
1001 928 1328 1001 videsis(a),
1364 929 1664 998 palamque
1711 926 1825 982 erit

157 1000 418 1073 viguisse
471 1000 843 1073 hancilegem
896 1000 1495 1073 Francorumiregum
1545 1006 1818 1073 tempore,

159 1069 261 1140 qui
290 1069 749 1141 imperatoribus
760 1079 1181 1129 successerunt.
1223 1069 1387 1127 Idem'
1412 1069 1665 1141 pontifex
1690 1071 1823 1125 dis-

158 1142 314 1197 sidia
345 1145 672 1214 composuit
688 1144 977 1201 Ecclesias
998 1145 1150 1199 inter
1166 1142 1555 1199 Arelatensem
1583 1148 1639 1196 et
1660 1141 1824 1196 Vien-

159 1225 393 1269 nensem
436 1214 1259 1286 intercedentia(b),dioeceses
1303 1214 1664 1270 constituens
1695 1225 1823 1283 quae

158 1286 557 1358 metrOpoleon
572 1286 841 1343 alterutri
877 1285 1354 1358 suﬁ'ragarentur.

230 1356 513 1426 Eutyches
533 1357 1029 1427 Constantinopoli
1058 1355 1329 1427 tanquam
1356 1355 1666 1427 haereticus
1689 1367 1824 1410 con-

156 1424 464 1501 demnatus
489 1428 752 1501 confugit
796 1424 1028 1484 Romam
1055 1427 1140 1499 (c),
1173 1424 1427 1501 supplici
1470 1426 1667 1501 libello
1692 1440 1822 1501 pro-

156 1498 841 1568 mittensemendatiirum
864 1514 923 1554 se
937 1498 1132 1556 omnia
1150 1499 1821 1568 quibusreprehensione

152 1566 358 1641 dignis
383 1570 649 1627 doctrina
673 1572 799 1640 ejus
813 1576 962 1628 esset
1011 1566 1269 1641 inspersa
1289 1570 1383 1641 (d).
1410 1566 1493 1625 Ad
1519 1571 1822 1641 episcOpos

151 1639 333 1695 etiam
390 1641 617 1713 aliquot
656 1639 988 1699 Occidentis
1029 1639 1188 1698 dedit
1247 1639 1493 1711 litteras,
1543 1639 1819 1711 suﬁ‘ragia

149 1722 355 1767 eorum
380 1720 594 1784 petens,
618 1727 650 1769 a
682 1715 897 1784 quibus
926 1726 1269 1784 responsum
1320 1713 1561 1784 accepit,
1608 1713 1817 1784 Roma-f

152 1795 297 1856 num
327 1783 487 1840 adire
511 1782 833 1855 pontiﬁcem
880 1795 1143 1856 oportere
1183 1782 1430 1856 habendi
1458 1795 1653 1856 causa
1679 1782 1811 1856 ﬁdei

147 1852 463 1925 dogmata;
511 1852 867 1926 praesulibus
920 1852 1146 1927 'quippe
1187 1852 1515 1978 privatis(e.)
1570 1853 1812 1909 Romani
1845 1860 1899 1921 Β

148 1924 453 1979 pontiﬁcis
508 1927 661 1979 haud
731 1929 1045 1979 accedente
1112 1939 1419 1979 consensu.
1507 1925 1812 1979 acultatem

148 1924 455 1992 pontiﬁcis
508 1924 661 1983 haud
731 1924 1419 1993 accedente—consensu,
1484 1924 1812 1979 facultatem

144 1994 387 2067 aiebant
410 1997 607 2053 deesse
636 1998 967 2067 hujusmodi
1016 1998 1088 2053 de
1131 1997 1327 2053 causis
1355 1995 1815 2067 pronuntiandi.

143 2064 467 2138 Flavianus
514 2064 1092 2138 Constantinopoleos
1162 2064 1391 2136 praesul
1449 2072 1576 2121 acta
1624 2067 1818 2138 omnia

142 2136 473 2195 Romanum
495 2140 565 2195 ad
597 2136 923 2207 pontiﬁcem
966 2137 1179 2195 detulit
1208 2139 1482 2193 adversus
1528 2137 1819 2207 Eutyche—

140 2214 287 2277 tem,
325 2223 548 2265 necnon
581 2206 1059 2266 sententiamase
1097 2209 1269 2264 latam
1312 2208 1372 2264 in
1424 2209 1683 2264 eumdem
1711 2206 1812 2278 (ﬂ;

137 2280 400 2363 supplex
423 2280 495 2335 ab
523 2280 718 2363 eodem
742 2281 1096 2363 ﬂagitansnt
1120 2293 1241 2363 eam
1268 2279 1610 2362 sententiam
1636 2279 1817 2363 robo—

137 2351 365 2422 rando,
402 2357 723 2406 nascentem
777 2350 1118 2422 dignaretur
1172 2350 1811 2422 haeresimpraecidere,

133 2426 325 2489 atque
353 2421 769 2491 impedimento
799 2421 922 2478 eSse
949 2423 1088 2492 quin
1128 2421 1400 2491 synodus,
1433 2421 1504 2476 de
1534 2435 1647 2491 qua
1681 2435 1813 2490 per-

136 2497 378 2561 vaserat
401 2505 616 2561 rumor,
648 2493 1074 2561 celebraretur;
1106 2492 1440 2548 istiusmodi
1472 2495 1626 2546 enim
1657 2493 1816 2548 cele—

136 2559 341 2617 bratio
370 2559 611 2618 nonnisi
633 2563 833 2618 turbas
865 2565 924 2617 in
976 2559 1226 2618 EcClesia
1246 2563 1476 2617 concire
1495 2569 1736 2631 poterat.

213 2632 463 2704 Magnus
491 2633 904 2705 veropontifex
937 2632 1338 2705 admirabilem
1368 2633 1527 2705 illam
1560 2633 1811 2705 singulae

138 2703 385 2773 mmqhe
436 2703 506 2759 ad
582 2704 918 2760 Flavianum
970 2703 1275 2774 epistolam
1332 2704 1514 2765 dedit,
1555 2703 1813 2773 Epistula

134 2776 476 2841 Dogmaticz
523 2774 869 2847 divigLeonis
917 2780 1294 2847 cognomento
1349 2775 1808 2847 celeberrimam,

137 2845 704 2916 qualncarnationis
722 2848 980 2916 mysterii
998 2845 1167 2901 ﬁdem
1185 2846 1396 2901 eximie
1411 2846 1617 2901 deﬁnit
1641 2852 1813 2916 atque

136 2915 441 2989 explicat;
485 2915 794 2987 volensque
835 2919 1202 2989 Imperatoris
1257 2917 1579 2989 Theodosii
1620 2915 1811 2989 gratia

133 2986 400 3060 concilio
430 2986 653 3060 Ephesi
674 2986 1259 3060 cogendo'assensum
1291 2987 1540 3057 praebere
1562 2986 1650 3058 (g)
1674 2994 1811 3060 tres,

138 3058 247 3131 qui
285 3066 612 3129 praeessent,
645 3058 859 3131 legatos
890 3060 1072 3130 misit,
1104 3059 1477 3128 eamdemque
1505 3059 1809 3131 epistolam

137 3128 343 3202 _veluti_
376 3143 572 3186 eorum
601 3128 878 3202 regulam
902 3145 1028 3200 quae
1062 3128 1445 3202 'Vdecernenda
1506 3136 1691 3202 erant.
1748 3130 1807 3186 Id

135 3199 410 3256 Pontifex
440 3199 715 3258 memorat
751 3199 1024 3258 omnibus
1076 3201 1137 3257 in
1191 3199 1459 3270 epistolis
1503 3201 1608 3257 hac
1626 3203 1698 3258 de
1750 3216 1811 3258 re
1838 3210 1888 3273 ί]

139 3272 508 3341 perscriptis,
540 3274 854 3342 praesertim
882 3286 1014 3329 vero
1041 3274 1100 3327 in
1144 3285 1210 3327 ea
1238 3285 1409 3342 quam
1470 3273 1713 3329 tradidit
1735 3273 1804 3328 ad

135 3341 340 3415 Patres
388 3341 648 3415 concilii,
698 3344 1038 3415 signiﬁcans
1081 3341 1290 3415 iisdem
1350 3357 1708 3415 quaecunque
1736 3345 1805 3399 ad

133 3413 533 3470 eliminandos
577 3412 821 3485 errores,
885 3420 943 3471 et
964 3414 1094 3471 ﬁdei
1148 3412 1640 3485 professionisque
1683 3415 1810 3483 ejus

138 3487 429 3540 unitatem
454 3486 511 3540 in
544 3483 817 3542 universo
845 3486 1057 3542 mundo
1077 3483 1441 3539 asserendam
1461 3489 1600 3540 sunt
1625 3498 1812 3541 neces-

135 3557 317 3624 saria,
351 3570 418 3611 ex
476 3557 722 3625 epistola
776 3557 847 3614 ad
902 3556 1237 3612 Flavianum
1285 3560 1588 3624 suppetere
1615 3555 1705 3626 (h).
1738 3558 1812 3612 Ea

132 3628 399 3697 synodus
421 3627 481 3683 in
514 3627 886 3684 latrocinium
912 3640 1072 3683 versa
1127 3632 1232 3681 est.
1289 3626 1392 3682 Pro
1440 3626 1652 3682 conciti
1681 3627 1814 3683 sede

135 3698 417 3768 praesidia
475 3698 727 3755 militum
783 3699 1063 3755 collocata
1119 3700 1294 3756 sunt:
1346 3697 1655 3768 magnique
1695 3705 1813 3754 tres

133 3771 318 3825 duces
349 3770 582 3839 imperii
607 3783 833 3826 sacrum
864 3770 921 3825 in
945 3781 1075 3825 eum
1134 3775 1476 3823 conventum
1515 3774 1653 3823 sunt
1710 3769 1812 3823 in—

134 3842 347 3913 gressi,
380 3840 680 3913 suffragiis
709 3847 769 3897 ut
803 3840 1127 3913 libertatem
1158 3840 1464 3909 eriperent.
1497 3839 1808 3913 Dioscorus

131 3911 585 3983 Alexandrinus,
611 3911 947 3983 Eutychetis
974 3918 1386 3983 propugnator,
1419 3912 1809 3967 sanctissimis

133 3982 473 4052 apostolica:
502 3984 658 4039 sedis
698 3982 927 4055 legibus
974 3982 1355 4055 posthabitis,
1379 3994 1479 4051 per
1524 3995 1806 4055 summam

134 4055 444 4109 audaciam
483 4055 733 4111 concilio
761 4052 1087 4124 'praasedit.
1154 4052 1469 4108 Pontiﬁciai
1524 4052 1805 4122 epistolae,

136 4130 252 4179 tam
286 4125 613 4195 dogmatica
667 4126 739 4182 ad
789 4125 1123 4182 Flavianum
1169 4137 1338 4195 quam
1365 4124 1480 4179 alia
1510 4125 1579 4180 ad
1612 4125 1806 4195 Patres

133 4193 840 4268 synodi,'baudquaquam
867 4196 1107 4253 fuerunt
1135 4193 1316 4252 lectae.
1338 4194 1664 4268 iudicatum
1691 4193 1806 4252 fuit

127 4266 299 4336 juxta
318 4266 640 4338 consilium
671 4266 879 4323 initum
903 4268 1282 4338 afautoribus
1310 4266 1570 4322 Dioscori
1596 4285 1608 4321 :
1642 4268 1807 4338 Euty.

132 4338 273 4393 ches
302 4337 421 4394 fuit
436 4339 739 4395 absolutus
762 4357 778 4408 ;
805 4338 1137 4408 militesque
1160 4337 1431 4393 districto
1447 4351 1580 4393 ense
1600 4339 1806 4393 irrum-

136 4415 337 4478 pentes
367 4412 571 4466 minati
600 4417 737 4466 sunt
755 4411 904 4467 duas
934 4410 991 4464 in
1016 4415 1204 4479 partes
1227 4422 1437 4465 caesum
1460 4409 1536 4464 iri
1564 4411 1803 4479 quicun-

133 4494 248 4550 que
262 4480 413 4538 duas
431 4482 729 4537 Christum
749 4483 808 4537 in
829 4486 1066 4537 naturas
1079 4480 1424 4536 dividerent.
1445 4479 1666 4535 lllatam
1682 4481 1801 4537 vim

131 4552 425 4624 sustinuit
446 4566 631 4623 nemo,
654 4561 857 4623 praeter
877 4551 1207 4624 pontiﬁcios
1224 4551 1458 4624 legatos,
1487 4553 1800 4624 Eusebium

1934 573 2216 642 terrarum
2241 574 2399 629 orbis
2421 573 2724 641 Ecclesias,
2756 585 2985 642 praique
3014 572 3150 626 aliis
3208 573 3595 642 praeclarissi—

1933 641 2046 695 mis
2069 642 2456 716 ejusdotibus
2480 648 2624 701 hanc
2646 641 2997 716 singularem
3031 650 3120 697 est
3175 642 3385 711 fassus,
3441 646 3591 716 quod

1933 724 2133 785 nempe
2156 713 2229 768 ab
2274 714 2539 772 haeretica
2594 715 2719 771 labe
2751 713 3086 769 'abhorrens
3131 728 3421 785 nunquam
3459 713 3590 771 ‘non

1933 779 2129 853 fuerit,
2153 798 2282 839 cum
2309 801 2665 842 summorum
2699 784 2898 840 nullus
2947 779 3288 853 pontiﬁcum
3305 799 3337 841 a
3354 787 3594 843 veritate

1931 855 2283 928 contrarium
2305 857 2529 928 aliquid
2552 870 2803 926 unquam
2823 855 3090 928 senserit.
3107 863 3166 910 at
3182 863 3381 911 contra
3398 871 3594 914 omnes

1931 926 2310 999 apostolicum
2356 926 2683 999 depositum
2731 940 2957 999 semper
3008 926 3316 998 integrum,
3372 942 3595 997 semper

1930 996 2087 1069 omni
2118 1010 2186 1052 ex
2210 1005 2366 1068 parte
2392 996 2617 1069 purum,
2647 998 3052 1054 custodierint.

2003 1067 2166 1142 Hisce
2185 1067 2248 1124 ut
2262 1067 2584 1126 mederetur
2610 1067 2994 1142 incommodis
3016 1073 3249 1142 sanctus
3263 1068 3518 1142 pontifex
3528 1071 3593 1142 ω

1931 1134 2131 1213 falsam
2151 1152 2272 1213 eam
2291 1142 2575 1213 synodum
2594 1140 3018 1213 condemnavit.
3036 1134 3465 1213 declaravitque
3479 1134 3595 1213 [per

1931 1207 2157 1264 litteras
2184 1207 2504 1267 Theodosio
2563 1211 2923 1279 imperatori,
2981 1210 3157 1280 quod,
3210 1207 3591 1280 quoniam'ad

1929 1286 2185 1353 sanctam
2206 1282 2399 1353 sedem
2418 1280 2606 1353 fuerat
2628 1286 3113 1353 provocatum,_ex_
3131 1283 3468 1353 constitutis
3493 1297 3595 1353 per

1928 1350 2146 1406 Nil-aeni
2192 1351 2430 1405 concilii
2475 1349 2745 1419 canones,
2804 1351 2965 1406 aliud
3004 1349 3222 1405 haberi
3274 1349 3589 1410 concilium

1928 1421 2243 1494 oportebat.
2277 1422 2636 1494 Theodosius
2663 1433 2814 1483 vero,
2837 1421 3090 1494 eunuchi
3141 1423 3464 1494 cujusdam,
3489 1424 3589 1494 qui

1928 1491 2228 1561 Eutycheti
2257 1492 2419 1547 valde
2454 1492 2740 1559 studebat,
2796 1491 3044 1547 arbitrio
3070 1506 3129 1547 se
3159 1506 3379 1561 gerens,
3421 1491 3589 1549 beni-

1928 1577 2072 1687 ἕως
2091 1563 2520 1619 accommodare
2575 1576 2746 1619 aures
2798 1562 2990 1618 noluit
3039 1564 3416 1620 suasionibus
3467 1566 3589 1620 divi

1971 1633 2154 1687 conis.
2209 1646 2394 1687 neaue
2439 1634 2771 1687 Occidentis
2835 1634 3245 1687 imperatorum
3298 1636 3581 1687 epistolis.

1971 1633 2154 1702 conis,
2209 1646 2394 1704 neque
2439 1634 2771 1690 Occidentis
2835 1634 3245 1704 imperatorum
3298 1636 3581 1704 epistolis,

1928 1717 2028 1777 per
2057 1716 2202 1775 quas
2228 1704 2857 1777 eidemsigniﬁcabant,
2906 1703 3212 1777 detrectari
3268 1703 3378 1762 non
3425 1703 3589 1776 posse

1925 1775 2242 1830 Romanum
2276 1775 2601 1844 pontiﬁcem
2628 1788 2958 1845 supremum
2977 1776 3227 1844 judicem
3280 1775 3585 1833 causarum

1925 1845 2333 1929 appellationis
2345 1848 2531 1929 quoad
2547 1847 2716 1929 ﬁdem
2725 1855 2781 1901 et
2791 1846 3080 1929 judicium
3094 1848 3587 1929 episcolpor_um(_lg).

1927 1917 2118 1972 Fidem
2141 1916 2415 1972 adhibuit
2437 1917 2795 1973 Theodosius
2826 1916 2991 1972 falsis
3028 1918 3407 1974 conciliabuli
3436 1916 3588 1975 actis

1925 1987 2187 2042 Dioscori
2209 1988 2494 2058 arbitratu
2512 1988 2883 2058 constructis,
2902 1987 3051 2042 nihil
3070 2001 3268 2058 nempe
3283 2002 3351 2045 ex
3368 1991 3585 2045 Nicaeni

1927 2063 2099 2128 atque
2129 2057 2403 2127 Ephesini
2431 2059 2605 2129 primi
2631 2060 2877 2114 decretis
2909 2065 3190 2115 mutatum
3210 2057 3282 2114 in
3310 2073 3376 2117 eo
3406 2059 3587 2117 fuisse

1926 2134 2098 2199 atque
2122 2130 2421 2199 episc0pos
2449 2130 2662 2186 ibidem
2691 2130 2984 2199 depositos
3014 2131 3355 2186 Nestoriana
3383 2132 3585 2188 haeresi

1925 2198 2156 2271 aﬁ‘ectos
2178 2198 2335 2255 esse.
2366 2203 2585 2256 Interea
2630 2198 2956 2271 pontiﬁcem
3002 2206 3090 2256 est
3145 2202 3482 2269 deprecatus
3525 2210 3588 2258 ut

1925 2269 2260 2343 Anatolium
2307 2273 2364 2326 in
2421 2269 2999 2343 constantinOpoleos
3056 2272 3268 2343 sedem,
3317 2273 3586 2329 Flaviano

1920 2341 2038 2410 jam
2081 2340 2308 2411 denato,
2381 2341 2685 2398 suﬁ‘ectum
2737 2340 3113 2398 conﬁrmaret.
3180 2340 3583 2413 Imperatorem

1930 2413 2127 2485 istum,
2151 2426 2282 2468 cum
2316 2413 2556 2469 minime
2584 2413 2863 2485 haeresim
2890 2414 3256 2485 proﬁteretur
3281 2414 3357 2485 (ι),
3414 2415 3586 2470 ὴωνθο

1924 2483 2072 2555 ticos
2093 2488 2278 2555 tamen
2313 2485 2461 2539 tueri
2496 2486 2601 2555 Leo
2661 2498 2803 2554 papa
2855 2483 3180 2539 intellexit:
3215 2483 3582 2555 quamobrem

1923 2552 2044 2608 fore
2073 2566 2176 2608 con
2188 2553 2367 2609 ﬁdens
2387 2562 2449 2610 ut
2463 2554 2535 2609 ab
2560 2552 2751 2609 insita
2766 2555 2940 2609 menti
2966 2556 3093 2623 ejus
3114 2552 3391 2623 opinione
3417 2554 3586 2612 facile

1922 2630 2304 2686 revocaretur,
2336 2626 2540 2695 legatis
2560 2626 2628 2695 ad
2675 2638 2806 2679 eum
2850 2626 3048 2680 missis
3088 2625 3299 2681 iterum
3345 2627 3416 2681 de
3441 2640 3584 2682 con-

1921 2695 2207 2767 greganda
2230 2765 2239 2767 _
2261 2694 2478 2765 synodo
2534 2694 2903 2767 eﬁlagitavit;
2971 2696 3282 2765 eodemque
3306 2766 3309 2767 ν
3334 2701 3587 2767 tempore

1922 2764 2274 2836 signiﬁcavit
2298 2764 2403 2834 per
2427 2764 2683 2833 litteras,"
2706 2766 2922 2836 quibus
2977 2768 3099 2834 ipse
3148 2764 3586 2822 cenditionibus

1919 2835 2495 2905 Constantinopoleos
2524 2835 2824 2906 praesulem
2855 2849 3051 2892 recens
3092 2837 3336 2892 electum
3365 2838 3585 2894 conﬁr-

1925 2910 2156 2961 masset.
2185 2907 2460 2963 Caeterum
2484 2908 2765 2976 Optimum
2783 2909 2969 2963 sancti
2995 2908 3286 2975 pontiﬁcis
3312 2908 3369 2963 id
3400 2908 3586 2964 consi-

1918 2977 2342 3104 hiubmbitaeundi
2364 2978 2549 3050 gloria
2570 2978 2881 3049 Marciano,
2903 2979 3213 3035 Theodosii
3239 2980 3582 3046 successori,

1960 3061 1990 3103 e
2030 3061 2060 3103 e
2100 3060 2132 3103 a
2167 3063 2254 3103 ur.

1960 3053 2254 3103 ebebatur.

1991 3119 2318 3192 Marcianus
2348 3120 2533 3192 igitur
2563 3121 2783 3192 potitus
2807 3133 3000 3192 rerum
3024 3134 3151 3191 quae
3205 3120 3389 3192 prima
3435 3120 3585 3177 obiit

1920 3190 1997 3245 im
2006 3191 2288 3263 peratoris
2316 3190 2632 3263 muniam),
2648 3193 2740 3263 sui
2754 3190 3108 3262 signiﬁcatio
3127 3193 3309 3246 animi
3325 3190 3580 3263 fuerunt,

1918 3274 1978 3316 se
2002 3261 2228 3316 scilicet
2259 3262 2400 3317 velle
2425 3268 2491 3317 ut
2512 3261 2807 3331 pontiﬁcia
2823 3261 2892 3316 ex
2920 3263 3264 3318 auctoritate
3282 3261 3596 3317 haberetur

1918 3331 2257 3400 concilium,
2315 3346 2430 3402 quo
2482 3332 2939 3402 proscriberetur
2985 3338 3235 3402 errorret
3284 3331 3583 3386 catholica:

1918 3402 2188 3458 Ecclesiae
2223 3401 2625 3471 tranquillitas
2646 3401 3190 3471 'instauraretur(n).
3220 3402 3425 3455 Divum
3454 3403 3583 3457 Leo~

1920 3485 2047 3528 nem
2078 3475 2264 3527 oravit
2294 3479 2360 3527 ut
2382 3475 2504 3540 ipse
2535 3487 2634 3542 per
2658 3486 2718 3528 se
2746 3472 2946 3543 adesse
2965 3472 3304 3543 dignaretur
3330 3472 3580 3541 synodo;

1921 3544 2015 3599 sin
2039 3543 2231 3598 minus
2259 3543 2316 3598 id
2350 3550 2541 3611 posset
2566 3543 2712 3606 ﬁeri,
2746 3542 2860 3598 sibi
2886 3556 2985 3612 per
3004 3542 3226 3597 litteras
3249 3547 3578 3610 potestatem

1923 3613 2135 3669 faceret
2182 3615 2448 3684 cogenda:
2480 3615 2670 3683 ipsius
2700 3613 2926 3683 synodi,
2956 3614 3015 3668 in
3047 3626 3158 3684 qua
3187 3612 3442 3682 episcOpi
3484 3625 3585 3683 per

1923 3697 2210 3741 summum
2245 3684 2567 3753 pontiﬁcem
2600 3685 2914 3740 constituta
2941 3684 3366 3753 proﬁterentur.

2684 3755 2728 3809 ti
2783 3759 2922 3810 sunt
2970 3756 3181 3810 Patres.
3253 3755 3435 3824 Eique
3491 3756 3577 3811 uti

1992 3754 2346 3810 Chalcedone
2398 3769 2609 3826 congre

2639 3831 2833 3896 egatos
2872 3894 2876 3896 Α
2914 3825 3170 3896 mittens
3246 3825 3579 3894 imperatori

1922 3831 2239 3897 praeessent
2292 3824 2547 3895 pontifex

1919 3893 2177 3967 Scripsit,
2214 3893 2476 3952 futurum
2500 3910 2563 3951 se
2610 3893 2838 3966 sperare
2861 3893 2928 3966 (ο)
2951 3904 3013 3951 ut
3053 3893 3388 3952 traditionis
3418 3896 3578 3967 fides,

1916 3969 2086 4037 cujus
2116 3968 2382 4038 dogmata
2401 3968 2470 4023 ad
2493 3980 2625 4023 eum
2651 3974 2850 4023 sancta
2896 3968 3057 4023 sedes
3088 3968 3364 4038 tradebat,
3395 3970 3579 4024 errori

1918 4039 2293 4095 sectariorum
2328 4038 2705 4108 praeluderet
2731 4051 2952 4093 omnem
2996 4040 3241 4095 aditum.
3272 4040 3354 4094 Ad
3389 4041 3582 4097 Patres

1918 4112 2054 4166 item
2075 4109 2313 4164 concilii
2343 4111 2705 4180 perscripsit,
2745 4109 3082 4180 signiﬁcans
3133 4111 3279 4165 clam
3335 4111 3413 4166 iis
3457 4125 3581 4168 esse

1918 4195 2029 4237 non
2053 4193 2215 4250 posse
2230 4181 2584 4239 desiderium
2605 4194 2796 4253 suum,
2819 4182 3034 4253 quippe
3048 4183 3218 4250 cujus
3240 4181 3579 4253 religionem

1914 4269 1981 4311 ac
2010 4253 2175 4308 ﬁdem
2219 4253 2455 4309 minime
2498 4251 2840 4323 ignorabant
2873 4251 2983 4322 (p);
3017 4258 3101 4323 ut
3136 4265 3335 4323 nempe
3359 4251 3575 4322 'iidem,

1912 4323 2438 4394 disceptationibus
2474 4322 2919 4394 quibuscunque
2963 4322 3328 4391 posthabitis,
3357 4323 3576 4392 plenam

1918 4398 2076 4453 illam
2107 4401 2164 4450 et
2187 4403 2440 4464 apertam
2474 4395 2604 4450 ﬁdei
2650 4394 3044 4451 deﬁnitionem
3074 4394 3574 4463 amplecterentur,

1916 4478 2086 4540 quam
2111 4467 2234 4536 ipse
2262 4468 2322 4523 in
2354 4467 2571 4523 litteris
2584 4467 2657 4540 ad
2676 4466 3007 4540 Flavianum
3040 4472 3419 4540 expresserat.
3446 4466 3578 4540 Sese

1914 4537 2061 4596 Velle
2086 4546 2148 4594 ut
2200 4551 2338 4595 suas
2394 4539 2455 4594 in
2498 4539 2662 4594 sedes
2703 4537 2959 4607 episcOpi
3001 4537 3468 4605 restituerentur,
3525 4539 3574 4592 si

131 4608 548 4693 Dorileensem,
576 4608 678 4694 qui
696 4608 932 4694 apertus
950 4627 1006 4678 et
1027 4608 1500 4694 praecipuuserat
1530 4623 1799 4694 Eutychii
1831 4615 1883 4675 D
1916 4612 2361 4694 τεξῖρῧεοθΐβηεξ
2386 4611 2585 4694 ωυηο,
2609 4618 2799 4694 ειιιιεξω
2855 4608 3043 4694 ωδὲίε(
3082 4608 3276 4694 “fini;
3321 4621 3391 4694 99
3423 4608 3575 4694 990}!

129 4693 1236 4762 accusator,acFlavianumConstantin
1279 4693 1804 4765 politanumipsius

130 4765 470 4835 episcopum
498 4780 565 4822 ac
618 4767 870 4835 primum
920 4766 1204 4831 Iudicem,
1261 4766 1362 4836 qui
1421 4769 1489 4820 ad
1547 4772 1800 4821 sanctam

131 4837 326 4891 sedem
359 4838 688 4908 provocavit
705 4838 778 4893 ab
806 4837 882 4893 iis
906 4835 1177 4893 omnibus
1204 4835 1332 4908 quae
1358 4837 1418 4893 in
1439 4849 1505 4892 eo
1550 4837 1802 4893 concilio

130 4908 360 4963 sancita
382 4906 630 4965 fuerant.

205 4979 307 5034 Vir
355 4981 489 5035 item
532 4980 766 5048 sapiens
825 4979 1215 5036 Theodoretus
1237 4977 1295 5050 (ἱ)
1317 4979 1448 5050 Cyri
1503 4979 1708 5048 praesul
1738 4980 1797 5034 in

127 5049 457 5123 Antiochiae
487 5051 884 5123 patriarchatu
909 5063 944 5106 a
990 5049 1283 5106 sententia
1319 5050 1709 5123 depositionis
1737 5052 1798 5106 in

128 5121 333 5194 gelata
375 5122 447 5179 ad
487 5120 883 5194 apostolicam
930 5123 1121 5194 sedem
1169 5120 1466 5191 appellans
1513 5121 1794 5194 confugit.

128 5190 254 5249 Uno
276 5190 594 5266 eodemque
619 5200 875 5266 tempore
926 5190 1284 5264 superiorem
1335 5196 1595 5264 augustae
1641 5190 1799 5250 sedis

195 5297 274 5374 (α)
312 5300 435 5374 Lib-
478 5316 711 5374 umn-
736 5299 792 5374 3-

219 5370 271 5443 b)
306 5373 493 5445 Epist.
524 5370 746 5445 '409'ad
779 5374 966 5445 episc.
1002 5386 1160 5444 prov.
1186 5370 1402 5431 Arelat.

217 5441 275 5585 θ)
302 5441 487 5572 ac
518 5441 586 5573 ξ’.
1051 5444 1117 5501 Α·

218 5531 275 5585 α)
333 5531 402 5572 ιιι
428 5531 485 5589 δ,
518 5531 586 5573 aa
635 5531 786 5573 r‘iav.
816 5531 906 5587 ep.

215 5586 261 5660 e)
299 5586 356 5642 S.
382 5590 529 5660 Petr.
569 5588 903 5660 Chrysolog.
943 5587 1116 5659 epist.
1142 5587 1213 5646 ad
1262 5586 1503 5660 Eutych.

297 5659 486 5729 Epist.
534 5659 667 5729 Flav
690 5661 761 5716 ad
809 5659 977 5716 Léon.
1005 5660 1109 5718 PP.

214 5728 268 5801 g)
306 5728 492 5801 Epist.
542 5728 611 5788 42
651 5736 710 5788 et
736 5730 822 5787 43.

218 5802 273 5874 Ii)
310 5804 504 5874 Epist.
537 5801 626 5859 45.

218 5806 273 5874 Ii)
310 5806 504 5874 Epist.
537 5806 626 5859 45.

194 5806 257 5949 δ)
292 5874 660 5947 Theodoret.,
739 5872 911 5946 epist.
974 5870 1079 5932 443
1123 5876 1181 5933 et
1240 5871 1362 5934 426.

1916 4678 2196 4752 potierem
2226 4678 2366 4738 tuiti
2396 4687 2594 4738 essent
2616 4686 2852 4751 partem,
2884 4692 2916 4734 e
2954 4678 3205 4750 pmpriis
3236 4679 3391 4749 pulsi
3414 4686 3578 4752 erant

1912 4749 2210 4809 Ecclesiis.
2239 4749 2943 4823 Summopere‘cavendum
2984 4752 3062 4823 iis
3088 4762 3245 4823 esse,
3291 4762 3361 4805 ne
3408 4749 3571 4821 quid,

1912 4824 2282 4896 Eutychetem
2308 4820 2665 4896 damnantes,
2700 4823 2964 4878 Nestorio
3005 4820 3394 4896 indulgerent.

1984 4892 2175 4968 Legati
2205 4896 2422 4968 synodo
2466 4892 2838 4965 praesidentes
2860 4893 3113 4968 eamdem
3143 4892 3436 4960 inchoant,
3468 4892 3579 4968 de-

1910 4962 2196 5022 clarantes
2223 4962 2515 5035 pontificis
2559 4970 2800 5020 mentem
2842 4978 2967 5018 esse
2990 4962 3062 5033 (q)
3086 4970 3150 5018 ut
3194 4977 3474 5019 concessu
3501 4963 3573 5019 ab

1912 5038 2017 5094 illo
2039 5040 2353 5093 Dioscorus
2388 5037 2749 5103 excludatur,
2810 5037 3133 5104 usquedum
3185 5035 3335 5103 apud
3382 5036 3575 5090 Patres

1910 5115 2183 5180 tanquam
2217 5122 2375 5165 reum
2404 5120 2466 5163 se
2496 5106 2736 5180 stiterit,
2762 5107 3151 5180 rationemqve
3178 5105 3443 5180 retulerit
3468 5118 3573 5180 au-

1909 5177 2090 5237 daciai
2115 5194 2253 5252 suae,
2287 5194 2401 5252 qua
2423 5177 2835 5235 mcumenicam
2865 5178 3054 5248 coegit
3099 5177 3382 5247 synodum
3411 5177 3574 5234 nulla

1978 5285 2262 5431 ἕρ)
2306 5284 2448 5416 ἓὲίιο
2513 5355 2776 5430 Chalced.
2850 5370 2973 5428 par.
3007 5369 3047 5426 ι,
3134 5353 3305 5430 ιι.25,
3352 5354 3443 5429 26,
3499 5352 3572 5414 27

1912 5444 1971 5495 et
2003 5430 2095 5486 '28-
2154 5430 2159 5431 ί

1983 5501 2415 5588 gl)‘Epist._33.
2553 5572 2608 5588 Μ
2670 5572 2713 5588 ’γ
2773 5573 2790 5588 _
2896 5586 2945 5588 μ
3026 5569 3064 5588 Α
3114 5584 3139 5588 Δ
3192 5572 3203 5588 ι

1984 5569 2276 5659 (ᾠλᾹραᾶ
2320 5587 2480 5659 conn'c.
2549 5572 2813 5632 Chalced.
2887 5586 2989 5645 par
3026 5569 3082 5647 2,
3111 5584 3166 5627 n.
3190 5570 3284 5630 33.

1968 5642 2045 5868 gi
2274 5643 2466 5773 "is?"
2900 5684 2903 5691 ’

2036 5786 2417 5868 )Epist._§7._
2507 5860 2522 5868 _
2694 5864 2703 5868 Δ
2771 5855 2785 5868 ι

1976 5786 2052 5868 ip)
2089 5786 2271 5861 Epist.
2310 5786 2396 5845 47.

1976 5867 2052 5941 (q)
2089 5860 2571 5935 Conc.Chalced.,
2618 5864 2730 5919 act.
2762 5855 2813 5920 4.
