3912 6452
321 422 430 480 963

1121 422 1214 476 AD
1251 415 1686 476 ANASTASIUM
1725 416 2240 474 PROLEGOMENA
2278 419 2454 474 EDIT.
2502 418 2934 475 ROM.-VATIC.
3638 421 3737 478 964

311 563 379 604 ex
409 545 736 616 apostolicae
757 545 912 600 sedis
966 545 1327 612 auctoritate,
1369 559 1483 600 rem
1531 558 1766 613 prorsus
1791 544 1963 597 inau-
1986 542 2049 606 A
2076 557 2447 615 quascunque
2486 543 2850 616 ﬁrmissimas
2870 545 3110 616 putant,_
3147 541 3594 616 praeseferentes,
3657 547 3740 602 uti

310 621 512 684 ditam,
547 630 673 686 quae
703 622 833 672 ante
856 617 911 670 id
955 617 1228 684 temporis
1254 630 1434 686 neque
1478 616 1752 685 permissa
1783 628 1967 684 neque

311 689 460 745 facta
507 701 758 758 unquam
802 687 1005 758 fuerat.
1064 687 1436 751 Quamobrem
1481 701 1510 742 e
1555 689 1778 742 Patrum
1826 699 1970 758 con—

310 775 472 816 sessu
503 757 779 828 expulsus
807 757 940 822 fuit,
965 763 1020 812 et
1044 771 1074 812 e
1119 760 1410 813 contrario
1453 758 1839 814 Theodoretus
1863 757 1973 811 ad-

312 833 547 897 missus,
572 830 673 900 qui
701 844 768 884 ex
800 831 1082 900 sententia
1135 829 1428 897 pontiﬁcis
1478 829 1763 897 propriam
1793 828 1850 882 in
1879 840 1973 882 se-

308 903 437 959 dem
463 899 652 957 fuerat
678 901 1011 955 restitutus.
1040 899 1413 954 Convincitur
1434 901 1742 954 Dioscorus
1759 901 1820 952 D.
1848 900 1976 953 Leo-

312 975 406 1028 nis
428 972 811 1042 Dogmaticam
835 969 1042 1040 Ephesi
1064 971 1198 1025 dolo
1233 971 1378 1025 malo
1399 972 1789 1038 suppressisse
1807 982 1976 1042 quam

311 1040 549 1099 concilii
582 1045 775 1096 Patres
799 1055 996 1096 omnes
1045 1055 1184 1109 pure
1209 1055 1274 1096 ac
1303 1042 1652 1110 simpliciter
1681 1055 1739 1095 se
1783 1040 1976 1095 susci-

309 1129 444 1185 pere
514 1113 756 1185 proﬁtur
818 1128 936 1166 eam
983 1127 1160 1166 omnes
1188 1109 1473 1185 ipromp'te‘
1535 1109 1974 1185 suscipimus_(a).

309 1181 590 1241 Altera—in
621 1184 844 1239 actione
873 1187 1161 1236 testantur
1187 1181 1392 1237 Patres
1426 1182 1640 1251 absque
1666 1183 1821 1237 omni
1850 1181 1976 1235 for-

313 1257 555 1312 mulaac
601 1254 1020 1310 deliberatione
1076 1253 1260 1308 eidem
1291 1267 1350 1308 se
1403 1253 1659 1321 epistolae
1712 1252 1976 1307 subscri-

312 1326 804 1397 psisse.Epistolw
841 1338 1019 1397 omnes
1071 1324 1512 1397 subscripsimus.
1573 1325 1770 1397 Veram
1831 1324 1888 1397 in
1911 1335 1976 1377 ea

312 1393 476 1455 ﬁdem
504 1393 799 1454 continere
832 1393 1220 1463 aﬁirmarique
1252 1399 1626 1465 cognoscunt,
1657 1393 1892 1459 perinde
1911 1406 1977 1447 ac

313 1472 543 1525 Niczeno
603 1469 663 1524 in
721 1465 1014 1537 symobolo
1083 1471 1412 1537 sanctorum
1487 1465 1801 1519 traditione
1867 1466 1979 1518 Pa—

309 1549 465 1597 trum
497 1541 598 1611 qui
641 1536 771 1607 post
806 1550 946 1611 eam
974 1536 1254 1611 synodum
1311 1538 1589 1611 ﬂoruere:
1648 1549 1892 1611 cumque
1913 1547 1978 1588 ea

312 1607 553 1668 recitata
597 1615 806 1670 essent,
859 1607 1044 1662 eidem
1094 1607 1266 1660 etiam
1317 1607 1575 1676 epistolae
1642 1607 1978 1675 plaudentes

310 1683 638 1738 clamarunt
699 1682 891 1734 Patres
942 1678 1056 1746 jam
1093 1691 1152 1731 se
1201 1677 1650 1746 subscripsisse:
1702 1679 1810 1732 Nos
1853 1677 1977 1745 jam

309 1755 752 1821 subscm‘ps-imus.
833 1749 1025 1821 Tertia
1087 1748 1145 1821 in
1195 1750 1420 1804 actione
1475 1747 1730 1821 pontifex
1774 1748 1977 1802 archi—

309 1820 567 1893 episcopi
603 1820 953 1878 universalis
986 1820 1214 1874 nomine
1239 1827 1640 1893 nuncupatur;
1667 1820 1975 1893 damnatur

2081 612 2528 684 pontiﬁci‘ﬁdem
2563 615 2794 680 faciant,
2819 612 3460 685 commendationesque
3501 615 3739 672 afferen—

2080 694 2164 742 tes
2195 701 2318 756 quae
2347 688 2592 741 maximo
2619 685 2733 741 sibi
2787 685 2918 740 usui
2972 684 3041 739 ad
3099 684 3438 741 movendum
3525 689 3739 757 pontiﬁ-

2080 759 2168 813 cis
2183 760 2439 812 animum
2471 759 2588 812 sint
2631 757 2859 812 futurae.

2153 827 2414 884 Pontifex
2439 828 2832 884 deﬁnitionem
2872 841 3096 883 summa
3117 833 3172 884 et
3224 836 3381 885 certa
3460 829 3569 886 ﬁde
3621 845 3742 888 con-

2085 900 2334 955 ﬁrmavit
2363 913 2458 969 per
2489 901 2710 972 litteras
2739 900 2808 955 ad
2857 899 3178 972 Galliarum
3215 902 3522 972 episcopos
3553 901 3646 972 (g),
3678 905 3742 958 ad

2090 971 2898 1043 imperatoremMarcianum,
2948 969 3016 1025 ad
3071 969 3436 1026 Pulcheriam’
3497 969 3742 1043 impera-

2088 1043 2308 1117 tricem,
2367 1043 2433 1096 ad
2490 1042 2820 1117 Anatolium
2866 1042 3594 1117 Constantinopolitanum’
3633 1044 3734 1117 th);

2087 1115 2268 1169 multo
2297 1119 2484 1169 autem
2511 1115 2770 1183 apertius
2819 1115 2888 1169 ad
2943 1114 3242 1183 episcopos
3292 1115 3391 1184 qui
3468 1114 3741 1184 synodum

2085 1185 2828 1242 celebraverant.Canonem
2860 1198 2992 1240 vero
3046 1186 3594 1241 duodetricesimum
3649 1202 3743 1256 pro

2083 1257 2658 1324 ConstantinOpoleos
2683 1257 2953 1312 cathedra
3003 1257 3234 1326 penitus
3288 1257 3506 1325 rejecit.
3549 1258 3745 1328 reique

2087 1329 2362 1382 certiores
2389 1328 2523 1382 fecit
2558 1328 2773 1383 litteris
2807 1329 3010 1383 iisdem
3040 1328 3199 1383 viros
3232 1328 3364 1382 illos
3396 1330 3746 1397 praestantis-

2087 1400 2286 1467 simos,
2312 1400 2636 1468 litterisque
2657 1400 2793 1454 aliis
2811 1412 2927 1454 rem
2950 1399 3128 1468 ipsam
3149 1400 3597 1454 communicavit
3619 1414 3742 1455 cum

2085 1470 2474 1526 Alexandrino
2493 1478 2550 1526 et
2585 1471 2942 1526 Antiocheno
3007 1469 3455 1539 patriarchis(i),
3501 1485 3744 1540 quorum

2091 1543 2405 1610 praesertim
2442 1543 2710 1597 intererat
2738 1555 2802 1612 ea
2834 1541 3076 1608 novitas,
3111 1555 3358 1612 cumque
3379 1541 3609 1612 aliquot
3634 1542 3747 1611 epi-

2089 1613 2282 1681 scopis
2311 1615 2640 1668 eorumdem
2665 1611 3062 1683 suﬁ'raganeis.

2157 1685 2212 1738 S.
2293 1685 2585 1752 pontiﬁcis
2659 1687 2975 1739 auctoritas
3033 1685 3398 1741 exsecutione
3441 1683 3751 1754 prohibuit

2090 1752 2243 1808 hunc
2273 1768 2546 1810 canonem
2572 1773 2586 1825 ς
2613 1756 2761 1824 quod
2798 1755 2933 1809 licet
2962 1756 3194 1810 moleste
3239 1756 3411 1811 ferret
3443 1752 3751 1810 ‘Constan—

2087 1825 2410 1894 tinopoleos
2457 1826 2662 1894 praesul
2691 1826 2773 1896 (1'),
2849 1830 3034 1880 tamen
3089 1827 3160 1881 ab
3211 1828 3551 1896 imperatore
3604 1839 3752 1881 con-

307 1890 732 1968 deponi‘turQUc
753 1894 1079 1968 Οἰοδροιζυε,
1107 1897 1224 1968 illm
1247 1892 1449 1968 variis
1473 1890 1969 1968 nominib08,_tum
1999 1903 2052 1964 Β
2087 1890 2278 1952 tentus
2309 1897 2366 1951 in
2402 1890 2587 1953 oﬁicio
2617 1890 2747 1968 erga
2764 1896 3054 1964 pontiﬁcis
3073 1890 3442 1967 voluntatem,
3477 1898 3614 1952 huic
3650 1898 3750 1950 imi

308 1961 772 2034 eo’potissimum
803 1962 941 2032 quia
976 1961 1384 2034 impedimento
1426 1961 1610 2016 fuerat
1659 1961 1973 2034 quominus

306 2032 622 2092 eaelitterae
654 2035 979 2105 legerentur
1008 2032 1214 2105 Ephesi
1250 2046 1452 2105 magno
1492 2046 1621 2087 cum
1673 2032 1972 2105 catholica:

306 2109 573 2162 Ecclesia:
603 2102 891 2169 seandalo,
920 2116 1044 2172 quae
1069 2103 1186 2172 jam
1241 2103 1405 2172 plura
1455 2116 1718 2172 perpessa
1766 2102 1970 2157 fuerat.

305 2178 366 2233 In
389 2180 612 2234 actione
636 2182 860 2248 quarta,
892 2175 1228 2248 interrogati
1263 2177 1452 2248 Patres
1477 2173 1547 2248 ab
1582 2173 1974 2248 imperatoriis

308 2245 763 2319 inquisitoribus
791 2255 984 2319 utrum
1034 2245 1154 2319 divi
1185 2245 1972 2319 Leonisepistolaeouveni-

304 2315 405 2375 ret'
420 2335 548 2376 cum
573 2319 703 2375 ﬁdei
737 2316 1205 2387 expositionibus
1242 2317 1623 2371 conciliorum
1666 2315 1882 2387 Nicaeni
1916 2320 1972 2369 et

301 2385 962 2459 Constantinopolitani,
997 2387 1254 2455 epistolae
1307 2389 1513 2442 iterum
1565 2385 1962 2459 acclamavere.

301 2463 499 2532 Itaque
530 2457 696 2529 nihil
713 2467 799 2515 est
827 2457 1044 2532 certius
1066 2472 1205 2532 pura
1236 2459 1611 2532 simplicique
1641 2457 1970 2532 acceptione

305 2527 860 2601 ista'Magni‘Leonis
882 2529 1141 2596 epistolae
1171 2530 1229 2601 in
1268 2528 1718 2582 Chalcedonenst
1764 2527 1968 2601 conci-

301 2603 404 2670 lio,
433 2597 719 2671 quidquid
753 2605 1054 2655 autument
1085 2600 1184 2666 qui
1219 2611 1498 2671 suprema:
1552 2603 1760 2671 sancta
1809 2597 1969 2671 sedis

299 2667 637 2728 auctoritati
678 2672 1088 2736 adversantur;
1143 2682 1382 2736 quorum
1443 2669 1564 2736 ipse
1617 2667 1967 2735 objectiones

301 2743 452 2798 dilui
487 2755 608 2797 mea
641 2745 699 2794 in
750 2736 1078 2810 DOgmatica
1119 2739 1374 2810 Historia
1403 2738 1494 2807 (b).

373 2813 537 2868 Actio
570 2813 771 2881 quinta
803 2806 1428 2881 pi-Opositionemhanc
1462 2815 1714 2881 nostram
1739 2807 1967 2881 egregie

299 2879 620 2940 conﬁrmat.
647 2881 895 2936 Concilii
929 2882 1118 2935 Patres
1146 2879 1277 2934 ﬁdei
1306 2879 1700 2934 deﬁnitionem
1736 2879 1964 2932 instru—

299 2960 523 3023 xerant,
550 2966 720 3022 quam
780 2951 997 3023 legati,_
1033 2957 1233 3023 utpote
1280 2951 1472 3023 minus
1521 2951 1713 3023 omnia
1761 2949 1964 3023 expri-

300 3020 719 3093 mentem‘qute
773 3020 1097 3093 do‘gmatica
1148 3021 1394 3090 epistola
1449 3026 1649 3075 contra
1682 3020 1964 3093 haeresim

297 3091 628 3161 deﬁniebat,
654 3091 992 3162 rejecer’unt.
1033 3091 1219 3159 Quare
1252 3093 1331 3162 ii,
1392 3094 1615 3146 tametsi
1663 3091 1965 3162 deﬁnitio-

300 3181 428 3222 nem
453 3167 613 3221 illam
646 3161 1143 3234 pertinacistudio
1164 3161 1552 3230 defenderent,
1584 3173 1832 3217 attamen
1865 3161 1963 3216 ubi

299 3243 659 3325 agnoverunt
687 3235 1137 3325 discrepantiam
1180 3249 1306 3303 quae
1324 3247 1450 3325 eam
1482 3235 1632 3288 inter
1655 3235 1966 3325 et.dogma-
1996 3261 2045 3325 Ο

298 3303 471 3363 ticam
501 3307 805 3376 epistolam
837 3307 1131 3372 intererat,
1163 3306 1511 3374 quantocius
1541 3317 1686 3376 eam,
1716 3303 1807 3376 ita,
1832 3318 1963 3357 mu-

299 3384 515 3442 tarunt,
540 3374 617 3433 ut
642 3390 807 3432 omne
831 3377 1147 3432 discrimen
1203 3383 1581 3430 amoveretur.
1638 3374 1966 3429 Marcianus

300 3451 631 3519 imperator,
667 3449 768 3518 qui
825 3448 1077 3503 concilio
1108 3517 1117 3519 _
1147 3445 1445 3519 adfuit(c),
1512 3447 1876 3519 provisurum
1908 3459 1967 3519 se

296 3517 480 3577 ait‘ne
510 3522 646 3589 quis
681 3517 1058 3587 imposterum
1090 3517 1160 3572 de
1219 3517 1490 3586 mysterio
1545 3517 1966 3589 Incarnutionis

295 3594 500 3648 docere
528 3587 767 3646 auderet
809 3590 969 3645 aliud
1022 3601 1192 3659 quam
1221 3589 1370 3658 quod
1397 3587 1687 3659 apostoli,
1746 3587 1962 3641 Nicaani

296 3665 492 3718 Patres
519 3667 574 3716 et
621 3664 729 3717 Leo
779 3658 1054 3730 pontifex
1092 3661 1150 3715 in
1204 3658 1449 3728 epistola
1499 3660 1568 3714 ad
1629 3659 1959 3713 Flavianum

298 3734 684 3790 tradiderunt.

367 3808 520 3861 Inter
542 3803 1025 3860 Chalcedonensis
1049 3801 1286 3858 concilii
1318 3814 1562 3857 canones
1588 3801 1963 3857 duodetrice—

296 3877 482 3932 simus
503 3875 675 3930 tertio
709 3875 1014 3940 inhaerens,
1067 3873 1725 3942 Constantinopolitanae
1757 3871 1961 3942 synodi

297 3947 529 4017 praesuli
555 3945 718 4001 urbis
750 3947 922 4014 hujus
950 3946 1192 4017 alterum
1227 3945 1286 3998 in
1314 3944 1567 4017 Ecclesia
1594 3944 1781 4017 locum
1814 3957 1962 3998 con—

294 4015 469 4085 cedit,
493 4022 664 4086 atque
693 4030 804 4070 una
820 4017 994 4071 simul
1019 4015 1457 4086 patriarchalem
1485 4015 1958 4083 jurisdictionem

299 4091 356 4144 in
390 4088 576 4153 Ponti,
604 4089 752 4142 Asiae
784 4089 1026 4142 Minoris
1057 4095 1113 4141 et
1140 4087 1395 4142 Thraciae
1445 4087 1805 4141 exarchatus.
1851 4087 1950 4139 Le-

295 4161 438 4231 gati,
494 4159 593 4230 qui
649 4160 946 4214 consessui
997 4172 1110 4231 non
1163 4159 1403 4231 aderant
1447 4171 1576 4231 cum
1624 4156 1957 4225 hujusmodi

293 4227 476 4287 canon
510 4227 624 4286 fuit
673 4232 1009 4299 propositus
1038 4229 1133 4299 (ιι),
1179 4229 1459 4282 acerrime
1479 4227 1762 4282 adversati
1797 4232 1954 4294 sunt,

296 4303 396 4358 ubi
417 4303 488 4358 de
516 4307 639 4356 rato
669 4304 862 4357 eodem
916 4301 1175 4355 habendo
1204 4306 1394 4354 actum
1422 4305 1542 4365 est;
1573 4304 1632 4351 at
1686 4299 1960 4367 quoniaa

293 4373 632 4444 suffragatio
663 4386 731 4427 ne
765 4372 1093 4444 procederet
1108 4370 1337 4444 frustra
1383 4369 1822 4444 contenderunt,
1855 4369 1962 4424 de-

293 4452 450 4502 creto
480 4440 956 4511 i’ntercessérunt,
985 4441 1252 4496 adhibito
1308 4440 1742 4509 protestationis
1771 4453 1834 4494 ac
1867 4453 1962 4493 re-

293 4516 660 4572 clamationis
724 4515 999 4583 remedio,
1058 4518 1114 4566 et
1182 4513 1251 4566 ad
1339 4511 1526 4566 sedem
1589 4511 1958 4580 apostolicam

293 4593 692 4657 provocarunt.

2084 1975 2341 2039 peratore
2404 1971 2599 2025 eodem
2669 1974 2923 2039 cogente,
2980 1982 3078 2038 per
3145 1969 3416 2039 epitolam
3479 1968 3752 2038 obsequii

2088 2037 2310 2107 plenam
2345 2039 2650 2094 satisfecit.

2156 2111 2297 2164 Divo
2326 2111 2498 2165 Leoni
2554 2111 2800 2166 maxime
2830 2110 2888 2165 id
2937 2111 3096 2168 cordi
3129 2119 3271 2173 erat,
3302 2116 3366 2168 ut
3390 2110 3672 2168 omnibus
3695 2109 3752 2164 in

2085 2183 2371 2234 terrarum
2399 2182 2560 2237 orbis
2589 2183 2859 2239 Ecclesiis
2890 2181 3052 2237 ﬁdem
3109 2183 3529 2240 incarnationis
3577 2181 3752 2236 Verbi

2083 2264 2392 2324 per_suam
2443 2252 2825 2324 dogmaticam
2863 2253 3166 2322 epistolam
3229 2255 3540 2310 stabiliret.
3597 2254 3760 2306 Hanc

2082 2321 2349 2376 Ecclesia?
2375 2321 2688 2394 Gallicana:
2718 2331 2875 2380 tanto
2896 2321 3024 2379 cum
3053 2327 3266 2394 gaudio
3283 2325 3556 2394 amplexae
3585 2329 3756 2387 sunt,

2081 2399 2359 2465 quantum
2389 2407 2499 2448 non
2533 2393 2701 2449 facile
2742 2395 3019 2463 explicari
3048 2393 3236 2450 verbis
3279 2393 3459 2464 posSit
3485 2395 3573 2465 (k).
3607 2394 3763 2448 Una-

2081 2463 2223 2516 nimi
2257 2464 2547 2532 siquidem
2576 2479 2855 2520 consensu
2900 2477 3096 2519 omnes
3146 2463 3472 2520 fatebantur
3494 2463 3568 2521 ac
3596 2478 3765 2533 prae-

2077 2532 2351 2587 dicabant
2406 2537 2780 2601 apostolicam
2842 2536 3050 2601 sedem,
3125 2537 3276 2589 unde
3332 2532 3767 2602 epistola’erat

2079 2601 2352 2672 profecta,
2388 2605 2553 2658 illum
2583 2618 2707 2660 esse
2741 2604 3025 2662 additum.
3059 2617 3126 2658 ex
3177 2617 3288 2673 quo
3319 2601 3555 2658 sanctus
3591 2605 3764 2659 idem

2076 2675 2332 2743 Spiritus
2364 2675 2465 2744 qui
2502 2675 2796 2744 apostolos
2850 2673 3087 2742 replevit
3135 2675 3399 2736 scientia,
3445 2673 3769 2729 emittebat

2077 2744 2343 2799 oracula:
2370 2747 2691 2801 doctrinam
2722 2747 2866 2814 ejus,
2891 2745 2991 2799 Dei
3051 2757 3174 2800 esse
3218 2745 3540 2800 doctrinam
3573 2761 3589 2809 ς
3619 2744 3768 2799 Sal—

2076 2821 2323 2870 vatorem
2361 2817 2546 2885 ipsum
2575 2813 2994 2872 incarnationis
3014 2830 3131 2871 suae
3188 2815 3524 2885 mysterium
3562 2813 3762 2869 homi-

2077 2886 2252 2941 nibus
2301 2889 2524 2942 tradere
2547 2901 2644 2957 per
2697 2903 2760 2943 os
2793 2888 3033 2942 Romani
3087 2887 3398 2956 pontiﬁcis,
3446 2885 3544 2939 cui
3576 2897 3761 2957 acce—

2079 2965 2227 3026 ptam
2258 2954 2568 3013 Gallicanae
2603 2959 2863 3014 Ecclesiae
2890 2957 3054 3013 ﬁdem
3088 2954 3231 3012 verte
3255 2957 3558 3027 religionis
3588 2954 3759 3011 refe-

2078 3028 2298 3090 rebant,
2325 3037 2382 3084 et
2410 3031 2740 3086 arctissimo
2780 3035 2951 3099 atque
2980 3028 3282 3083 insolubili
3311 3027 3758 3096 conjunctionis

2077 3099 2310 3169 vinculo
2357 3101 2745 3156 adhaerebant.
2803 3100 3210 3169 Hispanienses
3263 3099 3547 3154 Ecclesias
3589 3101 3754 3169 tanti

2080 3168 2262 3240 fuisse
2293 3179 2585 3240 compotes
2612 3171 2875 3227 beneﬁcii
2913 3168 3092 3225 Sancti
3137 3171 3393 3239 ejusdem
3448 3168 3756 3239 pontiﬁcis

2077 3239 2285 3314 litterae
2308 3239 2437 3314 nos
2469 3241 3215 3314 docent(l).iltalasAlpium
3263 3241 3755 3314 ﬁnitimastradit

2076 3313 2397 3380 Leoipsius
2426 3314 2676 3368 decretis
2700 3311 3147 3381 subscripsisse,
3204 3325 3422 3368 necnon
3475 3311 3752 3379 diligen—

2079 3383 2302 3437 tissime
2321 3383 2620 3439 obsecutas
2659 3383 2840 3439 fuisse
2855 3383 2960 3455 (ιη).
3003 3383 3230 3446 Oriens,
3257 3391 3454 3453 utpote
3473 3381 3754 3455 procellis

2077 3467 2299 3525 semper
2319 3467 2385 3508 ac
2414 3451 2868 3524 tempestatibus
2893 3451 3146 3525 agitatus
3194 3451 3339 3524 plus
3375 3466 3543 3525 quam
3565 3451 3755 3525 Occi—

2077 3524 2269 3596 dentis
2299 3522 2626 3593 provincize,
2659 3522 3144 3596 tranquillitatem
3174 3522 3362 3581 serius
3394 3522 3752 3596 praesetulit.

2077 3595 2140 3648 In
2174 3591 2476 3650 Palaestina
2499 3591 2842 3653 desCendere
2865 3597 2933 3652 ad
2996 3597 3108 3651 vim
3137 3591 3407 3666 oportuit
3421 3603 3484 3652 ut
3507 3594 3574 3649 ad
3610 3591 3752 3648 oﬁi-

2077 3666 2233 3720 cium
2260 3668 2523 3722 monachi
2600 3667 3122 3738 reducer_entur(n),
3184 3669 3285 3738 qui
3355 3681 3495 3737 pene
3543 3677 3752 3719 omnes

2077 3737 2778 3810 Eutychetissectatores
2830 3735 2965 3794 facti
3024 3735 3219 3805 erant,
3258 3735 3747 3810 cogerenturque,

2077 3808 2304 3862 relictis
2339 3809 2604 3865 ecclesiis
2632 3824 2775 3880 quas
2804 3813 3150 3878 invaserant,
3178 3808 3410 3879 prOpria
3441 3809 3509 3863 ad
3536 3819 3754 3880 mona—

2076 3880 2505 3952 steriareverti.
2538 3884 2597 3936 In
2616 3879 2940 3952 Egyptum,
2966 3880 3064 3936 ubi
3083 3882 3510 3952 dogmaticteD.
3536 3879 3753 3932 Leonis

2071 3950 2329 4019 epistola:
2356 3952 2634 4007 nonnulla
2690 3950 2948 4021 exempla
3006 3950 3358 4021 irrepserant
3409 3951 3748 4021 depravata,

2071 4035 2197 4094 qua:
2224 4020 2904 4094 Nestorianismierrorés
2941 4020 3289 4078 inducebant
3309 4022 3398 4094 (ο),
3429 4029 3586 4077 certa
3615 4020 3752 4074 mit-

2067 4093 2237 4148 tenda
2290 4090 2526 4148 fuerunt
2544 4094 2802 4163 exempla
2831 4095 3118 4164 imperiali
3149 4096 3197 4148 si
3246 4090 3602 4163 no‘;'necnon
3630 4103 3752 4144 ma-

2069 4162 2415 4220 gistratibus
2437 4167 2695 4220 mandari
2729 4179 2875 4220 onus
2903 4167 3016 4220 fuit
3043 4172 3106 4220 ut
3137 4110 3326 4220 eagem
3358 4165 3509 4220 clero
3540 4176 3741 4220 ponu-

2069 4162 2415 4234 gistratibus
2437 4167 2695 4220 mandari
2713 4162 2875 4233 ’opus
2903 4162 3016 4220 fuit
3043 4172 3106 4220 ut
3137 4162 3326 4220 eadem
3358 4165 3509 4220 clero
3540 4176 3741 4234 popu-

2072 4233 2241 4305 loque
2269 4233 2496 4303 publice
2524 4235 2866 4305 legerentur.
2901 4239 3031 4292 Post
3075 4236 3351 4292 Marciani
3385 4233 3611 4291 obitum
3638 4245 3742 4286 re—

2073 4304 2440 4377 ligiosissimi
2462 4304 2764 4376 principis,
2791 4308 3150 4377 maximeque
3181 4309 3539 4362 adhaerentis
3585 4317 3739 4372 apo-

2073 4376 2300 4453 stolicze
2344 4376 2487 4445 sedi,
2557 4381 2794 4434 emersit
2851 4376 3064 4453 iterum
3127 4379 3344 4453 erroris
3406 4378 3744 4453 _factio(p);

2076 4446 2441 4527 quamobrem
2481 4453 2741 4527 oportuit
2781 4449 3125 4527 pontiﬁcem
3152 4449 3346 4527 semel,
3403 4450 3618 4504 iterum
3643 4446 3743 4527 ἐἱςέ

2074 4520 2246 4572 tertio
2268 4531 2472 4572 novum
2532 4521 2600 4573 ad
2648 4521 3047 4589 imperatorem
3095 4520 3234 4576 dare
3284 4521 3525 4589 litteras,
3574 4526 3642 4575 ut
3671 4521 3744 4578 ab

2077 4589 2531 4662 insidiistutum
2549 4592 2828 4660 redderet,
2848 4607 2990 4661 quas
3017 4593 3287 4662 religioni
3315 4593 3440 4660 ejus
3460 4591 3747 4661 parabant

363 4660 588 4729 Synodo
639 4656 917 4732 absoluta
964 4655 1172 4732 Patres
1229 4654 1641 4732 imperatorum
1719 4666 1962 4723 r0gave-
1992 4648 2046 4708 D
2077 4659 2353 4732 haeretici,
2405 4661 2686 4716 facilitate
2733 4648 3032 4718 abutentes
3101 4648 3245 4732 q‘uas
3290 4648 3411 4732 ipse
3460 4648 3747 4720 audiebat

294 4727 428 4802 runt
448 4731 511 4802 (ε)
538 4736 602 4785 ιιι
632 4743 756 4802 quae
811 4728 1000 4796 ipsius
1031 4731 1151 4802 erat
1234 4727 1414 4793 pietas
1467 4731 1636 4802 atque
1691 4731 1958 4802 potestas,

291 4795 528 4856 fulciret
579 4795 850 4869 sedisque
892 4797 1222 4869 apostolica:
1275 4795 1619 4851 auctoritate
1669 4795 1964 4869 roboraret

293 4872 424 4927 ﬁdei
454 4866 867 4942 professionem
914 4882 1084 4939 quam
1135 4866 1508 4933 fecerant;se
1560 4880 1759 4942 nempe
1806 4866 1958 4942 apud

289 4939 607 4999 Romanum
663 4942 988 5011 pontiﬁcem
1044 4941 1451 5011 interponeret,
1501 4939 1961 5011 conﬁrmationis

290 5027 463 5069 causa
492 5009 887 5082 impetranda.
934 5015 1129 5068 Postea
1181 5009 1441 5079 pontiﬁci
1490 5010 1782 5064 mittentes
1833 5015 1958 5064 acta

289 5087 482 5138 omnia
502 5085 761 5153 concilii,
789 5099 886 5152 per
931 5083 1262 5154 synodicam
1287 5087 1456 5154 orant
1499 5087 1562 5136 ut
1591 5082 1784 5136 eadem
1813 5093 1958 5136 con-

292 5155 520 5210 ﬁrmare
548 5168 661 5210 non
699 5152 1044 5225 dedignetur
1072 5152 1159 5224 (f).
1199 5153 1471 5225 Apprime
1513 5158 1704 5206 autem
1753 5159 1957 5222 urgent

291 5227 531 5281 canonis
575 5223 1049 5281 duodetricesimi
1108 5223 1622 5290 conﬁrmationem,
1682 5224 1953 5300 rationes,

361 5331 434 5404 (α)
473 5333 617 5389 Ibid.

361 5399 432 5476 (b_)
472 5405 593 5460 Lib.
639 5418 694 5476 γ,
725 5417 776 5458 c.
803 5399 857 5457 9.

361 5474 424 5544 lc)
470 5479 590 5529 Act.
623 5474 676 5530 6.

361 5473 424 5595 to)
470 5479 590 5557 Act.
623 5473 689 5530 6.
943 5545 955 5555 '

361 5544 436 5613 (ι)
473 5545 646 5613 Ibtd.,
685 5549 796 5601 act.
823 5542 909 5614 46,
941 5557 1001 5599 ιιι
1044 5543 1145 5614 ﬁn.

360 5613 422 5752 te;
461 5615 631 5685 Idem,
661 5629 780 5684 par.
827 5628 914 5683 in,
943 5629 996 5668 n.
1068 5613 1118 5666 4.

360 5689 370 5748 (
459 5683 627 5752 lbid.,
652 5700 710 5738 n.
738 5683 790 5737 2.

359 5683 422 5752 (γ’)
459 5683 790 5752 1ma.,n.2.

357 5756 429 5822 (9)
472 5755 649 5820 Ερὶδῐ·
678 5757 814 5821 Ιηψ-
856 5767 945 5822 ap.
987 5752 1224 5822 βοηθεῖ.
1265 5752 1546 5822 ,Holsten.

357 5821 428 5892 (ἡ)
469 5823 648 5890 Epist.
689 5823 778 5892 se,
810 5821 1027 5892 et,
1049 5821 1223 5892 55.3:
1249 5821 1342 5876 δι.

357 5884 423 5965 (i)’
453 5884 632 5962 Epist.
660 5884 974 5961 62,63,138
995 5884 1052 5946 et
1095 5884 1217 5942 405.

2071 4731 2417 4811 damnatosa
2439 4737 2634 4811 sancta
2653 4735 2811 4811 sede,
2851 4731 3276 4811 queis__przeter
3321 4731 3741 4811 paenitentiam

2073 4801 2223 4856 nihil
2258 4803 2410 4857 ultra
2432 4810 2554 4857 erat
2585 4801 2896 4874 reliquum“.
2943 4801 3142 4859 Adhuc
3201 4801 3428 4874 insuper
3478 4808 3743 4872 ﬂagitant

2072 4874 2433 5014 (trudicrztaSam,
2473 4890 2594 4927 cum
2638 4876 2888 4930 damnati
2925 4877 3155 4931 debeant
3215 4889 3378 4943 agere
3453 4883 3740 4946 parmten-

2103 4960 2212 4998 tum
2277 4962 2346 5014 q.

2079 4947 2212 4998 tiam
2257 4947 2346 5014 (q).

2146 5017 2226 5069 lta
2268 5017 2826 5091 sensitAugustinus
2841 5033 2970 5076 cum
2987 5019 3046 5074 in
3070 5019 3538 5091 causisgejusdem
3558 5033 3746 5091 gene-

2068 5087 2151 5142 ris
2176 5089 2491 5156 apostolica
2517 5087 2680 5146 sedes
2715 5091 3005 5160 judicium
3054 5091 3212 5146 tulit.
3255 5087 3365 5158 Qui
3400 5087 3598 5146 nostra
3634 5092 3750 5146 hac

2065 5163 2398 5232 tempestate
2421 5162 2563 5215 tanti
2591 5163 2847 5218 doctoris
2875 5162 3205 5232 discipulos
3245 5177 3366 5218 sese
3390 5163 3636 5232 jactant,
3668 5162 3741 5217 ab

2065 5228 2169 5284 hac
2195 5232 2478 5286 sententia
2515 5234 2847 5290 ordirentur
2895 5228 3202 5304 oporteret,
3253 5228 3425 5304 quam
3452 5228 3659 5289 studio
3690 5235 3743 5288 is

2132 5333 2199 5420 ςῇ
2232 5335 2408 5420 Epist.
2454 5339 2621 5420 Anat.
2679 5340 2897 5420 Cp.a_p.
2947 5340 3180 5420 Collect.
3214 5339 3471 5420 I_Iolsten.

2063 5404 2218 5531 αᾏῇ
2238 5407 2420 5475 Epist.
2475 5411 2648 5479 episc.
2713 5404 2862 5468 Gali".
2925 5417 3050 5483 post
3112 5411 3170 5468 S.
3225 5413 3395 5467 Leon.
3461 5410 3638 5480 epist.
3662 5408 3732 5469 54

2154 5547 2190 5617 ι)
2209 5549 2320 5618 Ep.
2385 5547 2478 5606 52.

2152 5617 2222 5690 m)
2260 5617 2388 5675 Post
2427 5635 2514 5690 ep.
2553 5621 2644 5678 52.

2128 5688 2204 5768 tn)
2235 5688 2528 5768 fideMEp.
2573 5692 2669 5749 83'

2126 5761 2194 5829 (0)
2235 5762 2336 5829 Ep.
2375 5761 2466 5817 69.

2117 5831 2190 5910 (ρ)
2227 5833 2415 5910 Epist.
2460 5831 2550 5900 75,
2573 5832 2645 5890 78
2691 5844 2748 5894 et
2775 5837 2864 5910 99,
2898 5841 2968 5896 ad
2998 5841 3170 5897 Leon.
3202 5841 3352 5910 Aug.

2114 5903 2187 5971 (q)
2223 5903 2278 5956 S.
2328 5903 2474 5974 Aug.
2499 5913 2655 5961 cont.
2701 5903 2862 5965 duas'
2891 5913 3065 5982 epist.
3113 5903 3330 5984 Pelagl,’
3371 5912 3413 5968 Ι.
3440 5926 3482 5986 ι,
3532 5914 3591 5969 in
3629 5914 3734 5978 tiu,
