3912 6454
109 435 210 492 965

992 440 1080 493 DE
1122 437 1657 493 PRZEEMINENTIA
1695 437 1780 491 ET
1818 434 2296 493 AUCTORITATE
2338 439 2393 494 S.
2435 439 2646 494 SEDlS.

3427 435 3538 492 966

111 563 331 617 ardenti
364 562 505 617 adeo
548 563 745 634 tuitus
774 571 879 630 est,
930 571 992 620 ut
1026 566 1176 620 inter
1218 571 1452 621 caeteros
1481 564 1747 620 Ecclesia:
1775 562 1834 621 A
1865 579 2032 634 quam
2065 566 2415 621 aecumenica
2444 564 2750 620 haberetur
2775 565 3048 634 synodus,
3078 569 3143 620 ut
3163 579 3302 621 cons
3323 567 3538 622 uetudo

111 635 298 688 Patres
325 634 510 688 locum
536 632 704 689 facile
724 636 1037 704 principem
1064 638 1142 691 sit
1162 644 1478 692 assecutus.
1511 636 1596 691 llli
1621 650 1751 690 vero

112 705 274 775 longe
326 705 486 759 abest
519 711 580 760 ut
612 707 933 774 glorientur
956 722 1082 763 cum
1135 711 1196 762 D.
1245 712 1516 776 Prospero
1547 713 1756 762 sanctae

111 777 262 830 sedis
287 777 634 831 auctoritate
657 778 741 832 uti
759 779 826 832 ad
846 779 1242 847 explicandam
1264 793 1329 835 ac
1347 779 1757 835 defendendam

111 848 165 902 S.
190 847 506 920 Augustini
529 847 881 920 doctrinam;
913 851 1052 919 quin
1071 865 1100 904 e
1121 853 1414 906 contrario
1437 851 1764 920 gloriantur

112 919 546 991 D._Augustini
579 921 985 975 auctoritatem
1031 922 1306 978 adhibere
1332 923 1400 977 ad
1433 921 1765 991 apOstolicae

113 989 269 1044 sedis
309 989 630 1063 doctrinam
681 994 1144 1063 oppugnandam.
1202 994 1380 1048 Iidem
1434 989 1495 1048 ut
1535 993 1767 1047 videant

115 1065 330 1130 quanto
364 1062 422 1116 in
454 1074 647 1116 errore
677 1062 998 1126 versantur,
1033 1069 1251 1120 certum
1299 1064 1443 1119 mihi
1474 1063 1769 1118 delibera—

116 1137 365 1206 tumque!
381 1139 468 1187 est
499 1131 750 1206 breviter
785 1135 878 1206 hic
911 1137 1132 1190 tradere
1166 1136 1452 1206 quidquid
1483 1135 1538 1189 S.
1569 1135 1771 1190 doctor

114 1207 217 1256 aut
245 1204 401 1275 dixit
421 1211 522 1258 aut
545 1205 724 1275 gessit
745 1205 886 1260 aliis
904 1204 1260 1274 temporibus
1285 1204 1553 1262 Ecclesiae
1582 1205 1771 1260 tradi-

114 1275 275 1328 tione
299 1273 588 1330 afﬁrmans
618 1277 802 1345 quoad
837 1278 1325 1346 prmeminentiam
1369 1284 1425 1333 et
1449 1278 1774 1333 auctorita-

118 1349 230 1400 tem
275 1353 485 1401 sanctae
515 1347 691 1401 sedis.

691 1490 1070 1548 ARTICULUS
1089 1492 1202 1549 VII.

121 1599 458 1652 Testimonia
491 1616 559 1654 ea:
587 1600 713 1654 divo
747 1601 1064 1671 Augustino
1091 1603 1277 1673 quoad
1309 1603 1780 1672 praeminentium

505 1677 556 1725 et
590 1677 966 1728 auctoritatem
999 1681 1194 1728 sancta:
1224 1675 1389 1727 sedis.

187 1778 338 1832 Divo
357 1777 685 1848 Augustino
702 1789 789 1836 ter
819 1782 1185 1848 potissimum
1208 1781 1398 1836 oblata
1416 1780 1642 1836 occasio
1666 1777 1781 1834 fuit

112 1861 284 1902 suam
343 1846 667 1917 proferendi
717 1846 1059 1907 sententiam
1109 1855 1178 1907 de
1217 1853 1560 1907 auctoritate
1607 1864 1776 1922 quam

112 1925 318 1991 sancta
347 1923 512 1976 sedes
532 1931 754 1977 exercet
781 1931 954 1991 atque
995 1937 1256 1978 exercere
1285 1924 1455 1979 debet
1480 1923 1538 1977 in
1583 1921 1780 1976 Eccle—

109 1989 227 2062 sia,
261 2003 390 2045 cum
424 1994 494 2048 de
523 1989 1012 2062 appellationibus
1054 1995 1439 2050 Ecclesiarum
1468 1992 1676 2048 Africa:
1706 1992 1775 2046 ad

109 2059 430 2116 Romanam
463 2059 883 2133 disputaretur.
915 2066 994 2118 Ea
1047 2065 1270 2120 ratione
1321 2071 1553 2119 sanctus
1579 2065 1780 2118 doctor

109 2135 367 2205 ruentem
417 2148 579 2190 suam
637 2135 869 2203 aperuit
920 2137 1075 2190 circa
1125 2135 1529 2205 praarogativas
1581 2147 1777 2189 omnes

105 2202 363 2274 Romani
396 2202 690 2272 pontiﬁcis
731 2211 787 2258 et
807 2207 960 2260 circa
1011 2202 1280 2274 praaSidia
1314 2202 1413 2260 illa
1441 2205 1777 2260 ﬁrmissima

107 2273 340 2340 quibus
373 2275 520 2329 idem
554 2275 810 2343 pontifex
834 2281 922 2330 est
953 2273 1310 2332 inStructus:
1360 2279 1541 2332 centri
1575 2287 1774 2343 nempe

103 2355 177 2416 ac
228 2345 458 2416 vinculi
508 2351 705 2400 contra
751 2347 1065 2402 schismata
1113 2348 1368 2416 supremi
1429 2348 1773 2402 relationum

103 2413 462 2494 interpretis
484 2417 757 2472 adversus
787 2418 1048 2494 haereses,
1089 2413 1260 2489 atque
1289 2418 1496 2473 arbitri
1521 2415 1775 2486 supremi

97 2486 577 2560 juris_adversus
605 2495 970 2560 temeratores
1003 2486 1213 2560 legum.

184 2557 226 2628 ι,
277 2556 612 2628 Donatistae,
665 2561 766 2627 qui
815 2556 1165 2628 baptismum
1231 2561 1439 2616 iterare
1492 2560 1774 2620 volebant.

101 2627 905 2701 S.._Cypria_niauctoritatem
934 2637 1308 2699 usurparunt.
1345 2633 1598 2701 Quorum
1631 2643 1778 2686 con—

102 2697 253 2752 silia
287 2702 350 2772 ut
369 2697 964 2770 eludatAugustinus.
989 2697 1342 2772 Cyprianum
1360 2697 1489 2759 cum
1516 2703 1776 2771 principe

99 2768 510 2842 apostolorum
549 2768 862 2840 comparat,
913 2768 1084 2842 quem
1131 2775 1302 2829 divus
1332 2768 1542 2830 Paulus
1574 2768 1776 2828 redar—

103 2839 266 2910 guit.
300 2839 500 2895 Nihilo
543 2839 726 2897 tamen
763 2839 956 2897 minus
983 2843 1194 2900 fatetur
1224 2846 1396 2901 veteri
1425 2859 1484 2901 se
1514 2854 1580 2900 n3
1611 2858 1774 2900 com—

148 2910 344 2964 aratio
379 2910 496 2986 hajc
519 2912 738 2979 injuria
762 2914 842 2968 sit
873 2915 1004 2969 divo
1037 2917 1219 2985 Petro,
1250 2930 1316 2972 eo
1357 2917 1507 2986 quod
1535 2921 1774 2986 aposto-

129 2994 305 3035 orum
373 2982 638 3056 princeps
686 2999 814 3039 cum
871 2987 1138 3056 episcopo
1190 2982 1307 3042 alio
1361 2982 1522 3043 nullo
1574 2982 1778 3043 debeat

103 3053 462 3130 comparari.
514 3073 540 3105 α
586 3056 786 3130 Magis,
841 3053 1084 3130 inquit,'
1115 3061 1297 3114 vereri
1344 3059 1540 3130 debeo,
1607 3072 1674 3114 ne
1715 3060 1776 3130 in

107 3124 352 3199 Petrum
399 3124 854 3199 contumeliosus
897 3124 1162 3184 eicistam.
1214 3129 1357 3199 Quis
1406 3124 1559 3186 enim
1593 3128 1780 3186 nescit

103 3194 478 3272 apostolatus
509 3196 895 3272 principatum
918 3199 1161 3272 cuilibet
1185 3194 1543 3271 episcopatui
1574 3199 1782 3272 praefe-

106 3266 362 3365 rendum
385 3265 861 3365 ‘t‘rin
897 3271 1056 3365 Bap}.
1107 3265 1246 3326 cont.
1301 3265 1524 3365 Βοξῖιξξε,
1574 3265 1860 3365 iib.‘1i,‘c

107 3350 238 3411 cap.
278 3334 356 3411 4,)
407 3334 534 3393 Μοκ
583 3334 778 3395 (Ιίνιῑῐιι
823 3334 1173 3410 Cyprianum
1219 3358 1320 3411 pro
1346 3334 1514 3400 virlli
1538 3334 1783 3401 conatur

106 3408 462 3487 defendere:
503 3411 825 3487 qNondum
869 3408 1032 3467 enim
1081 3408 1262 3482 aiens,
1295 3420 1418 3487 erat
1469 3416 1781 3487 diligenter

105 3480 213 3554 illa
250 3479 534 3548 baptismi
563 3484 806 3551 quaestio
848 3489 1193 3552 pertractata
1221 3479 1365 3554 ,sed
1394 3479 1780 3543 tamenvsalu—

102 3551 429 3628 berrimam
476 3551 954 3628 consuetudinem
987 3551 1231 3610 tenebat
1262 3557 1559 3612 Ecclesia.
1606 3572 1776 3628 quam

102 3623 284 3699 credo
312 3635 383 3677 ex
403 3623 722 3699 apostolica
745 3625 1061 3682 traditione
1085 3628 1471 3682 venientem...
1500 3643 1598 3697 per
1617 3623 1779 3699 Agri-

108 3696 320 3770 pinum
385 3695 1084 3770 prindecessoremrsuum
1139 3699 1287 3754 dicit
1342 3699 1393 3754 S.
1455 3695 1778 3770 Cyprianus

103 3765 281 3841 quasi
317 3766 568 3841 erupisse
601 3768 837 3841 corrigi.
869 3767 974 3824 Sed
1016 3769 1170 3824 sicut
1199 3765 1552 3840 diligentius
1577 3772 1782 3841 requi-

102 3838 223 3912 sita
275 3837 500 3912 veritas
537 3837 757 3912 docuit,
794 3837 1363 3912 quairrpostimagno's
1393 3837 1782 3898 dubitationis

100 3908 332 3962 ﬂuctus
348 3907 421 3982 _ad
449 3907 692 3982 plenarii
722 3907 1484 3967 concilii'confirmationem
1511 3915 1783 3982 perducta

102 3985 217 4045 est,
239 3978 440 4055 verius
452 3979 823 4055 crediturper
844 3982 1186 4055 Agripin_um
1211 3978 1779 4055 corrumpiccepisse,

105 4064 226 4104 non
249 4049 493 4124 corrigi.
527 4067 553 4098 »
605 4051 850 4124 (ibidem,
899 4049 1034 4122 'cap.
1081 4050 1158 4123 7.)
1201 4049 1521 4124 Cyprianus
1549 4049 1781 4124 quidem

101 4121 597 4196 consuetudinem
631 4121 786 4196 illam
812 4121 1077 4196 videbat;
1112 4121 1255 4179 cum
1273 4121 1298 4176 ιξ
1331 4132 1520 4181 autem
1561 4121 1782 4196 (prose-

105 4194 326 4261 quitur
347 4192 730 4264 Augustinus)
751 4193 1114 4251 defensiones
1137 4197 1326 4264 ipsius
1343 4192 1785 4255 consuetudinis

105 4276 227 4317 non
288 4263 432 4335 tales
480 4262 766 4330 afferrent,
799 4265 1013 4335 quibus
1044 4262 1321 4322 illa’talis
1351 4271 1544 4324 anima
1594 4285 1787 4326 move-

105 4343 295 4408 retur,
337 4332 528 4408 noluit
550 4337 701 4390 nond
717 4332 1062 4392 .im‘assertaa
1082 4340 1492 4395 consuetudini
1518 4345 1784 4408 cedere..,

102 4405 328 4480 lita-luit
361 4407 846 4480 praadecessorum
893 4423 1132 4480 suorum
1183 4414 1454 4480 tanquam
1489 4405 1784 4469 inventum

100 4475 443 4549 defendere.
483 4495 508 4524 υ
531 4478 719 4546 (Ibid,
747 4491 852 4548 cap
880 4478 959 4549 ὃ.)

182 4548 516 4627 Cyprianus
545 4550 770 4604 tandem
799 4557 868 4627 ut
889 4548 1257 4627 Augustinus
1306 4555 1587 4624 observat,
1622 4571 1788 4627 quee-

100 4619 337 4697 _stio_nis
358 4633 638 4697 summam
665 4634 774 4697 non
799 4619 1112 4697 tideimsed
1136 4627 1508 4696 disciplinam
1531 4619 1788 4697 spectare

1866 638 1966 692 illa
1991 639 2221 706 penitus
2244 644 2552 702 teneretur,

2598 649 2853 706 quamam
2883 643 3050 693 esset.
3087 651 3286 708 nempe
3345 645 3537 693 utrum

1869 709 2219 765 universalis
2264 723 2328 762 ac
2361 708 2598 776 proinde
2628 707 2960 775 apostolica)
2993 708 3152 762 foret-
3184 709 3542 764 traditionis.

1872 801 1897 831 ‹‹
1928 779 2221 846 Quomodo
2248 779 2399 834 enim
2427 779 2617 848 potuit
2648 779 2757 832 ista
2778 792 2866 832 res
2889 779 3070 833 tantis
3097 779 3537 835 altercationum

1873 851 2102 906 nebulis
2131 851 2386 905 involuta
2408 851 2476 904 ad
2504 850 2748 918 plenarii
2772 850 3008 904 concilii
3035 850 3383 906 luculentam
3410 852 3542 906 illu-

1877 924 2215 977 strationem
2247 921 2860 990 confirmationemque
2888 922 3146 990 perduci,
3208 923 3322 977 nisi
3354 923 3539 991 primo

1877 993 2106 1050 diutius
2149 1006 2246 1061 per
2285 993 2446 1048 orbis
2494 999 2777 1047 terrarum
2832 993 3094 1061 regiones
3157 994 3360 1049 multis
3407 993 3542 1048 hinc

1878 1072 2049 1134 atque
2079 1065 2215 1119 hinc
2239 1063 2743 1133 disputationibus
2773 1070 2828 1118 et
2859 1063 3271 1119 collationibus
3309 1065 3543 1134 episco-

1881 1132 2082 1204 porum
2108 1132 2451 1204 pertractata
2472 1134 2804 1190 constaret?
2836 1154 2862 1184 »
2885 1135 3070 1204 (Ibid.,
3098 1136 3198 1190 lib.
3225 1151 3286 1205 Il,
3315 1132 3436 1205 cap.
3466 1132 3535 1207 li).

1883 1208 2088 1260 Verum
2153 1207 2307 1259 enim
2362 1219 2492 1260 vero
2521 1212 2924 1276 argumentum
2955 1208 3189 1262 evidens
3230 1215 3543 1276 utrumque

1886 1277 2092 1332 borum
2113 1277 2340 1331 Patrum
2361 1276 2706 1347 arbitratum
2720 1278 2924 1331 essede
2940 1278 3254 1346 disciplina
3273 1279 3546 1347 quaestio-

1887 1361 2013 1404 nem
2045 1347 2302 1411 institui,
2339 1346 2472 1401 inde
2501 1347 2742 1402 ducitur
2785 1347 2935 1416 quod
2967 1346 3308 1418 Cyprianus,
3341 1354 3544 1418 prater

1886 1431 1951 1474 ea
1978 1432 2104 1487 quae
2148 1418 2426 1482 diximus,
2473 1419 2653 1472 Deum
2701 1419 3100 1473 misericordia
3140 1421 3543 1488 suppleturum

1889 1489 2141 1555 rebatur,
2167 1489 2217 1542 si
2241 1489 2380 1558 quid
2403 1488 2690 1556 baptizato
2712 1489 2782 1544 ab
2802 1489 3091 1544 haereticis
3111 1490 3333 1544 deesset
3359 1491 3458 1559 qui
3483 1490 3542 1544 in

1888 1559 2202 1615 Ecclesiam
2236 1565 2496 1628 receptus
2527 1559 2734 1615 fuisset
2756 1573 2938 1629 neque
2971 1561 3178 1616 iterum
3200 1574 3364 1616 sacro
3390 1559 3546 1616 fonte

1890 1631 2171 1703 ablutus:
2236 1651 2262 1703 (ς
2297 1632 2504 1703 Potens
2550 1639 2636 1686 est
2679 1632 2960 1686 Dominus
3007 1632 3153 1703 (ipsa
3207 1633 3332 1700 ejus
3377 1629 3546 1703 verba

1889 1701 2042 1771 sunt)
2066 1702 2465 1756 misericordia
2486 1716 2589 1757 sua
2614 1701 3033 1773 indulgentiam
3057 1705 3227 1771 dare;
3251 1709 3306 1757 et
3325 1717 3420 1758 eos
3442 1701 3544 1771 qui

1887 1773 1954 1828 ad
1991 1773 2300 1828 Ecclesium
2333 1787 2492 1827 suam
2518 1775 2808 1830 venientes
2831 1775 3183 1842 simpliciter
3212 1773 3451 1828 admissi
3484 1774 3541 1826 in

1889 1844 2142 1899 Ecclesia
2191 1844 2573 1910 dormierunt,
2623 1846 2694 1899 ab
2743 1846 3009 1900 Ecclesiae
3041 1861 3158 1900 sua:
3201 1844 3543 1900 muneribus

1889 1928 2001 1970 non
2051 1928 2334 1986 separare.
2389 1933 2416 1965 υ
2490 1916 2562 1986 (S.
2617 1917 2906 1986 Cyprian.,
2966 1919 3128 1986 epist.
3189 1917 3265 1969 ad
3317 1917 3539 1983 Jubai.,

1888 2000 2013 2054 cap.
2076 1985 2183 2058 43,)
2235 1987 2414 2041 Divus
2459 1985 3056 2058 autem'Augustinus
3094 1987 3377 2057 ejusmodi
3425 2000 3541 2058 rem

1887 2070 2011 2112 esse
2039 2056 2248 2127 aiebat,
2299 2058 2452 2112 circa
2480 2072 2649 2128 quam
2681 2056 2935 2128 pleuaria
2971 2060 3094 2127 ipsa
3121 2056 3368 2114 concilia
3404 2057 3545 2111 invi-

1886 2141 2005 2183 cem
2037 2129 2626 2196 poterantemendari.
2653 2150 2679 2180 ‹‹
2701 2133 2825 2199 Ipsa
2851 2130 3109 2199 pleuaria
3123 2129 3372 2185 concilia
3397 2141 3545 2196 sazpe

1893 2199 2086 2268 priora
2111 2199 2532 2268 posterioribus
2561 2203 2875 2259 emendari.
2903 2215 3032 2257 cum
3082 2201 3281 2271 aliquo
3301 2200 3545 2271 rexperi-

1886 2279 2074 2342 mento
2102 2284 2291 2324 rerum
2314 2273 2575 2338 aperitur
2601 2274 2749 2342 quod
2779 2273 3039 2328 clausum
3056 2270 3198 2328 erat.
3234 2288 3261 2320 ››
3289 2270 3362 2341 (S.
3393 2270 3534 2342 Aug.

1884 2341 1950 2394 de
1968 2341 2127 2412 Bapt.
2160 2346 2299 2395 cont.
2323 2345 2548 2409 Donat,
2592 2341 2632 2398 l.
2664 2359 2712 2398 c.
2747 2343 2824 2410 3.)
2854 2344 3012 2412 Quod
3047 2357 3184 2398 sane
3215 2341 3449 2398 nonnisi
3473 2341 3544 2395 de

1883 2411 2197 2480 disciplina
2246 2419 2333 2468 est
2393 2415 2818 2482 accipiendum,
2867 2411 2998 2470 fidei
3024 2415 3174 2468 enim
3230 2427 3296 2468 ac
3322 2425 3542 2467 morum

1890 2481 2043 2553 leges
2072 2483 2441 2540 inoiolabiles
2467 2495 2620 2541 sunt.
2654 2488 2925 2541 Praeterea
2954 2491 3188 2540 sanctus
3211 2486 3412 2540 doctor
3443 2496 3544 2552 pro

1888 2560 2041 2608 certo
2069 2553 2274 2626 habuit
2301 2556 2647 2626 Cyprianum
2679 2557 2750 2611 ab
2784 2557 3057 2625 opinione
3090 2555 3190 2609 illa
3214 2555 3537 2618 recessisse,

1887 2626 2070 2696 deque
2093 2625 2198 2680 hac
2222 2641 2278 2680 re
2303 2625 2453 2682 nihil
2478 2628 2605 2683 ideo
2633 2629 2847 2682 litteris
2863 2629 3267 2697 consignatum
3294 2631 3540 2685 exstare,

1886 2697 2024 2767 quia
2054 2697 2318 2752 studente
2363 2698 2726 2767 husjusmodi
2758 2699 2941 2753 errori
2977 2700 3218 2752 fortasse
3264 2708 3548 2764 suppres-

1884 2766 2070 2820 serint
2092 2769 2276 2822 sancti
2304 2769 2416 2824 viri
2445 2766 2659 2838 Scripta
2688 2770 2997 2832 contraria,
3030 2774 3094 2822 ut
3123 2768 3311 2836 ipsius
3334 2772 3548 2838 aucto-

1885 2843 2056 2897 ritate
2083 2839 2356 2896 fulcirent
2381 2837 2628 2896 errorem
2656 2859 2666 2894 :
2691 2860 2719 2891 «
2747 2840 3076 2896 Correxisse
3100 2847 3310 2904 autem,
3328 2837 3546 2908 inquit,

1888 2915 2056 2970 istam
2075 2914 2416 2969 sententiam
2451 2926 2564 2967 non
2591 2912 2928 2967 invenitur:
2965 2924 3076 2966 non
3099 2911 3546 2979 incongruenter

1886 2990 2074 3041 tamen
2090 2986 2161 3040 de
2181 2985 2282 3040 tali
2303 2985 2427 3040 viro
2451 2983 2899 3039 existimandum
2927 2987 3013 3038 est
3031 2981 3178 3052 quod
3209 2980 3544 3044 correxerit,

1886 3062 1942 3113 et
1967 3057 2208 3113 fortasse
2255 3068 2630 3125 suppressum
2686 3055 2766 3109 sit
2811 3053 2882 3109 ab
2941 3053 3034 3108 his
3079 3052 3178 3125 qui
3209 3053 3315 3106 hoc
3354 3064 3547 3125 errore

1890 3128 2134 3184 nimium
2183 3122 2450 3184 delectati
2509 3131 2666 3190 sunt,
2718 3130 2774 3181 et
2822 3130 2979 3180 tanto
3037 3124 3192 3180 velut
3225 3122 3546 3191 patrocinio

1889 3213 2082 3275 carere
2109 3200 2444 3275 noluerunt:
2475 3216 2499 3248 »
2526 3197 2601 3275 (β.
2629 3199 2798 3275 Aug.,
2831 3212 2910 3265 ep.
2937 3193 3026 3275 11ρὸἐ
3057 3196 3134 3275 (td
3172 3192 3442 3275 ῐζξηεεγξε.)

1962 3273 2260 3338 Caeterum,
2315 3271 2371 3325 id
2414 3264 2747 3324 firmissime
2777 3264 3153 3338 Comprobat,
3177 3265 3312 3319 divo
3342 3264 3548 3338 Augu—

1890 3344 2046 3399 stino
2078 3335 2259 3398 fuisse
2283 3353 2606 3410 supremam
2634 3339 2873 3410 Romani
2894 3335 3192 3410 pontificis
3223 3336 3550 3410 auctorita-

1890 3422 2000 3470 tem
2027 3415 2290 3470 veritatis
2321 3405 2462 3480 loco,
2508 3409 2605 3464 cui
2630 3408 2906 3478 refragari
2941 3419 3103 3480 nemo
3133 3405 3404 3480 possit‘in
3434 3405 3550 3480 Ec-

1889 3486 2066 3542 clesia
2091 3502 2102 3538 :
2137 3503 2165 3535 ‹
2197 3483 2340 3552 Quis
2369 3475 2523 3537 enim
2552 3479 2739 3552 nescit
2768 3475 3128 3552 apostolatus
3157 3475 3546 3552 principatum

1887 3555 2132 3613 cuilibet
2171 3543 2530 3622 episcOpatui
2573 3543 2971 3622 perferendum
2995 3565 3019 3622 ςΔ
3044 3565 3071 3597 ››
3127 3543 3279 3622 quod
3315 3543 3551 3622 perinde

1890 3628 1940 3684 is
1969 3617 2232 3696 loquitur
2273 3624 2352 3696 de_
2372 3617 2741 3678 contentione
2772 3619 2875 3675 illa
2907 3618 3059 3696 unde
3087 3617 3344 3696 schisma
3370 3619 3550 3696 Dona-

1891 3687 2162 3754 tistarum
2220 3692 2538 3764 profectum
2590 3697 2731 3764 erat,
2773 3696 2946 3764 atque
2970 3691 3039 3744 de
3063 3703 3122 3764 re
3163 3688 3281 3764 jam
3312 3687 3550 3764 definita

1931 3785 1994 3826 er
2023 3759 2366 3825 sententiam
2389 3764 2562 3819 latam
2583 3762 2655 3816 ab
2676 3760 2996 3831 apostolica
3022 3761 3174 3818 sede.
3196 3759 3548 3831 Sententiam

1931 3786 1994 3826 ΘΓ
2023 3786 2366 3825 sententiain
2389 3786 2562 3819 latum
2583 3786 2655 3816 au
2676 3786 2996 3831 upuswuuu
3022 3786 3174 3818 suum
3196 3786 3546 3814 omltcluldm

1894 3786 2042 3898 Banc
2064 3839 2204 3894 tulit
2225 3835 2571 3891 Melchiades
2595 3846 2738 3902 papa
2767 3834 2825 3887 in
2857 3832 3226 3887 contentione
3250 3830 3546 3902 Cteciliani

1891 3919 1947 3969 et
1973 3909 2238 3979 Majorini
2270 3909 2350 3964 de
2368 3901 2806 3979 Carthaginensi
2825 3904 3182 3979 episcopatu.
3208 3901 3552 3979 Caecilianus

1893 3974 2124 4054 quidem
2158 3979 2414 4054 legitime
2431 3974 2850 4054 electusfuerat
2876 3988 3056 4046 eaque
3083 3976 3141 4030 in
3169 3974 3308 4054 sede
3326 3974 3553 4054 consti—

1895 4044 2084 4120 tutus;
2123 4044 2466 4120 MajOrinum
2498 4061 2630 4103 vero
2652 4044 3026 4120 instigaverat
3055 4059 3255 4102 manus
3283 4044 3550 4100 factioso-

1895 4141 2023 4183 rum
2057 4119 2376 4188 hominum,
2412 4121 2512 4190 qui
2537 4133 2672 4174 suas
2701 4119 2769 4173 ad
2798 4123 2986 4188 partes
3014 4122 3408 4190 pertraxeran‘t
3439 4129 3551 4172 non

1931 4211 2107 4254 aucos
2145 4209 2213 4252 ex
2237 4187 2528 4262 episcopis
2569 4189 2745 4245 Afris.
2773 4191 2960 4262 Quare
2987 4190 3351 4261 Augustinus
3377 4187 3554 4262 lucu-

1918 4276 2079 4326 enter
2093 4269 2162 4326 de
2190 4259 2498 4323 Caeciliano
2530 4262 2792 4332 loquitur
2815 4261 3053 4316 dicens:
3082 4259 3345 4332 VirPosset
3367 4259 3555 4332 (Caeci-

1897 4339 2111 4411 lianus)
2143 4352 2253 4395 non
2279 4347 2484 4391 curare
2513 4330 2937 4411 conspirantem
2976 4330 3410 4411 multitudinem
3445 4331 3556 4411 ini-

1899 4401 2202 4480 micorum,
2253 4420 2382 4464 cum
2416 4419 2474 4462 se
2496 4401 3117 4480 _vider'et_et_Rom_anae
3169 4402 3458 4480 Ecclesiae,
3493 4401 3550 4455 in

1897 4497 2010 4554 qua
2041 4472 2262 4552 semper
2290 4477 2619 4554 apostolicae
2642 4475 2928 4554 cathedra;
2949 4475 3138 4554 viguit
3169 4472 3551 4554 principatus,

1896 4542 1953 4609 et
1977 4542 2205 4609 cunctis
2255 4542 2448 4618 terris,
2483 4548 2635 4603 unde
2667 4542 3137 4620 Evangeliuuiad
3184 4545 3364 4613 ipsam
3390 4542 3554 4598 Afri—

1899 4639 2020 4681 cam
2061 4627 2235 4692 venit,
2291 4637 2389 4693 per
2440 4617 2987 4676 communicatorias
3015 4617 3241 4672 litteras
3261 4627 3386 4693 esse
3410 4627 3556 4693 con-7

93 4689 428 4771 judicavit,
451 4690 842 4771 de_qua_alios
872 4693 987 4771 alia
1019 4697 1234 4771 sentire
1263 4685 1471 4771 ineque
1509 4685 1782 4758 sc'hisma.
1810 4693 1868 4756 D
1894 4685 2318 4771 ju_nctum,_ubi
2354 4697 2765 4771 paratu_s__ess_et
2795 4703 2958 4771 suam
2988 4701 3218 4771 causam
3247 4685 3552 4771 αἰβοῖ-β,ξί

103 4774 310 4841 rieque
343 4760 604 4841 hairesim
637 4764 847 4841 gignit:
878 4785 904 4816 «
935 4760 1598 4841 Neminemrjudi'cantes,
1624 4777 1726 4825 aut
1753 4782 1786 4824 a

93 4835 247 4902 jure
298 4835 1050 4908 communionisaliquem,
1083 4839 1132 4893 si
1182 4835 1474 4895 diversum
1516 4835 1782 4908 senserit,

99 4909 471 4983 amoventes.
532 4922 558 4983 »_
613 4906 757 4983 (Ibid
818 4921 959 4983 capi
996 4906 1068 4978 2).
1125 4931 1165 4983 (ς
1208 4911 1494 4966 Toleravit
1537 4906 1788 4983 collegas

97 4974 281 5054 aliud
313 4976 629 5054 sentientes
659 4977 830 5054 sicut,
861 4974 915 5034 et
947 4974 1070 5054 ipse
1091 4982 1370 5054 toleratus
1399 4990 1504 5037 est.
1541 5001 1566 5031 »
1601 4974 1785 5054 (Ibid,

99 5047 155 5101 ι.
190 5058 273 5116 tv,
304 5059 355 5100 c.
383 5044 456 5116 9).
491 5049 626 5124 Eam
675 5049 761 5124 ob_
778 5062 894 5124 rem
936 5044 1323 5124 ru'niversalem
1350 5055 1474 5124 cogi
1505 5044 1786 5123 synodum

92 5123 388 5186 oportere
429 5120 680 5193 censuit,
731 5121 1112 5193 discutiendae
1167 5130 1338 5193 atque
1390 5120 1785 5180 eiaminanda:

93 5188 572 5266 consuetudinis
621 5192 826 5266 gratia,
873 5207 1021 5266 quae;
1057 5188 1457 5266 haereticorum
1502 5194 1788 5266 baptisma

93 5259 466 5342 admittebat
485 5279 519 5342 ;_
543 5259 718 5342 atque
745 5259 915 5342 interi
927 5264 1294 5342 m_baptisma
1322 5265 1511 5342 denuo
1537 5259 1786 5342 conferri

95 5345 292 5404 posse
323 5333 401 5405 iis
423 5333 523 5402 qui
547 5333 619 5388 ab
643 5335 932 5392 hasreticis
976 5333 1204 5392 fuerant
1231 5336 1540 5405 baptizati:
1569 5359 1595 5391 «
1625 5339 1791 5394 Ante-

96 5403 295 5480 quam
333 5403 580 5472 plenarii
612 5407 851 5480 concilii
882 5409 1164 5480 sententia
1194 5403 1387 5480 quiin
1432 5409 1536 5464 hac
1560 5423 1620 5465 re
1648 5423 1789 5465 sen-

96 5475 391 5532 tiendum
441 5483 610 5546 esset,
647 5479 830 5534 totius
876 5479 1143 5535 Ecclesiae
1198 5475 1502 5536 consensio
1568 5481 1788 5537 confir—

95 5553 358 5623 masset,
395 5547 600 5623 visum
628 5555 714 5603 est
765 5550 816 5604 ei
873 5564 1002 5623 cum
1035 5551 1218 5623 ferme
1270 5551 1560 5623 octoginta
1603 5553 1787 5622 coepi-

92 5619 321 5687 scopis
341 5617 807 5676 suisAfricarum
829 5617 1470 5682 Ecclesiarum,omnein
1497 5617 1783 5679 hominem

1896 4760 2212 4824 adversarii
2235 4760 2447 4835 ejus'ab
2467 4777 2532 4819 eo
2550 4763 2684 4835 illas
2704 4761 2990 4817 Ecclesias
3010 4760 3263 4815 alienare
3286 4769 3558 4812 conaren-

1897 4847 2068 4896 tur.»
2101 4831 2295 4908 (ldem',
2343 4831 2691 4910 epist._1(5‘2-)_
2942 4909 2945 4910 ν
3214 4901 3250 4910 κ
3378 4899 3413 4910 ,.
3458 4899 3494 4910 ..

1973 4913 2052 4965 Ita
2081 4901 2849 4979 reapse'contigit,;ipsismet
2864 4901 3193 4979 petentibus
3214 4901 3553 4968 Donatistis,

1899 4988 1963 5038 ut
1983 4973 2212 5036 causam
2245 4973 2626 5034 transmarini
2645 4977 2896 5044 judices,
2925 4973 2980 5028 id
3010 4980 3097 5029 est
3121 4986 3318 5027 eorum
3349 4979 3557 5044 tempo-

1898 5068 2025 5109 rum
2083 5064 2366 5116 sermonc,
2434 5041 2750 5118 apostolica
2807 5044 3334 5118 sedes,_judicare_t.
3389 5041 3552 5112 Apud

1897 5123 2224 5194 pontificem
2278 5115 2562 5194 steterunt
2614 5122 2806 5194 partes
2853 5115 3190 5194 addictam
3243 5115 3417 5194 diem,
3451 5128 3557 5194 co-

1936 5195 2192 5264 nitisque
2218 5193 2494 5261 utrinque
2521 5185 2850 5264 rationibus
2869 5185 3211 5264 Melchiades
3243 5199 3342 5255 pro
3371 5185 3558 5264 0³ξοὶ-

1923 5259 2054 5322 iano
2084 5259 2424 5321 sententiam
2459 5261 2614 5316 tulit.
2650 5260 2854 5330 Negari
2898 5263 3050 5330 certe
3076 5269 3208 5330 non
3222 5264 3409 5330 potest
3436 5259 3557 5330 Do-

1900 5337 2144 5393 natistas
2171 5335 2397 5409 judicio
2418 5333 2556 5389 huic
2587 5327 3045 5409 stare'noluisse,
3067 5333 3125 5383 et
3143 5328 3211 5409 ad
3233 5327 3559 5409 Constanti:

1899 5422 2035 5464 num
2096 5399 2494 5476 imperatorem
2539 5414 2890 5474 provocasse.
2942 5401 3021 5456 Ac
3073 5399 3310 5476 perinde
3357 5399 3552 5476 negari

1899 5480 2101 5551 nequit
2148 5469 2328 5551 hunc
2349 5469 2690 5551 principem,
2723 5486 2852 5551 curn
2879 5484 3068 5551 causa:
3097 5469 3458 5551 accessiones
3483 5469 3554 5526 ab

1899 5543 2243 5618 iis'ﬁerent,
2298 5543 2758 5604 dedisse'novos
2808 5543 3056 5618 judices,
3113 5543 3305 5618 Patres
3357 5555 3556 5618 nempe

1894 5613 2246 5679 Arelatensis
2299 5619 2574 5685 concilii;
2627 5619 2675 5672 si
2711 5623 2898 5671 tamen
2951 5613 3196 5669 habendi
3241 5619 3378 5669 sunt
3421 5614 3550 5670 novi

90 5691 226 5763 qui
255 5696 424 5764 extra
474 5690 744 5746 Ecclesiae
775 5695 1075 5748 catholicae
1096 5695 1555 5750 communionem
1588 5694 1782 5764 bapti—

90 5761 292 5820 iatus
341 5761 572 5831 fuisset,
647 5770 910 5832 Oportere
968 5766 1036 5820 ad
1107 5765 1411 5821 Ecclesiam
1464 5761 1781 5822 venientem

92 5840 321 5892 denuo
347 5831 658 5910 baptizari.
690 5831 718 5883 3>
752 5834 914 5905 (Ib-id,
939 5836 1052 5910 _lib.
1077 5853 1116 5902 ι,
1162 5835 1430 5910 cap.}8_.)
1461 5838 1637 5893 Divus
1667 5839 1787 5907 ipse

85 5905 496 5981 Augustinus
525 5905 782 5981 declarat
805 5907 952 5975 quod
986 5910 1163 5981 variis
1198 5905 1539 5981 inEcclesite
1566 5905 1789 5981 provin-

89 5976 241 6037 ciis
283 5981 419 6032 ante
476 5977 804 6050 oportuerit
850 5978 1173 6048 peculiares
1201 5979 1324 6036 ﬂeri
1373 5976 1789 6050 discussiones,

1889 5693 2116 5763 judices
2168 5695 2358 5748 Patres
2389 5690 2614 5760 synodi,
2650 5687 2960 5763 quodivus
2999 5685 3273 5763 silvester
3338 5685 3555 5763 iegatos

1898 5756 2077 5835 misit,
2137 5765 2236 5834 qui
2259 5756 2488 5820 causam
2519 5763 2610 5817 sui
2641 5756 3076 5835 p‘raedecessoris
3120 5756 3305 5835 instar
3331 5758 3556 5835 judica-

1899 5842 2027 5894 rent
2066 5829 2132 5891 ac
2156 5829 2246 5892 'de
2279 5835 2440 5891 novis
2486 5830 2918 5888 accessionibus
2967 5829 3295 5886 definirem.
3347 5829 3554 5885 Melius

1905 5910 2086 5982 igitur
2143 5906 2589 5982 recognitionem
2613 5904 2780 5982 _litis,
2819 5901 2905 5982 _ab
2941 5901 3282 5982 imperatore
3310 5913 3554 5982 conces-

1906 5974 2048 6050 sam,
2080 5974 2498 6048 nuncupemus.
2527 5974 2864 6033 Istiusmodi
2887 5980 3076 6030 autem
3099 5974 3550 6042 recognitionem
