3912 6440
110 391 221 449 969

111 598 231 652 cap.
265 581 320 637 2.
347 583 536 650 potuit
567 585 660 636 vir
690 583 790 638 ille
828 590 1064 639 sanctus
1101 584 1393 638 Africanis
1431 581 1776 650 respondere

109 653 401 732 conciliis,
435 653 552 707 nisi
586 654 735 732 quod
769 656 1102 732 antiquitus
1132 655 1466 732 apostolica
1493 653 1674 732 sedes,
1696 657 1778 732 Aet

110 727 358 802 Romana
387 737 461 802 cu
473 721 767 802 mncaéteri‘s
781 721 938 802 tenet
961 721 1407 802 perseveranter_
1425 721 1722 802 Ecclesia?
1748 739 1772 802 )3

111 795 438 865 Etepistola
473 791 574 848 406
609 811 621 846 :
657 816 680 845 «
715 795 795 850 Ad
828 791 1020 851 omnia
1057 796 1224 852 nobis
1247 796 1344 851 ille
1366 792 1776 865 (Innocentius)

114 863 416 935 rescripsit
440 867 635 920 eodem
677 868 842 920 modo
874 882 987 936 quo
1014 866 1100 923 fas
1131 875 1253 922 erat
1280 875 1453 936 atque
1477 863 1776 936 oportebat

115 937 446 1016 apostolica:
470 937 626 990 sedis
656 937 998 1016 antistitem.
1035 958 1061 988 »
1094 941 1159 1016 Et
1191 937 1341 1016 infra
1372 956 1382 991 :
1425 957 1448 986 (ι
1477 935 1772 1016 Novellum

114 1018 167 1064 et
195 1007 588 1077 perniciosum
620 1021 869 1062 errorem
903 1010 987 1063 sic
1014 1010 1403 1064 ecclesiastica
1430 1007 1773 1062 auctoritate

116 1091 528 1146 compressum,
565 1084 629 1132 ut
656 1079 902 1133 multum
940 1082 1216 1136 miremur
1239 1093 1364 1134 esse
1392 1078 1564 1132 alhuc
1592 1089 1774 1146 quos—

116 1152 244 1228 dam
273 1149 373 1228 qui
405 1162 504 1228 per
519 1148 835 1228 quemlibet
858 1163 1112 1228 errorem
1137 1153 1348 1228 gratiae
1375 1150 1471 1203 Dei
1496 1154 1776 1228 conentur

117 1219 488 1284 obsistere,si
516 1226 701 1275 tamen
724 1220 841 1275 lucc
868 1228 1023 1290 gesta
1055 1217 1408 1277 didicerunt.
1443 1237 1468 1267 »
1496 1219 1564 1272 Et
1587 1217 1727 1290 alibi
1755 1233 1768 1268 :

120 1311 144 1341 ‹‹
178 1291 530 1370 Resistentes
576 1292 659 1370 ad
692 1304 796 1370 nos
850 1287 1164 1370 perducite.
1221 1295 1343 1370 _Jam
1375 1292 1527 1370 enim
1562 1289 1645 1370 de
1669 1287 1773 1340 hac

117 1374 293 1439 causa
311 1360 350 1439 ᾳ
359 1375 430 1416 uo
452 1361 697 1439 concilia
716 1364 888 1416 missa
906 1363 1342 1439 suntad_sedem‘
1355 1360 1729 1439 apostolicam
1755 1376 1769 1426 ;

117 1432 252 1486 inde
276 1433 448 1486 etiam
476 1433 755 1500 rescripta
776 1441 1072 1489 venerunt.
1104 1435 1285 1489 Causa
1313 1432 1476 1487 ﬁnita
1506 1436 1612 1495 est,
1649 1432 1774 1482 uti-

114 1516 246 1556 nam
266 1502 580 1571 aliquando
603 1503 841 1559 ﬁniatur
860 1519 1022 1560 error
1045 1505 1057 1558 l
1083 1507 1228 1575 Ergo
1257 1511 1317 1558 ut
1334 1503 1774 1557 advertantmo—

114 1587 340 1641 nemus,
371 1580 434 1627 ut
485 1575 853 1629 instruantur
892 1576 1184 1638 docemus,
1218 1583 1283 1630 ut
1314 1580 1609 1628 mutentur
1638 1583 1774 1624 ore-

112 1657 265 1722 mus.
292 1661 318 1691 »
355 1643 524 1722 (Idem
557 1646 622 1698 dc
647 1647 793 1698 verb.
823 1648 1272 1722 Apostol._serm.
1295 1644 1355 1722 2,
1404 1647 1461 1699 in
1493 1641 1629 1722 ﬁn.)
1728 1710 1768 1722 η

187 1715 266 1768 At
291 1711 545 1788 nondum
585 1711 994 1772 mcumenicam
1034 1720 1102 1773 ad
1133 1711 1421 1788 synodum
1441 1711 1771 1788 appellandi

107 1787 473 1840 consuetudo
499 1793 681 1854 empta
707 1795 829 1842 erat
856 1789 884 1842 ‘?
912 1785 1232 1844 Audiamus
1261 1789 1364 1842 hac
1393 1787 1464 1841 de
1491 1799 1548 1839 re
1570 1785 1773 1852 Augu-

1002 394 1093 450 DE
1131 395 1672 450 PRJEEMINENTIA
1710 395 1796 449 ET
1839 393 2316 450 AUCTORITATE
2353 398 2408 451 S.
2449 397 2640 453 SEDIS

189 531 215 562 α
247 509 397 637 guid
445 511 621 575 enim,
677 513 761 567 ait
806 512 954 569 libro
997 514 1183 581 primo
1222 517 1419 568 contra
1459 509 1773 566 Julianum.
1800 501 1858 560 A
1885 510 2169 576 ejusmodi
2194 512 2576 583 transigerent
2613 527 2834 578 causas,
2875 527 3057 585 neque
3100 515 3350 585 amplius
3381 524 3545 586 pate—

189 598 231 637 o.
309 583 536 637 .potuit
567 585 660 636 vir
690 583 790 637 ille
828 590 1064 637 sanctus
1101 584 1393 637 Africanis
1431 581 1776 637 resnondere
1888 588 2048 635 retur
2067 584 2525 637 utsaacularibus
2549 585 2985 637 magistratibus
3011 588 3301 637 exsecutio
3322 596 3540 637 semen.

3441 392 3549 460 9'70

1888 588 2048 655 retur
2067 588 2129 635 ut
2149 584 2525 655 saacularibus
2549 584 2985 655 magistratibus
3011 584 3301 643 exsecutio
3322 584 3540 645 senten~

1890 654 1984 706 tia:
2007 654 2397 708 mandaretur.
2653 654 2662 655 “
2714 690 2719 696 ι

1959 722 2016 776 Id
2050 721 2412 798 Augustinus
2446 727 2700 798 impense
2727 733 2856 781 orat
2879 727 3251 783 Caelestinum
3302 731 3545 798 pontiﬁ—

1886 805 2026 871 cem,
2056 800 2118 848 ut
2139 795 2251 848 sibi
2284 797 2577 871 permittat
2605 799 2662 851 in
2677 799 2918 871 Antonii
2941 795 3325 855 Fussaliensis
3348 815 3540 871 causa,

1887 865 1986 938 qui
2025 868 2611 938 comprovincialibus
2640 868 2710 921 ab
2761 870 3051 938 episcopis
3085 873 3314 938 propria
3358 886 3388 926 e
3413 865 3544 928 sede

1887 936 2090 1009 pulsus
2112 937 2404 991 decretum
2450 938 2520 992 ab
2573 940 2890 1007 apostolica
2923 936 3055 996 sede
3085 936 3499 1009 impetraverat
3527 961 3541 997 :

1885 1007 2058 1078 quod,
2089 1009 2314 1062 tametsi
2345 1009 2736 1064 conditionale
2764 1015 2981 1064 tantum
3015 1017 3155 1078 erat,
3184 1007 3381 1068 tamen
3430 1015 3544 1069 vim

1886 1077 2231 1144 minabatur,
2270 1087 2333 1132 ut
2361 1081 2720 1135 exsecutioni
2755 1077 3149 1137 mandaretur
3177 1084 3539 1140 adversario-

1888 1160 2018 1225 rurn
2053 1147 2342 1225 ingratiis.
2374 1151 2647 1205 Prmterea
2684 1151 2850 1225 longe
2877 1159 2940 1207 ut
2964 1155 3028 1206 D.
3070 1154 3271 1225 doctor
3290 1156 3388 1224 jus
3417 1169 3550 1225 apo-

1884 1217 2103 1294 stolicae
2125 1217 2279 1272 Sedis
2304 1221 2360 1273 in
2389 1217 2834 1294 controversiam
2853 1230 3071 1294 _vertat,
3101 1217 3312 1280 fatetur
3353 1217 3547 1294 potius

1887 1286 2188 1366 ﬁrmatque
2213 1291 2960 1366 exemplis‘quampluribus
2994 1286 3372 1366 Judiciorum,
3417 1313 3543 1366 quae

1885 1372 1986 1412 seu
2037 1358 2171 1427 lata,
2221 1373 2320 1413 seu
2371 1358 2706 1416 conﬁrmata
2760 1358 3008 1418 fuerunt
3028 1364 3100 1419 ab
3133 1368 3328 1421 eadem
3363 1358 3539 1424 'séde.

1885 1429 2068 1506 Ilujus
2100 1432 2180 1484 rei
2213 1432 2543 1506 testimonia
2573 1433 2694 1500 ipse
2721 1433 2947 1506 profero
2976 1436 3044 1488 ad
3072 1436 3365 1492 Ctelestini
3396 1452 3544 1506 pon-

1883 1499 2187 1574 t_i_ﬁcatum,
2217 1515 2283 1554 ex
2310 1499 2751 1574 epistolaquam
2801 1503 2952 1558 hunc
2981 1506 3048 1559 ad
3086 1499 3408 1574 pontiﬁcem
3439 1510 3538 1563 de-

1885 1571 1993 1634 dit,
2045 1577 2283 1626 vetustae
2330 1571 2613 1628 editionis
2661 1571 2783 1640 461,
2817 1571 3158 1631 recentior-is
3183 1585 3372 1632 autem
3413 1577 3539 1634 209.

1955 1643 2241 1718 Caeterum
2273 1643 2326 1696 S.
2356 1645 2716 1718 Augustinus
2748 1659 2858 1700 non
2907 1647 3072 1701 modo
3119 1663 3385 1718 suprema
3410 1651 3540 1718 jura

1887 1718 2096 1788 sanctae
2125 1714 2278 1768 sedis
2300 1716 2550 1785 agnovit,
2571 1723 2871 1788 veneratus
2894 1714 3324 1788 tuitusque'est,
3346 1714 3536 1777 verum

1887 1784 2061 1860 etiam
2096 1784 2553 1860 quotiescunque
2581 1785 2697 1860 fuit
2718 1801 2883 1855 opus,
2911 1784 3247 1856 pontiﬁcum
3279 1793 3535 1860 ipsorum

105 1857 335 1909 stinum
363 1875 376 1908 :
431 1877 455 1905 «
484 1858 632 1925 Quid
673 1865 760 1912 est
791 1861 940 1927 quod
973 1860 1243 1931 dicunt?
1279 1861 1366 1931 De
1405 1855 1774 1931 simplicibus
1807 1871 1860 1931 Β
1888 1855 2173 1931 vindicem
2202 1857 2776 1931 gessitgacerrimum.
2811 1855 3001 1928 Neque
3025 1868 3207 1916 tamen
3261 1855 3539 1918 rationem

103 1926 402 2000 episcopis
429 1927 553 1982 sine
574 1926 1014 2000 congregatione
1044 1930 1248 2000 synodi
1271 1930 1330 1984 in
1357 1928 1501 1983 locis
1531 1926 1657 1980 suis
1695 1938 1775 1977 se-

101 1997 387 2051 dentibus
411 2006 632 2054 extorta
649 1997 1003 2068 subscriptio
1023 1997 1109 2056 est
1133 2001 1160 2054 ‘i
1179 2002 1293 2054 Aut
1311 2013 1443 2053 vero
1473 2008 1774 2066 congrega-

101 2068 272 2148 tione
292 2071 498 2148 synodi
519 2084 666 2148 opus
681 2075 823 2148 erat,
845 2079 909 2148 ut
937 2078 1132 2148 aperta
1159 2072 1446 2148 pernicies
1481 2069 1774 2148 damnare-

101 2145 210 2192 tur
239 2139 269 2191 ?
295 2141 473 2220 Quasi
493 2141 655 2220 nulla
684 2139 1252 2220 hazresisaliquando
1273 2142 1397 2220 nisi
1423 2139 1624 2219 synodi
1644 2149 1773 2220 con-

101 2213 452 2289 gregatione
512 2212 780 2266 damnata
856 2213 956 2289 sit,
1010 2226 1140 2268 cum
1195 2213 1388 2289 potius
1459 2212 1770 2289 rarissimae

97 2279 490 2360 inveniantur
511 2290 742 2360 propter
764 2296 905 2360 quas
925 2283 1281 2360 damnandas
1305 2279 1771 2360 necessitastalis

91 2352 448 2424 exstiterit;
489 2350 796 2424 multoque
840 2356 958 2408 sint
1014 2362 1186 2424 atque
1245 2350 1775 2424 incomparabiliter

95 2422 335 2489 plures,
358 2436 484 2490 quae
518 2422 615 2476 ubi
648 2425 1014 2491 exstiterunt,
1047 2422 1173 2479 illic
1204 2423 1518 2493 improbari
1547 2423 1774 2476 damna-

91 2493 278 2565 rique
334 2501 706 2565 meruerunt;
762 2500 936 2565 atque
979 2496 1112 2551 inde
1157 2509 1256 2564 per
1291 2503 1524 2550 caeteras
1591 2499 1772 2547 terras

91 2562 434 2635 devitandas
491 2562 858 2620 innotescere
902 2562 1231 2635 potuerunt.
1284 2568 1491 2620 Verum
1527 2565 1769 2620 istorum

91 2632 386 2706 superbia
402 2634 560 2706 hanc
581 2636 750 2689 etiam
776 2632 1018 2706 gloriam
1041 2644 1270 2704 captare
1303 2637 1676 2706 intelligitur,
1707 2645 1773 2693 ut

94 2710 357 2779 propter:
375 2704 508 2779 illos
529 2704 800 2779 Orientis
817 2712 874 2761 et
901 2707 1231 2779 Occidentis
1261 2704 1516 2776 synodus
1542 2721 1772 2779 congrev

97 2782 296 2849 getur.
323 2774 528 2849 Orbem
561 2777 776 2848 quippe
832 2778 1182 2834 catholicum
1225 2774 1495 2849 quoniam
1528 2774 1770 2834 Domino

96 2848 190 2900 eis
220 2847 528 2901 resistente
568 2847 885 2916 pervertere
935 2847 1467 2920 nequeant,’saltem
1512 2864 1773 2906 commo—

97 2929 240 2971 vere
278 2925 582 2992 conantur,
604 2933 740 2992 cum
775 2921 969 2992 potius
1018 2921 1321 2990 vigilantia
1363 2927 1419 2975 et
1450 2921 1771 2992 diligentia

97 2989 389 3062 pastorali
441 2996 566 3062 post
595 2989 808 3046 factum
843 2991 967 3046 illis
991 2989 1315 3060 competens
1360 2989 1771 3062 sufﬁciensque

92 3059 426 3132 judicium,
459 3061 791 3132 ubicunque
840 3064 939 3117 isti
971 3063 1093 3132 lupi
1124 3059 1528 3132 apparuerint.
1568 3059 1772 3119 confe—

100 3129 276 3203 rendi
310 3136 468 3203 sunt,
515 3134 633 3186 sive
661 3129 725 3189 ut
756 3129 1050 3189 sanentur'
1074 3129 1246 3203 atque
1300 3141 1614 3198 mutentur,
1651 3139 1771 3191 sive

102 3199 277 3275 _u_t_ab
322 3199 572 3275 alicrum
621 3206 806 3260 salute
841 3199 1383 3275 atqueintégritate
1430 3207 1702 3263 vitentur.
1742 3225 1768 3256 ι)

95 3270 210 3344 (Id.
245 3279 390 3326 cont.
414 3271 451 3329 2
489 3277 646 3344 epist.
691 3270 976 3342 Pelag.,'l.
1009 3274 1060 3342 4,
1098 3277 1157 3330 in
1181 3270 1341 3344 line.)

172 3342 430 3398 Sanctus
478 3342 627 3401 idem
671 3347 872 3403 doctor
915 3347 1108 3402 eadem
1156 3347 1228 3401 de
1285 3342 1344 3402 re
1389 3349 1472 3403 ait
1499 3350 1764 3406 Juliano:

99 3433 127 3464 α
152 3414 309 3490 Ιξιιῑο
337 3415 447 3470 tibi
466 3425 830 3490 eam_partem
854 3418 1014 3473 orbis
1041 3416 1304 3490 sufﬁcere
1324 3419 1548 3486 debere,
1571 3422 1628 3475 in
1658 3433 1771 3490 qua

97 3485 369 3562 primum
391 3487 782 3555 apostolorum
805 3502 1041 3562 suorum
1066 3485 1546 3562 v_oluit_Dominus
1564 3485 1774 3562 glorio-

93 3556 347 3629 sissimo
380 3562 653 3628 martyrio
682 3560 966 3616 coronari.
1007 3560 1114 3614 Cui
1149 3558 1411 3615 Ecclesiae
1453 3556 1774 3629 prtesiden—

94 3635 216 3681 tem
264 3627 504 3701 beatum;
533 3627 942 3686 Innocentium
987 3631 1039 3686 si
1074 3631 1278 3684 audire
1325 3627 1629 3696 voluisses,
1652 3633 1771 3701 jam

94 3705 246 3774 tunc
281 3699 1074 3774 periculosamjuventutem
1130 3707 1285 3755 tuam
1335 3699 1666 3774 Pelagianis
1690 3703 1770 3757 la-

93 3769 277 3843 queis
307 3772 589 3826 exuisses.
623 3791 649 3822 ››
688 3769 790 3842 (Id.
819 3773 926 3827 lib.
971 3775 992 3826 1
1023 3778 1144 3825 cont
1173 3773 1388 3838 Julian.
1421 3769 1544 3843 ca'p.
1585 3771 1666 3843 2.)

173 3841 276 3894 Nil
302 3843 489 3912 igitur
506 3841 883 3913 nequiSsimis
908 3843 984 3898 iis
1003 3843 1339 3898 nominibus
1361 3859 1428 3898 ex
1446 3841 1773 3914 Augustino

93 3915 580 3983 eratreliquum,
631 3921 754 3983 post
793 3916 965 3969 latam
996 3915 1066 3969 ab
1115 3913 1431 3982 apostolica
1475 3913 1606 3970 sede
1635 3929 1774 3970 sen-

94 3982 373 4052 tentiam,
405 3982 640 4054 ’prteter
675 3985 1111 4041 detestationem
1143 3985 1456 4040 criminum
1488 4000 1553 4040 ac
1586 3987 1777 4054 poeni—

93 4054 373 4110 tentiam.
407 4075 431 4106 «
489 4057 558 4110 Et
606 4057 724 4110 haec
771 4057 1148 4112 exsecrabilia
1212 4057 1478 4111 damnata
1523 4064 1778 4112 tenentes

94 4131 158 4178 et
188 4129 567 4192 seminantes,
609 4128 798 4182 adhuc
840 4129 1077 4197 insuper
1106 4128 1367 4197 ﬂagitant
1396 4128 1774 4193 audientiam,

93 4209 238 4250 cum
295 4199 560 4269 damnati
627 4199 870 4254 debeant
912 4212 1076 4269 agere
1123 4199 1534 4268 paenitentiam.
1589 4218 1615 4247 ››
1671 4200 1774 4267 (Id.

93 4275 254 4322 cont.
283 4267 321 4324 2
346 4271 505 4337 epist.
550 4270 734 4336 Pelag,
782 4270 888 4324 lib.
920 4267 1021 4323 lin
1050 4267 1205 4338 ﬁne.)

186 4343 282 4395 llI.
314 4341 480 4394 Circa
507 4343 940 4409 provocationes
965 4340 1033 4394 ad
1063 4344 1316 4395 sanctam
1367 4342 1554 4396 sedem
1586 4343 1773 4411 quoad

91 4411 499 4470 emendandos
549 4424 753 4480 mores,
789 4410 1028 4465 referam
1060 4411 1346 4480 quidquid
1386 4410 1629 4481 Zosimo,
1662 4413 1777 4467 Bo—

92 4486 332 4540 nifacio
357 4495 425 4536 ac
453 4481 762 4537 Caelestino
791 4481 1164 4551 pontiﬁcibus
1187 4483 1498 4552 Augustini
1527 4497 1642 4538 aevo
1681 4497 1776 4538 ac-

92 4567 232 4612 tum
273 4553 394 4608 fuit
415 4553 474 4607 in
496 4553 692 4608 Africa
723 4554 825 4607 hac
848 4553 918 4607 de
946 4565 1024 4607 re.
1061 4554 1358 4608 Provincia
1383 4555 1582 4608 isthmc
1610 4557 1777 4609 Occi-

89 4624 366 4684 deutalis
391 4625 654 4678 Ecclesiae
678 4624 910 4678 moleste
926 4623 1232 4679 admodum
1255 4623 1467 4679 ferebat
1484 4639 1543 4680 se
1561 4625 1773 4695 subjici
1807 4632 1859 4691 ι)

89 4715 171 4754 ac
206 4695 455 4766 proinde
487 4695 895 4764 patriarchalis
926 4709 1043 4749 sua:
1068 4697 1202 4762 jura
1248 4695 1619 4751 detractabat.
1671 4702 1778 4750 Dl—

89 4765 230 4825 cani
295 4767 547 4821 melius:
605 4767 728 4820 Afri
783 4766 975 4834 potius
1019 4766 1088 4820 de
1126 4765 1337 4834 judicii
1373 4781 1576 4837 genere
1605 4775 1779 4836 atque

87 4841 416 4896 sententia:
435 4838 806 4892 exsecutione
833 4837 1234 4905 disceptabant
1262 4838 1318 4891 in
1351 4840 1546 4894 causis
1575 4842 1781 4908 appel-

89 4910 375 4972 Iationis,
429 4922 601 4977 quam
656 4910 725 4963 de
768 4909 898 4976 jure
956 4909 1208 4976 supremi
1259 4908 1594 4979 tribunalis,
1627 4910 1776 4979 quod

83 4987 323 5038 sancta:
355 4980 479 5035 sedi
509 4992 801 5050 nunquam
835 4979 894 5033 in
946 4980 1259 5035 discrimen
1302 4986 1596 5035 vocarunt.
1650 4983 1779 5034 Per-

85 5061 374 5124 spectum
398 5057 486 5106 est
511 5050 1004 5124 consultationum
1037 5051 1662 5124 congregationumque
1691 5065 1781 5124 eo-

89 5119 240 5180 rhm
274 5135 561 5180 summam
587 5119 769 5177 fuisse
794 5123 1117 5190 pontiﬁcem
1147 5119 1458 5176 maiimum
1480 5119 1776 5190 deprecari

87 5204 171 5251 ut
209 5196 431 5264 legatos
463 5206 535 5248 ne
585 5194 960 5262 imposterum
1013 5194 1282 5258 mitteret,
1336 5193 1406 5247 ad
1452 5193 1780 5262 cognitores

89 5265 517 5324 tantummodo
574 5264 635 5319 in
691 5278 806 5320 rem
860 5269 1194 5334 praesentem
1243 5265 1622 5334 renuntiaret,
1675 5265 1776 5334 qui

1798 3237 1846 3298 C

1891 1925 2094 2002 habuit
2117 1927 2710 2002 nullamdiscriminis
2731 1925 3014 1984 hominem
3038 1932 3187 1986 inter
3215 1939 3386 2002 atque
3409 1947 3542 2001 pon-

1887 1995 2201 2070 tiﬁcemgsi
2227 1998 2365 2070 quid
2403 1999 2608 2054 misera
2631 2013 2826 2054 eorum
2861 2001 2990 2055 vitae
3018 2003 3249 2070 privatae
3281 1995 3538 2060 conditio

1885 2079 2045 2144 noxa;
2075 2067 2252 2144 alicui
2303 2068 2511 2124 fuisset
2541 2071 2804 2144 obnoxia.
2836 2071 2934 2144 At?
2962 2067 3328 2144 posteaquam
3358 2077 3530 2130 mini-

1883 2139 2046 2214 sterii
2083 2140 2352 2214 honorem
2376 2142 2754 2214 sanctissimi
2785 2139 3058 2213 omnidue
3086 2139 3320 2214 majoris
3367 2159 3540 2200 exce-

1884 2209 2078 2287 ptione
2103 2211 2438 2287 vindicavit,
2463 2211 2667 2266 famam
2689 2219 2884 2268 tuetur
2902 2209 3098 2287 pip—sius
3127 2209 3402 2284 ministri,
3434 2218 3538 2287 qui

1885 2281 2140 2352 omnium
2197 2284 2438 2337 maxime
2477 2296 2718 2352 nequam
2762 2281 3060 2340 hominum
3100 2281 3538 2343 haereticorum—

1887 2364 1997 2428 que
2012 2351 2332 2428 calumniis
2355 2361 2441 2428 est
2461 2351 2764 2410 obnoxius.
2792 2357 3057 2428 Suogloco
3100 2359 3354 2414 dicimus
3376 2359 3541 2428 quid-

1887 2422 2026 2489 quid
2053 2425 2373 2498 Donatistis
2405 2426 2869 2498 ipse_respondit,
2899 2427 3036 2482 dum
3077 2430 3343 2484 Ecclesiae
3375 2422 3540 2498 obje—

1884 2499 2104 2568 ctarent
2153 2495 2478 2568 pontiﬁcem
2529 2495 2949 2563 Marcellinum,
2991 2501 3342 2568 Marcellum,
3394 2495 3540 2555 Mel—

1884 2565 2143 2620 chiadem
2160 2580 2226 2619 ac
2245 2567 2593 2635 Sylvestrum
2617 2569 3116 2635 persecutionibus
3132 2565 3532 2627 succubuisse.

1888 2637 2156 2712 Videmus
2187 2643 2311 2712 suis
2367 2639 2440 2712 in_
2477 2637 2648 2712 libris
2688 2640 2962 2694 adversus
2995 2642 3327 2712 Pelagianos
3367 2656 3538 2712 quam

1883 2708 2030 2762 belle
2057 2708 2383 2776 pontiﬁcem
2405 2709 2693 2763 Zosimum
2725 2722 2757 2763 a
2788 2711 3048 2764 censoria
3087 2708 3151 2765 ea
3184 2720 3314 2768 nota
3335 2708 3538 2769 vindi-

1882 2786 1994 2845 cat,
2029 2791 2196 2848 quam
2230 2779 2580 2833 stultissima
2609 2793 2672 2833 ea
2699 2781 2889 2848 capita
2916 2781 3098 2836 eidem
3124 2782 3355 2840 inurere
3377 2799 3542 2840 cona-

1883 2850 2094 2925 bantur
2119 2851 2305 2925 quoad
2334 2864 2451 2904 suae
2477 2851 2852 2925 auctoritates
2890 2854 3231 2908 exercitium
3267 2870 3367 2925 pro
3395 2869 3544 2912 asse-

1885 2921 2057 2997 renda
2084 2921 2284 2997 haaresi
2311 2935 2478 2997 quam
2501 2921 2949 2997 proﬁtebantur._
2969 2925 3120 2997 «Sed
3156 2927 3204 2980 si
3223 2921 3542 2997 (ipsissima

1881 2997 1937 3047 ὁ.
1980 2993 2234 3047 doctoris
2269 2992 2434 3046 verba
2481 2993 2657 3061 sunt).
2699 2994 2850 3062 quod
2899 2994 3072 3062 absit,
3131 2997 3209 3052 ita
3230 2992 3450 3054 'fuisset
3473 2999 3544 3053 de

1881 3063 2191 3137 Caelestino
2213 3063 2297 3117 vel
2323 3063 2549 3137 Pelagio
2572 3065 2630 3117 in
2650 3064 2901 3120 Romana
2924 3066 3177 3122 Ecclesia
3193 3069 3542 3137 judicatum.

1886 3143 1951 3190 ut
1983 3135 2310 3210 illa_eorum
2366 3135 2654 3210 dogmata,
2707 3150 2834 3205 quae
2867 3137 2924 3189 in
2974 3137 3096 3192 illis
3138 3135 3207 3210 et
3238 3154 3367 3195 cum
3399 3141 3546 3210 ipsis

1888 3219 2030 3275 papa
2086 3205 2456 3260 Innocentius
2504 3206 2891 3275 damnaverat,
2952 3209 3319 3276 approbanda
3369 3205 3548 3266 et'te—

1885 3278 2070 3332 nenda
2088 3276 2631 3349 pronuntiarentur,
2655 3289 2721 3349 ex
2745 3277 2851 3349 hoc
2884 3280 3076 3346 potius
3103 3288 3251 3334 esset
3287 3282 3552 3349 praevari-

1884 3347 2133 3403 cationis
2166 3354 2296 3402 nota
2327 3346 2599 3400 Romanis
2619 3347 2854 3401 clericis
2881 3349 3187 3403 inurenda.
3222 3346 3384 3405 Nunc
3413 3365 3546 3408 vero

1885 3431 2082 3474 cum...
2117 3418 2379 3472 Zosimus
2398 3416 2728 3471 leestium
2762 3431 2822 3472 se
2855 3432 3098 3487 purgare
3129 3421 3456 3476 molientem
3475 3426 3544 3478 ad

1884 3488 2358 3544 consentiendum
2386 3487 2743 3554 supradictis
2781 3488 2940 3542 sedis
2964 3491 3297 3558 apostolica:
3328 3492 3545 3548 litteris

1884 3565 2045 3633 (ques
2101 3559 2394 3633 Africunis
2438 3557 2704 3633 _Ecclesits
2765 3561 3163 3633 perscripserat
3186 3563 3548 3633 ⁸Ιηηοοενίὶιιε)

1885 3626 2085 3703 crebra
2118 3626 2566 3703 interlocutione
2595 3626 3038 3703 constrinxerit,
3070 3630 3323 3700 profecto
3367 3626 3548 3703 quid-4

1886 3701 2026 3772 quid
2063 3700 2278 3753 interea
2304 3698 2710 3772 leniusactum
2742 3706 2984 3772 estgcum
3011 3698 3280 3759 leestio
3326 3698 3548 3760 servata

1885 3769 2169 3828 duntaxat
2198 3769 2626 3837 antiquissimae
2663 3775 2720 3824 et
2765 3769 3182 3827 robustissimae
3212 3775 3341 3830 ﬁdei
3377 3775 3553 3831 ﬁrmi-

1889 3849 2024 3907 tate,
2072 3838 2629 3914 _correctionis_tuit
2667 3841 3116 3914 clementissima
3174 3849 3392 3914 suasio,
3436 3860 3546 3903 non

1890 3911 2233 3986 approbatio
2260 3910 3030 3986 exitiosissimapravitatis.
3064 3916 3132 3970 Et
3162 3919 3312 3986 quod
3346 3910 3418 3973 ab
3447 3932 3551 3974 eo—

1891 3981 2020 4040 dem
2042 3983 2335 4060 sacerdote
2368 3986 2562 4060 postea
2592 3981 2975 4060 Ctelestiuset
3008 3981 3273 4060 Pelagius
3304 3991 3546 4060 repetita

1892 4054 2238 4131 auctoritate
2259 4054 2513 4131 damnati
2534 4062 2691 4131 sunt,
2717 4054 3408 4131 paululumintérmissaé,
3429 4063 3546 4131 jam

1893 4127 2218 4202 necessario
2251 4122 2614 4202 praeferendaa
2645 4127 2970 4202 severitatis
3018 4127 3152 4202 fuit,
3186 4145 3297 4187 non
3326 4122 3547 4202 praeva—

1893 4197 2099 4269 ricatio
2125 4197 2290 4269 prius
2319 4196 2562 4269 cognitae
2607 4197 2690 4269 vel
2722 4209 2864 4269 nova
2891 4200 3167 4269 cognitio
3215 4196 3544 4258 veritatis...

1889 4268 2186 4344 Quomodo
2215 4267 2418 4344 igitur
2447 4266 2518 4320 ab
2537 4266 2679 4344 istis
2711 4266 3266 4344 ﬁdeidesertoribus
3292 4281 3350 4329 et
3374 4289 3550 4344 oppu-

1890 4339 2232 4410 gnatoribus
2275 4337 2474 4410 gratia:
2533 4339 2770 4394 Romani
2816 4338 3013 4394 clerici
3057 4337 3549 4409 praevaricationis

1890 4409 2218 4481 arguuntur
2246 4409 2352 4463 sub
2383 4411 2652 4478 episcopo
2681 4410 2925 4480 Zosimo,
2961 4413 3126 4481 quasi
3159 4414 3318 4470 aliud
3362 4429 3550 4473 sense-

1891 4482 2011 4536 rint
2052 4484 2113 4535 in
2161 4483 2531 4558 damnatione
2592 4483 2909 4558 posteriore
2951 4483 3204 4558 Ctelestii
3237 4492 3293 4540 et
3325 4488 3540 4558 Pelagii

1937 4566 2062 4608 nam
2104 4553 2252 4621 quod
2286 4551 2394 4605 sub
2448 4553 2781 4608 Innocentio
2832 4553 2888 4608 in
2941 4555 3132 4622 priore
3178 4551 3490 4613 senserunt
3518 4561 3548 4615 ?

1937 4569 2062 4608 nam
2104 4569 2252 4621 quoa
2286 4569 2394 4605 sub
2448 4569 2781 4608 Innocentio
2832 4569 2888 4608 In
2941 4569 3132 4622 priore
3178 4569 3480 4613 senserunt
3518 4569 3547 4615 τ

1889 4569 2036 4691 auia
2063 4625 2266 4692 utique
2286 4636 2414 4676 cum
2446 4624 2502 4677 in
2533 4623 2746 4678 litteris
2763 4626 3109 4681 venerabilis
3131 4628 3448 4684 Innocentii
3475 4631 3547 4686 de

1895 4695 2170 4764 parvulis,
2233 4694 2349 4747 nisi
2382 4693 2814 4763 baptizarentur
2847 4696 2905 4749 in
2936 4699 3185 4764 Christo,
3242 4699 3299 4752 in
3333 4708 3545 4758 mterna

1896 4773 2075 4842 morte
2107 4765 2396 4842 mansuris
2416 4767 2715 4842 catholicae
2748 4767 2879 4821 ﬁdei
2913 4769 3154 4842 clareret
3197 4770 3540 4842 antiquitas,

1895 4835 2147 4910 profecto
2169 4837 2438 4910 Ecclesia}
2471 4839 3168 4910 Itomanteprtevaricator
3203 4835 3398 4910 potius
3421 4835 3546 4900 esse

1895 4909 2230 4983 quicunque
2261 4906 2330 4960 ab
2365 4907 2466 4983 illa
2513 4909 2799 4983 sententia
2847 4906 3394 4983 deviasset;r—qu0d,
3430 4916 3545 4971 Deo

1896 4979 2168 5047 pr0pitio,
2222 4978 2515 5051 quoniam
2550 4977 2760 5051 factum
2812 4992 2921 5051 non
2968 4987 3075 5049 est,
3109 4977 3201 5036 sed
3235 4977 3358 5051 ipsa
3384 4977 3550 5042 'con-

1893 5056 2113 5104 stanter
2138 5048 2656 5122 repetitaleestii
2684 5057 2740 5102 et
2782 5050 2994 5122 Pelagii
3027 5048 3553 5120 damnatione,ser-

1893 5127 2142 5200 vataest,
2166 5118 2585 5200 seintelligant
2609 5133 2732 5174 esse
2758 5118 2940 5200 unde'
2959 5122 3106 5178 alios
3135 5118 3548 5200 criminantur,

1891 5200 1946 5246 et
1976 5191 2289 5270 aliquando
2318 5191 2520 5270 a_ﬁdci
2555 5192 3026 5270 praevaricatione
3054 5205 3350 5270 sanentur,
3380 5218 3405 5248 ω
3439 5191 3550 5270 (Id;

1893 5269 2082 5317 contra
2121 5263 2260 5316 duas
2290 5262 2447 5330 epist.
2471 5262 2734 5328 Pelagia);
2764 5262 2866 5318 lib.
2900 5277 2964 5336 II,
2995 5279 3158 5336 capp.
3187 5268 3221 5322 3
3241 5275 3296 5323 et
3328 5266 3401 5341 4.)

456 5795 694 5854 I’ATROL.
750 5791 1014 5855 CXXVII.

3138 5793 3198 5859 3i
