3912 6388
373 389 484 448 975

1184 381 1278 436 ΑΙ)
1314 381 1749 438 ANASTASIUM
1787 378 2305 438 PROLEGOMENA
2342 382 2518 438 EDIT.
2561 381 2994 440 ROM.—VATIC.

3698 389 3807 450 9'76

438 509 767 582 Dispositio
791 507 976 582 igitur
1013 508 1267 582 partium
1308 507 1484 576 hujus
1525 503 1794 582 cubiculi
1833 501 2108 582 AsacrisA
2136 503 2415 582 imagines
2445 505 2670 582 foribus
2698 510 3194 582 sanc_tua_rii,sive
3222 511 3454 582 προθύρῳ
3481 510 3804 582 imponun-

375 575 666 657 myste'riis
691 575 905 657 ibidem
945 575 1306 635 celebrandis
1334 575 1538 657 parati
1575 577 1692 657 sub
1721 575 2024 657 postremis

373 649 898 724 persecutionibus,
921 657 1304 724 cum_'.etatem
1330 649 1590 704 Silvestri
1621 649 2022 724 tamproxime

369 717 954 802 attiugat,'co_mplura
981 721 1574 802 nobisjnsinuatnquaa
1600 717 1841 802 miriﬁce
1857 728 2023 802 com:

373 788 698 866 probant'et
725 788 1022 866 illustrant
1053 792 1270 860 scripta
1305 805 1400 860 per
1427 788 1941 866 Bibliothecariuui
1961 788 2022 840 in

370 858 501 923 Vita
521 863 785 922 Silvestri
816 869 874 918 et
897 858 1332 930 successorum;
1365 866 1422 916 et
1453 862 1673 917 idcirco
1705 861 1855 914 inter
1881 858 2026 930 Pro—

373 939 663 1010 legomena
689 935 875 1010 visum
907 934 1271 1010 esteamdem
1307 928 1800 1010 proponere:_(_Tab
1833 928 1899 1010 I._)

441 999 870 1065 Concamaratio
889 1004 1146 1060 cubiculi
1166 999 1468 1060 adversum
1484 999 1988 1072 aperit'ingredien
2002 1026 2026 1037 —

367 1080 530 1136 tibus
577 1077 876 1143 fornicem,
909 1075 1078 1144 cujus
1107 1074 1354 1130 interior
1398 1086 1661 1144 recessus
1695 1074 2028 1144 inangusta

376 1148 707 1220 hujusmodi
753 1159 891 1220 area
913 1143 1180 1220 imitatur
1208 1145 1635 1220 quodammodo
1652 1143 2026 1220 basilicarum

371 1213 623 1284 absides,
657 1217 1136 1288 quemadmodum
1167 1213 1496 1288 etiiornicis
1527 1214 1714 1288 ipsius
1735 1218 2028 1288 structura

369 1283 691 1362 comparari
717 1293 901 1358 potest
929 1287 1092 1362 arcui
1123 1285 1494 1362 basilicarum
1529 1285 1904 1362 presbyteriis
1927 1283 2030 1336 im-

371 1354 580 1434 posito.
599 1354 794 1434 quem,
817 1365 938 1434 ut_a
966 1356 1282 1434 majoribus
1301 1354 2029 1434 a_ccepimus,tappellamus

369 1427 804 1500 triumphalem.
858 1429 1016 1483 Etas
1044 1427 1424 1500 Constantino
1480 1441 1697 1500 suppar
1729 1431 1880 1480 hunc
1913 1437 2026 1493 prie

368 1497 593 1561 caeteris
619 1515 824 1558 ornare
853 1500 1153 1556 consuevit
1177 1497 1360 1552 sacris
1391 1497 1769 1568 imaginibus,
1797 1509 2031 1565 praiser-

369 1578 476 1632 tim
505 1573 724 1630 Christi
754 1571 985 1628 Domini
1010 1570 1160 1624 inter
1183 1568 1476 1638 apostolos
1500 1567 1878 1624 considentis.
1912 1569 2028 1622 Hoc

365 1654 519 1703 certe
537 1646 890 1716 diagramma
923 1641 1212 1716 primariae
1237 1639 1493 1716 omnium
1525 1639 1802 1716 ecciesiae:
1828 1651 2028 1716 nempe

367 1717 627 1773 basilicae
642 1708 1069 1782 'Salvator‘is.a
1098 1715 1299 1782 Magno
1344 1710 1747 1782 Constantino!
1773 1708 2027 1782 fundatae

372 1789 432 1842 in
461 1785 756 1842 Lateranis
789 1784 899 1839 sub
942 1779 1218 1838 Silvestro
1247 1795 1410 1850 papa,
1462 1781 1632 1836 nobis
1659 1780 1896 1835 exhibet
1917 1779 2026 1850 Βί-

371 1856 790 1934 bliotliecarius
809 1850 1106 1934 pum.‘36:
1139 1849 1640 1934 «_Hujus,_i_nquit,
1662 1849 2024 1934 temporibus
2056 1873 2107 1934 Β

371 1925 945 1986 fecitConstantinus
972 1923 1272 1995 Augustus
1303 1923 1576 1978 basilicas
1593 1923 1766 1995 istas,
1805 1935 1948 1995 quas
1968 1930 2026 1976 et

371 1999 618 2056 ornavit.
649 1997 949 2053 Basilicam
971 1993 1526 2058 Constantinianam,
1551 1993 1652 2050 ubi
1681 1995 1876 2062 posuit
1913 1993 2024 2047 ista

368 2071 550 2128 dona:
610 2067 930 2138 Fastigium
956 2073 1290 2138 argenteum
1335 2064 1626 2138 battutile,
1657 2063 2027 2138 quobuhabot

367 2143 429 2198 in
457 2141 644 2198 fronte
671 2133 1016 2196 Saluatorem
1031 2133 1334 2192 sedentem
1361 2136 1422 2190 in
1443 2135 1584 2191 sella
1612 2133 1946 2204 in’pedibus
1970 2133 2024 2200 5,

403 2226 526 2270 ens.
554 2211 734 2268 libras
751 2207 856 2266 402
877 2227 892 2271 ;
910 2208 1210 2264 duodecim
1233 2207 1525 2276 apostolos
1551 2209 1610 2262 in
1633 2206 1836 2276 quinis
1863 2204 2032 2274 pedi-

403 2229 526 2270 ens.
554 2229 734 2268 noras
751 2229 856 2266 'IUZ
877 2229 892 2271 ξ
910 2229 1210 2264 uuouecun
1233 2229 1525 2276 aposwws
1551 2229 1610 2262 Ill
1633 2229 1836 2276 quiuis
1863 2229 1920 2274 pc

365 2229 497 2351 Bas,
534 2282 1059 2354 quiipensaverunt
1087 2279 1307 2354 singuli
1362 2278 1920 2354 librasononagenas.

437 2348 773 2423 Exemplum
799 2351 1060 2423 Silvestri
1110 2357 1167 2405 et
1195 2348 1594 2423 Constantini
1615 2348 2030 2423 subsequentes

367 2431 564 2483 states
593 2419 890 2493 nunquam
911 2421 1106 2493 oblitae
1127 2433 1240 2493 non
1268 2421 1438 2493 modo
1463 2421 1522 2475 in
1545 2419 1746 2474 abside
1773 2419 2029 2493 ejusdem

367 2497 626 2553 basilicae
650 2488 1069 2550 Lateranensis.
1096 2492 1193 2547 sed
1224 2492 1397 2546 etiam
1425 2491 1486 2545 in
1530 2503 1750 2545 camera
1779 2488 2028 2544 triclinii

367 2567 627 2637 ejusdem
655 2561 1065 2637 pa_triarchii_a
1105 2562 1161 2637 S_.
1210 2563 1393 2616 Leone
1421 2562 1495 2615 Ill
1524 2560 1873 2637 constructi,
1901 2573 2030 2637 quae

368 2631 969 2706 superest,‘C_hristum
995 2631 1303 2706 Dominum
1324 2637 1382 2686 et
1405 2631 1696 2706 apostolos
1721 2631 2025 2706 duodecim

363 2700 539 2766 etiam
572 2700 795 2761 musivo
823 2715 996 2772 opere
1023 2701 1433 2757 cxbibuerunt.
1465 2703 1528 2756 In
1561 2700 2028 2770 reparationibus

364 2785 556 2835 autem
585 2774 844 2831 basilicae
873 2773 1100 2828 eosdem
1146 2772 1437 2842 apostolos
1467 2773 1690 2828 musivo
1740 2775 2025 2841 expressit

362 2848 475 2907 sub
517 2845 769 2917 imagine
796 2843 1110 2900 Salvatoris
1158 2841 1219 2898 in
1265 2844 1758 2917 copoameratione
1783 2841 2024 2917 absidis

363 2911 816 2986 Nicolaus'papa
846 2919 1090 2985 quartus
1109 2927 1269 2986 anno
1291 2911 1421 2969 4294
1451 2933 1466 2986 ;
1497 2920 1556 2986 et
1579 2914 1893 2986 novissime
1906 2914 2022 2970 Cle-

365 3002 528 3047 mens
573 2985 689 3058 XI,’
717 2987 1083 3058 decessorum
1136 2985 1758 3058 vestigiisoinhatrens,
1816 2985 2022 3058 beatos

362 3054 674 3131 |apostolos,
711 3056 1096 3131 fundamenta
1129 3054 1575 3131 novag'civitatis
1611 3054 2019 3131 Jerusalemin

359 3127 493 3188 navi
523 3128 778 3187 ecclesiae
823 3127 1101 3196 primaria
1146 3128 1382 3183 totidem
1437 3127 1548 3182 sub
1596 3127 1862 3183 :ediculis
1902 3128 2024 3182 sive

361 3200 768 3259 loculamentis
806 3198 880 3252 ab
908 3199 1244 3254 lnnocentio
1277 3199 1501 3254 decimo
1529 3203 1724 3254 eodem
1773 3199 2024 3254 consilio

358 3272 602 3330 structis
627 3270 816 3326 solido
839 3281 910 3324 ex
940 3281 1218 3324 marmore
1245 3269 1315 3324 ad
1347 3269 1659 3325 colosseam
1691 3268 2028 3338 amplitudi-

357 3357 484 3400 nem
515 3341 710 3397 exciso
758 3353 858 3409 per
903 3339 1224 3408 sculptores
1251 3341 1440 3395 aetatis
1469 3347 1678 3395 nostra;
1705 3341 2024 3408 praecipuos

351 3413 536 3485 jussit
579 3410 886 3485 elaborari,
922 3412 1204 3485 certatim
1234 3409 1666 3485 conferentibus
1691 3409 2020 3485 symbolam

359 3480 652 3556 piissimis
683 3481 1051 3556 principibus
1079 3481 1150 3556 ad
1172 3481 1554 3556 decorandam
1583 3480 1884 3556 basilicam
1908 3495 2025 3536 om-

359 3551 522 3612 nium
553 3553 873 3624 principem
905 3553 1104 3624 sacris
1123 3552 1455 3624 hujusmodi
1482 3551 2023 3624 imaginibusjuxta

361 3622 574 3683 morem
604 3625 710 3680 aevi
746 3622 1234 3679 Constantiniani.

425 3698 551 3754 Non
608 3708 775 3751 secus
827 3695 888 3748 in
938 3694 1207 3748 Vaticana
1253 3697 1542 3762 peractum
1588 3693 1855 3750 novimus
1900 3699 2023 3749 tum

359 3770 582 3840 prisca,
623 3773 742 3840 tum
777 3769 985 3840 nostra
1004 3771 1232 3840 getatee
1260 3779 1401 3840 cum
1449 3765 1754 3840 duodecim
1785 3770 2027 3840 aposto—

360 3835 549 3896 lorum
571 3837 854 3908 imagines
884 3835 1121 3908 totidem
1149 3835 1438 3908 columnis
1459 3835 1698 3908 vitineis
1748 3836 2024 3908 inpositas

359 3911 432 3968 ad
454 3905 844 3964 coronan'dum
875 3907 1290 3977 presbyterium
1315 3905 1630 3977 Gregorius
1667 3909 1742 3962 lll
1770 3905 2028 3964 cclloca-

355 3981 526 4048 verit,
551 3985 692 4052 teste
714 3975 1158 4052 Bibliothecario
1192 3991 1351 4052 num.
1382 3975 1504 4044 494,
1549 3991 1795 4052 quorum
1821 3977 2027 4048 ﬁguris

367 4055 592 4108 musivo
609 4049 838 4120 pariter
852 4063 1023 4120 opere
1039 4050 1380 4120 compositis
1405 4049 1602 4104 ornari
1620 4049 1808 4120 voluit
1825 4052 2026 4105 Sixtus

407 4136 514 4192 apa
544 4118 1069 4192 quintusabsidem
1097 4119 1516 4189 amplissimam
1541 4133 1574 4175 a
1600 4133 1661 4192 se
1690 4118 2024 4192 fundatam;

407 4139 514 4192 apa
544 4139 790 4190 QUIHIUS
811 4139 1069 4176 ansmem
1097 4139 1360 4189 ampussr
1373 4139 1516 4174 mam
1541 4139 1574 4175 a
1600 4139 1661 4174 SB
1690 4139 2024 4183 Iunaatam;

367 4139 616 4250 ﬂentem
643 4203 776 4247 vero
800 4190 1058 4246 basilicae
1085 4204 1119 4246 a
1149 4204 1209 4246 se
1228 4197 1615 4246 constructam
1644 4191 1874 4259 Paulus,
1900 4191 2028 4260 ejus

368 4263 625 4320 nominis
645 4262 860 4332 pariter
873 4262 1136 4332 quintus,
1156 4261 1400 4317 colossis
1413 4261 1706 4332 Christum
1720 4262 2025 4318 Dominum

367 4341 425 4392 et
452 4331 758 4391 duodecim
789 4331 1080 4402 apostolos
1115 4331 1580 4401 exprimentibus
1605 4332 1918 4402 decoravit.

438 4407 548 4460 Par
587 4399 902 4474 dispositio
955 4399 1170 4474 legitur
1192 4399 1264 4458 ac
1315 4403 1546 4458 videtur
1589 4401 1648 4456 in
1679 4401 1922 4474 basilica
1969 4403 2026 4458 S.

366 4477 530 4532 Pauli
548 4475 640 4530 via
667 4473 918 4543 Ostensi,
942 4473 1112 4544 quam
1139 4489 1171 4529 a
1201 4478 1529 4529 terraemotu
1549 4485 1884 4544 concussam
1907 4473 2032 4528 bea-

365 4555 464 4604 tus
492 4548 602 4602 Leo
631 4546 844 4601 tertius
876 4543 1006 4600 cum
1034 4550 1331 4600 renovaret
1353 4556 1424 4600 ex
1448 4543 1779 4599 narratione
1803 4543 2032 4599 Biblio-

366 4617 614 4674 thecarii
645 4629 804 4672 num.
833 4613 941 4671 380
969 4620 1027 4670 et
1075 4613 1202 4681 384,
1244 4621 1467 4670 servata
1507 4614 1685 4669 veteri
1718 4613 1932 4670 forma:
1965 4617 2029 4670 In

364 4705 526 4752 naue,
585 4687 798 4757 inquit,
832 4701 954 4755 qua
1003 4692 1082 4740 est
1121 4701 1286 4754 super
1331 4687 1510 4739 altare
1535 4686 1800 4752 imagines
1829 4700 2028 4740 aureas

363 4761 565 4816 obtulit
589 4759 790 4814 Christi
827 4759 1046 4812 Domini
1085 4763 1136 4811 et
1176 4758 1542 4826 apostolorum
1573 4757 1722 4826 Petri
1763 4761 1814 4810 et
1841 4757 2026 4820 Pauli,

365 4830 658 4888 recentius
705 4841 838 4884 vero
882 4829 1176 4884 Honorius
1210 4825 1364 4898 papa
1408 4829 1483 4882 Ill
1516 4827 1577 4880 in
1609 4825 1894 4882 tribunali
1927 4842 2029 4884 ειειι

365 4914 590 4959 camera
643 4899 1009 4970 presbyterii,
1059 4899 1278 4955 Christi
1334 4899 1671 4970 Dominiet
1725 4898 2028 4954 duodecim

365 4969 760 5043 apostolorum
795 4969 1076 5043 imagines
1105 4984 1274 5040 opere
1307 4971 1531 5026 musivo
1568 4969 1640 5026 de
1689 4983 1844 5026 more
1868 4983 2034 5025 com-

362 5042 559 5115 pactas
579 5042 859 5098 restituit.

444 5115 650 5169 Verum
678 5113 1122 5169 consuetudinis
1152 5117 1265 5168 tam
1299 5118 1536 5182 receptae
1585 5119 1642 5168 et
1683 5112 2030 5169 conﬁrmatae

371 5184 539 5254 plura
567 5195 636 5238 ne
658 5182 1021 5254 conferamus
1049 5185 1327 5254 exempla,
1360 5187 1506 5240 satis
1530 5197 1817 5254 superque
1855 5184 2032 5239 fuerit

369 5253 631 5312 indicare
648 5253 867 5309 Alteris
899 5255 1184 5324 pontiﬁcii
1217 5253 1439 5311 Cultum
1475 5256 1532 5310 in
1558 5253 2029 5320 solemnitatibus

369 5327 510 5381 anni
529 5325 839 5394 praecipuis
852 5327 958 5381 hoc
973 5327 1144 5382 unico
1164 5339 1303 5382 orna
1313 5331 1500 5382 mento
1511 5327 1788 5382 constitui
1809 5333 2028 5382 sancto-

365 5409 495 5451 rum
523 5395 718 5467 sciliet
741 5395 1136 5467 apostolorum
1159 5397 1374 5452 statuis
1390 5397 1502 5452 sub
1524 5398 1776 5467 imagine
1795 5397 2027 5452 Domini

367 5463 1139 5539 cruciﬁxi_coll0catis.o_non
1168 5480 1334 5522 secus
1359 5481 1426 5522 ac
1457 5463 1671 5539 rogatu
1687 5468 1836 5522 beati
1858 5468 2025 5539 Xysti

367 5537 494 5602 ejus
504 5535 763 5606 nominis
776 5537 956 5606 tertii,
984 5537 1423 5592 Valentinianus
1435 5535 1735 5606 Augustus
1753 5535 2025 5603 numiﬁéi,

365 5605 579 5678 obtulit_
622 5605 949 5678 imagiuem'
986 5623 1212 5662 auream
1253 5623 1374 5662 cum
1423 5605 1707 5662 duodecim
1745 5611 1924 5678 portis
1979 5614 2031 5662 et

369 5674 638 5753 apostolos
663 5673 944 5753 duodecim
973 5687 1022 5730 et
1074 5679 1430 5753 Salvatorem
1448 5681 1508 5732 in
1543 5673 1766 5753 gemmis
1795 5681 2029 5753 pretio-1

370 5749 608 5820 sissimis
665 5749 917 5797 ornatam
965 5761 1136 5820 super
1191 5750 1584 5820 confessionem
1659 5750 1804 5803 beati
1867 5749 2032 5820 iPetri

376 5809 646 5886 apostoli.
685 5819 879 5886 ,ηεξ-(λης
926 5809 1099 5886 aliter
1124 5829 1192 5886 ac
1223 5809 1301 5872 in'
1339 5820 1665 5874 Graecorum
1716 5819 2029 5874 Pontiﬁca—

377 5875 536 5928 libus
552 5875 736 5928 sacris
749 5875 962 5933 Christi
979 5882 1208 5939 Domini
1234 5899 1300 5941 ac
1319 5888 1620 5944 duodecim
1639 5888 2028 5958 apostolorum

2133 581 2249 632 tur.
2282 583 2340 632 et
2392 579 2654 634 accensis
2697 580 2882 636 cereis
2927 579 3156 638 facibus
3186 579 3510 639 redduntur
3559 579 3804 654 conspi-

2132 659 2269 700 θυῖε.

2210 716 2428 800 Plaouit
2471 718 2698 800 scilicet
2725 721 3325 800 Ecclesigeocatbolicze
3371 723 3436 780 in
3483 723 3670 780 sacris
3700 738 3804 779 so—

2134 785 2425 845 lemnibus
2465 791 2724 845 muneris
2769 793 3055 860 pontiﬁcii
3107 795 3466 851 Sacerdotem
3521 803 3797 851 aeternum

2134 860 2449 940 secuudum
2473 861 2735 940 ordinem
2751 863 3129 940 Melchisedec
3151 865 3308 936 regio
3325 866 3488 940 cultu
3511 867 3569 920 in
3593 867 3802 921 throno
3883 877 3888 896 λ

2135 931 2528 1007 considentem
2583 933 2872 1007 exhibere,
2928 931 3380 1007 ejusqueregni
3435 949 3802 993 consessores

2134 1001 2426 1083 apostolos
2447 1008 2523 1083 _et
2565 1001 2994 1083 quodammodo
3041 1001 3800 1083 aévesévoulurepraesentare,

2136 1076 2333 1153 utpote
2353 1073 2409 1153 in
2431 1073 2732 1153 duodecim
2745 1075 2982 1153 sedibus
2998 1091 3128 1133 cum
3146 1091 3220 1153 eo
3235 1073 3567 1153 judicantes
3591 1073 3808 1153 duode-

2134 1143 2260 1226 uim
2294 1143 2482 1226 tribus
2521 1145 2716 1208 Israel,
2764 1146 2870 1202 hoc
2925 1143 3804 1226 est_universam___credentium

2135 1213 2468 1295 Ecclesiam,
2499 1228 2568 1295 ex_
2592 1229 2706 1295 quo
2749 1221 3173 1295 communicato
3216 1219 3500 1295 cumillis
3525 1221 3800 1295 jureosui

2136 1284 2348 1354 regalis
2373 1286 2684 1341 sacerdotii
2705 1289 3065 1346 constituite
3095 1290 3484 1360 piscatoribus
3507 1284 3806 1360 principes

2135 1368 2316 1431 super
2361 1367 2583 1431 omnem
2637 1365 2882 1431 terram.
2962 1363 3151 1431 Imago
3221 1365 3410 1416 autem
3468 1362 3804 1431 expressior

2133 1438 2256 1480 com
2267 1425 2430 1501 plene
2442 1427 2501 1482 in
2517 1427 2845 1501 Chgistiana
2864 1425 3113 1486 Ecclesia
3134 1432 3466 1500 hujusmodi
3485 1425 3806 1501 prophetia:
3872 1463 3888 1490 α

2134 1501 2263 1578 tum
2284 1498 2530 1578 maxime
2560 1497 2816 1578 aﬁ‘uisit,_
2836 1503 3081 1578 quando
3113 1504 3172 1556 in
3206 1497 3354 1578 :pace
3397 1497 3509 1572 ipsi
3542 1497 3806 1578 reddita

2135 1565 2385 1622 sublatis
2412 1565 2912 1636 persecutionibus
2941 1573 3113 1628 licuit
3133 1565 3242 1628 sub
3260 1565 3639 1629 Constantino
3676 1588 3809 1629 suc-

2133 1637 2462 1714 cessoribus
2489 1639 2548 1694 in
2571 1641 2808 1714 thronis
2827 1644 3217 1712 apostolorum
3247 1645 3538 1714 episcopis
3560 1645 3631 1700 ad
3653 1659 3810 1700 (ecu-

2138 1711 2388 1784 me_n_i_cas
2407 1713 2656 1780 synodos
2670 1711 2996 1774 convenire.
3014 1721 3069 1768 et
3080 1711 3305 1784 judicia
3326 1711 3488 1770 orbis
3513 1721 3804 1770 terrarum

2136 1779 2366 1856 publice
2395 1779 2676 1856 eXercere,
2711 1796 2776 1838 ac
2815 1784 2887 1839 de
2919 1779 3154 1856 divinis
3182 1785 3589 1856 humanisque
3628 1786 3809 1840 rebus

2137 1851 2218 1904 ita
2247 1851 2570 1922 decernere,
2604 1853 2710 1926 illo
2739 1855 2964 1926 caeteris
2993 1855 3353 1924 praesidente,
3393 1851 3559 1926 quem
3582 1856 3809 1910 vicaria

2137 1927 2412 1994 potestate
2462 1921 2566 1994 sua
2596 1921 2761 1994 fungi
2797 1939 2910 1994 prae
2964 1921 3189 1982 caeteris
3243 1921 3446 1992 voluit,
3492 1935 3558 1982 ut
3611 1933 3810 1981 ratum

2131 1999 2282 2046 esset
2312 1993 2372 2047 in
2399 1993 2562 2066 omlis
2587 1993 2877 2064 quidquid
2905 1997 3232 2066 hujusmodi
3261 1998 3488 2066 judicio
3537 1999 3595 2052 in
3627 1997 3812 2052 terris

2137 2064 2632 2146 pronuntiaretur.
2664 2066 2822 2122 Tunc
2868 2064 3103 2146 iunquam
3159 2064 3381 2124 oraculi
3417 2068 3612 2146 .istius
3649 2079 3808 2146 Apro-
3876 2065 3888 2098 ‘

2139 2135 2342 2208 missio
2371 2135 2652 2208 completa
2666 2149 2732 2192 ac
2755 2135 3258 2195 manifestiorcum
3280 2140 3572 2203 evasisset,
3601 2135 3815 2208 utpote

2137 2203 2334 2281 oculis
2390 2203 2774 2281 orientalium
2841 2216 2912 2281 et;
2983 2210 3440 2266 Occidentalium
3500 2203 3814 2281 regionum

2137 2276 2420 2352 exposita,
2451 2277 2618 2352 illius
2643 2293 2873 2352 quoque
2900 2279 3208 2352 imaginem
3235 2281 3491 2338 dedicari
3519 2276 3640 2352 tum
3677 2293 3818 2335 ma—

2137 2347 2292 2423 xime
2324 2361 2438 2423 par_
2451 2347 2566 2404 fuit
2587 2348 2646 2403 in
2664 2347 2860 2423 sacris
2881 2347 3127 2423 aedibus,
3154 2353 3251 2408 ubi
3279 2353 3504 2423 regium
3528 2350 3818 2423 majesta-

2139 2417 2218 2492 iis
2238 2432 2366 2492 sua:
2397 2418 2670 2474 thronum
2699 2419 2852 2476 inter
2881 2417 3152 2492 mortales
3179 2417 3818 2492 statuéredigna’batur

2138 2488 2481 2562 Redemptor
2509 2492 2866 2562 nosterLcui
2910 2491 3043 2548 data
3095 2499 3186 2548 est
3235 2495 3428 2548 omnis
3458 2488 3712 2562 potestas
3746 2491 3815 2546 in

2137 2559 2282 2632 cmlo
2310 2566 2375 2632 et
2403 2560 2475 2632 in
2507 2564 2678 2632 terra.
2731 2561 2991 2617 Thronos
3041 2562 3226 2632 igitur
3269 2559 3623 2631 apostolicos
3668 2561 3817 2618 hinc

2139 2629 2274 2684 inde
2292 2629 2561 2686 divinum
2591 2630 2874 2699 stipantes
2911 2637 2968 2687 et
2989 2629 3330 2688 coronantes
3349 2633 3472 2688 sive
3494 2646 3628 2688 cum
3652 2631 3818 2688 ima—
3872 2677 3888 2692 η

2136 2699 2376 2773 ginibus
2399 2702 2790 2773 apostolorum
2819 2701 3082 2773 aquibus
3102 2701 3328 2759 fundati
3343 2707 3500 2769 sunt,
3529 2703 3819 2773 sivecum

2136 2772 2400 2841 mysticis
2443 2772 2648 2844 ﬁguris
2675 2772 2970 2844 seniorum
2997 2773 3418 2844 Apocalypseos
3442 2773 3591 2844 Agni
3632 2772 3824 2844 thro—

2135 2853 2269 2898 num
2287 2855 2357 2898 ex
2387 2842 2642 2914 propriis
2667 2843 2902 2900 sedibus
2930 2845 3010 2900 ita
3025 2842 3394 2900 adorantium
3414 2842 3671 2900 solemne
3691 2842 3824 2901 fuit
3875 2853 3888 2896 ς

2130 2914 2443 2984 appingere
2469 2929 2538 2970 ex
2567 2919 2730 2970 aetate
2772 2915 3252 2971 Constantiniana
3301 2921 3416 2970 tam
3448 2914 3717 2971 basilicis
3753 2916 3821 2972 in

2131 2998 2268 3054 pace
2295 2985 2564 3056 Ecclesiae
2593 2986 2884 3056 excitatis,
2917 2998 3090 3056 quam
3119 2985 3414 3042 cubiculis
3437 2985 3821 3042 cmmeterio-

2135 3069 2284 3127 rum,
2310 3056 2525 3112 eisdem
2553 3055 2818 3112 basilicis
2843 3057 2914 3112 de
2946 3055 3208 3126 proximo
3242 3056 3703 3127 praeludentibus
3751 3057 3819 3112 in

2136 3125 2248 3182 ﬁne
2275 3129 2739 3196 persecutionum
2764 3145 2780 3188 :
2813 3129 2899 3182 uti
2929 3125 3334 3197 cognoscimus
3362 3141 3432 3184 ex
3463 3127 3570 3182 hac
3598 3139 3822 3184 memo-
3852 3143 3865 3156 λ

2134 3197 2485 3269 rabilicella
2510 3198 2618 3252 viae
2645 3197 2880 3269 Salaria}:
2915 3198 2973 3269 in
3009 3199 3229 3269 cryptis
3271 3200 3330 3255 S.
3361 3197 3818 3269 Hermetis,o_seu

2054 3249 2100 3308 Ο
2133 3249 3821 3340 sese:massilia;aenisis'aai'ngéiaieanss;
3873 3270 3888 3326 ε

2133 3337 2393 3412 ﬁdelium
2428 3337 3134 3412 inscriptionibusliquet
3147 3337 3549 3412 quadriennio
3564 3352 3596 3394 a
3616 3339 3820 3408 depo-

2132 3409 2346 3481 sitione
2417 3410 2682 3481 Silvestri
2761 3411 2831 3466 ad
2911 3409 3265 3481 sepulturam
3338 3410 3817 3467 Christianorum

2131 3479 2452 3536 abhibitam
2481 3487 2538 3536 et
2581 3479 2999 3552 frequentatani
3056 3483 3385 3540 earumdem
3447 3483 3630 3538 sacris
3675 3494 3822 3552 my-

2092 3549 2108 3565 ⁴
2133 3551 2349 3606 steriis.

2204 3623 2567 3692 Perspectum
2593 3627 2680 3678 est
2707 3637 2776 3680 ex
2803 3623 3063 3681 Historia
3087 3623 3324 3681 Eusebii
3361 3623 3467 3680 lib.
3491 3636 3571 3691 rx,
3593 3634 3730 3691 cap.
3755 3621 3818 3693 2,

2134 3693 2262 3764 ipso
2289 3693 2669 3751 Constantino
2693 3695 3010 3764 imperante
3032 3708 3146 3752 una
3161 3709 3292 3752 cum
3319 3700 3583 3752 consorte
3599 3693 3809 3750 domi-

2133 3763 2392 3820 nationis
2415 3765 2640 3834 Licino,
2673 3763 3058 3822 Maximinum
3103 3767 3162 3820 in
3195 3768 3429 3822 Oriente
3459 3777 3569 3820 non
3600 3765 3818 3821 minus

2136 3835 2601 3907 utriqueeorum
2637 3850 2805 3907 quam
2832 3844 3042 3894 nostra;
3073 3836 3204 3893 ﬁdei
3235 3836 3522 3893 infensum
3559 3835 3678 3890 tale
3702 3836 3822 3907 in-

2134 3906 2360 3962 dixisse
2374 3905 2592 3962 bellum
2619 3905 2802 3962 sacris
2831 3909 3298 3963 Christianorum
3320 3921 3386 3962 ac
3413 3907 3650 3976 templis
3681 3906 3822 3962 ubi-

2137 3990 2248 4047 que
2269 3977 2490 4032 dirutis
2520 3985 2576 4048 et
2618 3977 2742 4033 solo
2769 3979 3037 4048 aequatis,
3088 3986 3152 4032 ut
3183 3978 3243 4032 in
3273 3984 3505 4048 cryptas
3533 3985 3825 4033 ccemete—
3866 4031 3888 4046 _

2137 4048 2356 4104 riorum
2407 4047 2715 4116 confugere
2772 4047 2920 4115 ipsis
3000 4059 3230 4102 necesse
3283 4047 3462 4102 fuerit
3511 4048 3582 4103 ad
3644 4061 3820 4104 sacra

2139 4117 2819 4188 mysteriaperagendab
2877 4119 2962 4188 Ita
3027 4129 3245 4188 nempe
3305 4119 3632 4188 renovanda
3685 4132 3822 4176 esse

2136 4185 2443 4245 ce'nsuited
2454 4185 2565 4243 icta
2582 4185 2926 4259 Diocletiani
2943 4194 2999 4242 et
3015 4187 3376 4259 Maximiani,
3395 4186 3616 4257 quibus
3636 4191 3822 4259 paulo

2137 4267 2270 4316 ante
2299 4259 2560 4314 saevitum
2595 4256 2782 4329 fuerat
2801 4262 3002 4314 contra
3036 4257 3345 4329 religionis
3368 4256 3580 4315 nostra;
3623 4256 3822 4318 cretus

2135 4339 2194 4386 et
2219 4343 2410 4386 sacras
2435 4329 2584 4385 mdes
2622 4328 2692 4384 ad
2737 4329 2998 4399 synaxim
3045 4328 3310 4398 paratas:
3368 4335 3432 4384 ut
3468 4336 3818 4399 persecutio.

2140 4401 2356 4470 inquit,
2417 4399 2522 4454 lib.
2585 4413 2688 4455 vm
2752 4413 2876 4470 cap.
2953 4399 3063 4456 ult.
3137 4415 3259 4454 cum
3317 4401 3389 4454 ab
3456 4401 3822 4456 ecclesiarum

2139 4475 2411 4525 eversione
2459 4472 2778 4542 sumpsisset
2818 4472 3064 4535 initium,
3113 4473 3461 4541 postmodum
3500 4471 3820 4526 subsecutis

2137 4543 2294 4595 vario
2317 4547 2554 4611 tempore
2589 4547 2860 4596 rectorum
2898 4543 3366 4609 infestationibus,
3391 4543 3546 4610 longe
3572 4543 3819 4597 ulterius

2059 4635 2113 4696 D
2133 4627 2427 4696 progresso
2466 4614 2560 4667 sit.
2612 4611 2765 4696 Quin
2789 4613 2964 4696 etiam
2996 4619 3141 4696 post
3167 4615 3515 4696 initasuoum
3540 4612 3814 4696 “imperii
3861 4615 3886 4652 ε

2139 4682 2510 4739 consortibus
2531 4685 2690 4753 pacis
2707 4682 3110 4756 simulationes
3127 4683 3509 4756 tranquillum
3533 4683 3819 4740 Ecclesia":

2139 4758 2353 4808 statum
2379 4767 2450 4826 ne
2479 4755 2740 4810 semestri
2777 4755 3005 4826 quidem
3043 4754 3513 4826 integro'passus
3549 4761 3638 4809 est
3670 4768 3820 4824 per-
3886 4805 3887 4808 η

2142 4837 2370 4880 manere
2415 4824 2530 4896 (lib.
2594 4839 2676 4892 ix,
2731 4823 2811 4894 c,’
2841 4823 2926 4896 2):
2976 4823 3226 4896 Dumque
3293 4823 3370 4880 ad
3430 4823 3819 4880 subruendum

2133 4910 2325 4966 pacem
2348 4897 2490 4950 nihil
2520 4912 2657 4966 non
2699 4895 2944 4960 molitur,
3002 4895 3245 4966 primum
3279 4895 3497 4966 quidem
3525 4904 3748 4950 nostros
3777 4915 3817 4951 a

2139 4963 2492 5022 conventibus
2510 4963 2758 5038 (συνόδου)
2793 4970 2892 5036 qui
2929 4963 3345 5022 in'ctemeteriis
3369 4969 3490 5037 ﬁeri
3534 4967 3814 5026 solebant.

2138 5041 2318 5092 nescio
2373 5055 2478 5108 quo
2543 5042 2820 5109 prmtemtu
2877 5054 3061 5092 arcere
3115 5044 3344 5093 conatus
3395 5043 3491 5092 est.
3567 5038 3820 5093 Fiebant
3857 5061 3878 5086 τ

2140 5109 2326 5180 igitur
2356 5107 2415 5166 in
2459 5107 2805 5167 cmmeteriis
2843 5115 3140 5166 constante
3170 5110 3564 5180 persecutione
3613 5109 3818 5164 Maxi-
3885 5107 3887 5116 ⁴

2138 5179 2282 5254 mini
2317 5181 2377 5254 in
2403 5181 2655 5254 Oriente,
2706 5188 2762 5236 et
2791 5193 2890 5250 per
2925 5180 3030 5254 illa
3083 5180 3387 5236 intervalla
3429 5179 3608 5249 pacis,
3653 5180 3814 5254 saeri
3865 5222 3888 5244 .

2137 5251 2606 5309 Christianorum
2642 5249 2958 5308 conventus
2997 5251 3058 5306 in
3091 5257 3404 5322 martyrum
3431 5249 3814 5322 cmmeteriis,

2140 5323 2661 5391 quedmadmodum
2693 5330 2750 5378 et
2782 5319 3411 5394 Romaeperagebantur
3438 5319 3812 5391 tyrannidem

2138 5400 2438 5450 exercente
2470 5395 2779 5459 Maxentio,
2834 5393 3091 5462 ejusdem
3121 5393 3332 5464 aequali
3375 5395 3434 5448 et
3475 5395 3813 5462 prototypo,
3883 5405 3888 5430 α

2141 5471 2205 5518 ut
2235 5465 2384 5520 idem
2419 5465 2702 5520 Eusebius
2730 5464 3014 5520 observat.
3623 5487 3632 5496 -

2211 5535 2418 5591 Verum
2447 5537 2649 5591 divina
2677 5535 2896 5591 Christi
2925 5535 3115 5591 virtus
3140 5534 3242 5590 ubi
3287 5539 3560 5604 tyrannos
3584 5531 3816 5604 delevit

2137 5611 2194 5660 et
2207 5606 2276 5679 ad
2299 5606 2562 5679 nihilum
2581 5605 2800 5679 redegit
2822 5603 3323 5679 (quemadmodum
3347 5603 3408 5679 in
3437 5603 3820 5679 dedicatione

2137 5677 2391 5732 ecclesiae
2415 5677 2566 5747 apud
2583 5675 2794 5747 Tyrum
2811 5675 3062 5732 sublatis
3081 5675 3821 5747 persecutionibus_memo-
3886 5683 3887 5686 ‘

2139 5753 2327 5804 ratum
2354 5743 2537 5804 fuisse
2585 5743 2794 5804 scribit
2842 5743 3129 5804 Eusebius
3175 5748 3322 5802 Hist.
3377 5744 3530 5800 Eccl.
3586 5743 3692 5800 lib.
3748 5759 3812 5802 χ,
3886 5781 3887 5795 χ

2137 5827 2260 5885 cap.
2295 5815 2348 5886 4,
2414 5831 2540 5890 pag.
2590 5816 2720 5888 37b)
2767 5820 2968 5890 amicos
3015 5824 3064 5872 et
3109 5819 3420 5890 familiares
3467 5831 3594 5890 suos
3651 5818 3816 5884 apud
3855 5823 3888 5882 ﬁ

2137 5901 2317 5943 omnes
2336 5887 2448 5942 non
2484 5887 2740 5943 mortales
2779 5889 2957 5961 modo,
2996 5904 3184 5944 verum
3233 5889 3396 5942 etiam
3427 5887 3660 5944 calestes
3692 5903 3814 5956 po-
