3912 6396
109 427 115 434 -
163 385 269 444 985

1040 386 1312 444 ΟΙ-ΙΑΗΤΑ
1348 387 1815 446 CORNUTIANA.
1843 416 1919 426 —
1943 387 2316 442 BLANCHINI
2357 385 2704 444 MONITUM.

3489 388 3600 448 986

168 508 446 581 dedicata,
506 513 692 564 vestes
733 513 1288 581 aurouargentoqne
1330 515 1535 580 textas,
1582 521 1824 565 coronas
1853 505 1913 564 A
1939 509 2090 581 regii
2119 507 2507 581 cimeliarchii
2531 509 2731 581 Magni
2762 511 2940 566 Ducis
2962 523 3243 580 impresso
3272 524 3304 566 a
3333 515 3598 568 senatore

170 580 464 650 gestatiles
486 592 553 634 ac
585 579 834 649 pensiles
870 579 1210 636 ﬁbulatoria
1245 579 1544 650 gemmata,
1587 585 1825 635 senato—

171 665 294 705 rum
329 650 570 706 calceos.
602 651 1088 716 triumphantium
1123 652 1401 720 palmatas
1433 665 1498 707 ac
1525 652 1824 716 imperan-

172 721 312 776 tium
347 735 658 790 purpuram
692 736 803 790 qua
836 724 1257 792 episc0porum,
1293 736 1402 792 qua
1434 723 1818 788 sacerdotum,

173 805 280 860 qua
328 794 648 848 Levitarum
692 793 891 859 capiti,
947 793 1208 862 pedibus.
1256 794 1532 859 humeris,
1579 793 1819 861 pectori,

173 864 393 930 corpori
421 875 692 932 appensa,
723 864 903 919 veluti
934 863 1120 930 spolia
1151 864 1730 932 praeclarissimorum
1760 862 1820 914 in

175 933 463 1000 republica
482 947 781 989 munerum
805 935 1094 1002 eleganter
1113 937 1430 1003 composita
1459 935 1517 989 in
1542 941 1821 1001 trepaaum

175 1006 363 1059 crucis
392 1004 634 1069 Christi,
667 1007 1024 1061 sacerdotum
1058 1006 1318 1062 humeris
1353 1007 1421 1062 ad
1455 1005 1603 1060 hanc
1632 1016 1822 1059 arcem

174 1074 420 1130 caelestis
449 1076 803 1131 Hierusalem
836 1077 1227 1145 importatum.

239 1145 340 1200 llic
369 1159 502 1201 vero
534 1146 697 1201 locus
742 1147 980 1202 daretur
1035 1153 1398 1216 opportunus
1441 1145 1821 1216 enumerandi

173 1224 497 1288 ornamenta
526 1217 758 1288 singula
791 1218 1045 1282 levitica,
1079 1218 1460 1273 sacerdotalia
1488 1223 1555 1288 et
1578 1215 1825 1288 pontiﬁ—

174 1285 314 1340 calia
342 1294 572 1343 nostros
600 1285 658 1342 in
687 1303 829 1343 usus
859 1290 969 1344 rite
998 1290 1243 1344 deducta
1271 1290 1481 1356 partim
1511 1285 1591 1343 ab
1616 1287 1825 1342 imita—

175 1360 326 1411 tione
351 1358 569 1414 divinae
617 1359 1012 1416 institutionis
1046 1360 1154 1414 sub
1199 1361 1383 1414 Veteri
1437 1360 1821 1422 Testamento,

175 1429 376 1498 partim
421 1443 489 1484 ex
531 1430 849 1498 apostolica
880 1431 1195 1486 traditione
1237 1430 1345 1486 sub
1390 1433 1564 1498 Novo,
1601 1434 1704 1484 aut
1750 1441 1821 1482 ex

172 1497 480 1566 disciplina
508 1497 898 1556 suecessorum
921 1502 1254 1570 pontificum
1273 1507 1330 1556 et
1355 1501 1739 1557 conciliorum
1761 1499 1822 1552 in

175 1581 302 1641 pace
326 1571 594 1625 Ecclesia:
625 1573 876 1627 nitidius
899 1571 1316 1641 explicantium
1350 1572 1624 1641 mysteria
1657 1577 1825 1638 pote-

171 1639 335 1694 statis
362 1653 391 1694 a
424 1641 656 1697 Christo
681 1643 924 1698 Domino
953 1639 1070 1697 sibi
1102 1649 1160 1696 et
1188 1639 1456 1698 Ecclesiae
1498 1641 1820 1705 attributae,

170 1707 348 1776 locus,
384 1711 643 1781 inquam,
693 1714 931 1768 daretur
985 1713 1081 1768 hic
1129 1720 1492 1781 opportunus
1540 1713 1639 1767 illa
1699 1711 1822 1772 ipsa

167 1783 559 1854 enumerandi.
586 1784 689 1838 Sed
717 1785 919 1839 modus
945 1784 1248 1839 brevitatis
1273 1785 1696 1854 Prolegomenis
1723 1782 1827 1854 im-

1939 579 2211 652 Philippo
2243 580 2540 652 Bonarroti
2571 579 3401 652 in’eruditissima’Appendice
3426 583 3494 638 ad
3519 589 3599 642 vi-

1941 655 2093 722 treas
2120 651 2402 720 imagines
2422 653 2901 720 clemeteriorum,
2935 661 2992 708 et
3025 653 3084 708 in
3109 651 3269 722 aliis,
3297 653 3368 709 ab
3397 655 3595 714 eodem

1941 720 2236 795 indicatis,
2267 735 2469 795 nempe
2493 735 2560 777 ex
2593 735 2790 795 regum
2813 723 3066 778 Franciae
3093 725 3239 780 Gaza
3259 720 3595 795 antiquaria

1935 804 1970 845 a
1999 791 2331 862 dominodu
2358 793 2543 862 Cange
2560 791 2704 848 editi
2738 795 2797 848 in
2827 796 3060 851 dissert.
3080 796 3149 850 de
3173 791 3469 852 inferioris
3489 801 3594 854 aevi

1940 861 2413 935 nomismatibus,
2456 861 2512 935 et
2544 865 2601 917 in
2637 865 2969 920 Divionensi
3013 866 3238 921 domini
3263 867 3334 921 de
3365 867 3533 935 Mare,
3561 883 3594 924 a

1939 934 2004 987 D.
2030 932 2102 987 de
2133 933 2412 988 Partival.
2454 934 2670 990 inserto
2696 935 2848 990 libro
2878 937 2944 990 de
2979 938 3224 992 Utilitate
3267 932 3590 994 itineranda.

1937 1003 2213 1076 Universa
2235 1004 2355 1076 haec
2384 1012 2750 1060 monumenta
2775 1009 3153 1064 Romanorum
3177 1007 3471 1076 sculptura
3490 1018 3596 1066 aut

1941 1075 2168 1147 pictura
2211 1073 2705 1147 eﬁ'ormatagnobis
2760 1079 3085 1146 insinuant,
3121 1078 3254 1133 illas
3290 1073 3594 1147 pecto-rales

1937 1146 2146 1211 fascias
2200 1147 2447 1214 primum
2499 1145 2680 1202 fuisse
2733 1149 2923 1202 limbos
2958 1164 3058 1205 seu
3102 1145 3310 1202 cluuos‘
3339 1165 3595 1219 purpura

1940 1221 2216 1268 conlcattos
2265 1222 2320 1270 et
2363 1223 2592 1272 assutos
2635 1231 2750 1272 ora:
2791 1225 3075 1286 togarum,
3123 1221 3276 1275 unde
3315 1226 3594 1287 praetexta:

1941 1293 2084 1355 togae
2117 1287 2553 1356 magistratibus
2586 1288 2904 1356 majoribus
2933 1292 3078 1347 datae
3115 1291 3396 1346 dicuntur
3415 1293 3590 1346 etiam

1937 1363 2124 1411 stante
2150 1357 2446 1423 republica
2483 1363 2538 1412 et
2569 1358 2677 1412 sub
2714 1359 3036 1416 Caesaribus
3084 1363 3205 1426 XII,
3239 1361 3448 1416 saeculo
3479 1375 3592 1417 au—

1939 1433 2050 1481 tem
2100 1427 2381 1496 proximo.
2438 1427 2665 1483 scilicet
2710 1429 3158 1498 Antoninorum,
3208 1433 3422 1485 latioris
3450 1433 3593 1484 claui

1940 1503 2082 1566 togae
2108 1499 2398 1570 attexendi
2438 1513 2579 1553 usus
2611 1500 2878 1570 invaluit,
2915 1502 3230 1570 praesertim
3279 1514 3391 1570 qua
3433 1508 3593 1570 parte

1939 1569 2154 1641 pectori
2177 1576 2233 1641 et
2254 1570 2508 1624 humeris
2528 1569 2883 1626 circumfusa
2901 1569 3029 1641 toga
3051 1569 3315 1628 decenter
3341 1575 3399 1626 in
3423 1569 3590 1627 Sinus

1934 1639 2411 1713 complicabatur.
2446 1641 2754 1710 Progressu
2796 1639 3070 1710 temporis
3095 1644 3256 1713 (puta
3310 1641 3418 1713 sub
3447 1643 3590 1698 Tre-

1936 1709 2188 1765 boniano
2217 1712 2382 1765 Gallo
2429 1716 2484 1766 et
2515 1709 2843 1767 consecutis
2889 1709 3355 1784 imperatoribus)
3401 1714 3589 1780 Phry-

1934 1784 2077 1854 giati
2113 1785 2290 1849 operis
2335 1784 2545 1854 fascia,
2589 1783 2760 1848 limbi,
2807 1785 2968 1849 claui,
3015 1785 3398 1841 assuebantur
3443 1792 3586 1854 tOgte

169 1853 465 1926 ponendus
488 1854 572 1926 ire
604 1868 702 1922 per
750 1854 983 1926 singula
1015 1868 1126 1926 non
1161 1852 1463 1923 permittit,
1493 1853 1819 1923 prasertim
1853 1864 1906 1924 Β
1937 1852 2198 1926 υδὶςητηίθ
2215 1853 2542 1926 consularis
2567 1867 2886 1920 processus,
2911 1857 2996 1911 uti
3019 1857 3238 1912 nummi
3261 1852 3587 1926 complures

166 1924 560 1995 cum__aliunde
579 1927 689 1992 peti
717 1924 994 1991 possinta
1021 1924 1426 1995 liturgicarum
1459 1939 1648 1981 rerum
1679 1926 1822 1979 scri-

169 1993 428 2065 ptoribus
446 1996 841 2065 peritioribus,
861 2000 918 2051 et
945 2008 1120 2049 sacra:
1138 1993 1512 2065 antiquitatis
1531 2011 1597 2052 ex
1609 1997 1818 2064 posito-

166 2063 345 2136 riebus,
385 2066 668 2135 plerzeque
684 2063 942 2136 origines
959 2073 1016 2120 et
1044 2063 1394 2121 incrementa
1423 2067 1500 2121 rel
1531 2063 1817 2122 veStiarite

163 2133 224 2208 ad
253 2133 648 2208 hierarchicos
674 2134 937 2192 Ecclesiae
954 2137 1189 2208 ordines
1209 2138 1572 2208 pertinentis,
1597 2139 1667 2192 de
1695 2140 1818 2208 qui-

165 2203 264 2276 bus
297 2206 1139 2276 nonnihilattigimusinfrain
1171 2203 1404 2262 netisad
1433 2203 1813 2264 S.Zosimiim.

161 2275 332 2330 Multa
358 2277 536 2331 etiam
558 2278 809 2332 contulit
837 2278 905 2332 ad
942 2279 1062 2332 huic
1092 2276 1440 2333 illustranda
1469 2280 1739 2336 eruditus
1758 2284 1817 2336 in

162 2346 364 2415 primis
395 2347 647 2416 scriptor
679 2349 730 2401 P.
776 2348 1097 2404 Alexander
1135 2347 1513 2404 Wilthemius
1541 2365 1658 2406 soc.
1690 2353 1819 2409 Iesu

162 2417 461 2490 presbyter
483 2419 541 2490 in
572 2432 677 2490 suo
705 2420 968 2487 Dypticho
995 2420 1281 2474 Leodiensi
1303 2435 1370 2472 ea:
1411 2423 1692 2475 causulari
1717 2427 1822 2490 fa-

162 2492 233 2540 cto
261 2489 583 2559 episcopali.
615 2488 784 2543 Plura
809 2491 1167 2559 congerenda
1193 2497 1565 2557 suppeterent
1601 2507 1668 2548 ex
1708 2488 1819 2549 no—

163 2558 836 2634 strislucubrationibus
864 2558 940 2614 de
966 2561 1160 2634 mitra,
1201 2560 1397 2634 pallio,
1437 2575 1538 2616 seu
1570 2565 1816 2634 Phrygio

165 2628 500 2702 pontificali,
536 2629 836 2702 sacrisque
866 2631 1147 2702 vestibus,
1171 2631 1312 2685 olim
1342 2639 1536 2699 parata
1565 2628 1813 2702 prel'o'in

165 2701 538 2772 translatione
557 2701 706 2754 sacri
739 2701 1000 2767 corporis
1027 2702 1084 2755 Β.
1122 2701 1330 2758 Leonis
1357 2701 1575 2772 Magni,
1602 2718 1702 2759 nec
1729 2713 1814 2760 ta-

166 2783 287 2844 mene
307 2771 488 2844 edita.
522 2772 727 2826 Verum
767 2772 1038 2844 materies
1064 2785 1196 2828 cum
1222 2773 1303 2844 sit
1335 2785 1436 2840 par
1461 2777 1618 2841 operi
1643 2777 1814 2844 justaa

166 2841 345 2909 molis,
364 2842 520 2912 inter
538 2842 817 2912 opuscula
840 2842 1272 2912 Prolegomenis
1302 2844 1604 2900 inserenda
1624 2841 1812 2902 locum

165 2923 266 2966 non
301 2911 489 2984 habet.
514 2911 758 2968 Unicum
781 2926 848 2967 ex
875 2914 948 2968 iis
974 2911 1214 2984 seligain
1238 2914 1572 2970 adnotatum
1592 2918 1660 2972 ad
1688 2919 1822 2973 illu-

163 2983 446 3057 stranda‘m
462 2983 766 3057 historiam
779 2998 844 3057 ac
859 2985 1140 3040 indicium
1161 2986 1464 3057 potestatis
1476 2988 1818 3057 signiﬁcata:

167 3065 256 3120 per
281 3053 525 3122 pallium
556 3059 612 3109 et
638 3055 946 3127 Phrygium
989 3055 1323 3124 pontiﬁcale
1349 3075 1362 3109 :
1395 3053 1560 3125 quod'
1595 3060 1818 3127 primus

166 3136 431 3180 numerus
463 3139 593 3181 cum
628 3123 836 3181 referat
872 3140 904 3180 a
928 3123 1216 3182 SIMarco!
1247 3123 1518 3194 pontiﬁce
1559 3123 1818 3186 attribu-

165 3200 275 3249 tum
307 3198 581 3266 episcOpo
609 3195 884 3259 Ostiensi,
942 3204 1139 3267 utpote
1183 3198 1428 3267 praedito
1455 3201 1585 3266 jure
1609 3215 1819 3257 conse-

164 3267 351 3338 crandi
384 3267 681 3336 pontificis
701 3267 963 3330 Romani,
987 3269 1220 3338 aliaque
1241 3277 1604 3325 monumenta
1625 3273 1816 3327 eccle—

161 3337 386 3412 siastica
427 3339 682 3412 doceant
723 3337 1138 3412 transmissum
1185 3339 1373 3412 fuisse
1405 3339 1568 3396 beato
1597 3343 1813 3412 Cyrillo

163 3407 464 3482 Phrygium
500 3423 532 3464 a
561 3411 616 3464 S.
645 3409 952 3482 Caelestino
981 3416 1246 3482 papa,eut
1272 3411 1572 3482 Ephesinze
1597 3407 1814 3482 sinodo

160 3452 1246 3548 ειῖό³η⁰όιῖιίᾟὲρῑὶεξῖἇὲνὶῖ“,“ἔιθεἷῦἒίίἐξ
1259 3452 1572 3536 (ἵῶἱὲέἴίίῗῖ
1580 3452 1813 3539 ξιῘὲὶέἒῖ

160 3550 729 3624 soribuscqncessum
755 3553 1103 3620 primatibus
1131 3549 1374 3624 pallium
1391 3558 1446 3606 et
1471 3556 1814 3624 metropoli—

160 3621 375 3695 t_i__s_(uidc
395 3622 842 3695 Thomassignum
871 3625 987 3677 Vet.
1015 3622 1242 3690 Dlscipl.
1261 3631 1418 3692 parte
1433 3637 1469 3690 ι,
1486 3623 1588 3678 lib.
1609 3621 1671 3680 ul
1684 3640 1806 3695 cap.

160 3687 255 3764 ‘5);
290 3699 567 3764 tanquam
601 3693 829 3763 insigne
851 3687 1405 3763 potestatis'col'latie
1437 3687 1610 3763 supra
1652 3687 1815 3752 com-

161 3762 341 3827 plures
372 3762 541 3833 regni
573 3771 675 3818 aut
708 3762 1015 3832 provincia:
1031 3766 1337 3834 episcopos
1357 3783 1368 3819 :
1389 3765 1493 3820 alii
1517 3762 1648 3821 vero
1669 3782 1816 3823 con-

161 3836 384 3890 tendant
430 3835 959 3906 Alexandrinorum
1003 3835 1343 3906 pontiﬁcum
1377 3835 1550 3904 pallia
1585 3839 1664 3894 ita
1693 3853 1816 3894 esse

164 3907 407 3971 proxima
430 3907 592 3962 sedis
616 3906 781 3961 illius
812 3905 1166 3976 fundationi,
1190 3913 1257 3972 ut
1285 3909 1476 3962 mosin
1502 3908 1601 3963 illa
1616 3910 1816 3964 Eccle-

165 3977 241 4030 sia
259 3979 514 4048 viguerit
543 3979 731 4046 ipsum
752 3977 900 4033 beati
926 3979 1098 4034 Marci
1125 3976 1368 4046 pallium
1395 3979 1648 4046 singulis
1673 3996 1817 4036 suc-

164 4049 480 4104 cessoribus
502 4049 562 4103 in
595 4051 716 4117 ipsa
740 4050 1172 4104 consecratione
1197 4049 1296 4104 ind
1309 4049 1515 4118 uendi;
1547 4050 1663 4105 haac
1683 4065 1815 4106 om-

165 4117 251 4172 nia
276 4119 521 4192 pallium
538 4133 603 4192 ac
625 4121 934 4191 Phrygium
953 4120 1280 4190 episcopale
1305 4117 1626 4176 innumeris
1648 4137 1814 4192 quie-

165 4191 442 4246 stionibus
465 4190 749 4246 subdunt.

227 4262 332 4318 Has
402 4275 606 4318 omnes
647 4262 889 4318 dissolvi
942 4276 1107 4332 posse
1187 4268 1428 4324 autumo
1500 4269 1810 4332 conspectu

165 4329 393 4389 duarum
413 4334 790 4404 antiquarum
814 4329 1132 4402 imaginum
1152 4333 1299 4404 quas
1321 4347 1389 4388 ex
1420 4329 1805 4391 Romanorum

167 4409 401 4474 veterum
453 4405 706 4474 picturis
747 4405 1029 4460 Camillus
1066 4405 1386 4460 cardinalis
1416 4407 1486 4460 de
1542 4407 1810 4462 Maximis

167 4472 290 4528 olim
321 4472 576 4546 collegit,
609 4478 668 4532 in
702 4477 1019 4532 lectissimo
1053 4476 1217 4530 illius
1238 4475 1639 4531 cimeliarchio
1664 4492 1813 4533 com-

170 4548 336 4618 pactis
369 4551 423 4603 in
459 4561 642 4603 unum
685 4550 962 4615 codicem,
994 4548 1426 4618 elegantissime
1454 4547 1805 4604 delineatum

1933 1923 2325 1996 probantcum
2352 1923 2684 1996 hujusmodi
2713 1925 3046 1996 insignibus
3065 1923 3437 1983 Triboniano.
3460 1925 3589 1980 Gal-

1934 1994 2010 2061 lo,
2044 1995 2374 2059 Aureliano,
2408 1996 2607 2058 Probo,
2637 1994 2858 2050 Carino‘
2883 1997 3263 2066 Diocletiano,
3296 1996 3589 2051 Maximia-

1933 2078 2007 2119 no
2033 2078 2098 2120 ac
2139 2066 2363 2120 Licinio
2393 2067 2541 2126 cusi.
2580 2067 2894 2135 praesertim
2926 2069 3286 2138 integerrimi
3312 2081 3458 2138 quos
3485 2081 3586 2138 as-

1929 2143 2116 2192 servat
2166 2138 2310 2192 Gaza
2346 2137 2705 2208 antiquaria
2766 2139 3212 2196 eminentissimi
3273 2137 3589 2194 cardinalis

1933 2208 2241 2280 Alexandri
2269 2207 2498 2272 Albani,
2549 2215 2605 2280 et
2647 2211 2961 2264 ostendunt
3004 2209 3279 2280 diptycha
3309 2208 3585 2280 superius

1935 2279 2208 2340 indicata,
2225 2293 2394 2347 qurea
2408 2279 3284 2349 consulibusdistribuebantur,
3304 2286 3361 2335 et
3381 2279 3586 2334 amicis

1933 2349 2757 2419 transmittebanturtanquam
2784 2353 3133 2421 apophoreta
3169 2353 3228 2407 in
3253 2349 3584 2406 memoriam

1930 2422 2077 2491 gesti
2108 2421 2484 2488 magistratus
2513 2435 2578 2476 ac
2604 2435 2904 2477 munerum
2945 2422 3252 2478 editorum.

2001 2493 2224 2546 Rursus
2264 2498 2622 2560 perspectum
2661 2497 2748 2546 est
2791 2499 3018 2548 nostros
3058 2493 3420 2548 Christianos
3475 2502 3588 2544 an—

1928 2563 2166 2626 tistites,
2194 2569 2314 2616 tum
2344 2562 2402 2616 in
2425 2562 2678 2618 Oriente.
2700 2569 2820 2618 tum
2851 2565 2910 2618 in
2937 2564 3265 2627 Occidente,
3287 2569 3400 2617 tam
3431 2561 3586 2615 intra

1928 2633 2166 2688 Romani
2201 2631 2430 2700 imperii
2455 2632 2594 2686 ﬁnes
2611 2647 2780 2702 quem
2798 2641 2979 2700 extra,
3007 2641 3210 2703 praeter
3238 2632 3440 2703 civilia
3465 2643 3586 2703 cor-

1927 2718 2052 2770 pori
2088 2699 2423 2758 indumenta
2457 2717 2582 2772 quae
2615 2699 2917 2759 nationum
2949 2699 3092 2760 usus
3138 2699 3588 2772 communisefe-

1926 2774 2084 2829 rebat
2109 2780 2164 2828 et
2191 2773 2505 2828 moderatio
2538 2772 2916 2843 professionis
2961 2781 3170 2831 nostra:
3209 2771 3583 2844 approbabat,

1928 2844 2353 2917 philosOphicis
2371 2857 2480 2898 non
2503 2846 2820 2900 dissimilia
2842 2847 3001 2917 (puta
3025 2846 3224 2917 pallia,
3245 2850 3367 2900 sive
3396 2844 3588 2917 homo:

1931 2915 2134 2985 phoria
2161 2917 2512 2979 communia,
2532 2931 2657 2985 qua:
2677 2917 2851 2971 etiam
2883 2915 3155 2973 mafortes
3175 2915 3292 2972 aévo
3323 2915 3584 2985 sequiori

1928 2984 2084 3041 dicta
2116 2993 2272 3050 sunt,
2305 2993 2361 3040 et
2405 2984 2596 3042 birrds
2635 2988 2846 3050 laneus,
2889 2995 2946 3043 et
2999 2989 3263 3058 vulgares
3313 2984 3583 3053 tunicas),

1933 3058 2203 3113 habuisse
2235 3058 2494 3126 quiedam
2525 3058 2781 3128 insignia
2811 3058 3121 3114 sacerdotii
3156 3058 3341 3114 sacris
3363 3064 3585 3128 tantum

1929 3128 2136 3183 usibus
2157 3128 2504 3195 adhibenda,
2528 3142 2594 3182 ex
2618 3127 2840 3183 divinis
2869 3130 3084 3184 litteris
3114 3130 3423 3198 utriusque
3443 3127 3588 3198 Tes—

1933 3199 2192 3263 tumenti,
2227 3200 2611 3254 Pentateucho
2639 3201 2875 3254 scilicet
2903 3209 2958 3255 et
2976 3197 3419 3270 Apocalypsi’ut
3450 3197 3590 3266 plu-

1928 3271 2141 3324 rimum
2161 3270 2429 3334 deducta,
2459 3283 2586 3338 quae
2615 3271 2902 3325 munditia
2924 3276 2981 3324 et
3003 3271 3387 3340 simplicitate
3406 3273 3462 3340 et
3481 3280 3580 3336 pa-

1931 3341 2092 3396 randi
2147 3340 2427 3394 facilitate
2463 3341 3022 3395 commendarentur.
3081 3337 3338 3410 Q‘uorum
3387 3337 3587 3410 aliqua

1924 3412 2231 3482 attigimus
2280 3412 2338 3464 in
2373 3411 2533 3482 notis
2572 3411 2640 3465 ad
2701 3411 2769 3482 it.
2831 3407 3125 3468 Zosimuui
3153 3429 3169 3476 ;
3198 3412 3293 3482 ita
3332 3407 3588 3482 lacubus

1923 3479 2222 3550 apostolus
2250 3495 2391 3534 usus
2420 3480 2643 3534 dicitur
2663 3480 2734 3534 ab
2767 3483 3014 3538 Eusebio
3044 3481 3306 3537 vestibus
3331 3479 3508 3534 lineis
3530 3484 3588 3550 et

1925 3549 2160 3608 frontali
2193 3551 2406 3605 lamina
2437 3565 2537 3605 seu
2574 3551 2782 3619 petalo,
2825 3566 2996 3620 quem
3039 3553 3215 3608 etiam
3246 3552 3492 3604 Joannes
3527 3549 3584 3602 in

1922 3624 2057 3678 Asia
2109 3628 2358 3690 gestasse
2399 3622 2670 3676 traditur.
2723 3621 2904 3677 Pallia
2941 3625 3064 3678 sive
3112 3620 3488 3688 homOphoria
3531 3625 3590 3674 et

1923 3695 2070 3748 birri
2103 3693 2418 3761 pastorales
2448 3706 2514 3747 ac
2541 3692 2866 3748 dalmaticaa
2895 3695 2952 3748 in
2979 3695 3144 3749 Actis
3171 3691 3445 3762 Cypriani
3479 3703 3593 3745 me-

1926 3773 2224 3820 morantur
2245 3771 2300 3818 et
2319 3763 2531 3819 tunica:
2554 3763 2824 3818 trabeatae
2850 3765 2970 3820 sive
3003 3761 3583 3830 fasciis’quibusdam

1924 3837 2216 3891 distinctae
2241 3835 2512 3888 visuntur
2540 3835 2598 3888 in
2625 3836 3045 3890 vetustissimis
3069 3846 3365 3890 sacrorum
3391 3845 3590 3887 aeme-

1928 3909 2204 3962 teriorum
2240 3905 2599 3972 imaginibus
2628 3919 2695 3960 ex
2717 3907 2922 3960 vitreis
2945 3907 3188 3963 laminis
3218 3905 3316 3961 ubi
3336 3902 3583 3972 apostoli

1928 3981 2413 4046 repraesentantur
2455 3984 2515 4030 et
2545 3977 2653 4031 viri
2689 3977 3018 4045 apostolici.
3053 3979 3183 4032 Haec
3212 3989 3346 4032 vero
3391 3975 3588 4029 moui-

1927 4057 2113 4104 menta
2143 4046 2519 4116 comprobant
2562 4048 2862 4118 palliorum
2891 4065 3018 4104 oras
3059 4055 3110 4103 et
3142 4050 3456 4102 tunicarum
3485 4061 3587 4118 cae-

1916 4123 2063 4190 pitia
2111 4117 2626 4190 siveinsertiones
2663 4120 2822 4179 colli,
2874 4134 2986 4175 non
3031 4133 3198 4175 secus
3235 4132 3302 4174 ac
3345 4117 3587 4190 Aaronis

1922 4188 2200 4245 humerale
2255 4189 2600 4246 instructum
2643 4193 2843 4259 capitio
2888 4193 3089 4253 textili,
3125 4191 3255 4243 loris
3288 4203 3366 4259 ac
3409 4188 3588 4259 taeniis

1920 4261 2373 4327 sacerdotalibus,
2396 4276 2520 4330 qua:
2544 4256 2721 4316 etiarn
2737 4262 3168 4317 adhibebantur
3185 4261 3252 4315 ad
3277 4256 3585 4330 frontalem

1923 4334 2196 4409 laminam
2229 4333 2327 4386 Dei
2358 4327 2572 4388 nonine
2601 4333 2943 4409 inscriptam
2967 4327 3582 4409 cidaricolligandam,

1923 4406 2181 4476 quiedam
2212 4413 2547 4460 ornamenta
2596 4399 2979 4461 constituisse
3023 4399 3362 4473 pontiﬁcum
3409 4399 3586 4454 Chri-

1921 4475 2265 4539 stianorum,
2287 4475 2441 4530 circa
2475 4476 2743 4530 humeros
2767 4477 3088 4544 pra-sertim
3122 4484 3178 4530 et
3206 4479 3424 4543 pectus,
3458 4483 3583 4544 qua:

1923 4549 2158 4602 reducto
2190 4561 2363 4616 supra
2395 4554 2570 4615 caput
2599 4543 2799 4614 capillo
2833 4549 2974 4601 cirri
3012 4545 3366 4600 sacerdotalis
3409 4543 3583 4616 etiam

168 4595 962 4689 aggerati-'13:}.aitait
984 4595 1807 4676 satissatisstatuisti;
1837 4595 1890 4654 Ι)
1919 4595 2808 4688 attigas;{agamagam}
2833 4595 2984 4688 tota
3013 4595 3372 4689 hesitation
3395 4613 3584 4669 solum

172 4690 605 4758 magistratuum
642 4693 1020 4745 Romanorum
1054 4691 1306 4748 concilia
1339 4691 1430 4744 his
1472 4691 1528 4744 in
1565 4693 1811 4760 picturis

170 4760 501 4832 exhibentur
529 4764 667 4831 (Tuo
699 4764 832 4818 lllct
859 4761 968 4829 ΙΙΙ).
991 4762 1255 4832 Singulis
1280 4761 1549 4830 przesidet
1570 4762 1809 4818 concilii

175 4830 442 4903 princeps,
469 4830 694 4903 adjecto
724 4833 1034 4901 dignitatis
1060 4830 1234 4887 titulo
1265 4831 1562 4888 PRAESES
1591 4834 1646 4886 in
1673 4847 1808 4903 uno,

171 4907 222 4954 et
247 4901 305 4957 in
342 4901 521 4960 auem
545 4901 857 4959 'PRAESES
895 4903 1206 4958 CONSlLll.
1244 4905 1350 4958 Hic
1391 4917 1523 4958 vero
1549 4921 1748 4972 praeses
1779 4901 1812 4960 εἱ

173 4975 377 5030 caeteris
389 4975 1158 5031 omnibusdiscriminantur
1172 4981 1509 5032 ornarmnto
1522 4976 1810 5045 singulari

173 5046 460 5103 convoluto
486 5047 640 5103 circa
667 5047 904 5114 collum,
939 5047 1210 5102 humeros
1235 5059 1301 5101 ac
1328 5052 1547 5116 pectus,
1580 5059 1690 5100 non
1714 5061 1811 5102 se-

175 5125 268 5187 eus
295 5127 356 5172 ac
386 5118 563 5187 pallia
600 5131 897 5174 sacrorum
939 5118 1295 5178 antistitum.
1330 5117 1648 5186 praesertim
1679 5131 1812 5173 vero

175 5182 502 5258 Grecorum,
555 5193 744 5258 quasi,
793 5191 851 5244 in
889 5202 1100 5245 morem
1147 5182 1344 5254 fasciae
1394 5189 1632 5255 latioris,
1685 5203 1810 5258 qua:

176 5258 311 5330 apud
326 5259 621 5330 Romanos
641 5262 938 5316 Laticlavii
951 5273 1153 5316 nomen
1168 5260 1447 5330 obtinuit,
1474 5267 1529 5315 et
1557 5260 1614 5314 in
1645 5273 1810 5314 com-

179 5329 428 5402 pluribus
454 5333 628 5387 etiam
676 5334 956 5402 clypeatis
988 5333 1164 5402 imagi
1196 5331 1346 5386 tibus
1380 5329 1805 5392 Antoninorum

177 5401 370 5473 sgeculo
397 5415 460 5457 ac
489 5401 999 5473 subsequent'bus,
1035 5401 1380 5472 quandoque
1408 5415 1571 5472 pura,
1615 5415 1808 5472 quan-

176 5465 348 5546 doque
374 5474 543 5529 etiam
575 5465 699 5530 acu'
730 5475 878 5544 picta
911 5465 1013 5532 seu
1055 5465 1356 5545 phrygia'ta
1403 5465 1758 5546 exprimitur
1787 5493 1799 5528 :

179 5541 263 5617 Sed
311 5543 366 5598 in
391 5541 799 5617 consularibus
845 5541 1142 5617 diptychis
1167 5541 1592 5617 {Constantini
1640 5551 1805 5599 aetate

179 5609 495 5686 plerumque
513 5609 937 5672 exhibeturacu
957 5609 1244 5673 v'ariataet
1267 5609 1586 5686 phrygiaba.
1615 5630 1804 5686 quem—

177 5680 464 5758 admodum
492 5695 747 5756 spectare
774 5689 913 5743 licet
958 5691 1016 5742 in
1057 5680 1329 5758 imagine,
1361 5680 1804 5758 quam‘uippono

178 5748 490 5836 beidiensis
509 5748 576 5814 ex
596 5759 942 5836 Wilthemio
962 5748 1332 5836 excusaYTul)
1353 5758 1439 5836 IV.)
1462 5748 1801 5836 ’(Ιυθτη

180 5821 322 5880 aliud
353 5842 587 5900 quoque
627 5830 944 5900 diptychon
985 5821 1344 5884 Bituricense
1387 5821 1803 5900 simili‘pr'natu

181 5843 322 5880 auuu
365 5843 587 5898 quoque
627 5843 944 5900 mptycnon
985 5843 1344 5884 mturicense
1387 5843 1591 5883 Slmlll'
1636 5843 1803 5885 rnatu

181 5898 428 5952 consules
451 5907 839 5969 repraesentat,
860 5901 1339 5968 quemadmodum
1365 5907 1422 5953 et
1444 5900 1502 5953 in
1532 5843 1805 5994 digtycho

1919 4692 2119 4750 dictis,
2149 4691 2244 4745 sed
2261 4691 2434 4762 etiam
2461 4691 2707 4762 vetustis
2731 4687 3090 4762 imaginibus
3115 4687 3513 4758 comprobare.

1995 4763 2094 4816 His
2115 4762 2298 4824 igitur
2326 4761 2787 4816 indicationibus
2801 4761 3258 4830 cumpendiariis
3281 4769 3583 4830 munerum

1926 4833 2351 4903 pontificiorum
2385 4832 2651 4888 deductis
2680 4832 2752 4886 ab
2774 4829 3150 4888 institutione
3170 4843 3462 4886 sacrarum
3497 4829 3588 4884 lit-

1923 4914 2175 4959 terarum
2201 4910 2258 4956 et
2282 4917 2314 4957 a
2345 4904 2634 4958 communi
2673 4904 2976 4958 nationum
3009 4904 3298 4958 cultarum
3329 4916 3439 4956 usu
3471 4912 3584 4954 non

1921 4974 2390 5035 abhorrentibus,
2429 4973 2684 5042 insignia
2711 4973 3035 5028 Christiani
3068 4972 3381 5042 sacerdotii
3409 4971 3582 5024 etiam

1925 5045 2221 5114 prioribus
2237 5043 2504 5114 Ecclesia:
2523 5041 2752 5114 saeculis
2772 5042 3300 5114 constituebantur.
3318 5041 3506 5114 Quare
3523 5042 3582 5096 in

1923 5111 2169 5171 musivis
2195 5113 2549 5183 imaginibus
2575 5113 2833 5167 basilicae
2861 5113 3200 5178 Liberianze,
3228 5125 3326 5180 per
3352 5111 3582 5166 Sixtum

1921 5188 2157 5243 tertium
2182 5186 2333 5240 circa
2366 5184 2602 5238 initium
2626 5183 2820 5252 quinti
2847 5184 3046 5238 saeculi
3068 5185 3308 5251 curatis,
3336 5195 3582 5251 quarum

1919 5260 2116 5314 icones
2141 5255 2491 5312 exhibentur
2523 5255 2581 5309 in
2614 5254 2770 5308 notis
2813 5257 2881 5309 ad
2915 5256 3041 5322 ejus
3075 5254 3284 5314 Vitam,
3315 5253 3584 5308 sacerdos

1916 5331 2016 5384 Dei
2049 5329 2263 5383 summi
2296 5326 2712 5380 Melchisedech
2748 5327 2924 5394 pallio
2970 5333 3026 5380 et
3052 5326 3254 5393 capitio
3281 5328 3582 5392 purpureis

1919 5402 2097 5454 limbis
2143 5401 2480 5457 lemniscum,
2517 5403 2567 5450 ct
2605 5399 2850 5464 pectoral
2879 5397 3052 5465 ﬁbula.
3089 5400 3359 5463 gemmata
3402 5408 3581 5464 supra

1915 5480 2170 5527 sternum
2218 5470 2457 5523 astricto
2497 5477 2736 5524 ornatus
2785 5469 3110 5533 exhibetur,
3160 5479 3271 5521 non
3303 5479 3470 5520 secus
3515 5480 3584 5522 ac

1919 5544 2200 5613 imagines
2231 5539 2565 5613 pontiﬁcum
2603 5546 2926 5613 nostrorum
2969 5540 3025 5592 in
3065 5537 3306 5613 basilica
3327 5537 3581 5613 S.__Pauli

1914 5609 2107 5670 eodem
2133 5613 2338 5682 quinto
2377 5610 2586 5666 sa:culo
2627 5611 2967 5680 procedente
2997 5609 3105 5666 sub
3157 5611 3335 5682 Leone
3380 5611 3580 5679 Magno

1913 5681 2176 5755 depictas,
2204 5691 2256 5737 et
2287 5685 2414 5737 icon
2441 5683 2523 5755 Pii
2554 5683 2682 5750 ejus
2705 5683 2960 5755 nominis
3003 5681 3174 5755 primi
3213 5681 3268 5735 in
3301 5688 3576 5736 ctemete-

1916 5752 2026 5812 riis
2050 5763 2364 5825 martyrum
2395 5753 2576 5808 multo
2601 5761 2734 5808 ante
2765 5753 3037 5820 colorata,
3061 5752 3231 5821 cujus
3267 5759 3575 5825 typumex-

1918 5823 2274 5902 cudimusin
2309 5827 2437 5902 ejus
2477 5826 2626 5891 Vita,
2665 5838 2882 5902 necnon
2930 5825 3230 5902 beatorum
3258 5823 3492 5902 Damasi
3521 5830 3579 5902 et

1913 5900 2084 5969 Sixti,
2118 5913 2148 5954 e
2185 5892 2358 5954 vitris
2407 5899 2867 5953 clemeteriorum
2909 5896 3236 5967 deliueatae,
3295 5908 3440 5965 quas
3480 5892 3576 5946 hic
