3912 6400
204 397 316 455 993

1541 399 1820 456 CHARTA
1851 398 2320 458 CORNUTIANA.

3551 403 3661 465 994

199 528 334 602 ejus
363 528 504 602 illio_
535 527 752 596 scripta
793 527 943 602 (pag.
992 527 1114 598 435)
1157 531 1456 589 Laziorum
1509 545 1696 602 regem
1739 532 1874 602 Zta—
1901 527 1962 587 A
2054 530 2313 587 Vestium
2371 532 2614 588 istarum
2638 532 3031 588 consideratio
3055 547 3160 590 nos
3189 532 3360 590 facile
3401 535 3659 592 adduce-

205 599 422 670 thium,
477 600 774 654 Persarum
818 601 958 670 jugo
1006 615 1272 668 excusso,
1314 599 1871 670 Constantinopolim

202 669 524 738 profectum
566 678 622 724 et
648 683 810 725 sacro
841 669 995 725 fonte
1021 671 1330 728 lustratum
1369 689 1497 730 cum
1528 669 1872 728 Christiana

204 740 480 812 religioni
536 754 739 796 nomen
778 742 1032 796 dedisset
1074 743 1347 800 donatum
1397 744 1576 800 fuisse
1609 765 1634 794 cr
1662 743 1870 798 diade—

202 819 356 885 mate
397 812 554 881 regio
588 825 742 866 more
791 813 1063 885 Romano,
1114 815 1410 885 chlamyde
1458 816 1586 872 alba
1636 815 1870 869 holose—

204 883 351 946 rica,
392 895 809 957 propurpureo
837 883 1060 957 clavum
1102 883 1342 957 aureum
1386 888 1606 957 regium
1649 885 1870 940 haben—

203 959 283 1027 te,
315 955 482 1027 cujus
505 954 562 1008 in
589 954 775 1008 medio
801 955 1061 1027 sigillum
1093 954 1205 1011 fuit
1226 954 1870 1027 «naipzo'vimperatoris

200 1025 420 1080 Justini
477 1037 800 1098 expressam
866 1024 1114 1098 referens
1195 1024 1524 1098 imaginem.
1592 1024 1868 1098 Tunicam

205 1108 438 1164 quoque
466 1095 653 1168 albam
717 1097 1169 1163 paragaudiam»
1219 1095 1556 1168 παρειγαύδιον
1613 1097 1869 1168 στιχάριον

203 1146 403 1237 agas“
415 1146 556 1222 alia
569 1146 924 1221 sinesi-aa
935 1146 1208 1223 'éaia‘res
1222 1146 1524 1237 "sistam;
1541 1146 1872 1224 gestasse

202 1236 729 1301 'l‘hessalonicensi,
777 1251 902 1292 esse
953 1240 1126 1294 etiam
1171 1236 1381 1295 vestem
1435 1239 1869 1306 sacerdotalem,

202 1313 263 1378 et
283 1321 351 1362 ex
375 1307 660 1363 Trebellio
686 1308 945 1364 Pollione
984 1310 1040 1362 in
1073 1310 1336 1376 Claudio,
1365 1312 1713 1377 Parthicam,
1743 1323 1870 1378 qua

203 1377 352 1433 loris
385 1379 580 1450 aureis
618 1379 1115 1450 rsuccingebatur),
1144 1401 1170 1432 ‹‹
1219 1382 1480 1448 gestabat
1526 1383 1723 1437 aureis
1764 1377 1870 1447 pro

203 1463 365 1522 more
393 1449 550 1522 regio
579 1449 760 1504 clavis
776 1449 1131 1522 adornatam,
1163 1458 1218 1506 et
1251 1453 1398 1522 ipsis
1423 1453 1595 1506 etiam
1623 1453 1870 1522 impera-

208 1520 359 1591 toris
389 1519 627 1588 eﬂigiem
667 1519 1187 1589 praseferentibus.
1218 1541 1243 1571 »
1278 1519 1505 1578 Ἁιιιιθοε
1537 1519 1868 1591 huiusmodi

201 1590 368 1663 clavo
420 1605 521 1663 seu
567 1592 777 1648 limbos
832 1593 1052 1647 tunicis
1094 1599 1325 1650 assutos
1379 1609 1482 1663 pro
1525 1590 1685 1663 regio
1719 1605 1873 1647 more

201 1661 497 1734 episcopis
521 1663 899 1734 diaconisque
920 1669 975 1716 et
1003 1661 1873 1734 subdiaconis‘postoblationes

203 1733 538 1806 principum
608 1733 678 1788 ab
747 1734 1002 1806 Ecclesia
1054 1735 1306 1803 adjectos
1373 1733 1592 1806 regium
1654 1735 1872 1789 Christi

199 1803 460 1872 signum,
493 1818 634 1859 crux
683 1804 928 1870 scilicet,
956 1821 990 1857 α
1034 1821 1145 1873 qua
1188 1803 1458 1872 regnavit,
1510 1807 1869 1873 condecorat,

1982 603 2155 676 retad
2208 603 2585 676 sacerdotalis
2605 603 2946 676 hierarchia
2971 611 3183 660 nostra
3220 606 3475 676 insignia
3496 606 3658 675 sigil-

1981 670 2142 745 latim
2175 675 2528 741 exponenda,
2557 681 2610 728 et
2660 687 2824 731 voces
2855 675 3157 745 plurimas,
3207 670 3370 745 qua'
3399 670 3656 731 barbara

1978 743 2250 798 videntur
2276 745 2335 798 in
2368 745 2692 812 Anastasio,
2725 745 2819 800 sed
2845 759 2874 800 e
2905 744 3165 800 fontibus
3199 743 3474 801 indicatis
3508 748 3658 802 Gra-

1978 814 2357 869 cii-Romanis
2383 816 2640 870 deducta
2671 824 2826 880 sunt,
2874 817 3260 884 exponendas,
3288 830 3489 885 nempe
3545 819 3658 870 Ραρ-

1977 886 2272 950 ragaades,
2323 887 2390 938 de
2437 886 2777 954 Crysoclavo,
2822 888 3124 950 Periclysin
3165 888 3230 939 dc
3273 887 3550 952 Starausi,
3591 888 3656 940 de

1983 955 2168 1021 Tyrio,
2225 961 2323 1008 aut
2365 957 2433 1010 de
2498 958 2700 1010 blattea
2750 959 3028 1024 Byzantca

1979 1024 2196 1078 Crucem
2251 1032 2300 1079 et
2349 1027 2701 1081 Gammadias
2751 1029 2816 1080 de
2867 1024 3222 1093 Chrysoclavo
3264 1027 3445 1096 (num.
3504 1024 3650 1096 416).

1978 1097 2158 1149 Pallia
2198 1097 2450 1151 holovera
2501 1100 2674 1151 blatta
2731 1115 2850 1152 cum
2907 1100 3112 1152 tabulis
3169 1115 3307 1152 auro
3363 1101 3514 1152 tectis
3591 1100 3656 1152 de

1980 1167 2285 1234 chlamyde,
2321 1170 2407 1220 vel
2437 1169 2502 1221 de
2537 1170 2676 1222 stola
2708 1171 2986 1238 imperiali
3013 1166 3193 1238 (num.
3225 1168 3314 1236 85)
3339 1177 3394 1224 et
3439 1170 3653 1236 hujus-

1982 1239 2134 1294 modi
2199 1238 2412 1305 plures.
2454 1241 2496 1292 Α
2545 1238 2804 1294 vestibus
2851 1241 3060 1295 deinde
3091 1241 3528 1308 procederemus
3584 1242 3653 1295 ad

1979 1321 2110 1364 vasa
2141 1310 2289 1362 sacri
2318 1309 2650 1374 ministerii,
2684 1311 2834 1377 apud
2864 1311 3233 1365 Anastasium
3294 1311 3511 1379 pariter
3552 1323 3658 1366 oo—

1980 1379 2296 1445 currentia,
2320 1395 2474 1432 amas
2493 1386 2781 1447 argenteas
2819 1385 2870 1432 et
2898 1396 3117 1444 aureas,
3162 1381 3365 1447 gabata
3393 1383 3655 1435 electrina.

1978 1453 2158 1519 (num.
2207 1448 2322 1516 85),
2381 1465 2635 1503 coronam
2680 1452 2898 1519 pharan
2937 1455 3064 1504 ante
3099 1451 3277 1503 altare
3305 1451 3486 1520 (num.
3537 1448 3648 1519 64),

1983 1521 2205 1575 Crucem
2248 1523 2547 1590 Diac0pton
2595 1521 2776 1589 (num.
2807 1519 2933 1589 366)
2960 1525 3017 1575 et
3065 1520 3308 1575 similia.
3361 1522 3463 1576 Sed
3511 1534 3656 1576 con-

1983 1592 2264 1647 trahenda
2290 1598 2428 1646 sunt
2457 1591 2601 1659 vela,
2629 1605 2702 1646 ne
2729 1591 3074 1660 opusculum
3121 1591 3398 1646 reddatur
3446 1591 3649 1646 obser-

1986 1664 2286 1717 vationum
2316 1664 2625 1731 appendix,
2670 1669 2726 1718 et
2773 1677 2843 1718 ex
2893 1661 3317 1733 prolegomenis
3366 1666 3650 1718 tractatus

1990 1733 2404 1803 procudantur.

2056 1805 2322 1858 Chartam
2354 1805 2549 1874 itaque
2574 1803 2909 1859 donationis
2942 1801 3220 1871 proferam
3249 1802 3470 1874 additis
3502 1802 3656 1856 inter

194 1873 332 1942 jure
355 1874 587 1967 praiata
614 1875 969 1967 imaginibus
999 1876 1562 1967 Augustorum,qu_a
1598 1877 1956 1967 in_l.azio-IB
1987 1874 2682 1967 uncos‘castigationibus
2701 1889 2826 1944 qua
2866 1874 3306 1967 in.Bibliotheca
3321 1873 3652 1967 JBarb‘erina

203 1959 337 2016 rum
374 1947 526 2016 regis
554 1942 754 2016 tunica
789 1946 1058 2000 Justinus
1076 1942 1299 2016 aliique
1327 1942 1620 2015 principes
1655 1949 1713 2001 in
1749 1948 1874 2002 suis

196 2015 472 2086 donariis
499 2016 568 2070 ad
612 2015 918 2071 foederatos
947 2017 1144 2072 missis
1185 2015 1626 2086 impresserant;
1668 2031 1796 2072 cum
1820 2024 1876 2072 et

199 2085 322 2157 ipsi
369 2087 643 2157 Augusti,
700 2085 1371 2157 exemploConstantini
1431 2089 1640 2156 edocti,
1709 2089 1877 2157 regia

193 2156 367 2212 stola
389 2156 507 2213 sua
542 2158 930 2225 imposuerint
966 2156 1231 2212 divinum
1261 2159 1480 2213 Christi
1512 2156 1880 2224 monogram-

196 2241 317 2291 ma,
369 2229 683 2284 videndum
734 2228 792 2280 in
851 2227 1121 2294 pectorali
1167 2236 1501 2285 ornamento
1550 2231 1766 2285 Justini
1816 2244 1881 2286 ac

190 2299 528 2355 Justiniani
557 2297 1012 2354 numismatibus
1039 2299 1415 2369 insculptum.

1986 1947 2263 2014 leguntur
2302 1946 2512 2013 partim
2557 1945 2869 2013 impressa,
2902 1952 2960 2000 et
2989 1945 3094 1999 has
3143 1945 3390 2000 rotundo
3443 1944 3656 2014 chara-

1987 2013 2140 2071 ctere
2181 2016 2572 2087 typographus
2611 2017 2934 2087 exprimet;
2988 2015 3199 2087 partim
3257 2015 3528 2087 ascripta
3581 2013 3652 2069 ab

1987 2088 2218 2142 erudito
2242 2085 2441 2157 aliquo
2487 2087 2633 2144 viro.
2668 2085 2935 2142 fortassis
2982 2085 3053 2140 ab
3089 2088 3236 2157 ipso
3273 2086 3565 2149 Suaresio,
3599 2091 3655 2157 et

1991 2159 2093 2213 has
2131 2155 2391 2284 gbliquo,
2453 2171 2554 2213 seu
2593 2160 2819 2227 corsivo,
2880 2163 2946 2213 ut.
2996 2156 3194 2212 Italice
3226 2162 3451 2226 vocant,
3492 2155 3652 2211 reddi

1991 2243 2126 2284 cura
2173 2243 2224 2284 ο.

1990 2245 2060 2286 οιι
2070 2243 2224 2285 1⁵300.

1437 2727 1775 2800 CHARTA
1848 2724 2395 2797 CORNUTIANA
2410 2773 2432 2794 .

1711 2947 2133 2961 _

275 3137 587 3208 Exemplar
610 3140 958 3198 authentica
987 3143 1220 3211 charta,
1249 3143 1402 3200 unde
1450 3142 1725 3214 colligere
1754 3155 1876 3198 eam

204 3227 529 3298 potuimus,
561 3230 817 3286 ecclesia
845 3232 1235 3298 Cornutiana,
1262 3231 1551 3302 videlicet,
1581 3237 1646 3287 ut
1677 3231 1879 3286 divino

1988 3141 2212 3210 apsida,
2237 3145 2293 3196 et
2317 3141 2387 3198 de
2415 3139 2740 3211 parietibus
2763 3138 2913 3210 ipsis
2944 3151 3041 3209 per
3069 3152 3280 3209 sepem,
3302 3149 3429 3208 qua
3454 3134 3652 3191 hortos

1991 3229 2444 3301 inquilinorum,
2474 3230 2574 3298 qui
2605 3228 2664 3282 in
2707 3229 2982 3283 Pratorio
3012 3231 3393 3290 commanent,
3424 3223 3654 3278 videtur

201 3316 541 3373 ministerio
567 3319 837 3388 subjecti,
867 3327 1279 3390 competentem
1312 3322 1540 3390 possint
1564 3326 1621 3376 et
1658 3319 1877 3375 deloco
1907 3316 1956 3382 Ο
1990 3319 2236 3382 munire,
2279 3331 2407 3387 qua
2457 3317 2614 3385 sepis
2656 3315 2956 3370 descendit
3014 3327 3113 3384 per
3163 3325 3353 3382 regam
3398 3317 3531 3365 ante
3582 3309 3648 3364 ad

199 3406 294 3460 cui
330 3406 599 3462 serviunt
631 3407 839 3464 habere
872 3409 1278 3465 substantiam.
1315 3410 1480 3465 Illico
1525 3422 1756 3480 quoque
1786 3409 1880 3464 de-
1985 3406 2142 3461 viam
2183 3419 2398 3472 cavam,
2452 3405 2574 3459 sive
2621 3403 2691 3458 ad
2736 3404 2968 3468 Torum,
3023 3415 3149 3472 qua
3179 3401 3330 3455 redit
3358 3411 3539 3469 usque
3577 3397 3646 3452 ad

204 3505 410 3548 corum
447 3499 719 3563 putamus
745 3501 810 3550 ut
857 3497 1254 3552 luminaribus
1285 3498 1564 3566 templum
1613 3497 1878 3567 quotidie

201 3581 425 3637 divina
454 3583 760 3654 religionis
791 3591 1051 3653 ornetur,
1082 3591 1137 3641 et
1170 3585 1580 3658 ingruentibus
1605 3600 1721 3656 pra
1742 3589 1878 3640 tem-

203 3682 414 3738 porum
440 3672 796 3741 prolixitate,
829 3675 976 3729 artis
1002 3674 1264 3746 (sartum)
1296 3682 1531 3742 tectum,
1565 3673 1878 3744 reparatio-

203 3758 384 3828 nique
413 3766 682 3829 sumptus
731 3761 836 3817 hoc
868 3767 1064 3818 nostro
1107 3775 1344 3818 munere
1394 3761 1643 3818 collatus
1680 3762 1878 3817 deesse

203 3861 312 3903 non
373 3849 586 3918 possit.
649 3849 875 3919 Quibus
931 3851 1106 3907 rebus
1160 3865 1447 3923 congruas
1499 3863 1877 3920 procuramus

203 3949 509 4006 expensas,
545 3943 608 3992 ut
632 3939 974 4008 obsequium
999 3947 1260 3997 nostrum
1308 3938 1874 4010 possitpropitiatio-

205 4038 326 4080 nem
355 4026 697 4082 divinitatis
729 4033 956 4084 mereri.
980 4030 1102 4099 Qua
1127 4029 1596 4086 consideratione
1645 4040 1876 4097 permo-

206 4121 316 4185 tus,
345 4115 569 4186 largior
596 4122 790 4172 tenore
817 4121 1119 4186 prasentis
1174 4120 1396 4190 pagina
1427 4117 1686 4174 ecclesia
1727 4117 1876 4173 Cor-

207 4205 517 4259 nutanensi
552 4218 752 4260 massa
776 4206 933 4275 juris
972 4208 1157 4263 nostri
1181 4220 1212 4262 a
1248 4221 1335 4262 me
1378 4208 1505 4277 ipso
1544 4207 1645 4261 Dei
1683 4204 1875 4262 favore

207 4295 259 4345 et
278 4293 576 4360 juvamine
605 4296 958 4365 constituta,
983 4304 1157 4366 atque
1201 4295 1475 4364 fundata,
1521 4296 1577 4351 id
1616 4301 1704 4350 est
1733 4293 1876 4350 fun—

208 4380 338 4438 dum
370 4388 694 4453 paternum,
729 4387 1047 4450 Maranum,
1078 4384 1322 4445 fundum
1374 4390 1622 4442 montem
1678 4389 1877 4454 pater—

212 4483 364 4541 num,
400 4469 646 4528 fundum
695 4487 884 4530 casam
912 4474 1116 4529 Martis
1159 4472 1404 4530 fundum
1444 4479 1717 4545 vegetem,
1770 4473 1871 4543 qui

211 4565 293 4614 est
319 4574 451 4616 casa
481 4562 806 4634 Projectici,
845 4570 901 4619 et
954 4561 1196 4619 fundum
1237 4563 1587 4620 Batilianum
1619 4563 1876 4633 (excepta

1986 3507 2182 3549 arcum
2217 3507 2395 3562 supra
2428 3493 2746 3562 scriptum;
2781 3497 2847 3547 ut
2874 3491 3026 3546 inter
3063 3503 3252 3558 sepem
3284 3494 3340 3542 et
3373 3487 3523 3542 viam
3545 3499 3650 3540 ca—

1987 3596 2112 3638 vam
2165 3588 2294 3652 post
2319 3582 2544 3651 apsida,
2587 3580 2912 3649 supradicti
2939 3578 3139 3634 clerici
3174 3578 3374 3631 hortos
3422 3575 3650 3644 possint

1987 3671 2215 3727 habere.
2249 3672 2521 3726 Praterca
2572 3669 2765 3724 eadem
2799 3668 3068 3738 largitate
3098 3665 3273 3722 oﬁ'ero
3327 3663 3557 3731 fundos,
3595 3663 3650 3718 id

1984 3768 2071 3816 est
2098 3759 2340 3816 fundum
2379 3758 2783 3826 Callicianum,
2817 3769 3007 3812 casam
3043 3768 3268 3822 novam,
3291 3765 3479 3808 casam
3507 3753 3650 3806 Pra-

1985 3851 2053 3915 ti,
2085 3862 2274 3905 casam
2323 3848 2588 3916 Marturi,
2641 3859 2830 3902 casam
2865 3844 3140 3914 Crispini,
3175 3841 3419 3898 fundum
3446 3841 3657 3896 Boari—

1985 3952 2137 4008 cum,
2157 3943 2213 3993 et
2235 3951 2423 3993 casam
2446 3949 2696 4006 pressam
2718 3935 2777 3990 in
2812 3933 3109 4004 provincia
3134 3930 3324 3986 Picini
3345 3929 3656 3984 Tiburtino

1986 4027 2288 4083 territorio
2311 4027 2681 4082 constitutos.
2706 4025 2946 4079 Retineo
2968 4035 3137 4078 usum
3159 4018 3412 4075 fructum
3444 4019 3503 4073 in
3535 4017 3653 4071 vita

1987 4129 2134 4185 mea,
2167 4116 2356 4171 eidem
2385 4115 2656 4171 Ecclesia
2695 4111 2999 4170 catholica
3035 4109 3446 4180 pr0prietatem
3477 4105 3654 4174 hujus

1984 4204 2248 4275 epistola
2292 4203 2607 4276 largitione
2650 4201 3071 4266 transcribens,
3101 4212 3166 4253 ea
3197 4198 3319 4270 lege
3349 4202 3406 4251 et
3435 4195 3648 4250 condi-

1985 4297 2164 4363 tione,
2199 4299 2266 4350 ut
2287 4308 2417 4349 cum
2453 4294 2628 4349 etiam
2660 4291 2886 4347 fructus
2917 4294 3046 4360 post
3074 4286 3299 4344 obitum
3332 4297 3517 4340 meum
3549 4295 3653 4338 ca-

1986 4398 2119 4455 pere
2146 4383 2406 4453 caperit,
2439 4396 2506 4438 ac
2532 4381 2768 4438 sibimet
2810 4378 3141 4446 vindicare;
3176 4389 3289 4431 non
3331 4373 3519 4430 solum
3552 4385 3656 4428 so-

1986 4473 2228 4529 lemnem
2253 4473 2420 4529 modo
2437 4475 2713 4543 agnoscat
2733 4468 3018 4525 tiscalium
3047 4465 3425 4529 iunctionem,
3454 4473 3652 4516 verum

1986 4561 2164 4618 etiam
2209 4561 2678 4633 pr0pagationem
2715 4556 3054 4623 formarum,
3108 4567 3236 4624 qua
3278 4551 3349 4606 ab
3379 4548 3654 4605 omnibus

212 4646 475 4717 sigillosa
507 4649 629 4706 lilia
672 4651 994 4722 Anastasii,
1027 4657 1083 4708 et
1107 4653 1238 4708 Pice
1268 4652 1396 4724 (imo
1417 4651 1595 4723 picae)
1623 4651 1876 4707 Colono—
1907 4662 1961 4725 ι)
1985 4651 2245 4706 dominis
2273 4649 2610 4717 huiusmodi
2664 4647 3011 4718 pradiorum
3043 4641 3288 4712 dependi
3317 4638 3637 4696 consuevit.

215 4748 354 4803 rum,
391 4752 562 4809 quam
611 4740 736 4809 juri
791 4746 990 4798 nostro
1038 4742 1391 4798 retinuimus
1437 4746 1612 4813 atque
1650 4740 1876 4796 retine—-

215 4826 379 4894 mus).
421 4828 724 4884 Provincia
748 4829 934 4884 Picini
978 4829 1201 4900 (Piceni)
1223 4829 1532 4886 Tiburtino
1574 4829 1874 4884 territorio

214 4915 575 4988 constitutos,
611 4933 772 4987 pura
793 4933 858 4976 ac
888 4919 1126 4976 directa
1153 4919 1531 4976 liberalitatis
1556 4918 1728 4975 titulo
1749 4932 1876 4989 pos-

214 5001 477 5061 sidendos
514 5021 644 5063 cum
675 5007 948 5064 omnibus
975 5009 1044 5064 ad
1091 5023 1151 5065 se
1177 5008 1626 5079 pertinentibus,
1655 5013 1713 5063 et
1736 5021 1868 5064 cum

215 5094 359 5147 omni
403 5095 537 5163 jure
569 5095 856 5152 instructo
903 5103 1077 5168 atque
1123 5098 1508 5153 instrumento
1555 5109 1680 5162 suo,
1716 5096 1872 5152 sicut

219 5176 331 5244 ipse
362 5184 648 5253 possideo,
672 5199 801 5241 cum
824 5186 981 5241 omni
1005 5185 1233 5241 scilicet
1273 5198 1444 5241 onere
1486 5183 1870 5255 professionis

217 5280 344 5340 sua,
392 5273 482 5329 vel
550 5275 910 5345 necessltate,
955 5288 1124 5347 quam
1179 5280 1400 5332 certum
1459 5280 1544 5332 est
1594 5271 1868 5331 formesia

218 5357 546 5434 (formensia)
571 5365 785 5434 pradia
812 5365 1122 5421 sustinere.
1154 5367 1446 5422 Donamus
1479 5365 1655 5422 etiam
1677 5363 1866 5421 eidem

217 5448 459 5507 ecclesia
498 5453 688 5510 solum
712 5454 772 5510 in
800 5467 914 5524 quo
941 5455 1263 5510 constituta
1282 5459 1390 5523 est,
1413 5468 1544 5510 cum
1575 5467 1708 5509 area
1739 5466 1868 5524 sua,

217 5541 266 5589 et
286 5549 316 5591 a
337 5541 595 5608 pradicti
624 5543 884 5599 Pratorii
911 5543 1043 5612 jure
1063 5557 1417 5614 separamus,
1459 5549 1518 5599 et
1545 5543 1614 5600 ad
1662 5541 1874 5599 facien-

216 5623 311 5680 dos
366 5628 562 5687 hortos
608 5631 697 5688 vel
746 5631 1077 5687 habitacula
1115 5633 1347 5689 clericis
1411 5631 1872 5702 custodibusque

217 5710 507 5789 largimur,
544 5720 600 5775 id
623 5726 710 5776 est
741 5735 774 5777 a
804 5733 942 5776 cava
965 5733 1159 5790 arcus,
1183 5723 1285 5794 qui
1327 5723 1586 5779 mittitur
1609 5721 1681 5777 ad
1712 5722 1874 5777 Pra—

219 5803 442 5877 torium,
467 5815 526 5863 et
540 5809 754 5865 deinde
773 5822 872 5878 per
890 5808 1155 5876 parietes.
1182 5812 1284 5882 qui
1309 5818 1511 5868 contra
1530 5809 1870 5866 Pratorium

218 5890 508 5952 redeuntes
557 5910 747 5954 aream
811 5894 1070 5952 ecclesia
1119 5897 1422 5968 claudunt,
1478 5911 1662 5969 usque
1712 5904 1876 5956 trans

1983 4739 2258 4809 Impendo
2277 4746 2582 4810 argentum
2611 4748 2843 4808 quoque
2870 4733 2940 4789 ad
2967 4739 3236 4789 ornatum
3267 4727 3524 4798 ejusdem
3553 4739 3654 4780 ec—

1985 4830 2200 4897 clesia,
2228 4828 2312 4883 vel
2341 4827 2733 4883 celebritatem
2769 4821 3155 4893 suprascripti
3186 4816 3448 4889 mysterii
3468 4827 3656 4870 sacro-

1983 4919 2192 4986 sancti,
2227 4917 2285 4972 in
2313 4917 2404 4972 his
2443 4915 2671 4971 scilicet
2708 4911 3032 4984 speciebus,
3071 4909 3125 4963 id
3160 4913 3248 4964 est
3277 4911 3538 4976 patenam
3568 4915 3655 4958 ar—

1983 5013 2264 5079 genteam,
2325 5005 2563 5060 calicem
2617 5007 2948 5075 argenteum
3017 4999 3289 5067 majorem
3352 5007 3390 5058 l,
3443 4992 3654 5048 calices

1979 5102 2282 5168 argenteos
2305 5095 2557 5151 minores
2586 5107 2648 5156 ιι,
2696 5104 2930 5148 urceum
2976 5093 3330 5158 argenteum,
3361 5080 3650 5138 hamulam

1981 5185 2348 5253 oblatoriam,
2381 5184 2594 5252 colum,
2638 5178 3160 5236 thimiamatorion.
3191 5174 3457 5245 pharum,
3509 5182 3654 5225 can—

1983 5265 2215 5330 tbarum
2265 5279 2602 5346 argenteum
2646 5285 2776 5327 cum
2816 5267 3038 5324 catenis
3068 5272 3124 5321 et
3151 5261 3450 5332 delphinis
3480 5270 3647 5346 xviii,

1982 5376 2232 5421 coronas
2251 5343 2551 5434 argenteas
2583 5373 2660 5421 ιν,
2694 5372 2824 5415 cum
2847 5353 3134 5412 catenulis
3165 5351 3291 5409 suis
3320 5353 3389 5434 et
3408 5343 3653 5434 delphi-

1985 5453 2080 5508 nis
2101 5465 2223 5519 vm,
2254 5432 2571 5507 cicindelas
2601 5452 2901 5519 argenteas
2928 5458 2961 5496 v
3009 5455 3143 5498 cum
3169 5433 3456 5496 catenulis
3489 5432 3645 5487 suis.

1983 5543 2283 5598 Stantarea
2343 5537 2617 5608 (στηδάρια)
2682 5539 2972 5606 argentea,
3054 5534 3113 5584 et
3167 5528 3227 5582 in
3290 5520 3654 5579 confessione

1986 5636 2177 5688 ostrea
2197 5633 2466 5700 argentea
2506 5640 2569 5695 ιι,
2604 5639 2736 5681 cum
2766 5621 2913 5680 clavi
2945 5631 3084 5673 sua:
3141 5627 3268 5705 qua
3295 5624 3493 5668 omnes
3515 5621 3653 5705 spe:

1987 5719 2110 5775 cies
2143 5699 2470 5786 appensata
2500 5713 2714 5769 habent
2740 5712 2809 5768 ad
2836 5709 3106 5764 stateram
3141 5700 3402 5757 urbicam
3428 5699 3653 5786 argenti

1991 5784 2638 5878 pondoﬁquinquaginta
2668 5805 2919 5872 quatuor
2939 5790 3171 5848 uncias.
3197 5784 3660 5878 Septempharos

1989 5874 2200 5951 arcos:
2234 5894 2383 5949 duos
2409 5889 2684 5947 habentes
2710 5879 3024 5954 delphinos
3053 5885 3296 5938 octonos
3327 5883 3383 5934 et
3423 5874 3662 5928 harmo-

3075 958 3262 1026 (num.
3309 956 3435 1020 468,
3510 956 3652 1026 469).
3758 961 3761 964 ’
