3912 6408
249 394 360 456 995

1052 398 1147 458 AD
1183 399 1616 460 ANASTASIUM
1653 400 2169 460 PROLEGOMENA
2208 402 2384 460 EDIT.
2425 399 2857 462 ΗΘΜ-ητις.

3571 401 3682 466 996

257 525 405 581 rias:
462 525 768 583 cantharos
810 540 988 583 areos
1027 530 1271 598 majores
1295 543 1393 584 sex
1433 531 1685 586 minores
1713 543 1819 595 xu,
1861 527 1918 584 et
1947 528 2007 588 A
2033 543 2160 584 cum
2186 531 2356 601 (quod
2387 531 2559 600 absit)
2588 532 2909 588 observatio
2939 531 3246 602 cultusque
3264 531 3519 588 ecclesia
3549 532 3682 588 Cor-

255 614 384 669 lilia
426 627 570 670 area
603 629 663 684 ιι,
696 621 754 671 et
799 617 1082 672 stantaria
1131 619 1401 688 (πηδάρια)
1448 633 1591 674 area
1645 632 1774 688 xm,
1818 631 1919 673 nec

254 715 365 757 non
397 707 454 757 et
508 703 566 758 in
610 704 810 774 palliis
857 705 1098 774 pallium
1149 706 1534 762 holosericum
1589 707 1914 779 agnaphum

252 790 622 847 auroclavum
651 806 690 847 ι.
738 795 874 848 Item
923 793 1163 863 pallium
1200 795 1584 851 holosericum
1611 796 1912 866 tetrapho-

255 892 383 934 rum
443 894 480 949 I,
538 879 836 937 mafortem
913 884 1371 953 tramosericum,
1440 885 1908 941 rhodomelinum

252 968 600 1038 aquilatum.
643 971 781 1025 Item
838 969 1135 1026 mafortem
1157 985 1188 1026 e
1219 972 1659 1043 teleoporpbyro
1689 979 1912 1028 tramo-

263 1057 516 1113 sericum
539 1072 687 1128 opus
716 1059 1035 1126 marinum;
1063 1060 1199 1115 item
1230 1060 1411 1116 alium
1437 1060 1713 1131 (pallium)
1743 1062 1914 1118 holo-

255 1145 507 1202 sericum
554 1146 861 1202 luritatum
916 1147 1290 1218 (luricatum);
1345 1148 1584 1217 pallium
1629 1149 1918 1205 Cassioti-

253 1249 405 1300 cum,
465 1235 600 1290 item
656 1235 898 1305 pallium
951 1235 1170 1291 lineum
1224 1237 1659 1306 Aquitanicum,
1714 1242 1771 1294 et
1800 1238 1916 1294 alia

255 1322 432 1392 pallia
469 1322 620 1378 linea
650 1331 917 1392 quatuor.
1491 1340 1501 1348 α

325 1413 395 1468 Et
444 1426 546 1482 pro
571 1425 684 1467 ara
713 1425 834 1482 ora,
874 1411 998 1467 vela
1049 1413 1424 1469 tramoserica
1452 1413 1582 1470 alba
1612 1415 1915 1471 auroclava

256 1514 320 1569 ιι,
348 1499 471 1556 vela
501 1499 714 1556 blattea
760 1502 1065 1556 auroclava
1089 1502 1475 1573 paragaudata
1498 1517 1561 1571 ιι,
1590 1503 1713 1559 vela
1745 1503 1916 1559 holo-

258 1589 443 1646 serica
492 1587 621 1644 alba
649 1588 956 1644 auroclava
984 1588 1351 1658 orth0pluma
1391 1603 1450 1659 ιι,
1485 1591 1608 1646 vela
1630 1598 1915 1647 tramose-

259 1677 379 1733 rica
413 1677 906 1746 prasinopurpura
931 1689 992 1746 ιι,
1036 1677 1158 1732 vela
1197 1679 1570 1734 tramoserica
1604 1679 1914 1734 leucorho-

257 1766 397 1821 dina
453 1779 515 1830 ιι,
579 1765 700 1820 vela
749 1765 1118 1820 tramoserica
1172 1765 1621 1837 leucoporphyra
1679 1781 1740 1832 Il,
1793 1767 1915 1822 vela

2031 620 2394 676 nutianensis
2414 620 2678 676 videatur
2695 621 2973 690 occidere,
2999 627 3063 675 ut
3090 619 3264 691 legem
3292 625 3349 674 et
3376 620 3683 675 conditio-

2027 723 2153 763 nem
2187 722 2446 777 ponerem
2489 709 2789 764 donationi
2842 722 2998 776 mea,
3044 722 3113 763 ne
3139 721 3390 777 unquam
3436 708 3685 764 cuilibet

2023 797 2353 852 antistitum
2388 795 2842 866 presbyterorum
2870 797 3104 851 sibimet
3118 795 3566 865 succedentium,
3589 797 3682 852 vel

2021 884 2361 940 clericorum
2391 885 2706 954 quidquam
2733 898 2800 939 ex
2829 884 2921 938 his
2949 885 3199 954 pra-diis,
3232 883 3316 938 vel
3343 883 3548 954 hortis,
3587 884 3681 940 vel

2023 973 2324 1042 speciebus
2347 973 2655 1043 argenteis,
2687 986 2790 1028 seu
2814 972 3072 1028 vestibus
3100 987 3132 1027 a
3171 986 3258 1026 me
3301 985 3475 1040 supra
3513 971 3684 1028 desi-

2026 1060 2236 1131 gnatis,
2260 1060 2513 1115 alienare
2540 1060 2598 1114 in
2627 1059 2800 1115 aliam
2827 1059 3088 1130 quolibet
3112 1060 3284 1116 titulo
3316 1073 3567 1130 unquam
3596 1060 3682 1115 Ii-

2023 1153 2166 1217 ceat,
2199 1155 2301 1204 aut
2330 1154 2483 1204 certe
2507 1148 2616 1204 sub
2647 1149 2948 1204 occasione
2977 1148 3171 1204 cultus
3209 1147 3399 1204 divini
3431 1148 3498 1202 ad
3527 1148 3684 1204 alte—

2026 1237 2152 1292 rius
2179 1237 2435 1292 ecclesia
2453 1243 2720 1292 ornatum
2743 1237 3136 1308 qualicunque
3152 1249 3220 1292 ex
3248 1236 3352 1290 hac
3377 1237 3682 1292 occasione

2026 1323 2351 1381 transferre.
2385 1323 2545 1392 Quod
2578 1326 2750 1381 etiam
2785 1327 2844 1380 in
2879 1325 2969 1379 his
3007 1324 3300 1380 observari
3324 1325 3517 1380 eadem
3547 1339 3682 1380 con-

2023 1413 2248 1469 ditione
2279 1413 2428 1482 volo,
2473 1429 2600 1484 qua
2640 1412 2838 1470 futuro
2864 1419 3116 1484 tempore
3150 1412 3367 1470 fuerint
3401 1429 3684 1484 provoca-

2024 1501 2179 1556 tione
2216 1508 2425 1557 nostra
2449 1502 2776 1557 devotionis
2801 1503 3048 1570 adjecta,
3080 1503 3353 1572 quoniam
3380 1503 3677 1574 largitatis

2025 1594 2234 1644 nostra
2260 1589 2557 1658 prasentis
2581 1595 2908 1660 perpetuam
2945 1588 3193 1659 prafata
3218 1589 3486 1646 Ecclesia
3504 1593 3681 1662 cupio

2024 1679 2309 1746 pertinere
2329 1677 2736 1733 substantiam.
2770 1678 2928 1746 Quod
2958 1679 3006 1732 si
3038 1679 3352 1747 quidquam
3385 1680 3454 1734 de
3471 1679 3684 1736 aliena-

2023 1765 2180 1820 tione
2213 1779 2245 1820 a
2290 1779 2376 1820 me
2431 1765 2722 1834 prohibita
2770 1764 2947 1821 fuerit
2996 1765 3141 1820 forte
3197 1773 3499 1829 tentatum,
3542 1774 3682 1824 tunc

262 1853 585 1910 holoserica
611 1853 1015 1922 coccoprasina
1043 1867 1106 1908 ιι.
1140 1856 1277 1910 Item
1300 1855 1416 1910 alia
1466 1861 1737 1924 paratura
1760 1855 1916 1910 holo-
1943 1857 1995 1916 Β
2022 1867 2145 1922 ego,
2172 1854 2255 1908 vel
2305 1855 2483 1908 hares
2520 1853 2885 1922 haredesque
2925 1854 3039 1922 sui,
3082 1854 3169 1910 vel
3197 1869 3495 1911 successor
3538 1871 3680 1912 suc-

260 1942 446 1997 serica
497 1941 620 1996 vela
659 1941 868 1997 blattea
908 1943 1211 1998 auroclava
1263 1942 1630 2012 orth0pluma
1686 1957 1748 2013 ιι,
1792 1942 1915 1998 vela

263 2029 637 2086 tramoserica
702 2029 962 2100 aquilata
1020 2032 1428 2101 coccOprasina
1482 2045 1546 2100 ιι,
1601 2031 1723 2086 vela
1790 2035 1918 2085 tra-

266 2119 544 2175 moserica
608 2118 956 2175 boloblattea
1029 2134 1092 2190 ιι,
1164 2119 1287 2175 vela
1336 2118 1576 2176 loricata
1629 2119 1917 2189 (Iurieata)

265 2206 767 2278 melinoporpbyra
793 2207 1067 2263 uncinata
1088 2208 1226 2278 duo,
1255 2207 1376 2263 vela
1401 2207 1721 2263 boloserica
1748 2205 1920 2261 holo-

271 2296 426 2352 blata
453 2310 516 2366 ιι,
534 2296 654 2351 vela
674 2296 974 2366 apoplacia
998 2295 1314 2366 (apoblacia
1335 2296 1456 2351 sive
1485 2296 1554 2350 ad
1580 2294 1914 2366 ploblatea);

271 2384 676 2453 coccOprasina
729 2384 1041 2439 cancellata
1109 2383 1363 2438 rosulata
1410 2383 1559 2450 duo;
1609 2383 1744 2438 item
1800 2382 1919 2438 vela

267 2472 613 2542 aploblattea
655 2471 1062 2540 coccoprasina
1125 2470 1460 2526 cantharata
1512 2486 1562 2526 v.
1619 2473 1754 2526 Item
1802 2472 1919 2526 alia

265 2569 555 2630 paratura,
607 2559 733 2614 vela
776 2558 928 2613 linea
976 2558 1278 2613 auroclava
1336 2559 1630 2615 clavatura
1677 2561 1914 2630 quadra,

264 2647 381 2703 duo
433 2646 554 2700 vela
629 2646 782 2701 linea
829 2645 1133 2700 auroclava
1187 2648 1569 2718 paragaudata
1625 2648 1917 2703 clavatura

270 2735 518 2791 rotunda
540 2747 602 2803 ιι,
631 2733 753 2788 vela
782 2733 935 2788 linea
965 2735 1350 2805 paragaudata
1370 2736 1596 2791 Persica
1625 2735 1915 2792 clavatura

267 2821 658 2880 coccomelina
691 2821 925 2890 prasina
959 2835 1020 2884 ll,
1043 2821 1166 2876 vela
1194 2821 1344 2877 linea
1370 2824 1753 2894 paragaudata
1778 2825 1918 2879 Per-

266 2911 389 2966 sica
418 2910 713 2966 clavatura
739 2909 1152 2964 leucorhodina
1176 2924 1236 2978 ιι,
1257 2909 1378 2966 vela
1404 2899 1554 2967 linea
1576 2911 1917 2967 blatoserica

266 2998 656 3070 paragaudata
680 3011 742 3066 li,
765 2997 888 3052 vela
910 2997 1061 3053 linea
1081 2998 1424 3054 blatoserica
1450 3001 1816 3069 orth0pluma
1849 3016 1910 3056 ιι.

264 3089 404 3142 Item
424 3087 546 3141 vela
578 3085 731 3141 linea
757 3099 899 3155 pura
927 3099 1044 3141 xiv.
1072 3089 1209 3142 Item
1240 3093 1370 3143 ante
1406 3089 1592 3159 regias
1635 3088 1914 3153 basilica,

2025 1954 2346 1997 cessoresve
2376 1941 2507 2007 mei,
2538 1941 2623 1995 vel
2671 1941 2774 2010 qui
2820 1939 2941 1995 illis
2970 1942 3243 2011 deinceps
3269 1945 3676 2012 successerint,

2029 2030 2295 2084 universa
2323 2041 2450 2097 qua
2481 2027 2658 2095 hujus
2685 2028 3020 2084 donationis
3049 2036 3187 2084 sunt
3209 2038 3405 2086 tenore
3426 2046 3684 2101 compre-

2028 2119 2224 2185 hensa,
2247 2117 2316 2171 ad
2336 2129 2505 2171 suum
2529 2116 2629 2184 jus
2656 2117 3179 2188 proprietatemque
3199 2119 3510 2175 reducant:
3541 2135 3687 2190 quo-

2029 2205 2182 2261 niam
2213 2204 2362 2274 quod
2399 2204 2614 2260 anobis
2643 2204 2993 2275 cogitatione
3020 2207 3350 2263 veneranda
3374 2207 3682 2278 religionis

2029 2292 2305 2361 oblatum,
2339 2293 2654 2348 secundum
2686 2293 2864 2364 legem
2893 2299 2949 2349 et
2981 2294 3374 2350 conditionem
3409 2297 3680 2365 positam,

2030 2381 2202 2436 licere
2234 2395 2344 2436 non
2366 2381 2533 2436 debet
2562 2382 2892 2452 cuicunque
2923 2395 3175 2452 persona
3201 2383 3285 2438 vel
3307 2384 3551 2440 alterius
3581 2398 3686 2439 ec-

2027 2469 2236 2538 clesia,
2270 2470 2357 2524 vel
2393 2471 2626 2539 pradiis
2645 2470 2960 2539 cujuslibet
2988 2471 3280 2540 deputare.
3306 2474 3459 2526 Hanc
3488 2480 3685 2527 autem

2029 2559 2376 2628 scripturam
2419 2559 2756 2615 donationis
2782 2559 3070 2614 Feliciano
3113 2559 3338 2614 notario
3372 2572 3493 2613 meo
3518 2560 3682 2614 scri-

2028 2645 2269 2702 bendam
2299 2647 2535 2705 dictavi.
2567 2648 2736 2717 eique
2769 2646 2988 2701 relecta
3011 2660 3042 2700 a
3076 2659 3160 2700 me
3191 2647 3320 2700 sine
3353 2645 3488 2700 dolo
3523 2646 3678 2702 malo

2031 2748 2202 2791 manu
2235 2736 2469 2806 propria
2513 2735 2832 2803 subscripsi
2860 2741 2915 2788 et
2967 2733 3144 2804 gestis
3173 2733 3409 2804 allegari
3443 2736 3683 2803 propria

2028 2825 2322 2880 voluntate
2341 2825 2624 2891 mandavi,
2653 2821 3192 2891 stipulantibusque
3213 2821 3530 2877 venerabili
3555 2824 3683 2878 viro

2028 2913 2376 2983 presbytero,
2399 2910 2745 2966 diaconibus
2771 2909 3178 2978 universisque
3206 2909 3442 2964 clericis
3472 2923 3683 2967 memo-

2027 3009 2163 3058 rata
2178 3001 2433 3058 ecclesia
2458 3001 2528 3055 de
2542 2998 2812 3055 omnibus
2838 2999 3193 3068 supradictis
3215 3000 3516 3068 spopondi.
3542 3000 3686 3054 Sub-

2027 3090 2244 3157 scripta
2275 3101 2345 3143 xv
2381 3087 2510 3141 Kal.
2542 3085 2846 3156 Maiarum,
2868 3087 3080 3142 domno
3097 3089 3278 3142 Leone
3299 3088 3398 3140 PP.
3420 3089 3682 3158 Augusto

266 3174 388 3230 vela
415 3175 569 3230 linea
601 3174 857 3244 plumata
903 3175 1117 3244 majora
1145 3175 1277 3231 ﬁssa
1328 3189 1564 3232 numero
1595 3177 1728 3232 tria.
1781 3182 1913 3233 Item
1943 3177 1989 3237 C
2027 3183 2185 3247 quat.
2221 3175 2502 3230 PROBIANO
2528 3175 2672 3229 V.C.
2697 3189 2844 3230 coss.
2873 3175 2954 3229 Fl.
2991 3174 3175 3230 Valia.
3203 3174 3265 3242 Q.
3307 3175 3679 3231 Theudovius

269 3262 392 3318 vela
423 3263 575 3318 linea
612 3275 754 3332 pura
787 3263 920 3317 tria.
951 3262 1096 3318 Ante
1141 3264 1556 3320 consistorium
1601 3265 1786 3321 velum
1836 3266 1918 3320 li.-
2023 3266 2089 3319 V.
2121 3264 2180 3319 C.
2202 3269 2260 3320 et
2290 3263 2392 3319 Inl.
2427 3268 2483 3319 et
2512 3277 2701 3319 comes
2726 3270 2782 3319 et
2814 3265 3085 3333 magister
3113 3264 3425 3334 utriusque
3450 3263 3679 3318 militia

271 3364 437 3408 neum
467 3363 672 3420 purum
697 3364 733 3405 I.
763 3352 823 3406 In
848 3365 1061 3420 pronao
1082 3351 1268 3406 velum
1299 3352 1516 3408 lineum
1551 3369 1757 3422 purum
1793 3369 1828 3424 I,
1861 3361 1918 3410 et

276 3441 427 3496 intra
447 3439 746 3495 basilicam
767 3440 1117 3508 proporticia
1139 3440 1260 3510 (pro
1273 3443 1598 3512 porticibus)
1617 3443 1738 3498 vela
1767 3443 1918 3498 linea

269 3528 524 3586 rosulata
567 3541 648 3598 VI,
681 3533 738 3583 et
778 3533 910 3582 ante
934 3529 1308 3584 secretarium
1340 3529 1425 3585 vel
1457 3531 1754 3586 curricula
1797 3532 1919 3587 vela

268 3619 421 3677 linea
450 3617 707 3674 rosulata
733 3617 980 3688 pensilia
1013 3617 1281 3673 habentia
1306 3631 1476 3675 arcus
1509 3633 1570 3673 ιι.
1603 3621 1736 3675 Item
1768 3621 1923 3676 codi-

266 3719 379 3770 ces,
403 3706 711 3778 Evangelia
748 3719 825 3776 IV,
859 3705 1215 3776 Apostolum,
1243 3707 1603 3775 Psalterium,
1632 3714 1690 3762 et
1721 3709 1918 3764 Comi-

268 3802 402 3853 tem.
428 3795 590 3850 Illico
632 3799 766 3851 ante
789 3795 983 3851 omnia
1013 3796 1282 3852 cautione
1314 3795 1676 3866 prospiciens
1706 3809 1776 3853 ne
1798 3811 1922 3853 me—

2029 3355 2167 3410 huic
2189 3352 2491 3409 donationi
2523 3366 2556 3406 a
2575 3366 2660 3406 me
2685 3353 2916 3407 dictata
2942 3357 2998 3406 et
3031 3351 3170 3406 mihi
3196 3352 3418 3406 relecta
3447 3352 3687 3420 pradio-

2030 3456 2157 3498 rum
2208 3443 2468 3498 omnium
2503 3441 3040 3510 suprascriptorum
3080 3440 3302 3512 argenti
3330 3448 3386 3494 et
3414 3441 3684 3497 vestium.

2029 3538 2250 3586 servata
2279 3536 2336 3586 et
2358 3530 2416 3585 in
2444 3535 2780 3599 perpetuum
2807 3529 3098 3585 custodita
3127 3529 3248 3600 lege
3267 3536 3323 3584 et
3349 3529 3690 3585 conditione

2031 3633 2199 3692 quam
2227 3619 2406 3675 eidem
2429 3619 2730 3674 donationi
2754 3619 3026 3689 imposui,
3055 3619 3320 3673 consensi
3349 3623 3406 3672 et
3437 3618 3693 3675 subscri-

2034 3710 2142 3779 psi,
2181 3708 2337 3764 salvo
2365 3707 2589 3763 scilicet
2618 3707 2921 3763 usufructu
2954 3707 3480 3776 suprascriptorum
3511 3721 3691 3778 agro—

2034 3811 2184 3868 rum,
2217 3810 2385 3867 quem
2409 3810 2583 3866 supra
2613 3797 2808 3853 eadem
2861 3798 3004 3852 mihi
3031 3795 3322 3865 scriptura
3366 3797 3613 3851 servavi.

1872 3976 2095 4034 NOTAE.

341 4174 500 4231 Hanc
526 4170 803 4237 chartam,
827 4183 953 4239 qua
985 4166 1246 4239 primum,
1263 4164 1570 4239 aAJosepho
1587 4162 1766 4239 Maria
1788 4162 1926 4220 Sua-

273 4248 426 4302 resio
455 4259 524 4301 ex
553 4235 796 4299 archivo
813 4235 1122 4297 Tiburtino
1158 4237 1449 4308 publicata
1478 4243 1582 4299 est,
1622 4235 1716 4290 hic
1735 4235 1925 4290 denuo

271 4318 460 4374 visum
491 4322 578 4371 est
620 4314 910 4382 recudere,
955 4319 1011 4367 et
1043 4311 1103 4365 in
1145 4307 1332 4388 capite
1362 4307 1620 4388 omnium
1660 4311 1923 4388 _veterum

276 4388 787 4445 instrumentorum
812 4378 1113 4453 apponere,
1141 4387 1430 4453 tanquam
1448 4378 1920 4453 antiquissimum

276 4463 732 4525 monumentum,
781 4446 932 4524 quod
963 4446 1303 4525 _LeoneﬂPIi.
1354 4449 1433 4520 (id
1491 4454 1583 4525 est
1611 4446 1925 4525 _perpetuo)

275 4533 420 4602 Aug.
455 4519 730 4602 qu_a_r_tum'
763 4519 822 4602 et
853 4523 1134 4602 Probiano
1159 4522 1222 4602 _V.
1255 4521 1329 4602 Ο..
1361 4533 1534 4602 coss._,
1570 4519 1626 4573 id
1660 4524 1746 4602 e‘s't
1774 4531 1923 4602 anno

270 4589 490 4659 Christi
511 4596 608 4655 474
641 4596 940 4654 conditum
970 4600 1078 4655 est,
1113 4597 1177 4647 ut
1200 4604 1267 4646 ex
1290 4590 1651 4650 Cassiodoro,
1681 4589 1925 4645 Marcel-

272 4673 396 4729 lino
424 4671 644 4727 Comite
667 4667 920 4736 aliisque
952 4663 1119 4720 fastis
1145 4669 1390 4736 constat.
1425 4663 1484 4716 In
1514 4660 1928 4736 multisobser-

271 4750 406 4800 vatu
428 4742 626 4804 dignis
654 4751 766 4794 non
793 4731 994 4792 leviter
1025 4733 1320 4804 praterire
1351 4731 1488 4787 licet
1512 4732 1568 4786 id
1588 4731 1744 4804 quod
1775 4732 1926 4803 legi—

271 4821 370 4871 tur
395 4815 468 4869 de
496 4802 660 4866 .‘Lz’bro
686 4810 919 4874 Comite;
954 4802 1054 4877 qui
1084 4807 1426 4873 Hieronymo
1450 4802 1767 4877 ascribitur
1795 4802 1928 4857 ante

281 4898 465 4941 annos
495 4883 892 4953 octingentos;
959 4873 1113 4953 certe
1143 4881 1457 4953 _auctorem
1518 4873 1925 4953 Hieronymum

273 4955 573 5026 aqualem,
601 4944 704 5009 ath
732 4944 1040 5021 supparem
1068 4946 1260 5016 habet,
1287 4959 1356 5002 ex
1404 4945 1511 5001 hac
1539 4944 1759 5000 charta.
1801 4946 1928 5000 MA-

274 5039 417 5082 BILL.

346 5097 550 5168 Visum
575 5099 664 5151 est
681 5093 908 5168 aliquot
932 5104 1191 5168 vocesex
1231 5089 1442 5168 oblatis
1472 5087 1628 5168 vasis
1647 5085 1928 5168 argvesti-

275 5169 388 5224 bus
411 5167 653 5236 hujusce
671 5156 1005 5220 donationis
1036 5161 1426 5236 interpretari,
1451 5172 1578 5236 qua
1607 5158 1666 5236 i_n
1700 5156 1928 5212 Biblio—

277 5228 536 5296 thecari'o
563 5235 893 5305 frequentes
921 5247 1051 5305 cum
1079 5228 1362 5305 legantur,
1390 5229 1560 5305 lexicj
1593 5228 1747 5305 vices
1779 5242 1928 5297 sup-

279 5311 434 5380 plere
478 5302 721 5380 possunt
765 5305 834 5359 ad
871 5304 1030 5358 Vitas
1071 5302 1502 5358 Anastasianas.
1531 5302 1592 5354 In
1633 5303 1790 5353 textu
1823 5312 1929 5354 oc—

278 5379 526 5436 currunt
550 5379 716 5447 juxta
746 5381 1050 5449 sequentes
1077 5386 1362 5449 numeros.
1431 5442 1441 5449 _
1674 5440 1687 5449 _
1769 5437 1808 5449 Η

351 5452 393 5506 Ι.
425 5438 719 5503 Ηαπῖιιιαπι
743 5438 1088 5499 οὺιὶῑιονὶανη.
1125 5444 1365 5497 Hamuta
1395 5442 1515 5496 sive
1535 5440 1724 5494 amula
1752 5438 1927 5492 dimi-

281 5518 738 5589 nutivumivocis
768 5518 947 5589 Ila-ma
971 5529 1072 5570 seu
1092 5531 1238 5589 ama,
1265 5513 1488 5589 indicat
1511 5509 1804 5589 sequioris
1825 5509 1928 5589 a_v_i

280 5587 669 5661 scriptoribus
698 5585 997 5661 urceolum,
1027 5579 1242 5661 nostris
1272 5597 1404 5639 vero
1432 5579 1751 5661 ritualibus
1779 5579 1838 5633 in
1865 5579 1934 5661 ii-

281 5650 422 5717 bris'
461 5655 772 5712 adhibetur
815 5655 1030 5722 sapius
1057 5655 1127 5710 ad
1171 5654 1338 5710 illum
1375 5650 1835 5722 exprimendum,
1871 5650 1930 5722 in

282 5741 401 5800 quo
415 5737 575 5800 aqua
605 5727 673 5780 ad
702 5719 1052 5800 oblationem
1087 5724 1363 5800 sacriﬁcii
1396 5719 1534 5800 vino
1563 5719 1933 5800 admiscenda

285 5791 657 5852 ministratur
678 5807 776 5860 per
798 5791 1250 5861 subdiaconum;
1277 5794 1416 5848 licet
1438 5793 1592 5847 sumi
1618 5791 1793 5861 etiam
1813 5803 1933 5861 pos-

287 5866 370 5921 sit
391 5874 497 5933 pro
524 5859 770 5928 utroque
798 5861 1029 5917 urceolo
1073 5859 1271 5918 vinum
1300 5869 1358 5918 et
1386 5875 1594 5931 aquam
1619 5859 1936 5916 oblationis

1953 4560 2008 4620 D

2036 4171 2313 4220 servante.
2367 4163 2535 4221 Illius
2583 4160 2822 4233 ﬁguram
2855 4173 2924 4233 ex
2973 4159 3148 4214 veteri
3191 4162 3460 4233 argenteo
3503 4157 3714 4230 sacris‘

2038 4234 2393 4304 imaginibus
2423 4247 2590 4304 opere
2628 4229 2956 4304 anaglypho
2987 4229 3354 4304 exstantibus
3395 4229 3688 4304 decorato,

2034 4299 2257 4361 dedi-in
2310 4299 2476 4361 notis'
2494 4304 2559 4360 ad
2593 4306 2646 4359 S.
2703 4299 3013 4371 Urbanum,
3063 4315 3209 4371 quas
3249 4300 3404 4355 vide.
3439 4299 3691 4371 Videndi

2035 4389 2261 4446 quoque
2290 4377 2578 4432 Altaserra
2609 4383 2666 4431 et
2697 4370 3016 4446 Bencinius
3035 4370 3094 4426 in
3122 4372 3382 4446 notis_ad
3397 4371 3459 4446 _S.
3490 4370 3692 4446 Syl_ve_—

2035 4439 2240 4516 strum,
2283 4461 2498 4503 necnon
2549 4447 2799 4516 Cangius
2848 4445 2906 4500 in
2952 4444 3247 4516 Glossario
3291 4442 3436 4496 Med.
3482 4448 3538 4495 et
3578 4439 3689 4494 Inf.

2038 4515 2565 4574 Latin.Panvinius
2601 4515 2932 4584 ln’interpr.
2958 4528 3157 4570 vocum
3187 4515 3562 4584 obscurarum
3609 4524 3694 4565 ec-

2035 4587 2516 4654 clesiasticarum,
2544 4590 2699 4643 edita
2721 4601 2829 4641 una
2851 4583 2987 4641 cum
3012 4584 3265 4654 ejusdem
3293 4583 3690 4652 supplemento

2035 4659 2104 4714 ad
2135 4661 2411 4714 Platinam
2449 4659 2522 4712 de
2551 4659 2703 4713 Vitis
2749 4657 3110 4718 Pontiﬁcum,
3160 4655 3423 4710 observat
3450 4654 3693 4706 amulum

2037 4734 2093 4784 et
2113 4747 2291 4784 amam
2320 4730 2513 4785 eadem
2549 4728 2978 4800 signiﬁcatione
3001 4725 3268 4800 adhiberi
3299 4726 3470 4800 etiam
3498 4737 3530 4778 a
3557 4722 3694 4800 vu_l-

2077 4807 2170 4856 ato
2218 4800 2529 4870 interprete
2579 4793 2884 4870 sacrorum,
2928 4798 3249 4853 Bibliorum
3302 4797 3363 4851 in
3417 4793 3689 4870 vertenda

2093 4885 2235 4927 raca
2261 4861 2394 4927 voce
2446 4871 2632 4940 φυάλας
2657 4869 2830 4926 tertio
2861 4869 3077 4940 Regum
3111 4882 3234 4936 cap.
3267 4880 3370 4930 vu,
3409 4879 3554 4940 vers.
3586 4861 3688 4940 ιο.

2039 4941 2191 5010 Quin
2215 4945 2388 4998 etiam
2418 4936 2791 4998 a'Columella
2817 4941 2876 4995 in
2899 4936 3062 4995 cultu
3086 4941 3388 5010 hortorum
3410 4936 3693 5010 _hamulam

2039 5007 2151 5084 legi
2185 5028 2286 5085 pro
2315 5027 2446 5071 vase
2465 5013 2534 5069 ad
2565 5025 2745 5083 aquas
2788 5011 3165 5068 continendas
3223 5007 3510 5066 adhibito.

2101 5125 2205 5172 Aut
2236 5119 2461 5171 habilem
2484 5119 2711 5183 lymphis
2741 5117 3002 5167 bamulam
3049 5116 3345 5178 Bacchique
3375 5114 3630 5175 lagenam.

2109 5219 2295 5289 Quare
2325 5233 2436 5276 non
2491 5222 2713 5274 tantum
2769 5216 2966 5289 media
3014 5213 3347 5289 et_inﬁma,
3393 5211 3488 5289 sed
3521 5211 3693 5266 etiam

2041 5285 2321 5364 germana
2344 5289 2681 5364 Latinitatis
2706 5287 3050 5343 vocabulum
3080 5285 3405 5340 habendum
3436 5287 3492 5338 et
3521 5293 3692 5351 aqua-

2043 5361 2196 5418 rium
2225 5376 2325 5417 vas
2348 5361 2624 5433 indicare.
3072 5427 3084 5433 _
3401 5425 3414 5433 _
3439 5424 3453 5433 _
3599 5422 3610 5433 ,
3653 5423 3664 5433 ,

2115 5437 2181 5489 II.
2230 5434 2434 5488 Colum.
2481 5452 2506 5483 α
2546 5432 2659 5486 Hoc
2706 5436 2828 5485 erat
2891 5427 3189 5483 vasculum
3266 5424 3550 5496 quoddam
3594 5422 3697 5496 (ait

2045 5505 2360 5575 Panvinius
2380 5505 2489 5557 loco
2507 5502 2754 5569 laudato)
2777 5499 3191 5575 subtilissimis
3209 5493 3597 5575 foraminibus
3622 5493 3692 5548 ab

2046 5577 2162 5631 imo
2191 5573 2562 5644 perforatum,
2597 5586 2711 5644 quo
2730 5565 2935 5644 'vinum
2966 5585 3043 5644 exi
3061 5569 3313 5644 hamulis
3349 5568 3406 5644 i_n
3454 5565 3690 5644 calicem

2045 5636 2476 5701 refundebatur.
2512 5663 2537 5693 »
2566 5636 2787 5717 Idcirco
2809 5656 2878 5697 ex
2914 5641 3127 5717 lamina
3159 5639 3316 5717 tenui
3353 5636 3692 5717 ducebatur,

2046 5717 2522 5787 quemadmodum
2558 5715 2731 5769 etiam
2765 5726 2918 5787 nunc
2946 5712 3012 5787 in
3030 5710 3285 5787 ofﬁcinis
3309 5710 3697 5787 aromatorio-

2047 5776 2174 5843 r'um
2203 5793 2261 5860 et
2290 5785 2609 5851 similibus,
2641 5789 2706 5860 u_t
2729 5797 2827 5853 per
2853 5782 2962 5860 illa
2985 5780 3272 5860 foramina
3303 5778 3512 5860 exigua
3535 5776 3700 5860 traje-

2047 5863 2176 5914 ctus
2210 5856 2404 5928 liquor
2419 5849 2642 5912 omnem
2663 5849 2972 5924 deponeret
2996 5851 3210 5922 facem,
3235 5864 3306 5907 ne
3335 5849 3562 5906 scilicet
3591 5859 3701 5902 ma-
