3912 6434
197 405 294 470 99η

1529 403 1805 463 CHARTA
1841 403 2309 464 CORNUTIANA.

3515 406 3625 466 998

197 537 364 592 teries
388 533 640 605 liquoris
671 533 730 587 in
756 531 936 605 calice
957 530 1236 605 oﬁerendi
1271 531 1566 605 quidpiam
1599 529 1861 605 faeculen-
1883 527 1943 586 A
1966 529 2150 605 igitur
2185 530 2578 605 similitudine
2627 531 2914 605 ellychnia
2947 531 3006 587 in
3051 533 3230 590 vtreis
3259 532 3622 603 lampadibus

201 614 312 664 tum
363 601 706 661 contineret.
756 603 909 658 Ordo
956 603 1246 658 Romanus
1295 601 1499 672 probat
1526 601 1856 671 antiquitus

197 677 542 737 adhibitum,
606 681 745 729 tunc
789 680 941 729 certe
994 671 1379 728 necessarium
1412 687 1514 742 pro
1538 671 1854 740 disciplina

200 746 659 805 communicandi
679 745 787 801 sub
807 749 1050 814 utraque
1068 746 1275 812 specie,
1297 759 1423 812 quae
1436 744 1722 813 copiosam
1745 755 1855 796 ma-

202 820 390 876 teriem
430 831 560 873 cum
593 817 920 887 requireret
940 815 1009 869 ad
1024 815 1511 887 consecrandum,
1539 815 1853 887 cavendum

201 897 314 946 erat
345 903 415 945 ne
438 888 496 942 in
530 885 692 942 tanta
716 885 998 942 affusione
1023 886 1272 954 liquoris
1318 885 1653 940 illaberetur
1681 886 1738 938 in
1768 897 1854 938 ca-

203 962 360 1016 licem
393 959 690 1030 quidpiam
721 955 1476 1030 extraneum_,animalcula,
1504 962 1611 1011 etc.
1646 954 1852 1030 Eadem

201 1032 267 1087 de
293 1026 464 1086 cauéa
522 1027 950 1083 adhibebantur
979 1027 1190 1082 calices
1240 1028 1482 1096 majores
1505 1041 1571 1081 ac
1604 1026 1853 1096 minores

206 1102 295 1158 hic
318 1103 490 1157 etiam
526 1098 848 1154 memorati.
879 1098 1021 1152 Vide
1042 1097 1280 1167 figuram
1304 1094 1572 1167 c'olatorii
1593 1110 1704 1167 seu
1736 1094 1850 1151 coli

207 1173 262 1228 in
296 1172 451 1227 notis
481 1170 700 1226 nostris
718 1170 788 1224 ad
819 1169 881 1224 S.
915 1164 1232 1238 Urbanum,
1263 1182 1420 1224 num.
1450 1165 1486 1224 3
1509 1173 1567 1224 et
1581 1164 1633 1237 4,
1659 1181 1729 1222 ex
1755 1179 1851 1222 an-

203 1243 360 1313 tiquo
389 1241 620 1297 cimelio
649 1252 1001 1313 expressam.
1051 1309 1066 1313 _
1267 1311 1276 1313 _
1640 1243 1649 1313 ξ

271 1308 361 1368 ill.
391 1313 655 1378 Pharum,
679 1308 792 1366 etc.
824 1309 1160 1378 Lampadem
1184 1311 1281 1366 cui
1312 1324 1410 1380 per
1429 1308 1726 1366 catenulas
1767 1309 1850 1363 in-

205 1382 354 1439 ferne
383 1395 702 1452 suspensus
726 1387 850 1436 erat
877 1381 1190 1436 cantharus
1222 1387 1528 1452 argenteus
1559 1380 1749 1452 latior,
1780 1392 1850 1452 ne

207 1455 425 1510 scilicet
452 1450 520 1508 ex
574 1452 834 1521 lampade
881 1459 1164 1506 commota
1214 1450 1400 1507 ole‘um
1457 1451 1748 1507 excideret
1788 1450 1849 1504 in

208 1526 607 1595 pavimentum.
634 1523 1065 1595 Catenzeautem
1097 1523 1438 1595 cantharum
1467 1523 1638 1595 istum
1669 1522 1852 1595 adne-

204 1592 414 1652 ctentes
441 1595 688 1664 lampadi
715 1607 813 1662 per
837 1593 1177 1661 delphinum
1205 1593 1400 1662 sigilla
1427 1592 1639 1647 alfabre
1667 1592 1854 1664 elabo—

206 1674 320 1722 rata
361 1667 651 1736 eleganter
675 1664 1132 1736 sustinebantur,
1159 1664 1645 1736 quemadmodum
1677 1663 1850 1717 etiam

205 1734 826 1792 catenulaécoronarum
849 1735 1134 1803 lampadis
1157 1734 1214 1788 in
1236 1748 1447 1790 morem
1469 1746 1850 1804 appensarum

205 1808 279 1862 ita
325 1808 710 1863 intibulantur
739 1824 755 1859 :
783 1821 1009 1859 coronas
1039 1812 1327 1872 argenteas
1351 1819 1404 1858 ιν
1443 1821 1563 1858 cum
1587 1806 1852 1858 catenulis

1963 599 2088 656 oleo
2111 601 2432 656 innatantia
2463 599 2747 658 cicindela
2771 601 2928 656 dicta
2957 610 3115 670 sunt,
3146 617 3213 660 ac
3238 599 3441 660 nomen
3471 617 3621 660 com-

1967 673 2336 727 municarunt
2365 673 2512 740 ipsis
2568 672 2932 740 lampadibus
2979 679 3036 728 et
3066 674 3298 730 vasculo
3328 674 3617 731 metallico

1961 742 2178 812 quibus
2211 744 2332 798 ista:
2355 743 2644 812 lampades
2664 745 2858 798 vitreas
2889 743 3292 800 includuntur.

2032 813 2346 886 Stantarea.
2395 815 2692 886 Stantarea
2725 828 2759 868 a
2806 815 3013 870 stando
3063 815 3430 872 denominata
3449 817 3619 886 juxta

1959 884 2219 940 eumdem
2248 889 2385 939 sunt
2413 885 2754 940 candelabra
2779 899 2876 952 per
2895 898 2958 940 se
2986 886 3223 941 stantia.

2029 957 2106 1027 In
2139 958 2473 1021 confessione
2525 961 2720 1011 ostrea.
2774 956 2943 1012 Recte
2990 957 3138 1011 idem
3197 962 3404 1013 auctor
3453 962 3618 1027 putat

1960 1025 2364 1098 corrigendum
2377 1039 2500 1098 esse
2517 1027 2680 1098 mend
2694 1040 2786 1082 nm
2807 1027 3202 1098 amanuensis,
3224 1041 3290 1083 ac
3309 1025 3613 1098 legendum

1957 1096 2361 1167 ostia,'valvasg
2398 1097 2624 1152 scilicet
2650 1098 2719 1152 ad
2781 1096 3221 1167 confessionem,
3273 1096 3397 1154 sive
3427 1099 3487 1158 in
3522 1100 3622 1154 in-

1959 1181 2160 1291 gltc‘fssu
2219 1165 2561 1237 presbyterii
2608 1169 2924 1238 appositas,
2988 1181 3118 1224 nam
3170 1165 3447 1240 sequitur
3497 1185 3621 1225 cum

1959 1253 1984 1291 C
2047 1255 2100 1291 vl
2121 1253 2249 1291 sua.

1957 1253 2100 1291 ccam
2121 1253 2249 1291 sua.

2029 1311 2099 1362 Et
2145 1310 2203 1360 in
2251 1307 2459 1375 palliis.
2520 1309 2604 1363 Ab
2659 1309 3092 1367 enumeratione
3144 1324 3412 1370 vasorum
3466 1314 3618 1370 sacri

1960 1378 2275 1452 ministerii
2312 1379 2770 1452 pregrediturad
2805 1387 2988 1436 vestes
3008 1388 3066 1436 et
3082 1384 3332 1452 primum
3362 1390 3619 1441 recenset

1961 1447 2362 1514 sacerdotales,
2390 1447 2568 1517 pallia
2589 1450 2815 1506 scilicet
2840 1457 2895 1507 et
2923 1447 3203 1518 mafortes.
3239 1455 3456 1510 Deinde
3497 1456 3621 1510 vela

1963 1535 2089 1591 quae
2120 1520 2554 1594 praetenduntur
2568 1521 2766 1594 altari,
2794 1528 2851 1576 et
2873 1523 3051 1592 regiis
3082 1523 3337 1580 basilicae
3367 1523 3616 1594 foribus,

1962 1599 2019 1646 et
2044 1591 2506 1662 consistorio,iet
2566 1592 2623 1645 in
2654 1606 2888 1662 pronao,
2944 1591 3001 1648 et
3040 1601 3172 1649 ante
3221 1591 3615 1651 secretarium.

1962 1662 2152 1717 Facile
2175 1667 2401 1716 constat
2430 1661 2639 1732 legenti
2665 1663 2896 1718 illarum
2923 1664 3166 1720 vestium
3184 1665 3541 1722 diﬂerentias
3555 1679 3622 1721 ac

1964 1733 2198 1788 nomina
2247 1732 2360 1800 peti
2409 1733 2494 1788 vel
2543 1746 2610 1788 ex
2660 1735 2896 1789 materia
2947 1735 3154 1798 serica,
3219 1750 3415 1798 aurea.
3471 1737 3623 1793 unde

1965 1805 2327 1874 intexuntur,
2358 1802 2443 1858 vel
2477 1817 2540 1858 ex
2576 1810 2815 1860 textura:
2844 1804 3045 1874 forma,
3079 1807 3199 1862 sive
3222 1809 3421 1864 addito
3462 1809 3622 1866 clavo

203 1881 310 1950 suis
331 1884 381 1932 et
404 1879 678 1950 delphinis
693 1889 819 1950 vni.
840 1876 1192 1950 Coronarum
1221 1877 1528 1950 suspensio
1553 1876 1766 1950 visitur
1792 1875 1854 1950 ip
1883 1890 1937 1950 Β
1963 1889 2065 1950 seu
2095 1873 2616 1950 limbopurpureo,
2646 1889 2840 1950 aureo,
2875 1877 2996 1932 sive
3031 1873 3101 1950 ex
3152 1877 3335 1950 ﬁgura
3363 1880 3620 1949 ejusdem

201 1943 916 2019 diptychis'consularibus
933 1947 1081 2015 apud
1103 1943 1383 2019 Cangium
1398 1947 1634 2019 dissert.
1656 1947 1726 2019 de
1747 1943 1850 1999 inf.

200 2017 298 2074 a-vi
330 2017 804 2084 numismatibus,
832 2023 888 2072 et
917 2021 1050 2071 ante
1075 2017 1347 2073 thronum
1365 2018 1622 2086 episcopi
1656 2017 1716 2070 in
1740 2029 1858 2070 mu-

200 2091 320 2146 sivo
347 2090 664 2146 Ravennati
691 2087 963 2157 aliisque.

263 2162 356 2217 IV.
401 2160 710 2216 Cicindelas
752 2156 1057 2225 argenteas.
1104 2157 1333 2227 Species
1380 2158 1704 2227 lampadum
1758 2156 1860 2212 di—

197 2244 494 2288 versarum
513 2229 830 2285 Panvinius
853 2230 1215 2298 recognoscit
1237 2229 1294 2282 in
1321 2229 1479 2284 hisce
1496 2229 1712 2298 pharis,
1731 2241 1861 2283 can-

200 2303 410 2370 tharis,
453 2301 778 2367 cerostotis,
811 2301 1064 2366 coronis,
1115 2306 1222 2354 etc.
1258 2302 1339 2354 Ita
1389 2301 1542 2355 enim
1569 2299 1857 2354 scribitin

199 2373 388 2428 lexico
442 2376 755 2427 memorato
797 2370 887 2425 sui
954 2369 1330 2426 additamenti
1384 2371 1453 2425 ad
1507 2370 1787 2425 Platinam
1841 2387 1853 2424 :

203 2464 226 2494 ε
287 2445 484 2497 Phara
528 2444 808 2497 Damasus
848 2446 906 2495 et
944 2440 1430 2495 Bibliothecarius
1473 2443 1858 2496 Romanorum

207 2513 572 2584 pontiﬁcum,
606 2519 661 2568 et
703 2512 1020 2582 praasertim
1068 2512 1124 2566 S.
1171 2511 1433 2584 silvestri
1486 2512 1635 2578 Vita,
1681 2512 1858 2579 phara

202 2583 496 2645 cantharo,
545 2587 834 2644 cerostata,
877 2597 1120 2643 coronas,
1171 2583 1474 2650 delphinos,
1510 2583 1751 2648 lychnos,
1803 2587 1860 2635 et

202 2655 454 2722 lynochos
479 2667 578 2724 pro
614 2653 830 2724 diversi
866 2653 1091 2721 generis
1136 2652 1501 2721 lampadibus
1520 2659 1576 2707 et
1606 2653 1860 2724 lucernis

204 2727 259 2780 in
289 2725 558 2780 ecclesiis
579 2723 920 2780 ardentibus
944 2731 1308 2792 acceperunt.
1327 2724 1396 2777 Et
1416 2723 1615 2778 multis
1636 2723 1862 2778 erudite

202 2797 430 2852 collatis
455 2795 525 2851 ad
557 2795 961 2851 illustrandam
987 2807 1120 2848 voce
1138 2794 1460 2862 pharorum,
1489 2794 1673 2848 addit.
1705 2814 1730 2844 «
1748 2793 1862 2848 Cur

203 2874 385 2922 autem
440 2867 657 2936 pharus
703 2865 1017 2921 cantharus
1043 2865 1293 2936 dicatur.
1331 2865 1487 2936 haud
1529 2872 1683 2920 certo
1714 2864 1856 2926 scio,

204 2939 314 2993 nisi
345 2939 405 2993 in
441 2934 684 2993 formam
713 2937 868 2991 vasis
894 2937 1086 3007 magni
1113 2934 1298 2990 factus
1320 2934 1499 2991 fuerit
1526 2936 1582 2990 in
1607 2941 1858 3007 extrema

206 3015 376 3078 parte.
410 3011 556 3064 Nam
591 3007 858 3078 poculum
895 3007 1010 3063 fuit
1041 3007 1191 3077 quod
1219 3007 1438 3062 Baccho
1469 3006 1853 3072 tribuebatur,

201 3077 352 3136 Sicut
383 3077 643 3151 scyphus
671 3078 902 3151 Herculi
931 3079 1127 3151 dictus
1147 3091 1178 3132 a
1205 3079 1505 3151 cantharo,
1545 3077 1693 3151 quod
1735 3084 1858 3151 erat

208 3151 423 3223 navigii
450 3147 663 3223 genus.
688 3148 1046 3223 Pliniuslib.
1070 3162 1280 3223 χχχιιι,
1300 3147 1734 3223 caprllrrefert
1749 3150 1860 3202 Ma-

204 3219 516 3292 rium'post
548 3221 875 3292 victoriam.
905 3219 1252 3292 Cimbricam
1295 3220 1592 3276 cantharis
1630 3226 1857 3289 potasse

202 3290 394 3350 Liberi
431 3293 623 3348 Patris
662 3291 946 3363 exemplo.
991 3290 1278 3362 Virgilius
1310 3307 1324 3344 :

416 3408 482 3457 Et
517 3407 691 3469 gravis
725 3407 890 3456 attrita
916 3406 1172 3468 pendebat
1197 3405 1470 3454 cantharus
1503 3421 1646 3456 ansa.

266 3507 784 3580 Ulpianusrtradit
831 3507 1139 3580 cantharos
1187 3519 1310 3561 esse
1371 3520 1470 3575 per
1522 3521 1667 3576 quos
1696 3522 1858 3580 aqua:

207 3579 440 3634 saliunt.
477 3597 507 3629 ιο
541 3579 670 3634 Haec
695 3578 1028 3632 Panvinius.
1062 3579 1230 3633 Recte
1263 3596 1275 3632 :
1309 3590 1435 3632 nam
1468 3579 1684 3647 patulis
1705 3578 1858 3637 vasis

206 3650 515 3720 utrobique
541 3649 738 3720 liquor
761 3649 1072 3718 excipitur.

266 3719 593 3776 Cantharos
641 3721 826 3791 igitur
871 3728 1104 3775 ansatos
1156 3719 1500 3791 candelabro
1552 3720 1860 3791 impositos

202 3795 581 3848 constituisse
612 3790 1026 3863 pharacantara
1074 3804 1142 3863 ex
1186 3790 1477 3846 veteribus
1514 3790 1859 3863 anaglyphis

201 3865 498 3932 arguimus
530 3862 1214 3934 passimioccurrentibus
1239 3864 1296 3934 in
1329 3862 1597 3934 zophoris
1630 3862 1862 3934 templo-

203 3944 318 4004 rum
352 3934 422 3989 ad
449 3933 839 3989 illustrandas
862 3934 1011 3988 aedes
1034 3947 1145 3988 non
1168 3933 1352 3988 solum
1370 3933 1539 4004 ceris,
1565 3934 1660 3989 sed
1684 3933 1857 3991 etiam

202 4003 428 4060 odorata
480 4004 736 4060 mistura
767 4004 1012 4060 aliarum
1065 4005 1383 4073 specierum
1415 4004 1699 4061 ﬂammam
1742 4021 1860 4062 nu-

202 4075 522 4145 trientium,
565 4080 906 4138 aromatum,
938 4075 1180 4130 balsami
1215 4075 1436 4143 stactis,
1469 4080 1577 4130 etc.

265 4147 586 4219 Pinguiori
603 4159 736 4219 vero
769 4147 1001 4219 materie
1020 4147 1310 4219 etgingrati
1333 4146 1530 4201 odoris
1556 4160 1728 4219 succo
1760 4163 1856 4205 re-

203 4213 358 4272 fertis
374 4213 540 4274 vasis
574 4217 745 4273 hodie
768 4218 980 4286 passim
1008 4213 1426 4274 collustrantur
1455 4219 1561 4272 viae
1595 4217 1652 4272 in
1684 4217 1849 4278 festis

205 4288 442 4354 publicae
465 4289 711 4360 laatitirr,
737 4288 906 4360 vulgo
925 4289 1104 4344 dictis
1120 4289 1374 4359 padeltaz,
1403 4302 1529 4359 qua:
1551 4288 1675 4344 loco
1691 4293 1845 4360 pha-

203 4363 520 4415 racanthari
550 4359 906 4416 adhibentur
950 4360 1059 4416 sub
1097 4360 1216 4415 dio.

269 4431 600 4504 Cicindelas
622 4431 774 4504 quod
831 4432 1038 4504 attinet
1068 4430 1178 4504 hic
1223 4429 1572 4504 enu‘ntiatas,
1608 4431 1859 4504 Cangius

207 4503 469 4572 ostendit,
511 4517 582 4558 ex
615 4501 800 4573 Festo,
850 4502 1143 4556 cicindelas
1187 4501 1465 4572 appellari
1501 4502 1716 4560 insecta
1733 4501 1856 4562 'illa

210 4573 438 4637 parvula
465 4574 625 4630 alata
646 4586 974 4629 muscarum
998 4573 1202 4642 instar,
1251 4587 1376 4643 quae
1415 4578 1587 4628 noctu
1616 4588 1714 4643 per
1741 4591 1858 4633 ωε-

210 4645 371 4700 tatem
399 4644 716 4715 collucent,
757 4645 914 4701 dicta
941 4645 1116 4701 etiam
1145 4645 1465 4700 noctuh‘cas.
1507 4645 1589 4700 Ex
1621 4645 1862 4719 illarum

1964 1946 2108 2021 clavi
2143 1944 2420 2021 qu_adrata
2471 1950 2572 2000 aut
2619 1947 2894 2021 rotunda,
2942 1949 3108 2004 modo
3154 1944 3237 2021 ei
3277 1944 3621 2021 regionibus

1967 2017 2119 2091 unde
2161 2013 2585 2091 atterebantur:
2623 2029 2800 2091 quare
2829 2013 3122 2091 dicuntur
3154 2019 3328 2091 pallia
3348 2013 3619 2091 lquata-

1967 2089 2116 2157 nica,
2148 2085 2566 2158 et_Cassio_tica,
2594 2085 2655 2142 et
2679 2087 2804 2142 vela
2828 2089 3055 2145 Persica
3083 2106 3098 2158 ς
3143 2085 3265 2146 sive
3305 2104 3364 2147 ea
3397 2085 3620 2147 c'olori-

1968 2160 2076 2215 bus
2106 2155 2761 2229 quibusimbuebantur
2791 2175 2803 2212 :
2833 2160 2985 2229 albo,
3011 2155 3260 2225 roSaceo,
3290 2175 3392 2218 seu
3413 2158 3635 2218 rhodo-‘

1974 2227 2206 2293 melino,
2239 2233 2302 2302 et
2327 2227 2764 2302 leucorhodino,
2789 2227 3002 2302 blatteo
3021 2245 3123 2286 seu
3151 2245 3440 2302 purpureo
3467 2231 3618 2302 (nam

1971 2302 2200 2372 ϐλαγτιον
2262 2297 2498 2372 Graecis
2529 2306 2614 2355 est
2668 2297 2946 2356 conchilii
3023 2297 3222 2372 genus,
3264 2297 3620 2360 'notant'ibus

1968 2371 2184 2442 Can’gio
2213 2377 2270 2425 et
2300 2371 2526 2443 macro),
2575 2372 2808 2443 prasino
2840 2378 2896 2443 et
2941 2371 3368 2443 eooeoprasino,
3414 2387 3618 2431 cocco-

1972 2443 2208 2517 meline,
2233 2442 2517 2517 aquilato,
2551 2442 2965 2517 ac‘similibus.
2991 2443 3141 2517 Quid
3169 2445 3249 2500 sit
3276 2442 3617 2517 paragaudis

1967 2515 2093 2570 dixi
2148 2509 2323 2581 supra
2395 2509 2510 2565 col.
2547 2509 2654 2567 993
2732 2509 3034 2570 occasione
3117 2509 3617 2571 icunculae'aeneaa

1972 2585 2196 2640 institis
2225 2598 2325 2639 seu
2360 2581 2559 2638 fasciis
2605 2587 2940 2655 praecincta,
2971 2598 3099 2655 quae
3129 2585 3417 2641 numisma
3464 2586 3618 2642 Con-

1969 2655 2212 2711 stantini
2238 2655 2469 2710 Maximi
2501 2652 2724 2722 praefert
2746 2656 2960 2722 pectori
2979 2652 3230 2723 afﬁxum,
3255 2670 3378 2712 esse
3394 2656 3618 2713 scilicet

1971 2726 2204 2782 fasciam
2240 2725 2504 2799 latiorem
2527 2738 2630 2799 seu
2644 2724 2869 2799 clavum
2890 2738 3130 2799 aureum
3155 2739 3257 2796 pro
3283 2729 3444 2799 regio
3468 2740 3622 2783 more

1969 2804 2227 2867 aptatum
2261 2796 2490 2861 tunicis,
2521 2795 2699 2867 Pallio
2723 2808 2822 2850 nec
2847 2809 2960 2851 non
2991 2797 3131 2852 aliis
3151 2795 3412 2854 vestibus
3436 2811 3503 2853 ac
3530 2812 3620 2853 ve-

1971 2866 2066 2934 lis,
2089 2868 2240 2923 unde
2263 2866 2607 2938 paragaudis
2623 2879 2824 2922 nomen
2851 2867 2974 2923 illis
3001 2869 3347 2938 quandoque
3366 2868 3615 2924 obvenit.

1966 2940 2081 2994 Nec
2120 2938 2479 2993 dissentiunt
2520 2936 2937 3007 lexicographi.
2991 2936 3193 2995 Macer.
3249 2936 3618 3008 Paragaudis,

1966 3011 2144 3078 fascia
2163 3011 2276 3063 sive
2301 3009 2546 3062 laticlavi
2562 3010 2761 3076 Species
2782 3014 2950 3081 serico
2971 3015 3023 3064 et
3046 3025 3182 3064 auro
3207 3016 3476 3081 contexta,
3510 3025 3622 3080 qua.

1963 3083 2192 3136 vestium
2230 3081 2599 3133 extremitates
2645 3079 2990 3134 ornabantur
3021 3099 3033 3134 :
3069 3097 3134 3136 em
3166 3081 3296 3136 Cod.

2039 3151 2396 3223 Paragaudes
2430 3163 2746 3223 purpureas
2767 3151 3009 3206 violacei
3039 3153 3255 3207 coloris
3278 3152 3411 3208 albo
3439 3152 3617 3223 pallio

1888 3255 1936 3317 (ι
1966 3221 2570 3317 ἓὶἒΨὲἷξὲηέἳΞητίὲίέ
2612 3221 2931 3317 ἓέέίέἓξὲεέἓ.
2964 3221 3617 3317 ἳείξηὲξξ.ί,ωὲὶξ9ξὲίθξῑ

1967 3293 2270 3350 chisedech
2317 3292 2466 3361 regis
2509 3293 2934 3361 et_sacerdotis
2973 3307 3006 3346 a
3044 3293 3097 3347 S.
3128 3293 3291 3348 Sixto
3324 3292 3497 3349 tertio
3558 3296 3617 3350 in

1969 3364 2193 3434 musivo
2227 3359 2541 3434 Liberianze
2575 3359 2844 3434 basilica:
2887 3375 3172 3432 expressa,
3205 3365 3374 3433 cujus
3422 3372 3618 3434 typum

1969 3433 2122 3492 infra
2149 3433 2355 3488 damus
2382 3433 2439 3486 in
2469 3431 2624 3486 notis
2652 3431 2720 3486 ad
2749 3433 2875 3500 ejus
2895 3431 3182 3488 Vitam.In
3206 3431 3460 3503 ejusdem
3483 3431 3621 3490 'ba-

1967 3507 2151 3563 silicae
2201 3504 2424 3558 musivo
2449 3515 2620 3556 arcus
2663 3503 3039 3571 triumphalis
3059 3518 3156 3572 per
3179 3505 3440 3560 eumdem
3482 3506 3622 3562 Six-

1967 3585 2091 3636 tum
2121 3575 2335 3645 pariter
2354 3572 2648 3630 ett‘ormato
2679 3573 2887 3645 scriba:
2910 3575 3234 3630 Judzeorum
3263 3581 3319 3630 et
3348 3577 3622 3636 sacerd0~

1970 3657 2076 3718 tes,
2120 3644 2216 3716 qui
2253 3645 2459 3718 Herodi
2516 3644 2895 3718 interroganti
2953 3645 3175 3701 deloco
3222 3645 3322 3718 ubi
3350 3645 3620 3704 Christus

1973 3715 2303 3778 nasceretur
2330 3715 2658 3783 scripturas
2685 3715 3087 3784 prophetarum
3121 3717 3436 3772 ostendunt
3475 3718 3622 3777 indi-

1970 3798 2164 3848 cantes
2185 3786 2540 3860 ,Bethlehem,
2579 3784 2751 3853 pallia
2779 3799 2921 3854 pura
2938 3785 3282 3860 pragferunt,
3317 3788 3502 3846 nullis
3529 3805 3616 3848 as-

1970 3863 2121 3920 sutis
2147 3859 2348 3925 clavis,
2373 3857 2468 3912 sed
2492 3861 2713 3910 tantum
2735 3858 2950 3931 pectori
2980 3856 3291 3931 aﬂibulata,
3322 3867 3388 3917 ut
3409 3861 3468 3918 in
3494 3863 3620 3931 ejus

1973 3932 2182 4058 ιιιιὲξῗί
2241 3931 2404 3985 icone
2453 3940 2552 3999 per
2594 3939 2700 3982 nos
2755 3927 2970 3983 ibidem
3019 3929 3196 3988 allata
3242 3927 3618 4005 spectandum

1973 4019 2038 4058 ex
2089 4021 2104 4058 ι
2149 4017 2331 4058 emus.

1969 4005 2331 4061 exhibemus.

2043 4077 2223 4131 Pauca
2257 4075 2373 4130 hzec
2405 4073 2660 4130 indicata
2684 4075 2985 4132 occasione
3015 4076 3227 4135 chartae
3253 4077 3620 4136 Cornutianae

1969 4147 2114 4204 satis
2143 4144 2388 4201 fortasse
2419 4143 2726 4201 fuerintad
2755 4147 3042 4204 obsoletas
3087 4149 3220 4205 illas
3258 4163 3426 4207 voces
3446 4162 3620 4205 vaso-

1969 4233 2094 4275 rum
2119 4231 2186 4272 ac
2218 4221 2460 4272 vestium
2489 4217 2545 4271 in
2577 4217 2735 4272 hisce
2773 4218 2924 4273 Vitis
2947 4227 3388 4277 memoratorum
3409 4219 3621 4276 intelli-

1975 4287 2565 4362 gendastaut‘saltem
2591 4289 2659 4362 ad
2684 4290 3140 4359 cognoscendum
3173 4291 3399 4347 nullum
3428 4291 3618 4362 admo-

1975 4358 2112 4418 dum
2139 4361 2196 4413 in
2215 4358 2664 4431 Bibliothecario
2683 4358 3058 4416 occursurum
3086 4374 3154 4417 ex
3179 4361 3511 4431 hujusmodi
3529 4375 3622 4417 vo-

1975 4432 2220 4499 cabulis,
2250 4431 2416 4505 cujus
2432 4429 2864 4505 signiﬁcatioin
2894 4433 3116 4505 Lexicis
3139 4429 3423 4505 Cangiiac
3439 4432 3617 4488 Macri

1976 4447 2220 4499 caDlIllS,
2250 4447 2416 4500 CUJUS
2432 4447 2483 4484 δι
2530 4447 2788 4486 nlucauo
2807 4447 2864 4486 ll]
2895 4447 3116 4488 LeXlClS
3139 4447 3340 4505 uangu
3357 4447 3423 4487 ac
3439 4447 3617 4488 macri

1976 4518 2086 4560 non
2108 4503 2470 4572 reperiatur..
2490 4447 2678 4570 auare
2690 4516 2792 4558 nec
2810 4504 3225 4560 Panvinianum
3244 4505 3513 4562 recudere
3530 4517 3621 4559 ne-

1971 4587 2127 4632 cesse
2149 4575 2439 4643 ducimus,
2464 4585 2566 4629 nec
2585 4573 2817 4630 diutius
2839 4574 3262 4632 hisimmorari.
3293 4577 3614 4633 Drancem.
