3912 6466
98 372 217 431 4005

965 369 1284 424 HISTORIA
1321 370 1412 423 DE
1449 368 1624 423 VITIS
1663 367 1830 420 ROM.
1874 366 2072 422 PONT.
2107 396 2174 407 ——
2213 367 2266 421 S.
2309 367 2592 421 PETRUS.

3355 365 3496 423 4006

1347 480 1651 542 VARLzE
1725 479 2215 540 LECTlONES.

96 611 422 674 Lectiones
477 610 687 670 varice
741 626 783 669 ιι
843 607 1159 669 Ραῦγοίίο
1223 608 1474 669 (cdd-ita)
1530 588 1806 667 euth
1844 586 1956 674 sibi
1996 588 2313 674 ῗηῖπξῖηίῖτθν
2346 587 3071 674 βιθίιξιςμηεξιιι.ενίεεφιηιιη
3103 589 3496 674 ,φοηδεευιηγίίιρ

163 691 536 769 mue-ginem
579 706 658 749 ea:
708 688 1045 750 codicibus
1096 688 1514 768 Mue'quurdi
1567 690 1732 747 Fre-

163 771 304 832 lieri
333 769 390 831 A
414 770 662 848 primo,
699 772 760 830 Β
789 771 1100 831 secundo.

156 873 307 925 Num.
335 864 508 921 4.1m.
535 864 586 929 4,
607 869 682 935 A,
702 869 873 921 annis
891 867 942 929 6,
965 869 1062 920 lin.
1084 868 1231 924 each.
1254 869 1313 936 B,
1337 864 1576 932 mensi’,
1604 866 1730 920 dies

95 939 144 994 7.
198 943 296 993 lin.
339 939 392 1000 6,
429 940 486 1005 Β,
541 954 669 1008 quze
701 941 1013 995 canonica».
1051 940 1156 991 lin.
1205 937 1261 1000 7,
1307 940 1372 999 A.
1427 953 1552 1008 quae
1604 944 1731 1005 post

97 1026 322 1080 omnem,
376 1018 520 1073 etc.,
574 1009 845 1079 firmaue;
901 1012 962 1078 B,
1020 1009 1296 1065 formatze.
1354 1011 1433 1061 lin
1486 1010 1632 1069 cad,
1665 1010 1726 1073 B,

96 1083 334 1137 ﬁrmatae.
381 1083 486 1134 llic
535 1083 826 1136 ordinavit
873 1083 1020 1136 duos
1064 1083 1384 1150 episcOpos,
1425 1082 1626 1134 Linum
1678 1086 1732 1132 et

97 1155 318 1213 Clettim,
344 1154 442 1222 qui
470 1154 910 1220 praesentialiter
931 1167 1096 1206 omne
1121 1152 1511 1207 ministerium
1551 1164 1734 1204 sacer-

98 1225 266 1280 dotale
302 1226 356 1278 in
409 1224 546 1278 urbe
594 1225 766 1278 Roma
811 1224 1020 1291 populo
1051 1224 1136 1276 vel
1183 1222 1731 1292 supervenientibus

98 1297 438 1350 exhiberem.
472 1297 676 1349 Beatus
697 1303 883 1349 autem
920 1297 1122 1349 Petrus
1153 1297 1404 1350 orationi
1427 1303 1483 1348 et
1516 1294 1733 1362 przedi—

97 1369 316 1434 cationi,
360 1367 600 1434 populos
618 1367 909 1432 erudiens,
936 1367 1191 1420 vacabat.
1219 1368 1322 1420 Hic
1348 1380 1477 1420 cum
1501 1367 1732 1419 Simone

97 1439 240 1507 Mago
273 1439 484 1493 multas
513 1440 940 1506 disputationes
974 1438 1197 1499 habuit,
1245 1445 1356 1490 tam
1389 1445 1520 1490 ante
1550 1438 1732 1488 Nero—

99 1523 207 1562 nem
238 1525 404 1578 quam
433 1518 561 1564 ante
592 1510 888 1578 populum,
913 1517 968 1563 et
991 1523 1137 1577 quos
1157 1512 1215 1562 B.
1244 1511 1446 1562 Petrus
1468 1509 1535 1561 ad
1564 1508 1727 1560 fidem

96 1580 291 1635 Christi
350 1581 712 1648 aggregabat.
773 1581 872 1634 ille
927 1594 1023 1648 per
1070 1583 1319 1651 magicas
1364 1580 1730 1646 deceptiones

95 1653 431 1722 segregabat,
481 1661 536 1707 et
579 1654 712 1707 dum
761 1653 991 1707 diutius
1044 1653 1482 1716 altercarentur,
1534 1651 1729 1703 Simon

93 1723 277 1777 divino
301 1731 447 1778 nutu
475 1725 854 1792 interemptus
876 1730 981 1778 est.
1010 1723 1111 1776 Hic
1132 1723 1354 1777 beatum
1378 1723 1731 1792 Clementum

91 1795 414 1863 eplSt‘Opllm
449 1791 826 1862 consecravit,
879 1796 1048 1862 eique
1078 1795 1406 1848 cathedram
1447 1799 1502 1847 et
1533 1791 1732 1845 Eccle—

93 1866 223 1918 siam
257 1880 479 1920 omnem
509 1867 925 1934 disponendam
958 1867 1270 1922 commisit.
1296 1866 1497 1919 dicens
1525 1882 1537 1916 :
1568 1863 1732 1916 Sicut

93 1935 224 2007 mihi
270 1938 629 2007 gubernandi
681 1937 892 1991 tradita
937 1942 1024 1990 est
1067 1950 1098 1990 a
1137 1937 1382 1990 Domino
1429 1948 1556 2007 meo
1599 1936 1730 1986 Jesu

87 2005 308 2062 Christo
336 2016 587 2076 potestas
612 2009 832 2074 ligandi
861 2015 916 2062 et
941 2007 1223 2071 solvendi,
1249 2014 1305 2060 et
1325 2021 1426 2074 ego
1455 2005 1561 2058 tibi
1588 2019 1734 2058 com-

93 2078 266 2140 mitto,
308 2081 681 2133 ubordinans
707 2079 1090 2146 dispositores
1122 2079 1477 2131 diversarum
1525 2089 1736 2129 causa—

91 2162 224 2220 rum,
251 2164 352 2215 per
371 2165 518 2220 quos
535 2157 699 2204 actus
721 2150 1150 2203 ecclesiasticus
1172 2149 1528 2220 profligetur,
1554 2156 1614 2220 tu
1639 2147 1741 2199 mi-

92 2219 228 2273 nime
255 2222 313 2274 in
350 2217 513 2275 curis
544 2220 738 2274 sa-culi
773 2221 1006 2274 deditus
1039 2220 1368 2286 reperiaris,
1403 2218 1496 2271 sed
1533 2217 1740 2270 solum-

91 2291 242 2344 modo
258 2293 517 2346 orationi
543 2299 597 2345 et
617 2291 924 2358 prmdicare
946 2292 1154 2358 pOpulo
1177 2304 1374 2344 vacare
1398 2290 1584 2342 stude.
1612 2290 1741 2342 Post

91 2360 218 2415 hanc
237 2363 718 2430 dispositionem,
752 2363 1029 2430 martyrio
1055 2376 1183 2417 cum
1211 2362 1384 2416 Paulo
1407 2366 1738 2414 coronatur.

91 2431 191 2483 Lm.
216 2432 310 2500 M,
342 2436 392 2484 A
420 2440 468 2485 ct
503 2435 557 2492 Β,
589 2434 870 2487 Diaconos
898 2431 951 2486 7.

89 2523 415 2598 Ejusdem
447 2522 762 2583 Fub-rotti
793 2521 1112 2584 lectiones
1142 2541 1222 2583 ea?
1247 2522 1474 2584 tuibus
1505 2521 1746 2582 cortici—

157 2601 275 2662 bus
303 2603 545 2679 Reg/io,
581 2604 943 2662 illus/irino
974 2607 1037 2663 et
1067 2603 1352 2663 T/ttttbit-O
1382 2606 1732 2680 ἀπεψία).

155 2702 215 2752 1η
248 2704 417 2768 epist.
443 2703 504 2753 B.
535 2701 670 2752 Hier
699 2712 727 2738 η
752 2702 897 2753 deest
923 2705 1206 2769 inscriptio
1234 2721 1243 2752 :
1272 2716 1382 2770 qua
1411 2710 1564 2768 gesta
1588 2707 1742 2762 sunt,

98 2773 293 2824 Scilicet
326 2775 406 2824 in.
439 2772 513 2822 ib.
551 2779 744 2824 nostra
774 2773 1052 2826 sanctitas
1086 2789 1129 2826 r.
1161 2776 1218 2824 in.
1246 2790 1381 2825 om:
1411 2775 1486 2825 al.
1517 2773 1588 2825 hu
1603 2772 1750 2824 mili-

105 2849 182 2895 tas
219 2845 501 2897 sentiens.
541 2845 609 2894 Εἰ·
638 2859 781 2906 mor,
816 2844 949 2910 quis
980 2846 1276 2902 meruerit.
1306 2852 1404 2896 etc.
1440 2846 1613 2910 Epist.
1649 2847 1751 2895 Un-

101 2917 231 2965 musi
260 2915 340 2966 ad
370 2916 764 2979 Hieronymum
791 2933 806 2966 :
832 2920 1126 2983 temporum
1165 2916 1607 2968 suet‘rdotalizun.
1657 2917 1755 2967 Υσ-

100 2993 402 3037 rtuntmueu
428 2993 578 3050 gesta
612 2988 678 3039 P.

168 3059 296 3122 Pug.
336 3055 387 3123 4,
421 3061 480 3109 in.
513 3074 609 3109 om
660 3077 709 3111 c.
766 3059 951 3110 Μαῖηε
995 3057 1163 3112 Liber
1209 3059 1314 3111 iste
1368 3057 1705 3111 intitulatur
1739 3071 1750 3105 ξ

101 3127 318 3181 Damasi
356 3129 430 3181 de
461 3129 654 3182 Gestis
682 3130 1041 3183 Pontificum.
1076 3131 1182 3182 Ξριι
1217 3145 1334 3182 cum
1366 3143 1478 3182 mm
1520 3131 1756 3192 potuerit

101 3201 201 3250 nisi
233 3201 310 3252 (ιιι
344 3216 450 3252 sua.
476 3205 717 3268 tempora
746 3202 996 3262 scribere,
1033 3202 1180 3268 (ιιιιῑιιι
1204 3202 1623 3268 supera/iditum
1655 3205 1750 3269 est,

100 3271 322 3323 altwius
351 3277 435 3323 est
467 3274 729 3337 dite-toris,
764 3274 921 3337 cujus
958 3289 1147 3324 mnum
1181 3289 1288 3324 non
1333 3278 1500 3324 teneo.
1557 3274 1754 3324 Verum.
1787 3284 1834 3345 ί]

101 3344 146 3390 in
181 3344 310 3394 Vita.
355 3344 569 3397 Getas-ii
625 3360 781 3410 pupa:
824 3346 879 3397 II
923 3345 1147 3410 quidam
1197 3344 1546 3411 Pontio/phus
1579 3346 1754 3395 ostia-

100 3414 205 3464 rius
237 3418 497 3482 afﬁrmat
537 3431 590 3467 se
620 3418 727 3467 ista
778 3418 1080 3482 SCI‘ipSiSM‘.
1115 3415 1260 3481 quod
1303 3416 1540 3478 intelligi
1580 3419 1756 3482 potest

98 3485 171 3533 l'c/
197 3486 263 3537 de
305 3494 418 3538 toto
463 3502 619 3553 opere
663 3503 831 3552 usque
861 3488 934 3537 (ut
960 3503 1060 3537 sua
1106 3492 1366 3552 tmzpord,
1400 3487 1483 3542 uel
1527 3486 1591 3536 de
1630 3487 1755 3538 Vim

97 3552 294 3608 [ἱνΙιιςίί
330 3552 577 3616 tantum,
612 3559 757 3625 quod
788 3575 854 3610 ea:
891 3560 1019 3611 Vim
1048 3557 1332 3609 Paschalis
1365 3557 1590 3608 Secundi
1621 3572 1758 3608 con—

88 3625 279 3687 jcctm'i
310 3630 466 3682 licet.

163 3700 366 3752 Titulis
400 3703 462 3752 in
497 3701 622 3752 cod.
658 3701 732 3753 M.
765 3719 780 3752 :
813 3700 1028 3768 Incipit
1059 3700 1240 3753 series
1270 3699 1611 3752 Pontificum
1655 3699 1758 3752 Ro-

99 3779 418 3835 manorum,
457 3773 557 3840 qui
588 3772 644 3824 in
679 3773 809 3825 sede
840 3772 899 3825 B.
927 3773 1076 3825 Petri
1111 3771 1358 3839 apostoli
1394 3770 1462 3823 ab
1498 3771 1623 3838 ipso
1653 3785 1757 3823 us—
1792 3785 1794 3788 ·

95 3851 196 3905 que
220 3844 291 3898 ad
341 3844 459 3898 hoc
494 3849 718 3911 tempus
750 3845 1042 3897 sederunt.
1079 3845 1146 3895 Et
1191 3845 1248 3894 in.
1295 3857 1428 3893 ora:
1476 3841 1758 3894 Dominus

97 3919 278 3981 noster
307 3915 486 3970 .lesus
515 3914 785 3968 Christus
815 3916 857 3967 l.
891 3917 1162 3968 Summus
1205 3912 1461 3981 pontifex
1495 3913 1757 3966 nascitur

97 3980 210 4036 Xlll
242 3999 402 4041 anno
436 3987 676 4053 Imperii
710 3987 854 4055 Aug.
890 3987 1063 4040 annis
1089 3983 1176 4051 33,
1213 3980 1288 4038 m.
1317 3983 1370 4047 3,
1410 3984 1469 4036 in
1501 3984 1605 4037 hoc
1642 3997 1756 4037 nu—

97 4065 238 4110 mero
283 4059 467 4112 vixit.
523 4058 826 4124 trigesimo
869 4071 1020 4112 anno
1070 4056 1414 4124 baptizatus.
1465 4055 1754 4124 reliquum

98 4128 309 4195 tempus
347 4129 714 4198 praedicavit.
749 4129 883 4183 Post
927 4129 1054 4196 ejus
1105 4129 1426 4196 passionem
1468 4139 1618 4179 anno
1659 4139 1756 4198 se—

96 4201 281 4261 quenti
310 4197 515 4256 tenuit
551 4204 748 4254 Petrus
777 4201 1076 4266 apostolus
1114 4201 1168 4252 in
1206 4198 1468 4268 partibus
1498 4197 1754 4251 Orientis

95 4269 418 4338 cathedram
468 4273 643 4327 annis
676 4271 725 4338 li,
772 4271 982 4326 deinde
1029 4284 1179 4325 anno
1227 4270 1456 4325 Domini
1499 4269 1570 4323 38
1601 4269 1756 4323 venit

95 4337 486 4409 antiochiam,
522 4343 621 4398 ubi
655 4343 806 4397 sedit
841 4343 1013 4396 annis
1049 4339 1103 4407 '7,
1137 4343 1193 4409 d.
1227 4343 1299 4395 8:
1347 4341 1555 4395 deinde
1598 4339 1757 4394 venit

95 4407 340 4480 Romam,
385 4416 496 4471 ubi
533 4415 683 4469 sedit
713 4415 885 4468 annis
915 4413 1004 4480 ‘23,
1042 4426 1116 4466 m.
1148 4408 1202 4479 7,
1236 4413 1292 4466 d.
1325 4412 1380 4465 8.

160 4486 324 4538 Num.
364 4485 416 4546 4,
457 4490 560 4539 lin.
601 4483 622 4538 4
675 4487 822 4538 deest
852 4491 908 4539 et
939 4487 1036 4536 lin.
1070 4482 1138 4537 ‘2:
1184 4485 1288 4552 Ap.
1325 4483 1555 4537 natione
1586 4483 1758 4537 Gali-

98 4553 223 4610 heus
253 4559 325 4613 de
358 4566 525 4613 terra
560 4557 892 4626 Bethsayda,
930 4557 1089 4610 filius
1117 4555 1373 4624 Joannis,
1424 4555 1600 4609 frater
1630 4557 1755 4607 An—

1765 1959 1816 2016 B
1848 1995 1908 2048 B.

1849 660 2018 727 eique
2039 660 2365 712 cathedram
2395 660 2476 711 vel
2502 659 2813 712 Ecclesiam
2835 673 3054 712 omnem
3083 660 3500 727 disponendam

1845 731 2156 788 commisit.
2210 730 2447 784 dicens:
2501 730 2664 784 Sicut
2712 731 2853 783 mihi
2892 730 3109 799 ligandi
3159 739 3214 784 et
3244 729 3500 786 solvendi

1847 801 2056 854 tradita
2087 808 2173 855 est
2203 815 2233 854 a
2265 803 2507 855 Domino
2544 815 2664 855 meo
2692 803 2822 855 Jesu
2851 802 3082 855 Christo
3115 809 3383 867 potestas.
3422 802 3501 854 ita

1843 879 1898 926 et
1921 886 2024 942 ego
2058 872 2164 926 tibi
2199 873 2517 934 committo,
2555 880 2618 926 ut
2645 873 2879 926 ordines
2907 873 3289 937 dispositores
3318 874 3504 926 diver-

1845 957 2036 997 sarum
2065 957 2390 1006 causarum,
2421 957 2519 1011 per
2545 957 2688 1012 quos
2714 951 2876 998 actus
2903 944 3336 998 ecclesiasticus
3358 944 3499 996 diri-

1845 1021 2016 1085 getur.
2057 1016 2217 1084 (Μαι.
2257 1014 2613 1085 proﬂigetur)
2646 1022 2702 1068 et
2728 1021 2790 1068 tu
2839 1015 3078 1068 minime
3108 1017 3269 1069 curis
3300 1015 3498 1069 saeculi

1841 1086 2076 1139 deditus
2106 1086 2439 1154 reperiaris,
2470 1087 2564 1140 sed
2608 1087 2966 1139 solummodo
2997 1087 3064 1139 ad
3095 1088 3413 1141 orationem
3446 1095 3502 1140 et

1846 1157 2307 1224 praedicationem
2341 1157 2538 1224 pOpuli
2559 1170 2756 1210 vacare
2780 1157 2966 1210 stude.
2993 1159 3124 1210 Post
3147 1158 3290 1210 hanc
3311 1158 3502 1224 dispo-

1843 1229 2135 1284 sitionem.
2169 1229 2444 1295 martyrio
2471 1241 2598 1281 cum
2631 1229 2805 1280 Paulo
2832 1231 3159 1295 coapostolo
3191 1242 3298 1282 suo
3325 1242 3500 1282 coro-

1844 1305 2015 1352 natus
2045 1306 2150 1360 est,
2189 1304 2310 1366 post
2345 1299 2664 1366 passionem
2697 1299 2926 1351 Domini
2961 1312 3112 1353 anno
3142 1299 3233 1352 39.
3269 1301 3370 1351 llic
3402 1313 3500 1353 se—

1843 1369 1931 1423 dit
1967 1370 2022 1422 in
2055 1370 2392 1436 episcopatu
2427 1371 2613 1422 Romae
2658 1383 2839 1423 annos
2869 1368 2957 1432 Ξῖ),
2992 1385 3063 1422 m.
3113 1367 3166 1435 2,
3215 1371 3268 1423 d.
3305 1370 3360 1423 8.
3395 1371 3500 1424 Se—

1846 1441 2045 1508 pultus
2073 1448 2158 1494 est
2187 1448 2376 1494 autem
2407 1443 2501 1494 via
2533 1441 2763 1494 Aurelia
2793 1441 2846 1492 in
2883 1441 3153 1508 templum
3183 1441 3494 1508 Apollinis,

1838 1513 2003 1579 juxta
2028 1511 2212 1565 locum
2242 1513 2339 1564 ubi
2364 1512 2683 1565 crucifixus
2700 1519 2784 1565 est
2802 1525 2970 1564 secus
2994 1511 3269 1576 palatium
3293 1515 3497 1566 Neron.

1848 1584 1903 1636 in
1935 1582 2116 1636 Vatic.
2147 1580 2196 1641 4,
2234 1590 2336 1635 ter.
2373 1584 2471 1635 tri.
2523 1597 2584 1635 Ill
2616 1583 2738 1636 Kal.
2783 1583 2893 1635 .lul.
2939 1584 3040 1635 llic
3084 1582 3220 1636 fecit
3257 1583 3500 1637 ordina—

1846 1654 2034 1707 tiones
2063 1667 2161 1721 per
2193 1668 2440 1707 mensem
2473 1655 2694 1708 Decem.
2731 1653 2906 1722 episc.
2937 1653 2990 1722 6,
3029 1669 3111 1721 pr.
3147 1653 3234 1714 40,
3264 1655 3414 1708 diac.
3441 1652 3500 1707 8.

1843 1743 2179 1821 Ejusdem
2218 1744 2428 1804 curiis
2467 1742 2785 1804 lectiones
2824 1760 2905 1803 ea;
2954 1744 3170 1805 codice
3214 1742 3500 1805 T/iuuuo

2559 1822 2774 1884 altero
2792 1869 2804 1882 .

1918 1922 2132 1989 Incipit
2166 1919 2313 1974 liber
2338 1919 2705 1989 episcopalis,
2738 1921 2795 1974 in
2825 1934 2938 1990 quo
2970 1921 3344 1976 continentur
3376 1929 3502 1975 acta

1943 1992 2285 2047 Pontiﬁcum
2316 1992 2480 2045 urbis
2510 1993 2722 2045 ltomze.

1922 2067 1985 2118 In
2017 2081 2099 2132 ep.
2133 2065 2192 2116 B.
2229 2064 2382 2114 Hier.
2416 2079 2426 2108 :
2463 2063 2671 2131 Incipit
2700 2077 2788 2131 ep.
2834 2064 2898 2115 B.
2954 2064 3285 2133 Hieronymi
3339 2078 3505 2131 pres-

1852 2135 2031 2205 byteri
2066 2135 2133 2188 ad
2171 2133 2569 2187 beatissimum
2612 2135 2915 2188 Damasum
2966 2136 3299 2202 episcopum
3340 2135 3507 2189 urbis

1851 2208 2058 2260 ltomte.
2091 2206 2225 2257 ibid.
2263 2211 2456 2258 nostra
2493 2205 2812 2268 humilitas,
2846 2207 3060 2259 sentire
3101 2220 3223 2276 cog.
3251 2208 3348 2273 qui
3383 2220 3506 2260 me—

1854 2279 2001 2332 ruit.
2037 2277 2361 2344 Rescriptio
2389 2277 2452 2328 B.
2495 2277 2721 2330 Damasi
2757 2290 2912 2344 papa:
2943 2277 3010 2331 ad
3040 2278 3194 2331 Hier.
3226 2279 3502 2345 p.D.e.v.

1854 2350 1999 2402 R.ll.
2035 2363 2087 2416 p.
2121 2347 2223 2418 sal.
2257 2356 2428 2415 temp.
2460 2348 2836 2401 sacerdotalis
2866 2355 3049 2401 tamen
3088 2364 3138 2417 q.
3179 2363 3232 2418 g.

1927 2421 2090 2472 Num.
2146 2417 2194 2471 4.
2245 2421 2343 2471 (in.
2400 2418 2452 2478 2,
2501 2419 2638 2473 Vico
2683 2419 3008 2473 Bethsaida.
3054 2421 3150 2471 lin.
3191 2417 3252 2484 '3,
3300 2433 3397 2472 an.
3451 2417 3507 2472 7.

1856 2491 1958 2544 Hic
1988 2492 2044 2544 Β.
2085 2492 2137 2542 Ρ.
2174 2492 2269 2542 Ιίιι.
2306 2488 2357 2556 lt,
2390 2491 2515 2544 dies
2547 2491 2596 2544 3.
2636 2492 2734 2542 lin.
2775 2487 2830 2554 '7,
2875 2491 3033 2544 filius
3071 2491 3142 2544 de
3185 2491 3503 2558 baptismo.

1858 2564 1956 2614 lin.
1987 2564 2132 2614 mut.
2164 2560 2396 2616 fontem.
2445 2562 2512 2615 ad
2552 2562 2661 2614 int.
2706 2563 2853 2615 Petri
2906 2562 3140 2614 firmatae
3172 2569 3326 2614 sunt.
3372 2564 3509 2615 dum

1859 2633 2014 2686 alius
2041 2649 2122 2701 gr.
2158 2633 2232 2686 al.
2269 2632 2394 2685 heb.
2425 2633 2496 2686 al.
2536 2632 2632 2685 lat.
2665 2641 2958 2688 consonet.
2991 2639 3037 2684 t.
3087 2647 3146 2701 e.
3169 2639 3207 2682 t.
3239 2639 3373 2686 sunt
3414 2634 3518 2685 lir—

1865 2700 2056 2757 mata}.
2078 2705 2176 2757 llic
2198 2705 2514 2756 ordinavit.
2541 2705 2635 2754 1m.
2667 2702 2732 2754 42
2762 2719 2820 2756 ιιι
2849 2704 2967 2756 Kal.
2996 2705 3090 2754 lin.
3127 2700 3211 2764 43,
3246 2718 3342 2770 per
3367 2718 3514 2758 men-

1863 2789 1975 2828 sem
2006 2775 2386 2832 Decembrem.
2429 2776 2784 2842 presbyteros
2815 2773 2898 2832 40,
2930 2775 3078 2828 diae.
3112 2772 3166 2834 7,
3214 2776 3514 2844 episcopos

1865 2860 1963 2914 per
1989 2847 2214 2899 diversa
2247 2847 2367 2900 loca
2399 2859 2634 2899 numero
2660 2844 2713 2899 3.
2745 2846 2845 2899 llic
2874 2846 3187 2899 ordinavit.

1864 2935 2209 2996 Lectiones
2238 2935 2448 2995 cur-ite
2475 2938 2540 2995 V.
2581 2936 2653 2995 (7.
2688 2937 2881 2995 Lucae
2913 2935 3266 2998 Hotsteuii
3289 2938 3520 2998 studio

1947 3019 2271 3093 eucee'ptre
2297 3034 2376 3075 eo:
2407 3015 2744 3076 corticibus
2771 3016 2999 3076 Italia;
3021 3018 3524 3095 pwestuut-issi—

1946 3097 2097 3169 mis,
2124 3098 2242 3156 ναι
2253 3095 2474 3156 icuuis
2488 3095 2764 3168 duobus,
2789 3095 3223 3157 Floe'eutiuis
3243 3097 3520 3172 duobus,

1953 3176 2374 3249 C'ussiueusi,
2393 3177 2601 3252 Regio
2619 3179 2681 3235 et
2697 3177 3350 3251 Furuesiuuomditu?
3368 3193 3523 3236 vero

1948 3272 1988 3314 u
2138 3255 2210 3316 (ι’.
2248 3254 2694 3316 Emmuuuete
2725 3270 2765 3314 (ι
2803 3255 3260 3316 Sc/ietestrute
3289 3260 3456 3317 ιον)ιο
3487 3257 3532 3316 I

1945 3335 2420 3412 Anti/[uitatis
2451 3334 2787 3408 Ecclesiae,
2815 3351 2980 3413 pug.
3024 3337 3143 3393 403
3173 3339 3237 3394 et
3271 3353 3446 3413 seqq.
3485 3350 3526 3394 (ι

1947 3433 2070 3493 quo
2088 3419 2147 3474 et
2159 3416 2293 3474 ium.
2312 3431 2386 3473 eu
2406 3413 2657 3493 cogitatu
2679 3430 2760 3472 su
2772 3417 3016 3493 utcum
3038 3415 3530 3475 vetustioribus

1951 3492 2307 3571 Cututogis
2347 3492 2748 3553 Ι)ἱί)ἰὶοίὴιε(;ίε
2825 3492 3148 3554 σέριςαινίιίίε
3211 3493 3530 3555 Viudobo-

1950 3575 2206 3644 ueusis,
2243 3574 2494 3650 regina?
2524 3573 2781 3633 Suecia:
2811 3576 2872 3632 et
2911 3573 3332 3634 Colbertiuai.

1941 3690 2105 3748 Num,
2156 3685 2205 3748 4,
2257 3684 2461 3739 linch
2491 3688 2617 3739 Flor
2657 3684 2710 3754 2,
2759 3686 3106 3740 cathedram.
3151 3688 3249 3740 lin.
3299 3685 3332 3742 4
3382 3690 3523 3742 Flor.

1871 3760 1998 3826 duo,
2032 3773 2254 3813 menses
2279 3756 2332 3813 2,
2363 3759 2489 3812 dies
2513 3759 2570 3808 3.
2610 3760 2707 3809 lin.
2738 3757 2789 3820 6,
2840 3759 2966 3809 Flor
3008 3763 3058 3809 et
3116 3761 3317 3820 Vatia,
3346 3773 3528 3813 cano—

1871 3831 2033 3884 nicw.
2069 3833 2167 3882 lin.
2197 3827 2282 3884 40.
2312 3830 2454 3881 Flor.
2470 3871 2483 3888 τ.
2513 3826 2599 3882 39.
2634 3830 2729 3881 lin.
2762 3827 2844 3881 42.
2877 3831 3002 3881 Vat.
3027 3831 3242 3884 ctFlor.
3289 3844 3352 3884 ιιι
3385 3831 3517 3885 Kal.

1871 3904 1966 3954 lin.
2004 3900 2067 3955 44
2095 3903 2313 3954 Florent
2345 3901 2452 3952 duo
2479 3907 2529 3952 ct
2570 3902 2720 3961 Vat,
2749 3901 2896 3955 diac.
2929 3899 3042 3954 Vll.
3443 3957 3448 3961 _

1867 3992 2213 4052 Lectiones
2237 3990 2700 4051 oua'ia’codicis
2725 3989 3075 4064 Cuceusis,
3093 3995 3414 4069 excerptas
3447 3992 3526 4054 ub

1946 4069 2358 4149 ill._p7‘;csztle
2427 4071 2796 4131 Fruucisco
2870 4071 3117 4145 Pcuiu,
3213 4075 3528 4135 Romanae

1947 4155 2129 4214 Ιεοίίιι
2157 4151 2493 4222 (ιγιθῖἱίθφθ,
2529 4151 2732 4228 cujus
2760 4151 3269 4228 (iuta/[mplium
3313 4168 3528 4213 usser-

1947 4235 2158 4292 cuiur
2183 4232 2259 4291 iu
2284 4230 2676 4292 bibliotheca
2703 4230 3216 4302 Ott/iobouiuuu,
3243 4235 3322 4292 ut
3343 4233 3526 4294 docet

1947 4312 2162 4389 liujus
2201 4312 2380 4372 modi
2424 4311 2886 4372 testimonium
2921 4311 3111 4389 operi
3134 4311 3517 4390 ρνίινχῖαςῖιφη.

1943 4431 1969 4460 «
2017 4412 2191 4478 Pr0pe
2227 4409 2525 4463 Salernum
2573 4410 2630 4463 in
2662 4422 2834 4478 regno
2874 4408 3251 4476 Neapolitano
3279 4409 3392 4464 sita
3437 4419 3523 4464 est

1871 4501 1895 4531 »
1938 4483 2146 4536 civitas
2184 4482 2473 4548 Cavensis,
2526 4489 2581 4534 et
2627 4480 2683 4534 in
2728 4494 2790 4534 ea
2843 4481 3071 4549 insigne
3106 4482 3518 4536 monasterium

1871 4572 1894 4602 »
1940 4554 2168 4608 ordinis
2191 4554 2372 4607 sancti
2400 4553 2687 4607 Benedicti
2713 4553 3180 4622 congregationis
3206 4552 3520 4607 Cassinen-

92 4605 228 4682 d
1123 4605 1754 4695 “Ᾱὴ-
1785 4605 1836 4664 D
1871 4645 1893 4672 »
1939 4605 2208 4692 svis—{subd
2233 4605 2593 4698 invocatione
2756 4605 3066 4698 Tritijniftjatis
3119 4605 3176 4678 In
3205 4639 3268 4698 eo
3294 4605 3520 4680 inbita—

95 4697 358 4755 tiocniam
376 4703 560 4756 annis
580 4699 645 4770 Ἲς
667 4699 782 4755 fuit
803 4712 994 4754 autem
1021 4698 1748 4767 tenporibus'l‘iberiiCaes.

91 4775 138 4842 et
165 4772 283 4827 Caii
317 4769 641 4842 Caligulte,
666 4779 720 4825 et
749 4772 875 4825 Tib.
907 4772 988 4825 Cl.
1024 4777 1079 4824 et
1110 4772 1372 4826 Neronis.
1406 4771 1528 4822 Lin.
1566 4770 1618 4842 b',
1650 4769 1751 4838 qui

93 4841 153 4892 Ill.
178 4858 223 4894 a.
258 4859 310 4898 e.
338 4845 379 4898 f.
408 4841 656 4899 et’tilius
686 4846 743 4897 in
768 4843 920 4912 bapt.
949 4843 1078 4897 Post
1107 4844 1364 4897 omnium
1391 4857 1442 4910 q.
1471 4842 1537 4896 ad
1567 4841 1754 4894 inter—

95 4917 448 4982 regationem
471 4915 971 4983 ejustcstimonio.
998 4914 1102 4968 hoc
1120 4919 1206 4968 est
1229 4915 1283 4967 P.
1311 4912 1350 4966 f.
1376 4928 1419 4967 s.
1443 4914 1576 4967 dum
1597 4912 1752 4966 alius

91 4982 290 5052 Grzece.
326 4982 820 5049 aliusl-lebraice,
853 4987 1006 5040 alius
1029 4986 1227 5040 Latine
1257 4991 1590 5038 consonent.
1624 4985 1745 5036 Lin.

95 5051 169 5125 43.
205 5051 308 5112 Hic
343 5059 654 5113 ordinavit
693 5059 881 5112 Itomze
913 5059 1060 5112 duos
1091 5058 1413 5125 episcopos,
1460 5057 1662 5110 Linum
1696 5061 1752 5107 et

91 5124 323 5201 Cletum,
349 5132 457 5201 qui
491 5130 934 5198 pnesentialiter
956 5124 1541 5201 omneministeritnn
1571 5139 1755 5201 sacer-

93 5198 270 5255 dotale
302 5197 384 5257 in'
413 5197 567 5256 urbe
611 5203 785 5256 Roma
833 5200 1043 5269 populo
1088 5199 1172 5254 vel
1207 5197 1748 5266 supervenientibus

93 5270 443 5328 exhiberem.
486 5274 547 5326 B.
585 5279 774 5326 autem
807 5274 1012 5326 Petrus
1055 5271 1121 5325 ad
1157 5273 1475 5325 orationem
1509 5276 1564 5323 et
1599 5282 1746 5337 prie-

93 5338 436 5414 dieationem
467 5343 748 5414 poi'iulum
771 5344 1046 5399 erudiens
1065 5342 1319 5409 vacabat.
1341 5342 1444 5414 Hic
1465 5355 1595 5395 vero
1617 5354 1746 5394 cum

93 5411 308 5470 Simone
342 5411 517 5486 Mago
553 5416 716 5484 prius
768 5416 825 5469 in
856 5415 1068 5482 Judma,
1102 5420 1157 5468 et
1189 5413 1602 5486 posteagltomte
1634 5420 1746 5486 tam

93 5492 209 5540 ante
242 5484 538 5543 Neronem
592 5487 729 5554 imp.
765 5500 934 5555 quam
966 5493 1023 5540 et
1066 5492 1196 5538 ante
1231 5484 1500 5552 populum
1539 5485 1749 5538 multas

91 5555 530 5625 disputationes
555 5554 854 5624 habuit,et
878 5571 1020 5625 quos
1039 5558 1238 5610 Petrus
1257 5558 1323 5609 ad
1348 5555 1510 5609 iidem
1530 5554 1748 5608 Christi

91 5632 454 5700 aggregabat,
483 5629 587 5682 ille
614 5643 710 5698 per
735 5630 986 5700 magicas
1006 5629 1372 5700 deceptiones
1395 5626 1748 5697 segregabat.

90 5699 178 5752 Sed
212 5703 350 5757 dum
384 5701 633 5756 diutius
671 5699 1107 5759 altei'carentur,
1141 5699 1332 5753 Simon
1377 5700 1577 5753 divino
1607 5705 1750 5750 nutu

95 5770 476 5843 interemptus
508 5779 624 5826 est.
660 5773 859 5828 Petrus
899 5784 1034 5826 vero
1079 5769 1333 5824 sentiens
1365 5771 1516 5825 diem
1548 5769 1754 5824 mortis

1869 4716 1893 4745 »
1937 4697 2114 4751 sterio
2137 4697 2416 4764 antiquus
2451 4695 2597 4750 liber
2626 4697 2873 4749 vetustis
2906 4696 3339 4751 characteribus
3372 4699 3516 4751 scri-

1869 4787 1892 4816 »
1938 4777 2071 4836 ptus
2115 4769 2184 4822 de
2227 4768 2374 4822 Vitis
2414 4768 2748 4836 pontificum
2797 4768 3182 4822 Romanorum
3231 4768 3512 4823 exstabat.

1868 4857 1892 4887 »
1935 4842 2096 4894 Hunc
2129 4839 2365 4903 librum,
2425 4841 2674 4892 instante
2717 4839 2780 4890 D.
2834 4840 3087 4893 Antonio
3135 4841 3205 4893 de
3259 4840 3508 4908 Aquino,

1867 4928 1891 4958 ι)
1936 4913 2036 4980 qui
2069 4910 2234 4964 illum
2269 4911 2324 4962 in
2354 4923 2419 4962 eo
2459 4909 2805 4963 monasterio
2849 4911 3160 4977 invenerat,
3194 4915 3250 4964 et
3277 4913 3347 4961 Ι).
3386 4913 3512 4963 (Ζίρ-

1866 5000 1890 5027 »
1934 4996 2061 5036 sare
2111 4981 2356 5034 Baronio
2399 4987 2642 5044 petente.
2688 4982 2759 5032 D.
2813 4980 3130 5034 cardinalis
3173 4981 3507 5048 Montaltus,

1864 5071 1890 5101 »
1933 5053 2187 5119 ejusdem
2220 5050 2448 5104 ordinis
2476 5056 2780 5116 protector,
2808 5062 2960 5102 anno
2991 5048 3128 5102 4593
3154 5051 3386 5102 Romam
3412 5051 3508 5105 af-

1865 5142 1889 5171 »
1933 5123 2070 5178 ferri
2099 5122 2296 5188 jussit.
2326 5121 2581 5189 Cumque
2612 5133 2714 5190 ego
2747 5121 3088 5174 Franciscus
3125 5120 3313 5183 Penia,
3353 5122 3505 5175 ltotze

1864 5218 1889 5243 »
1931 5195 2186 5261 auditor,
2215 5192 2474 5246 eumdem
2510 5191 2725 5244 librum
2758 5197 2961 5244 nactus
2982 5204 3183 5254 essem,
3213 5203 3363 5258 eum,
3395 5207 3510 5247 ser-

1864 5285 1888 5313 »
1931 5267 2080 5319 vatis
2107 5264 2318 5318 eisdem
2352 5261 2802 5322 characteribus,
2822 5261 3130 5315 transcribi
3157 5261 3296 5314 mihi
3328 5277 3506 5316 cura-

1865 5356 1889 5385 »
1932 5338 2008 5401 vi,
2028 5343 2082 5390 et
2107 5349 2204 5404 per
2223 5347 2306 5388 me
2333 5335 2518 5400 ipsum
2542 5347 2669 5386 cum
2695 5332 2936 5404 antiquo
2953 5332 3289 5404 exemplari,
3313 5334 3368 5385 in
3391 5348 3504 5402 quo

1864 5428 1888 5456 »
1932 5415 2070 5462 sunt
2092 5401 2418 5475 frequentes
2431 5404 2762 5470 soloecismi,
2779 5401 2849 5457 ob
2872 5403 3216 5475 imperitiam
3239 5401 3505 5459 fortassis

1865 5499 1890 5528 ι)
1933 5474 2258 5548 scriptoris,
2287 5475 2532 5548 contuli.
2567 5481 2630 5528 ut
2655 5481 2891 5548 apparet
2925 5475 2980 5527 in
3014 5474 3115 5526 hoc
3148 5474 3324 5530 libro.
3368 5493 3393 5524 »

1935 5545 2371 5618 Hac'prtemissa
2402 5547 2651 5609 notione.
2701 5545 2968 5613 sequitur
2993 5553 3296 5601 contextus
3344 5548 3505 5618 libri,

1867 5622 1922 5676 in
1959 5636 2074 5692 quo
2115 5621 2360 5688 primum
2404 5619 2659 5692 occurrit
2685 5618 2989 5692 Catalogus
3031 5618 3369 5674 Pontificum
3397 5624 3512 5676 lic—-

1863 5686 2052 5748 cles'ite
2087 5686 2758 5756 Constantinonolitanaz,
2790 5686 3032 5742 fortasse
3058 5698 3295 5746 assutus
3321 5693 3508 5748 codici

1862 5765 2272 5820 Anastasiano.
2307 5763 2448 5816 Tum
2478 5761 2751 5830 leguntur
2780 5759 3038 5828 epistolae
3063 5761 3211 5834 duze,
3240 5765 3298 5818 Β.
3322 5765 3516 5820 Hiero-

144 5900 172 5930 ιι
219 5890 367 5940 Hanc
402 5888 688 5952 cpistolem
719 5889 924 5937 exhibet
957 5887 1110 5935 editis
1141 5886 1410 5936 Fabrotii?
1449 5887 1593 5934 deest
1621 5886 1676 5933 iu
1712 5884 1938 5934 editione
1974 5882 2212 5930 Romano
2240 5879 2488 5928 Vaticana
2519 5891 2672 5940 quam
2697 5875 2979 5938 sequimur.
3019 5875 3168 5928 Enna
