3912 6420
352 416 481 473 4044

424 538 763 593 Benedictus
794 539 944 593 sedit
972 551 1153 591 annos
1184 552 1260 591 ιχ.

420 612 702 665 Johannes
733 611 883 664 sedit
915 623 1134 664 menses
1166 623 1244 662 ιχ.

419 683 704 736 Johannes
736 681 885 735 sedit
918 694 1137 734 menses
1170 694 1245 733 1v.

417 753 703 807 Johannes
734 753 884 806 sedit
912 765 1095 806 annos
1127 764 1181 819 χ,
1218 766 1437 805 menses
1467 764 1543 815 v1,
1577 751 1702 805 dies
1733 764 1790 803 χ.

420 824 735 893 Gregorius
766 824 916 877 sedit
947 822 1157 877 annum
1189 837 1228 891 1,
1265 836 1484 877 menses
1518 837 1570 874 v.

421 894 707 947 Johannes
738 895 886 948 sedit
920 907 1140 948 menses
1170 908 1206 947 x
1232 900 1282 948 et
1318 908 1349 945 v
1386 894 1422 947 ι’.

420 964 693 1019 Silvester
721 966 873 1020 sedit
904 978 1086 1019 annos
1118 978 1192 1034 1v,
1229 979 1474 1019 mensem
1509 979 1547 1034 1,
1579 964 1706 1019 dies
1738 978 1818 1021 1x.

418 1037 705 1090 Johannes
736 1036 884 1090 sedit
915 1049 1135 1091 menses
1170 1049 1219 1105 ν,
1252 1036 1377 1090 dies
1405 1049 1536 1089 xxv.

422 1106 708 1161 Johannes
736 1108 886 1161 sedit
914 1119 1127 1161 annum
1159 1121 1197 1160 1.

419 1179 656 1248 Sergius
686 1178 837 1231 sedit
866 1191 1049 1232 annos
1078 1191 1163 1231 111.

418 1249 761 1303 Benedictus
804 1249 952 1302 sedit
996 1261 1177 1303 annos
1214 1262 1297 1305 χι.
1343 1261 1587 1302 mensem
1635 1262 1673 1317 1,
1715 1250 1840 1305 dies
1880 1265 1999 1305 χχι.

414 1319 700 1373 Johannes
726 1319 875 1373 sedit
900 1332 1083 1373 annos
1112 1333 1187 1384 1x,
1220 1319 1346 1372 dies
1374 1331 1449 1372 ιχ.

416 1390 755 1445 Benedictus
787 1390 938 1444 sedit
968 1402 1150 1444 annos
1174 1402 1302 1443 χιιι.

414 1461 684 1515 Silvester
716 1461 865 1515 sedit
893 1461 1018 1514 dies
1050 1474 1161 1513 LVI.

411 1530 576 1601 Greg.
612 1532 763 1585 sedit
792 1544 974 1585 annos
1010 1545 1072 1595 ιι,
1114 1544 1338 1586 menses
1377 1544 1454 1585 v1.

410 1603 669 1656 Clemens
698 1601 852 1656 sedit
886 1616 1104 1657 menses
1138 1615 1213 1656 ιχ.

410 1675 688 1727 Damasus
717 1674 866 1728 sedit
897 1676 1020 1727 dies
1056 1687 1222 1727 χχιιι.

414 1746 519 1798 Leo
551 1746 701 1798 sedit
729 1759 908 1799 annos
939 1758 990 1812 v,
1029 1758 1247 1798 menses
1281 1758 1340 1803 ιι.
1372 1745 1500 1799 dies
1532 1759 1632 1799 νιι,

410 1817 607 1869 Victor
644 1816 793 1870 sedit
824 1830 1002 1870 annos
1036 1830 1097 1882 ιι,
1144 1830 1362 1869 menses
1406 1830 1491 1882 ιιι,
1523 1818 1647 1870 dies
1676 1830 1777 1871 v11.

407 1885 673 1940 Stefanns
704 1888 855 1940 sedit
886 1900 1106 1941 menses
1145 1900 1245 1953 vn,
1278 1888 1403 1941 dies
1440 1902 1596 1941 χχιχ.

409 1959 747 2012 Benedictus
776 1959 924 2012 sedit
956 1971 1177 2012 menses
1208 1972 1283 2025 ιχ,
1312 1959 1436 2012 dies
1467 1973 1563 2012 xx.

406 2029 721 2084 Nicholaus
769 2029 919 2083 sedit
967 2042 1148 2083 annos
1193 2043 1252 2095 ιι,
1302 2042 1521 2083 menses
1566 2043 1642 2089 v1,
1689 2030 1815 2085 dies
1858 2044 1990 2085 xxv.

361 2126 378 2137 ο
405 2100 724 2154 Alexander
753 2102 904 2154 sedit
931 2113 1109 2154 annos
1137 2114 1215 2166 χι,
1248 2113 1466 2154 menses
1499 2114 1576 2167 v1,
1609 2101 1735 2155 dies
1764 2115 1883 2156 χχι.

405 2173 569 2240 Greg.
606 2173 758 2226 sedit
787 2184 968 2225 annos
997 2184 1102 2236 χιι,
1148 2185 1394 2226 mensem
1432 2185 1467 2237 1,
1496 2172 1621 2225 dies
1652 2186 1704 2223 v.

408 2243 599 2296 Victor
624 2243 775 2297 sedit
804 2256 1025 2296 menses
1059 2255 1133 2306 ιν,
1170 2243 1294 2297 dies
1325 2256 1428 2295 v11.

403 2313 662 2368 Clemens
693 2314 845 2367 sedit
872 2327 1054 2368 annos
1081 2328 1174 2381 xx,
1207 2314 1333 2368 dies
1359 2326 1409 2365 (ι.

406 2384 666 2439 Urbanus
698 2385 847 2439 sedit
875 2398 1058 2439 annos
1088 2398 1168 2454 χι,
1205 2398 1423 2439 menses
1454 2397 1533 2454 1v,
1564 2383 1690 2439 dies
1714 2398 1807 2439 xv.

404 2456 700 2510 Paschalis
729 2457 901 2510 sedit.

408 2528 598 2580 Laudo
653 2528 886 2581 natione
933 2524 1247 2581 Sabinense
1293 2540 1361 2581 ex
1415 2530 1575 2594 patre
1620 2524 1797 2580 Caino
1842 2526 1994 2581 sedit

329 2609 509 2651 annos
541 2610 617 2659 v1,
646 2599 775 2651 dies
806 2610 1001 2650 xxxv1.

402 2668 690 2722 Johannes
738 2673 853 2721 nat.
915 2668 1177 2722 Ravenna
1222 2680 1291 2722 ex
1336 2673 1495 2735 patre
1540 2669 1795 2725 Johanne
1841 2669 1992 2724 sedit

331 2751 514 2793 annos
543 2751 659 2805 xiv,
696 2748 918 2791 menses
950 2750 1010 2805 11,
1045 2737 1172 2791 dies
1200 2751 1289 2791 ιιι.

403 2811 509 2864 Leo
540 2809 686 2863 sedit
713 2821 895 2862 annos
925 2822 1013 2877 ιιι,
1036 2808 1162 2863 dies
1182 2821 1276 2863 xv.

400 2880 723 2948 Stephanus
769 2884 889 2933 nat.
932 2880 1093 2934 Rom.
1140 2893 1207 2932 ex
1256 2884 1413 2948 patre
1449 2879 1857 2937 Teudemundo
1893 2896 1994 2937 se—

330 2953 419 3007 dit
448 2964 630 3006 annos
662 2964 723 3020 ιι,
757 2963 1002 3004 mensem
1036 2963 1073 3017 1,
1111 2950 1237 3006 dies
1270 2964 1376 3004 χιι.

399 3023 685 3077 Johannes
729 3028 845 3075 nat.
896 3022 1055 3076 Rom.
1100 3034 1168 3075 ex
1215 3029 1373 3091 patre
1417 3023 1615 3092 Sergio
1655 3036 1795 3092 papa
1839 3024 1990 3079 sedit

332 3108 515 3150 annos
547 3106 623 3155 IV,
660 3105 880 3147 menses
913 3106 967 3146 Χ.

403 3167 510 3220 Leo
552 3171 667 3219 nat.
708 3165 866 3218 Rom.
914 3177 984 3217 ex
1026 3170 1185 3233 patre
1228 3165 1377 3219 sedit
1416 3177 1597 3219 annos
1638 3178 1721 3234 ιιι,
1769 3180 1990 3223 menses

330 3251 412 3303 v1,
443 3237 570 3291 dies
599 3250 657 3289 x.

399 3308 725 3377 Stephanus
759 3310 876 3360 nat.
922 3306 1080 3360 Rom.
1124 3306 1276 3361 sedit
1306 3320 1487 3361 annos
1532 3321 1620 3375 ιιι,
1655 3322 1875 3363 menses
1907 3324 1984 3378 1v,

328 3379 456 3435 dies
486 3392 578 3433 xv.

401 3451 658 3505 Marinus
704 3452 820 3503 nat.
874 3448 1035 3504 Rom.
1087 3449 1238 3505 sedit
1277 3463 1457 3505 annos
1497 3464 1582 3520 ιιι,
1632 3464 1853 3506 menses
1905 3465 1984 3517 v1,

331 3523 457 3577 dies
488 3535 616 3576 χιιι.

404 3593 674 3664 Agipitus
727 3597 847 3646 nat.
902 3592 1059 3646 Rom.
1104 3592 1255 3649 sedit
1304 3606 1486 3648 annos
1533 3608 1590 3662 x,
1643 3607 1861 3650 menses
1906 3608 1984 3663 v1,

330 3665 453 3720 dies
486 3680 543 3718 x.

399 3736 686 3791 Johannes
717 3738 831 3789 nat.
861 3735 1022 3789 Rom.
1056 3749 1123 3789 ex
1158 3744 1315 3805 patre
1340 3735 1606 3792 Alberico
1633 3737 1782 3791 sedit
1810 3750 1991 3792 annos

335 3822 413 3864 IX.
450 3820 670 3860 menses
703 3820 790 3860 Ill.

405 3879 747 3932 Benedictus
776 3892 992 3933 annum
1025 3892 1065 3942 1,
1103 3892 1321 3932 menses
1350 3891 1430 3931 v1.

408 3951 514 4003 Leo
558 3950 789 4003 natione
834 3951 1123 4004 Romanus
1170 3950 1557 4018 protoscrinio
1597 3964 1665 4004 ex
1698 3955 1854 4018 patre
1892 3951 1994 4005 .lo—

339 4020 526 4074 hanne
581 4021 965 4087 protoscrinio
1008 4022 1078 4076 de
1120 4024 1348 4091 regione
1387 4022 1549 4076 Clius
1586 4021 1989 4089 argentarius;

340 4090 492 4145 sedit
527 4102 741 4163 annum
777 4104 814 4157 1,
854 4105 1078 4163 menses
1112 4105 1165 4145 1v
1196 4090 1223 4163 ς,
1245 4094 1343 4161 qui
1380 4100 1749 4147 consecratus
1779 4099 1865 4146 est
1898 4106 1994 4161 per

344 4173 587 4215 mensem
645 4162 998 4231 Decembrio,
1039 4174 1070 4204 ιι
1119 4162 1339 4217 vivente
1407 4165 1817 4230 praedecessore
1889 4177 1995 4217 suo

338 4232 609 4286 Johanne.
634 4233 735 4286 llic
753 4231 888 4287 fecit
908 4234 1273 4288 ordinatione
1299 4234 1354 4286 in
1374 4236 1568 4288 eodem
1595 4247 1815 4287 menses
1833 4247 1999 4302 pres-

343 4304 570 4372 byteros
624 4316 724 4370 νιι,
770 4304 1046 4359 diaconos
1093 4318 1154 4371 ιι,
1206 4310 1261 4357 et
1309 4306 1553 4358 cessavit
1603 4306 1996 4372 episcopatum

344 4375 506 4443 ejus:
541 4387 654 4442 quo
694 4375 917 4428 vivente
953 4375 1190 4429 Romani
1238 4375 1652 4429 ordinaverunt
1688 4376 1995 4429 diaconum

349 4457 548 4513 papam
584 4446 732 4499 unde
773 4444 992 4499 obsessi
1029 4453 1165 4501 sunt
1209 4445 1403 4499 anima
1445 4445 1562 4501 foto
1602 4448 1943 4514 imperatore
1973 4445 1999 4485 ι)

346 4517 498 4571 unde
522 4523 632 4569 tam
652 4514 821 4569 famis
847 4517 1085 4583 penuria
1112 4519 1264 4584 passi
1288 4524 1443 4585 sunt,
1465 4525 1527 4571 ut
1547 4517 1720 4571 etiam
1748 4519 2000 4572 modium

347 4586 599 4643 furfuris
629 4588 984 4641 venundaret
1013 4602 1125 4642 xxx
1154 4588 1287 4641 den.

417 4660 703 4713 Johannes
737 4659 1043 4726 episcopus
1076 4659 1412 4713 Narniensis
1452 4660 1683 4713 natione
1714 4660 2005 4715 Romanus

347 4744 415 4785 ex
450 4736 607 4799 patre
634 4730 888 4783 Johanne
917 4731 1187 4799 episcOpo
1232 4731 1384 4783 sedit
1425 4744 1606 4799 annos
1637 4744 1737 4797 vn,
1786 4743 2006 4783 menses

351 4798 597 4869 x1,dies
629 4816 680 4867 v,
711 4811 766 4854 et
796 4809 1041 4855 cessant
1081 4798 1475 4869 episcopatum
1519 4802 1619 4870 qui
1667 4803 1832 4869 prius
1872 4801 2009 4855 fecit

352 4875 414 4927 in
444 4873 685 4926 exilium
722 4885 941 4926 menses
967 4887 1022 4931 x,
1053 4873 1179 4927 dies
1205 4880 1723 4939 xxv1u,annuente
1752 4875 1861 4927 Deo
1894 4873 2012 4926 ite-

354 4958 481 4999 rum
517 4945 732 5011 recepit
764 4951 1053 5011 papatum,
1090 4945 1217 4997 ideo
1246 4945 1465 4999 dictum
1500 4951 1586 4998 est
1615 4945 1720 4998 iste
1747 4957 1864 4999 xiv.

427 5016 766 5069 Benedictus
811 5016 1042 5069 natione
1085 5016 1316 5070 Roman.
1352 5030 1419 5069 ex
1452 5022 1610 5083 patre
1652 5015 2007 5081 lldebrando,

357 5086 510 5139 sedit
556 5099 768 5141 annum
825 5102 861 5150 1,
918 5100 1135 5141 menses
1176 5100 1249 5139 vr.
1281 5097 1307 5125 ο
1337 5088 1448 5140 Iste
1494 5088 1942 5155 comprehensus
1981 5100 2011 5140 a

362 5170 474 5224 quo
516 5156 586 5211 de
611 5158 934 5212 Crescentio
977 5159 1284 5213 Theodorte
1325 5158 1486 5211 ﬁlius
1514 5167 1569 5214 et
1607 5160 1664 5211 in
1701 5158 2011 5212 Castellum

362 5229 545 5280 sancti
605 5227 805 5298 Angeli
870 5236 1148 5294 retrosus,
1217 5230 1416 5298 ibique
1474 5229 1869 5297 strangulatus
1930 5236 2015 5283 est

366 5304 595 5365 prOpter
635 5297 986 5354 Bonifatium
1029 5297 1341 5355 diaconum
1392 5314 1558 5369 quem
1603 5302 1883 5356 miserunt
1924 5302 2018 5355 vi—

366 5378 529 5421 vente
558 5382 623 5422 eo
655 5383 748 5437 pp.

436 5440 709 5492 Dommus
732 5440 801 5494 de
824 5439 974 5511 Suti,
1006 5440 1033 5481 ἀ
1058 5455 1273 5497 annum
1306 5456 1346 5511 1,
1372 5456 1593 5498 menses
1611 5457 1691 5498 v1.

437 5587 467 5616 α
494 5579 570 5630 De
612 5580 935 5636 intrusione
978 5584 1183 5639 Leonis
1224 5587 1357 5641 vide
1398 5587 1602 5642 Baron.
1643 5587 1711 5642 ad
1756 5600 1850 5643 an.
1887 5584 2014 5653 863,

370 5656 496 5708 pag.
526 5644 650 5708 777,
684 5651 803 5702 edit
844 5654 1001 5706 Rom.

444 5661 496 5712 ς.
539 5661 650 5712 ιιι,
684 5661 803 5702 edit
844 5661 1001 5706 Rom.

445 5713 471 5795 ξ)
499 5715 815 5795 Legenndum
846 5739 879 5773 α
910 5725 1211 5795 Nicephoro
1246 5730 1586 5795 imperatore.

442 5792 467 5852 ς
499 5782 634 5852 Vide
665 5786 859 5841 Baron.
893 5793 962 5844 ad
991 5782 1124 5846 ann.
1157 5794 1264 5849 972
1289 5782 1345 5851 et
1364 5796 1484 5852 974.

377 5848 481 5969 97¢;
507 5849 767 5906 Fortasse
821 5857 927 5925 leg.
985 5863 1049 5911 de
1100 5848 1269 5917 δαινῇ
1299 5848 1713 5926 'Vide'Baron.
1762 5871 1831 5925 ad
1883 5883 2017 5925 ann.

1584 414 1941 470 ANASTASII
1978 414 2528 472 BIBLIOTHECARII

2034 539 2092 597 A
2189 536 2515 593 Bonifatius
2540 546 2562 571 α
2586 539 2817 593 natione
2846 537 3138 593 Romanus
3163 551 3231 594 ex
3259 542 3418 607 patre
3443 539 3766 607 Ferruccio,

3636 409 3772 470 4042

2115 609 2265 662 sedit
2306 623 2551 663 mensem
2587 624 2625 678 1,
2655 610 2780 664 dies
2810 623 2913 663 χιι.

2186 681 2528 735 Benedictus
2569 681 2801 736 natione
2833 682 3123 734 Romanus
3161 680 3467 750 episcopus
3496 680 3769 735 Sutrinus

2114 758 2348 805 vocatus
2373 766 2437 805 ex
2470 758 2625 819 patre
2655 752 2750 805 dd.
2781 752 2929 805 sedit
2959 764 3141 805 annos
3167 765 3268 805 v11.
3481 780 3493 791 -

2186 823 2472 876 Johannes
2516 825 2822 891 episcopus
2871 828 3041 877 natus
3094 824 3299 891 Papiae,
3348 823 3498 878 sedit
3549 835 3768 876 menses

2114 905 2241 957 VIII,
2267 907 2431 960 quem
2459 895 2566 947 iste
2588 896 3098 962 supranominatus
3125 892 3450 948 Bonifatius
3477 894 3765 948 Ferruccii

2117 962 2275 1018 filius
2317 978 2577 1018 reversus
2608 979 2639 1018 a
2687 965 3185 1032 Constantinopoli
3235 964 3333 1019 ubi
3386 963 3571 1019 fuerat
3606 977 3769 1018 com-

2116 1036 2420 1102 prehendit
2453 1036 2850 1103 supradictum
2887 1035 3201 1090 Johannem
3243 1048 3439 1104 papam
3481 1049 3550 1088 ac
3585 1035 3769 1103 depo-

2116 1106 2236 1159 suit
2264 1112 2319 1160 et
2353 1107 2409 1159 in
2440 1106 2738 1161 castellum
2770 1106 2823 1160 S.
2858 1105 3061 1175 Angeli
3097 1106 3155 1160 in
3186 1107 3450 1161 custodia
3483 1106 3685 1173 misit;
3713 1110 3770 1159 et

2117 1176 2197 1230 ibi
2225 1178 2519 1231 custodire
2556 1191 2683 1231 eum
2720 1177 2875 1243 fecit,
2914 1174 3113 1245 ibique
3146 1177 3482 1231 inﬁrmitate
3510 1185 3567 1231 et
3597 1174 3770 1230 famis

2116 1248 2311 1317 inopia
2344 1261 2442 1316 per
2483 1262 2537 1301 ιν
2570 1261 2790 1303 menses
2820 1248 3034 1303 acriter
3070 1248 3377 1314 sustinuit,
3409 1262 3473 1300 ac
3507 1254 3768 1317 mortuus

2111 1316 2229 1385 est,
2262 1325 2316 1373 et
2362 1325 2425 1373 ut
2465 1318 2648 1374 fertur
2692 1320 2921 1374 occisus
2968 1324 3072 1372 est.
3118 1317 3228 1386 Qui
3278 1319 3398 1387 ipse
3444 1316 3770 1373 Bonifatius

2113 1395 2240 1457 post
2286 1397 2517 1444 mortem
2562 1391 2689 1457 ejus
2737 1390 2888 1444 sedit
2934 1402 3153 1444 menses
3194 1404 3274 1458 χι,
3329 1389 3429 1458 qui
3468 1388 3770 1456 repentina

2114 1466 2291 1514 morte
2341 1461 2567 1515 interlit
2608 1469 2663 1515 et
2718 1462 2776 1514 in
2827 1466 3045 1515 tantum
3090 1474 3219 1514 eum
3260 1461 3394 1515 odio
3441 1459 3772 1513 habuerunt

2111 1533 2223 1593 sui,
2259 1537 2321 1586 ut
2362 1540 2487 1600 post
2522 1540 2757 1587 mortem
2791 1546 2919 1587 eum
2951 1532 3237 1595 cederent,
3278 1540 3332 1585 et
3373 1530 3592 1585 lanceis
3633 1528 3773 1583 vul-
3840 1555 3854 1565 τ

2111 1613 2394 1669 nerarent,
2441 1610 2614 1672 atque
2662 1617 2757 1670 per
2806 1604 2972 1671 pedes
3012 1603 3323 1662 traherent,
3374 1602 3589 1655 nudato
3629 1613 3772 1672 cor-7

2114 1688 2245 1741 pore
2287 1688 2470 1742 usque
2505 1670 2563 1728 ιη
2603 1670 2885 1741 campum,
2914 1681 3044 1727 ante
3084 1674 3369 1728 caballum
3397 1670 3769 1727 Constantini

2115 1748 2474 1811 projecerunt
2505 1755 2677 1814 atque
2715 1745 3088 1799 dimiserunt.
3136 1745 3240 1798 Ubi
3282 1757 3444 1797 mane
3475 1743 3774 1814 venientes

2107 1817 2304 1870 clerici
2333 1822 2390 1869 et
2419 1812 2676 1871 videntes
2716 1830 2844 1870 eum
2888 1818 2966 1869 ita
3000 1817 3250 1883 turpiter
3279 1821 3335 1868 et
3363 1815 3641 1869 dedecore
3666 1812 3773 1879 ja—

2025 1906 2073 1964 B
2106 1895 2344 1958 contem,
2375 1902 2583 1942 ctrsum
2614 1895 2670 1942 et
2699 1888 3043 1955 lanceatum,
3075 1887 3429 1955 collegerunt
3449 1891 3505 1938 et
3531 1884 3776 1951 sepelie-

2108 1965 2263 2013 runt.
3302 1993 3314 1997 -

2174 2031 2461 2084 Johannes
2494 2029 2726 2084 natione
2764 2031 3051 2084 Romanus
3085 2042 3153 2082 ex
3195 2034 3353 2097 patre
3384 2029 3566 2081 Leone
3595 2038 3776 2094 pres-

2106 2101 2302 2170 bytero
2349 2101 2419 2154 de
2462 2102 2694 2169 regione
2738 2100 2912 2154 Allias
2953 2099 3234 2166 Gallinas,
3281 2100 3432 2154 sedit
3474 2111 3655 2170 annos
3707 2110 3769 2161 χ,

2108 2169 2330 2225 menses
2368 2185 2469 2237 νιι,
2524 2173 2649 2227 dies
2693 2188 2748 2227 χ.
2794 2171 2816 2211 f
2846 2174 2953 2226 lste
2991 2185 3195 2234 exosos
3244 2171 3450 2225 habuit
3496 2169 3769 2224 clericos.

2107 2251 2338 2311 propter
2384 2243 2535 2312 quod
2587 2250 2643 2297 et
2700 2242 2898 2298 clerici
2954 2256 3081 2298 eum
3130 2243 3264 2297 odio
3317 2242 3659 2302 habuerunt,
3711 2245 3777 2291 et

2107 2316 2312 2368 merito
2353 2316 2492 2384 quia
2526 2315 2720 2369 omnia
2763 2328 2887 2385 qum
2932 2314 3138 2385 habere
3166 2321 3223 2369 et
3257 2312 3557 2383 acquirere
3596 2316 3774 2378 pote-

2106 2392 2213 2440 rat.
2251 2386 2589 2453 parentibus
2619 2387 2745 2440 suis
2775 2384 3187 2440 distribuebat.

2174 2452 2490 2523 Gregorius
2540 2457 2774 2511 natione
2829 2457 3163 2522 Sardorum,
3224 2469 3293 2511 ex
3349 2461 3507 2523 patre
3558 2452 3775 2507 Ottone

2104 2528 2255 2581 sedit
2284 2540 2417 2581 ann.
2455 2542 2493 2590 1,
2531 2540 2688 2581 mens
2718 2542 2768 2579 v.

2173 2599 2460 2652 Johannes
2501 2598 2736 2651 natione
2776 2597 3029 2660 Grzecus,
3074 2597 3225 2650 sedit
3262 2608 3397 2648 ann.
3441 2608 3499 2650 χ.
3540 2614 3587 2644 τ.
3624 2615 3690 2645 ω.
3726 2592 3769 2647 f.

2173 2669 2444 2723 Silvester
2466 2669 2698 2723 natione
2722 2669 3169 2736 Aquitaniorum
3191 2681 3263 2721 ex
3284 2672 3442 2735 patre
3468 2663 3773 2734 Agilberto

2104 2740 2253 2794 sedit
2279 2752 2462 2793 annos
2493 2753 2568 2801 ιν,
2603 2753 2847 2793 mensem
2887 2752 2926 2804 1,
2958 2738 3083 2792 dies
3114 2752 3187 2793 ιχ.

2171 2811 2456 2864 Johannes
2502 2811 2603 2879 qui
2651 2816 2887 2864 vocatur
2924 2810 3074 2875 Sico,
3111 2811 3342 2864 natione
3372 2810 3665 2862 Romanus
3696 2808 3773 2863 de

2103 2884 2335 2952 regione
2369 2881 2705 2939 Biberatica,
2741 2882 2892 2935 sedit
2920 2894 3092 2935 mens.
3129 2896 3181 2948 v,
3214 2882 3339 2936 dies
3360 2893 3493 2933 xxv.

2172 2954 2458 3007 Johannes
2489 2953 2590 3021 qui
2622 2960 2858 3006 vocatur
2902 2952 3173 3016 Fasanus,
3206 2953 3278 3007 de
3320 2952 3549 3020 regione
3587 2962 3765 3003 secus

2104 3032 2264 3093 porta
2298 3025 2554 3090 Metrovi,
2590 3024 2740 3077 sedit
2770 3036 2986 3077 annum
3023 3037 3061 3075 1.

2169 3096 2426 3165 Sergius,
2463 3095 2562 3161 qui
2603 3094 2936 3149 vocaturOs
2968 3094 3149 3163 porci,
3180 3094 3411 3148 natione
3444 3093 3759 3159 Romanus,

2101 3167 2250 3222 sedit
2279 3179 2460 3219 annos
2491 3179 2577 3227 ιιι,
2613 3166 2739 3219 dies
2768 3179 2861 3218 xv.

2029 3263 2077 3325 Ο
2136 3238 2513 3325 .Bened‘ictus
2555 3238 2786 3291 natione
2824 3237 3210 3325 Tusculanus,
3247 3248 3314 3289 ex
3347 3239 3508 3303 patre
3534 3233 3768 3303 Grego-

2101 3310 2190 3363 rio
2218 3310 2368 3363 sedit
2398 3321 2578 3362 annos
2608 3323 2684 3370 χι,
2723 3321 2943 3362 menses
2969 3322 3048 3373 χι,
3082 3309 3210 3361 dies
3240 3321 3355 3360 χχι.

2167 3381 2452 3434 Johannes
2492 3393 2798 3446 germanus
2837 3381 2962 3447 ejus
3004 3377 3180 3433 frater
3226 3376 3479 3431 Alberici
3524 3375 3767 3441 majoris

2101 3452 2252 3505 sedit
2279 3463 2461 3503 annos
2494 3464 2571 3515 1x,
2607 3464 2826 3504 menses
2859 3464 2935 3504 ιχ.

2174 3522 2516 3575 Benedictus
2549 3535 2723 3589 nepos
2756 3522 2989 3576 illorum
3018 3534 3086 3574 ex
3130 3526 3287 3589 patre
3317 3519 3590 3589 Alberico
3610 3516 3768 3570 sedit

2100 3606 2282 3647 annos
2314 3605 2432 3659 xlv,
2470 3588 2689 3646 menses
2733 3607 2807 3660 ιν,
2840 3600 2897 3646 et
2936 3588 3153 3659 ejectus
3184 3600 3269 3646 est
3298 3592 3368 3645 de
3401 3588 3765 3660 pontiﬁcatu.

2102 3673 2157 3719 et
2188 3657 2545 3717 constitutus
2576 3670 2663 3717 est
2704 3664 2761 3717 in
2800 3657 2940 3717 'sede
2969 3657 3303 3731 apostolica
3338 3657 3623 3714 Johannes
3648 3657 3770 3731 sa—

2102 3736 2387 3789 viniensis
2445 3735 2772 3803 episcopus,
2834 3736 2929 3790 cui
2997 3728 3314 3803 posuerunt
3383 3743 3585 3785 nomen
3641 3728 3773 3785 Sil—

2103 3814 2307 3862 vester.

2175 3879 2465 3943 Silvester,
2535 3875 2633 3946 qui
2697 3878 2983 3931 Johannes
3039 3874 3396 3930 Saviniensis
3447 3872 3771 3946 episcopus

2108 3950 2322 4016 injuste
2364 3944 2567 4002 tenuit
2599 3950 2925 4003 cathedram
2972 3947 3358 4014 pontiﬁcalem
3400 3944 3609 4016 diebus
3648 3954 3768 4004 LVI,

2105 4014 2424 4086 ett-jectus
2495 4020 2629 4093 inde
2692 4021 2998 4093 restitutus
3054 4026 3141 4071 est
3210 4015 3520 4084 praedictus
3566 4014 3775 4093 Bene—

2104 4084 2319 4158 dictus,
2362 4098 2418 4144 et
2457 4090 2646 4144 tenuit
2705 4090 3102 4158 pontiﬁcatum
3153 4099 3401 4141 mensem
3446 4099 3482 4145 1,
3524 4092 3581 4137 et
3640 4084 3775 4138 dies

2105 4176 2246 4287 “fit
2269 4232 2367 4286 ille
2394 4232 2516 4299 ipse
2542 4244 2669 4284 eum
2691 4229 2852 4284 dedit
2880 4227 3125 4283 Johanni
3157 4225 3607 4299 archicanonico
3628 4239 3780 4299 san-

2106 4306 2186 4358 cti
2212 4296 2492 4358 Johannis
2522 4303 2592 4357 ad
2620 4309 2837 4370 portam
2875 4300 3129 4354 Latinam
3164 4312 3269 4353 suo
3304 4297 3551 4370 patrino.
3583 4296 3779 4370 indie

2110 4376 2232 4429 Kal.
2262 4374 2392 4428 Mai.
2423 4374 2518 4428 cui
2550 4368 2865 4442 posuerunt
2893 4384 3095 4427 nomen
3121 4370 3456 4440 Gregorius.
3490 4368 3627 4421 Vide
3655 4368 3779 4420 Ba-

2110 4462 2230 4499 ron.
2264 4447 2338 4497 ad
2365 4462 2499 4497 ann.
2538 4442 2694 4499 4044.

2185 4519 2521 4585 Gregorius,
2555 4516 2657 4585 qui
2696 4520 2933 4570 vocatur
2974 4511 3308 4579 Gratianus,
3342 4512 3443 4581 qui
3475 4510 3777 4585 etiamte'

2116 4590 2247 4642 nuit
2275 4582 2670 4654 pontiﬁcatum
2702 4599 2884 4641 annos
2912 4599 2973 4651 ιι,
3007 4591 3061 4639 et
3091 4598 3310 4639 menses
3336 4598 3415 4651 γι,
3446 4590 3500 4636 et
3534 4595 3630 4650 per
3660 4582 3778 4635 im—

2125 4664 2227 4675 .—

2123 4700 2241 4755 prin
2273 4684 2533 4749 legaliter
2562 4684 2812 4753 perdidit
2841 4683 3027 4749 illum,
3059 4690 3114 4737 et
3144 4683 3357 4737 ductus
3381 4679 3678 4755 exiti‘titiab
3711 4694 3778 4734 eo

2121 4752 2499 4823 transalpinis
2525 4752 2803 4822 partibus.
2829 4756 2939 4808 Hoc
2961 4760 3039 4808 est
3066 4757 3124 4807 in
3142 4755 3380 4820 Synodo.
3412 4752 3546 4807 Vide
3572 4754 3776 4804 Baron.

2120 4830 2193 4881 αει
2224 4844 2430 4880 annum
2461 4826 2481 4881 ’1
2494 4825 2615 4881 046.

2191 4900 2448 4953 Clemens
2484 4899 2788 4969 benignus,
2818 4898 2918 4966 qui
2951 4902 3188 4951 vocatur
3215 4895 3514 4965 Sugerius,
3546 4894 3781 4969 natione

2121 4972 2429 5027 Saxonum,
2466 4965 2869 5024 sedit‘menses
2892 4984 2969 5037 ιχ,
3000 4969 3126 5023 dies
3154 4981 3253 5034 νιι,
3292 4965 3779 5034 ριίεηοιιιίιιιιιιιδα

2124 5058 2234 5111 que
2274 5042 2615 5095 Benedictus
2666 5042 2876 5095 iterum
2916 5048 3004 5095 est
3045 5040 3103 5093 in
3147 5038 3541 5111 pontiﬁcatum
3584 5050 3780 5111 rever-

2125 5107 2223 5168 sus
2247 5132 2258 5166 :
2283 5120 2340 5167 et
2364 5114 2549 5168 tenuit
2567 5127 2696 5167 eum
2727 5125 2947 5167 menses
2966 5125 3091 5169 νιιι.
3115 5111 3241 5164 dies
3266 5124 3341 5173 1x,
3369 5110 3423 5164 id
3447 5121 3533 5163 est
3551 5122 3584 5162 a
3610 5107 3781 5162 festi—

2124 5186 2300 5239 vitate
2346 5193 2677 5239 sanctorum
2728 5190 2980 5253 quatuor
3028 5183 3443 5237 Coronatorum
3491 5193 3675 5249 usque
3722 5179 3778 5230 in

2126 5254 2440 5310 festivitate
2469 5256 2525 5309 S.
2558 5255 2741 5310 Alexi.

2199 5330 2497 5391 Damasus,
2546 5329 2646 5395 qui
2693 5330 2933 5381 vocatur
2975 5326 3184 5393 Poppo,
3234 5324 3465 5378 natione
3512 5323 3779 5395 Noricus,

2129 5400 2276 5467 quod
2297 5398 2413 5453 alio
2433 5394 2708 5453 vocabulo
2728 5397 3025 5452 Baviarius
3040 5398 3283 5463 dicitur,
3309 5395 3458 5451 sedit
3473 5394 3600 5450 dies
3616 5406 3780 5455 χχιιι,

2128 5478 2183 5524 et
2208 5471 2453 5524 cessavit
2479 5471 2847 5538 episc0patus
2881 5481 3104 5523 menses
3134 5481 3212 5520 v1.

2198 5594 2220 5622 ο
2258 5588 2524 5640 Intrusus
2580 5590 2642 5639 ut
2692 5584 2843 5640 infra
2890 5585 2949 5639 in
2996 5584 3231 5638 Joanne.
3276 5584 3413 5639 Vide
3458 5583 3665 5638 Baron.
3714 5583 3781 5637 ad

2128 5671 2261 5713 ann.
2295 5656 2498 5711 985.61.
2527 5658 2595 5712 ad
2624 5655 2749 5722 992,
2787 5672 2910 5727 pag.
2937 5652 3063 5714 876,
3100 5655 3186 5709 lit.
3220 5657 3284 5709 D.

2204 5728 2531 5797 fTempest.
2581 5730 2639 5782 in
2684 5728 2795 5781 Vit.
2852 5730 3008 5782 Rom.
3056 5728 3241 5791 Pont.,
3295 5729 3557 5792 impress.
3603 5726 3785 5779 Romae.

2135 5798 2291 5854 4596.
2327 5796 2466 5854 Vide
2500 5801 2701 5855 Baron.
2737 5800 2805 5853 ad
2848 5813 2983 5853 ann.
3013 5796 3139 5865 992,
3178 5811 3250 5853 an
3286 5798 3436 5853 inter
3464 5797 3784 5852 calumnias

2131 5871 2391 5926 Gerberti
2426 5871 2505 5926 sit
2535 5870 2641 5925 hoc
2671 5869 3145 5925 enumerandum.
