3912 6452
324 413 465 472 4045

1559 409 1916 465 ANASTASII
1955 407 2501 468 BIBLIOTHECARII

3605 414 3754 476 4016

324 543 629 613 martyrem
667 549 886 613 vosque
917 548 1116 592 omnes
1131 534 1442 613 _s_acul_aris
1498 539 1748 613 postetas
1776 533 1973 613 subito
2007 534 2062 594 A
2092 533 2217 591 fuse
2233 536 2550 613 epistsli‘x‘i,
2585 539 2684 596 ubi
2708 539 2968 613 catalogo
2991 540 3375 598 Romanorum
3402 543 3752 613 pontiﬁcum

322 604 656 679 proruperit
701 604 844 670 (arte
888 620 1089 675 nempe
1131 606 1601 679 Novatianorum)
1642 620 1656 672 ;
1709 605 1860 679 unde
1903 604 1971 658 ad

321 678 758 735 confundendos
793 679 1114 744 hareticos,
1145 683 1201 732 et
1233 678 1620 732 retundendos
1651 678 1975 732 ostenderet

319 753 494 822 Deus.
524 765 649 822 qua
673 756 822 822 esset
853 747 1128 822 Ecclesia,
1161 748 1292 819 quis
1331 749 1630 822 episcOpos
1658 749 1783 817 ejus
1824 760 1977 802 unus

321 819 940 878 divina—ordinatione
976 819 1254 875 delectus.
1300 838 1325 867 υ
1373 820 1432 873 In
1487 819 1798 874 schismate
1844 830 1974 871 vero

321 893 754 948 Donatistarum
782 892 994 946 veritas
1020 889 1158 957 hac,
1181 896 1238 944 et
1265 889 1652 955 cataIOgorum
1677 889 1972 953 identitas,

323 969 380 1019 et
411 963 759 1018 universalis
801 963 1062 1017 Ecclesia
1096 961 1412 1030 persuasio,
1443 961 1514 1016 de
1542 961 1810 1017 cathedra
1839 971 1973 1019 una.

325 1034 436 1090 soli
472 1035 635 1090 Petro
685 1035 838 1091 data.
889 1033 1116 1102 origine
1161 1032 1481 1088 necessaria
1527 1031 1598 1086 ab
1648 1031 1976 1102 unoPetro

327 1106 712 1174 proveniente,
767 1101 1189 1173 spectatissime
1239 1103 1474 1172 probata
1506 1108 1604 1174 est
1653 1101 1727 1156 ab
1768 1101 1976 1174 Optato

331 1171 390 1232 in
436 1175 608 1232 libris
646 1171 926 1231 adversus
971 1171 1436 1230 Parmenianum.
1488 1173 1628 1228 Cum
1669 1171 1977 1228 catholicis

327 1247 741 1302 conveniebant
766 1247 1081 1301 Donatista
1105 1247 1162 1300 in
1189 1245 1369 1314 priori
1390 1258 1534 1300 vera
1570 1244 1835 1298 Ecclesia
1865 1242 1978 1314 do-

327 1324 402 1383 te,
463 1331 634 1388 quam
661 1318 930 1372 dicebant
964 1330 1091 1372 esse
1139 1313 1489 1388 cathedram,
1530 1316 1678 1388 Petri
1713 1333 1728 1380 ;
1763 1313 1980 1384 pariter

330 1390 390 1442 in
421 1387 759 1444 centinuata
793 1389 1158 1443 successione
1183 1387 1240 1441 in
1272 1387 1566 1454 cathedra,
1603 1387 1660 1440 in
1687 1399 1798 1455 qua
1826 1397 1980 1440 unus

326 1460 634 1528 episcopus
686 1460 899 1515 sedeat.
954 1459 1048 1514 Sic
1108 1458 1260 1512 enim
1323 1471 1391 1512 ex
1448 1463 1752 1526 utriusque
1803 1469 1977 1510 sensu

325 1533 590 1598 Uptatus,
622 1543 753 1586 eum
779 1531 850 1586 de
886 1531 1070 1598 prima
1117 1543 1261 1584 vera
1288 1528 1556 1584 Ecclesia
1575 1529 1743 1584 dote:
1776 1547 1802 1577 α
1827 1529 1979 1580 inter

325 1614 471 1670 quas
489 1601 760 1657 cathedra
780 1607 868 1656 est
897 1603 1098 1670 prima,
1135 1599 1234 1654 ubi
1259 1601 1374 1654 nisi
1407 1600 1622 1655 sederit
1647 1599 1974 1670 episcopus,

327 1665 602 1742 conjungi
626 1673 806 1728 altera
826 1665 934 1726 dos
953 1665 1344 1740 non'poterit.
1382 1688 1407 1718 ιο
1437 1670 1578 1740 (Lib.
1619 1665 1831 1742 tt,'pag.
1853 1665 1978 1736 34.)

322 1741 660 1798 Cathedram
694 1755 826 1798 vero
867 1756 991 1798 esse
1019 1755 1052 1798 a
1095 1745 1151 1797 S.
1203 1744 1366 1798 Petro
1398 1743 1585 1796 Roma
1615 1741 1973 1804 collocatam,

329 1815 390 1868 in
424 1828 532 1885 qua
559 1815 724 1870 solus
746 1815 980 1880 sederit,
1023 1819 1080 1869 et
1121 1814 1266 1885 hanc
1309 1825 1340 1868 a
1368 1811 1688 1868 Donatistis
1718 1810 1975 1885 ignorari

327 1883 457 1940 non
484 1899 666 1954 posse,
698 1885 900 1952 sicuti,
933 1891 986 1941 et
1018 1884 1439 1940 successionem
1466 1897 1496 1938 a
1546 1886 1705 1938 Petro
1734 1883 1974 1954 deriva—

323 1961 436 2026 tam
472 1953 552 2011 ita
572 1958 894 2026 expressit:
933 1979 960 2009 α
993 1956 1309 2011 Videndum
1334 1963 1440 2023 est,
1473 1956 1575 2025 qui
1603 1960 1662 2010 et
1689 1953 1795 2026 ubi
1819 1953 1978 2022 prior

323 2025 604 2100 cathedra
632 2025 893 2083 sederit:
937 2027 1508 2100 siignorasdisce:
1561 2027 1611 2081 si
1653 2025 1980 2100 nosti_eru—

325 2099 556 2154 besce...
591 2098 918 2170 ignorantia
965 2095 1092 2154 tibi'
1113 2097 1329 2154 ascribi
1371 2110 1482 2153 non
1509 2102 1765 2170 potest.»
1798 2095 1977 2170 Tanta

319 2176 442 2225 erat
473 2175 530 2226 et
562 2167 741 2227 unius
773 2171 1058 2226 cathedra
1097 2169 1270 2234 Petri,
1294 2176 1350 2224 et
1379 2167 1769 2225 successionis
1795 2167 1978 2220 conti-

319 2246 495 2296 nuata
541 2243 741 2312 series,
777 2250 847 2298 ut
891 2255 1000 2297 non
1043 2240 1400 2297 dubitaverit
1431 2240 1508 2294 ita
1540 2238 1976 2312 schismaticum

319 2312 684 2384 compellare.
723 2307 749 2364 ὰ
797 2313 982 2384 Igitur
1016 2325 1226 2383 negare
1263 2325 1374 2384 non
1404 2317 1586 2384 potes,
1621 2311 1772 2384 scire
1811 2315 1879 2384 te_
1915 2307 1976 2361 in

323 2378 468 2440 urbe
521 2385 696 2440 Roma
753 2378 915 2440 Petro
978 2378 1162 2452 primo
1214 2378 1541 2438 cathedram
1591 2378 1973 2452 episcopalem

317 2469 443 2511 esse
471 2455 760 2524 collatam,
805 2456 863 2510 in
891 2451 1006 2525 qua
1038 2455 1254 2510 sederit
1290 2454 1549 2525 omnium
1580 2451 1973 2525 apostolorum

314 2527 500 2597 Caput
548 2519 818 2581 Petrus"...
873 2519 930 2580 in
982 2539 1093 2595 qua
1135 2538 1258 2597 una
1291 2523 1574 2597 cathedra
1618 2519 1848 2597 :_unitas
1903 2519 1975 2574 ab

316 2592 590 2652 omnibus
609 2601 959 2664 servaretur,
986 2592 1056 2650 ne
1077 2596 1266 2650 cateri
1308 2593 1552 2663 apostoli
1582 2592 1696 2647 sibi
1726 2593 1974 2662 quisque

315 2667 708 2736 defenderent,
736 2673 802 2722 ut
821 2666 936 2735 jam
965 2666 1396 2733 schismaticus,
1414 2672 1472 2719 et
1491 2671 1768 2736 peccator
1791 2671 1970 2736 esset,

317 2738 421 2809 qui
448 2744 650 2793 contra
679 2733 1034 2809 singularem
1076 2736 1404 2809 cathedram
1449 2735 1686 2809 alteram
1708 2733 1974 2809 colloca-

318 2805 424 2864 ret.
480 2827 506 2858 ι»
552 2805 868 2864 Deinde'ex
915 2807 1099 2877 priori
1158 2808 1334 2862 unius
1377 2806 1661 2861 cathedra
1708 2805 1974 2859 Romana

316 2879 636 2938 constituta
705 2880 964 2946 veritate,
1019 2877 1318 2933 descendit
1382 2879 1452 2932 ad
1525 2883 1973 2945 perseverantem

317 2952 740 3008 successionem
795 2949 1226 3010 ostendendam,
1287 2960 1456 3018 quam
1497 2949 1664 3017 juxta
1716 2952 1974 3002 vetustos

317 3022 606 3094 catalogos
651 3023 736 3077 sic
767 3028 1040 3094 recenset.
1078 3039 1105 3072 α
1153 3021 1297 3094 Ergo
1326 3019 1595 3094 cathedra
1623 3019 1817 3094 unica,
1848 3031 1974 3088 qua

319 3102 409 3151 est
453 3090 639 3165 prima
667 3095 737 3148 de
767 3091 1024 3165 dotibus,
1044 3163 1051 3165 ἒ
1073 3090 1412 3165 εθόίιριιίοιξ
1435 3092 1672 3165 Petrus,
1707 3090 1802 3165 cui
1832 3104 1975 3165 suc-

317 3161 495 3222 cessit
535 3165 738 3232 Linus,
770 3182 795 3213 »
845 3163 1206 3234 reliquisque
1258 3161 1632 3234 pontiﬁcibus
1663 3161 1975 3232 assignatis

320 3247 504 3308 usque
541 3237 611 3292 ad
663 3235 962 3308 Siricium,
986 3233 1111 3305 quo
1141 3243 1390 3308 tempore
1421 3233 1807 3308 velitationem
1842 3247 1972 3308 cum

320 3303 715 3366 schismaticis
738 3303 1386 3379 agitabatfconcludit:
1424 3324 1450 3357 α
1491 3307 1631 3379 Cum
1660 3318 1773 3375 quo
1807 3303 1976 3360 nobis

321 3381 506 3438 totius
543 3379 704 3434 orbis
747 3375 1090 3434 commercio
1139 3375 1510 3432 formatarum
1556 3377 1613 3431 in
1655 3389 1770 3430 una
1813 3389 1978 3431 com-

323 3451 622 3507 munionis
656 3451 930 3505 societate
972 3447 1300 3504 concordat.
1333 3466 1358 3497 ιο
1399 3448 1711 3502 Donatista
1756 3448 1978 3516 priores

321 3524 582 3578 videntes
596 3522 740 3576 hanc
757 3520 916 3576 orbis
939 3522 1040 3575 toti
1054 3535 1120 3574 us
1137 3532 1494 3575 communem
1519 3520 1973 3588 persuasionem,

326 3608 398 3650 ne
421 3593 603 3663 priori
647 3593 780 3648 dote
835 3603 980 3647 vera
1008 3591 1278 3646 Ecclesia
1297 3591 1584 3646 cathedra
1609 3591 1894 3663 Romana,
1921 3596 1978 3644 et

325 3662 506 3722 unius
551 3663 808 3734 episcopi
853 3676 885 3717 a
919 3664 1080 3717 Petro
1121 3662 1724 3734 deductainecessaria
1753 3662 1980 3732 origine

325 3733 801 3792 sedentis'orbari
834 3735 1190 3796 viderentur,
1219 3733 1428 3788 exinde
1456 3733 1982 3788 comminiscuntur

327 3807 753 3877 phantasticum
785 3811 979 3874 caput,
1003 3811 1064 3877 et
1084 3806 1410 3877 Romanum
1435 3803 1730 3874 proprium
1748 3806 1980 3877 episco—

329 3873 488 3948 pum,
532 3877 682 3948 quod
737 3877 816 3932 ita
858 3873 919 3930 in
962 3876 1049 3931 eis
1094 3875 1335 3948 Opponit
1378 3874 1643 3948 Οιιιέιῐιιεἶ
1687 3895 1712 3925 α
1771 3873 1982 3928 Vestra

325 3946 611 4005 cathedra
637 3961 736 4002 vos
773 3948 1058 4018 originem
1101 3947 1340 4018 reddite,
1373 3946 1475 4016 qui
1503 3946 1684 4000 vultis
1726 3951 1980 4018 sanctam

325 3988 640 4076 i’i‘c‘éiéé'ﬁm
1067 3988 1686 4072 Sea“"e£"it&‘5e'ré"'€6§
1727 3988 1983 4071 ἷιιύιιιῖἐ

330 4092 508 4145 Roma
549 4095 764 4159 partem
803 4089 1059 4160 aliquam
1090 4089 1310 4160 dicitis.
1352 4089 1564 4160 Ramus
1589 4095 1673 4160 est
1694 4087 1878 4160 vestri
1901 4099 1984 4139 er-

328 4161 485 4218 roris
505 4157 809 4229 protensus
837 4157 918 4216 de
953 4159 1266 4227 mendacio,
1303 4170 1415 4213 non
1441 4159 1512 4214 de
1545 4159 1735 4229 radice
1765 4157 1986 4212 verita-

328 4233 432 4288 tis.
475 4228 734 4299 Denique
763 4231 814 4285 si
857 4229 1146 4286 Macrobio
1171 4230 1422 4290 dicatur,
1473 4228 1568 4283 ubi
1602 4229 1725 4284 illic
1767 4229 1980 4296 sedeat,

332 4301 596 4372 nunquid
633 4302 1029 4372 potestdicere
1065 4302 1123 4355 in
1159 4299 1427 4372 cathedra
1466 4299 1617 4354 Petri
1649 4300 1865 4368 ?quam
1896 4313 1984 4356 ne-

329 4374 454 4431 scio
480 4371 534 4428 Si
565 4373 649 4427 vel
691 4371 882 4428 oculis
908 4371 1086 4435 novit,
1115 4377 1172 4426 et
1207 4372 1276 4426 ad
1305 4371 1472 4439 cujus
1510 4372 1838 4426 memoriam
1870 4381 1984 4424 non

333 4445 556 4502 accedit
585 4443 750 4514 quasi
784 4441 1194 4498 schismaticus
1223 4440 1259 4514 ‘27
1281 4461 1305 4492 ››
1337 4441 1651 4497 Romanum
1683 4442 1836 4514 hunc
1865 4441 1988 4497 Do—

335 4513 682 4573 natistarum
751 4515 1082 4582 primatum,
1153 4513 1600 4582 cathedramque
1676 4513 1985 4568 Romanam

323 4587 542 4644 exinde
589 4585 912 4654 proscindit
942 4585 1080 4654 quia
1120 4597 1231 4640 non
1272 4598 1305 4639 a
1361 4583 1542 4651 Petro,
1580 4583 1675 4638 sed
1703 4597 1735 4638 a
1760 4583 1988 4637 Victore

333 4655 1240 4746 Gatrbiepsi,nquiechismate-iit
1271 4654 1464 4746 At‘Jrica
1492 4658 1735 4746 conﬂato
1761 4657 1986 4746 primus
2013 4687 2066 4746 ι)

336 4744 514 4787 ausus
537 4735 625 4786 est
663 4727 852 4784 Roma
892 4726 1236 4797 pestilentia
1261 4729 1446 4782 sedem
1481 4729 1781 4784 collocare.
1810 4728 1987 4784 Infert

340 4809 536 4877 itaque
582 4803 864 4875 Optatus:
905 4824 930 4856 α
981 4805 1128 4877 Ergo
1172 4811 1367 4877 restat,
1403 4808 1469 4877 ut
1512 4803 1766 4877 fateatur
1793 4808 1990 4860 socius

335 4875 524 4934 vester
556 4877 882 4933 Macrobius
911 4888 972 4931 se
999 4875 1080 4929 ibi
1113 4876 1326 4940 sedere,
1369 4875 1469 4930 ubi
1496 4875 1810 4945 aliquando
1841 4877 1994 4932 sedit

337 4949 673 5019 EncIOpius.
698 4949 770 5020 Si
802 4949 1012 5020 etipse
1040 4947 1357 5020 Enclopius
1402 4947 1586 5020 possit
1620 4947 1986 5020 interrogari,

339 5015 559 5076 diceret
587 5033 646 5075 se
670 5019 751 5074 ibi
788 5015 984 5076 sedere
1024 5017 1120 5072 ubi
1162 5025 1294 5074 ante
1326 5015 1477 5074 sedit
1507 5015 1994 5075 Bonifacius'Bei-

367 5093 582 5147 itanus.
617 5091 832 5147 Deinde
857 5092 905 5146 si
952 5095 1010 5146 et
1041 5091 1161 5158 ipse
1189 5091 1535 5160 interrogari
1561 5090 1864 5160 potuisset,
1892 5092 1994 5147 di-

341 5170 494 5218 ceret
517 5161 616 5217 ubi
640 5162 857 5232 sederit
875 5161 1072 5217 Victor
1105 5161 1444 5217 Garbiensis
1463 5177 1492 5215 a
1517 5165 1725 5216 vestris
1741 5165 1855 5232 jam
1876 5163 1994 5217 du—

338 5233 475 5288 dum
501 5233 572 5287 de
593 5231 784 5288 Africa
821 5233 890 5289 ad
938 5245 1148 5301 paucos
1169 5235 1446 5288 erraticos
1473 5233 1704 5288 missus.
1733 5231 1881 5302 Quid
1907 5240 1994 5288 est

343 5305 449 5359 hoc
469 5303 620 5374 quod
647 5317 776 5371 pars
795 5303 1070 5374 vestra‘in
1098 5316 1239 5372 urpe
1261 5303 1435 5358 Roma
1456 5305 1787 5374 episcOpum
1810 5305 1988 5360 civem

341 5371 551 5428 habere
576 5387 688 5430 non
715 5371 1114 5444 potuit?Quid
1149 5371 1400 5444 estquod
1428 5371 1532 5429 toti
1569 5371 1713 5439 Afri,
1743 5381 1798 5430 et
1828 5389 1994 5444 pere-

343 5445 495 5513 grini
521 5447 581 5500 in
607 5444 707 5498 illa
731 5443 962 5499 civitate
983 5444 1098 5498 sibi
1132 5447 1477 5500 successisse
1497 5455 1814 5501 noscuntur
1831 5443 1858 5492 Ψ
1879 5459 1990 5500 non

343 5522 578 5584 apparet
597 5517 768 5569 dolus
791 5513 820 5568 ‘i
837 5529 946 5569 non
976 5516 1131 5570 lictio
1153 5529 1278 5585 qua
1299 5525 1384 5571 est
1410 5523 1584 5570 mater
1614 5517 1946 5570 schismatis
1967 5515 1996 5570 ?

346 5585 564 5664 interea
593 5586 805 5664 _Victqr
847 5586 1206 5664 Garbiensis,
1243 5595 1307 5642 ut
1335 5587 1470 5664 hinc
1502 5587 1846 5664 mitteretur,
1882 5602 1992 5664 non

343 5651 477 5733 dice
493 5654 644 5734 lapi_s_
658 5656 730 5734 ad
755 5653 985 5734 iontem.
1009 5657 1144 5734 quia
1163 5669 1264 5712 nec
1283 5657 1469 5734 valuit
1483 5658 1788 5725 puritatem
1804 5659 1995 5734 catho-

368 5723 478 5802 iea.
507 5723 904 5802 multitudinis
933 5723 1282 5802 perturbare.
1319 5753 1342 5780 ι
1381 5723 1792 5802 Argumentum
1843 5729 1989 5802 idem

345 5789 572 5868 sapius
593 5788 912 5868 illustravit
933 5788 991 5848 Β.
1015 5797 1396 5868 Augustinus,
1432 5788 1528 5868 qui
1555 5813 1622 5852 ex
1650 5813 1758 5852 una
1789 5799 1991 5868 catheo

346 5856 475 5936 dra2
523 5863 581 5910 et
608 5861 1066 5936 successioneab
1099 5856 1229 5932 tino,
1262 5875 1319 5920 et
1361 5856 1484 5922 solo
1519 5871 1679 5922 Petro
1717 5865 1986 5936 deducta,

349 5926 778 5980 schismaticam
791 5926 1536 5991 Donatistarum’Ecclesiam
1550 5926 1988 6008 ostendit.Quod

2006 3300 2052 3358 Ο
2089 3318 2200 3359 non
2231 3300 2533 3361 cathedra.

2088 619 2334 674 expenso
2363 611 2564 666 addit:
2598 632 2623 661 α
2655 614 2715 666 ln
2749 611 2856 666 hoc
2878 613 3083 667 ordine
3103 611 3494 668 successionis
3540 615 3754 670 nullus

2085 679 2718 761 Denatistaepiscopus
2742 683 3048 761 invenitur
3071 685 3208 761 ;‘sed
3238 699 3305 739 ex
3326 691 3650 761 transverse
3673 700 3754 740 ex

2083 747 2634 825 Africaordinatum
2682 753 2978 820 miserant,
3019 747 3120 823 qui
3175 755 3376 824 paucis
3426 757 3756 825 prasidens

2084 819 2240 896 Afris
2291 822 2350 896 i_n
2393 823 2534 878 urbe
2565 825 2758 896 Romae
2789 819 3189 880 Montens'ium'
3211 826 3296 880 vel
3327 819 3753 896 Cuiupitarum

2087 891 2422 966 vocabulum
2461 895 2814 966 prepagavit.
2851 896 3077 966 ananti
3104 910 3240 952 vero
3270 891 3608 966 episcopum
3638 899 3755 952 Do-

2087 963 2384 1036 eatianum
2400 963 2713 1020 Romanum
2736 963 3020 1021 faciebant
3039 967 3260 1036 populi,
3277 963 3340 1022 ut
3357 972 3414 1023 in
3429 963 3755 1024 collatione

2084 1033 2520 1106 Carthaginensi
2571 1033 3056 1106 disputationemi
3081 1033 3389 1094 ineundam
3419 1040 3753 1094 detractare

2088 1103 2487 1179 cbniterentur
2515 1120 2581 1162 eo
2611 1103 2862 1172 absente,
2907 1104 3060 1164 sicut
3088 1109 3144 1163 in
3188 1109 3367 1179 gestis
3406 1111 3751 1166 collationis

2089 1174 2622 1248 legitur.lgnorare
2647 1179 2974 1234 cathedram
3006 1192 3174 1234 unam
3192 1174 3266 1234 'in
3314 1181 3591 1248 Ecclesia,
3633 1183 3751 1236 Pe—

2089 1247 2453 1328 trumcsclum
2486 1250 2773 1328 sedentem
2817 1263 2947 1328 cum
2977 1247 3748 1328 successionepontiiiCum,

2087 1318 2265 1372 sicuti
2283 1318 2529 1390 Optatus
2552 1320 2799 1386 dixerat,
2826 1321 3166 1390 ignorantia
3197 1318 3414 1377 ascribi
3437 1337 3546 1378 non
3578 1329 3753 1390 pote—

2091 1395 2194 1464 [ιιι.
2225 1390 2307 1464 Ita
2337 1389 2639 1464 Cornelius
2675 1391 2824 1464 apud
2856 1389 3069 1446 ’r.useb.
3102 1391 3203 1464 lib.
3247 1406 3310 1461 tt,
3357 1407 3481 1460 cap.
3527 1389 3598 1450 53
3637 1407 3753 1464 pag

2085 1455 2508 1532 244,7adversus
2527 1455 2906 1516 Novatianutn
2936 1476 3111 1532 agens
3133 1463 3192 1518 in
3215 1455 3460 1532 epistola
3488 1465 3556 1520 ad
3581 1455 3756 1519 Fabi:

2089 1543 2183 1583 um
2210 1531 2624 1586 Antiochenam
2645 1547 2713 1588 ex
2738 1547 2804 1587 eo
2820 1531 2993 1587 etiam
3011 1535 3199 1601 capite
3222 1531 3377 1589 reum
3407 1535 3754 1591 schismatis

2091 1601 2384 1676 traducit:
2436 1623 2462 1653 «
2509 1604 2655 1672 Ergo
2708 1604 2806 1658 ille
2839 1605 3130 1675 Evangelii
3177 1606 3386 1660 vindex
3439 1607 3755 1676 ignorabat

2090 1685 2165 1753 gn
2177 1685 2267 1753 um
2287 1675 2620 1753 episcopum
2635 1688 2758 1753 esse
2774 1684 3034 1753 oportere
3050 1676 3380 1753 itiEcclesia
3395 1675 3702 1753 catholica.
3717 1697 3748 1726 ››

2090 1743 2156 1795 Et
2183 1743 2241 1796 in
2273 1743 2450 1817 altera
2481 1747 2615 1800 data
2643 1743 2926 1815 Cypriano
2956 1765 2968 1800 :
3001 1767 3026 1796 α
3080 1749 3190 1802 Nec
3215 1749 3366 1801 enim
3399 1750 3753 1817 ignoramus

2090 1826 2267 1867 unum
2298 1815 2475 1889 Deum
2505 1830 2651 1887 esse,
2694 1829 2871 1872 unum
2923 1818 3218 1873 Christum
3254 1831 3376 1873 esse
3403 1815 3746 1889 Dominum,

2091 1897 2256 1952 quem
2307 1885 2555 1941 confessi
2606 1885 2826 1952 sumus,
2884 1902 3062 1944 unum
3119 1890 3400 1958 Spiritum
3453 1885 3750 1952 sanctum,

2008 1927 2062 1987 Β
2090 1927 2268 2008 unum
2301 1958 2635 2026 episcopum
2657 1959 2712 2014 in
2742 1930 3024 2014 catholica
3044 1927 3438 2016 Ecclesia.3sse
3453 1927 3750 2015 ιζ
3837 2013 3844 2024 ,

2085 2025 2213 2107 Mox
2243 2027 2312 2081 ad
2342 2025 2744 2107 remunostram
2778 2031 2866 2107 sic
2897 2031 2966 2107 in_
2988 2033 3320 2107 Novatianis
3351 2031 3592 2102 sugillat
3623 2033 3760 2100 opi-

2089 2101 2337 2172 nicnem,
2356 2101 2738 2172 auditumque
2762 2104 2832 2172 de
2855 2101 3083 2170 btcipiti
3118 2105 3305 2172 capite
3327 2101 3748 2158 commentum.

2089 2186 2115 2217 α
2159 2166 2304 2222 Dum
2335 2166 2668 2240 episcopum
2701 2171 2814 2227 sibi
2850 2166 3279 2235 constituitfet
3307 2182 3505 2228 contra
3536 2186 3756 2228 sacra—

2088 2245 2340 2320 meetum
2372 2242 2543 2320 semel
2562 2243 2856 2320 traditum
2883 2244 3096 2299 divina
3121 2245 3552 2320 dispositionis,
3575 2252 3632 2298 et
3653 2257 3757 2298 ca-

2086 2307 2317 2364 tholica
2363 2314 2610 2369 unitatis
2655 2313 3004 2378 adulterum,
3056 2321 3112 2369 et
3159 2307 3510 2371 contrarium
3540 2307 3757 2382 'caput

2085 2386 2246 2453 extra
2273 2383 2581 2440 Ecclesiam
2604 2383 2740 2439 fecit
2767 2402 2780 2438 :
2807 2386 2882 2439 Ea
2908 2390 3196 2440 communi
3223 2386 3480 2441 fidelium
3512 2399 3750 2453 persua-

2087 2451 2519 2526 sioneenutriti
2545 2456 2782 2510 Romani
2807 2457 2864 2510 in
2893 2457 3051 2510 circo
3069 2456 3348 2515 ludentes.
3378 2457 3486 2510 etsi
3512 2451 3575 2510 in
3597 2471 3751 2526 par—

2089 2523 2408 2604 tesdivisi,
2450 2540 2581 2604 cum
2629 2526 2891 2604 medi-ctum
2939 2527 3239 2604 imperiale
3289 2523 3754 2604 audirentfquo

2089 2596 2326 2663 utrique
2368 2597 2515 2664 parti
2544 2602 2646 2651 aut
2679 2596 2964 2662 Liberius,
2997 2604 3098 2650 aut
3127 2597 3285 2651 Felix
3320 2598 3576 2663 daretur,
3610 2611 3758 2652 con-

2087 2677 2227 2719 sona
2283 2679 2436 2735 voce,
2481 2666 2882 2722 simultatibus
2920 2667 3203 2735 depositis
3249 2681 3318 2722 ex
3357 2667 3751 2732 Theodoreto,

2084 2735 2234 2788 ilist.
2265 2737 2416 2791 Eccl.
2461 2736 2500 2790 l.
2534 2751 2594 2803 Il,
2640 2752 2688 2792 c.
2741 2735 2826 2806 l7,
2860 2739 3338 2793 conclamarunt:
3383 2739 3531 2791 Unus
3570 2741 3752 2800 Deus,

2082 2822 2227 2862 unus
2241 2807 2507 2872 Christus,
2523 2825 2666 2862 unus
2693 2811 2993 2878 episcIqus.
3023 2811 3120 2862 Exi
3134 2810 3238 2863 mle
3254 2810 3302 2863 si
3323 2809 3432 2864 alia
3453 2810 3753 2877 deessent,

2088 2878 2192 2931 hoc
2211 2892 2386 2932 unum
2415 2879 2708 2935 coliectori
2731 2879 2867 2934 libri
2893 2879 3248 2934 Pontiﬁcalis
3263 2879 3558 2949 debemus,
3587 2882 3751 2949 quod

2085 2953 2459 3020 reservaverit
2503 2951 2882 3006 Romanorum
2921 2951 3252 3020 pontiﬁcum
3306 2955 3536 3014 seriem,
3581 2964 3649 3005 ac
3687 2953 3753 3006 in

2083 3019 2354 3076 cathedra
2387 3023 2536 3076 Petri
2563 3019 2990 3078 succedentium
3025 3024 3425 3092 episcoporum
3454 3022 3750 3089 ordinem,

2085 3106 2212 3160 qua
2238 3093 2485 3160 priorem
2514 3107 2658 3149 vera
2691 3094 2955 3149 Ecclesia
2989 3095 3178 3149 dotem
3209 3093 3500 3148 exhibent.
3526 3094 3582 3148 Si
3610 3107 3753 3148 vero

2086 3164 2432 3233 quandoque
2473 3166 2661 3220 Patres
2693 3179 2824 3220 cum
2869 3167 3029 3220 Petro
3068 3167 3398 3220 societatem
3439 3164 3599 3219 Pauli
3631 3163 3754 3219 ad—

2085 3237 2250 3303 dunt,
2288 3235 2342 3288 id
2392 3235 2832 3306 intelligendum
2863 3237 2934 3291 de
2979 3237 3250 3291 societate
3285 3235 3748 3304 pradicationis,

2569 3311 2727 3376 Quod
2753 3309 2820 3361 ad
2833 3315 3106 3362 notarunt
3129 3307 3440 3362 Eutherius
3461 3307 3754 3360 Thianen-

2086 3379 2172 3431 sis
2191 3378 2954 3446 etHelladius'l‘harsiensis,
2972 3379 3117 3449 quia
3137 3379 3375 3433 Joannis
3396 3378 3750 3432 Antiocheni

2087 3449 2371 3504 sententia
2401 3449 2790 3518 depositionis
2821 3464 2877 3504 ιιι
2913 3451 3038 3518 ipso
3070 3450 3183 3504 lata
3224 3450 3296 3504 ob
3321 3449 3752 3504 contumaciam

2091 3522 2148 3574 in
2181 3521 2492 3575 schismate
2521 3521 2796 3576 adversus
2821 3530 3080 3576 sanctum
3112 3521 3388 3590 Cyrillum
3422 3522 3491 3575 ad
3519 3522 3751 3590 Sixtum

2087 3590 2460 3661 appellantes,
2491 3593 2568 3646 ita
2601 3593 2860 3648 scribunt
2896 3594 2953 3647 in
2975 3587 3252 3661 synodico
3270 3592 3518 3654 Cassin.,
3544 3605 3592 3645 e.
3621 3587 3748 3658 107,

2093 3658 2218 3733 pag.
2264 3658 2370 3716 240
2400 3682 2410 3715 ;
2447 3683 2473 3713 α
2503 3664 2818 3718 imitamini
2859 3672 2916 3718 et
2942 3658 3210 3734 magnum
3259 3663 3492 3732 pietatis
3527 3675 3754 3731 praco-

2093 3747 2238 3804 item,
2273 3734 2572 3790 oraculum
2597 3735 2792 3791 mundi
2827 3748 3030 3804 ;quem
3073 3748 3176 3790 nos
3203 3743 3267 3790 ut
3300 3736 3508 3803 pignus
3541 3734 3753 3788 habere

2091 3802 2518 3860 familiaritatis
2550 3813 2758 3861 nostra
2783 3802 2918 3875 erga
2949 3812 3192 3860 vestram
3223 3802 3516 3859 credimus
3537 3803 3757 3858 sancti-

2092 3881 2285 3930 tatem.
2316 3877 2474 3930 tlivis
2502 3879 2654 3932 enim
2687 3885 2880 3932 noster
2907 3878 3183 3943 existens,
3215 3889 3408 3930 errore
3437 3877 3615 3929 totius
3646 3888 3756 3929 or-

2092 3946 2184 4000 bis
2206 3948 2510 4017 exstincto,
2538 3949 2705 4004 illius
2721 3948 3052 4016 apostolica
3076 3947 3231 4001 sedis
3253 3945 3442 4017 factus
3459 3951 3546 4000 est
3569 3959 3758 4000 orna-

2094 4025 2370 4086 mentum,
2399 4025 2456 4074 et
2475 4032 2506 4074 a
2524 4019 2688 4074 beato
2713 4020 2875 4072 Petro
2895 4017 3155 4070 dextram
3178 4016 3476 4086 societatis
3504 4017 3751 4084 accepit,

2093 4099 2157 4144 ut
2197 4085 2497 4158 appareret
2537 4090 2608 4143 ab
2642 4091 2905 4156 utrisque
2935 4100 3150 4158 aquam
3181 4085 3758 4158 subtilitatemdog-

2093 4153 2299 4214 matam
2331 4160 2638 4215 custodiri.
2675 4177 2700 4208 »
2733 4153 2856 4226 Qu‘o
2899 4153 3070 4210 sensu
3104 4156 3368 4225 loquitur
3391 4153 3662 4210 Gelasius
3688 4153 3759 4212 in

2093 4244 2199 4286 suo
2237 4233 2308 4285 de
2331 4231 2518 4285 sacris
2546 4230 2716 4285 libris
2742 4230 2989 4296 decreto,
3023 4233 3079 4281 et
3107 4227 3209 4280 alii
3248 4228 3460 4280 Patres.

2163 4302 2558 4356 Antiochenus.
2593 4306 2636 4356 A
2672 4301 2849 4363 priori
2896 4299 3218 4353 Antiochia
3257 4299 3535 4360 sessione,
3571 4311 3753 4368 mora,

2093 4379 2150 4428 et
2164 4373 2496 4442 episcopatu
2514 4372 2954 4442 appellationem
2977 4369 3198 4442 habuit.
3217 4370 3394 4423 sicuti
3413 4370 3758 4442 Redemptor

2093 4439 2422 4498 Nazarenus
2459 4439 2656 4500 dic—tus
2701 4457 2734 4498 a
2773 4441 3137 4497 diuturniori
3186 4454 3363 4495 mora.
3403 4439 3752 4496 Antiocheni

2096 4515 2306 4569 exinde
2329 4516 2667 4582 patriarcha
2688 4513 3068 4583 episcOpalem
3088 4513 3372 4582 originem
3396 4525 3426 4565 a
3456 4513 3614 4583 Petro
3643 4511 3756 4583 de-

2097 4581 2466 4640 ducebantex
2491 4581 2810 4654 Fulgent’io,
2843 4581 2944 4638 lib.
2972 4598 2986 4636 ι
3012 4583 3082 4637 de
3102 4581 3262 4637 Trin.
3295 4601 3306 4637 :
3347 4603 3372 4634 «
3407 4583 3564 4637 illam
3586 4581 3752 4635 tidem

2098 4657 2266 4710 corde
2282 4656 2692 4710 sincerissima
2717 4657 2888 4710 menti
2912 4661 3024 4710 tua
3041 4667 3144 4708 nos
3161 4655 3305 4710 velle
3326 4661 3635 4720 notescere,
3659 4666 3756 4720 per

2099 4739 2267 4797 quam
2284 4727 2590 4794 justiﬁcati
2610 4733 2746 4782 sunt
2768 4727 3128 4796 patriarcha,
3152 4727 3457 4795 propheta,
3480 4728 3755 4794 apostoli.

2101 4810 2378 4870 martyres
2428 4801 2711 4870 coronati,
2761 4813 2926 4870 quam
2967 4800 3244 4854 hactenus
3291 4812 3388 4866 per
3419 4805 3600 4853 totum
3652 4814 3756 4854 or-

2101 4876 2224 4930 bem
2271 4881 2465 4928 sancta
2518 4879 2672 4927 tenet
2721 4871 2994 4926 Ecclesia.
3045 4870 3182 4938 Qua
3232 4883 3414 4938 usque
3455 4871 3607 4924 hunc
3659 4883 3757 4940 per

2101 4946 2533 5002 successionum
2589 4945 2794 4998 seriem
2856 4945 2914 4996 in
2971 4943 3240 4995 cathedra
3301 4941 3451 4994 Petri
3505 4943 3753 5010 apostoli

2102 5019 2311 5082 Roma,
2362 5016 2446 5072 vel
2495 5014 2836 5080 Antiochia,
2881 5015 2940 5068 in
2990 5012 3260 5067 cathedra
3303 5011 3476 5066 Marci
3507 5025 3754 5082 evange-

2104 5091 2343 5144 lista....
2373 5089 2445 5142 ab
2470 5087 2614 5156 ipsis
2639 5085 2930 5154 epiSt'Opis
2957 5084 3379 5156 praedicatur.»
3409 5083 3490 5156 Ex
3511 5098 3624 5152 qua
3648 5099 3757 5139 ses-

2103 5163 2266 5217 sione
2303 5153 2584 5225 civitatis,
2626 5153 2687 5212 et
2721 5153 3005 5211 cathedra
3036 5153 3434 5225 excellentiam
3461 5155 3757 5210 deducunt

2102 5234 2470 5302 Chcysostom
2481 5244 2546 5285 us
2575 5224 2633 5284 et
2651 5228 3041 5302 Theodoretus
3065 5224 3206 5302 :_ille
3225 5224 3362 5302 duﬁm
3388 5225 3447 5278 in
3468 5227 3521 5278 S.
3546 5227 3754 5296 Ignatii

2107 5294 2376 5372 martyris
2420 5301 2682 5372 encomlo
2714 5300 2832 5354 hac
2881 5297 3168 5372 adnectit:
3209 5315 3235 5347 ‹‹
3285 5294 3646 5372 Quanquam,
3701 5304 3758 5372 et

2106 5366 2392 5443 pracipua
2424 5373 2536 5426 Deo
2567 5371 2804 5443 hujusce
2847 5369 3107 5443 civitatis
3135 5380 3272 5443 cura
3304 5366 3438 5443 fuit,
3489 5367 3560 5443 id
3581 5369 3754 5436 quod,

2103 5437 2158 5498 et
2191 5460 2249 5499 re
2283 5437 2404 5512 ipsa
2440 5443 2602 5511 plene
2629 5437 2962 5496 declaravit.
2986 5438 3284 5508 Siquidem
3313 5439 3418 5512 toti
3440 5437 3565 5491 orbi
3587 5447 3757 5512 terra-

2108 5529 2231 5571 rum
2274 5509 2402 5570 eum
2440 5509 2615 5582 quem
2654 5511 2908 5582 prafecit
2942 5511 3198 5582 Petrum,
3231 5510 3325 5564 cui
3357 5509 3540 5582 claves
3591 5510 3753 5578 regni

2105 5589 2380 5642 calorum
2432 5580 2614 5648 dedit,
2654 5580 2830 5654 cujus
2873 5580 3122 5637 arbitrio
3167 5587 3224 5634 et
3255 5580 3524 5648 potestati
3551 5587 3756 5654 cuncta

2109 5659 2390 5726 permisit,
2425 5656 2577 5710 hunc
2602 5654 2681 5710 ibi
2709 5652 2878 5726 longo
2911 5654 3242 5726 temporej.t
3265 5659 3364 5704 (δή
3394 5652 3754 5726 commorari.

2101 5723 2478 5796 Quamobrem
2511 5728 2776 5781 universo
2798 5724 2928 5796 orbi
2961 5737 3029 5777 ex
3061 5725 3237 5777 altera
3269 5729 3425 5791 parte
3459 5723 3758 5796 respondet

2101 5794 2307 5852 civitas
2338 5804 2550 5853 nostra.
2597 5815 2622 5846 ι)
2673 5795 3066 5851 Theodoretus
3122 5809 3250 5846 vero
3310 5807 3438 5846 cum
3500 5794 3755 5847 Dioscuri

2100 5870 2381 5924 ambitum
2405 5869 2642 5935 videret,
2667 5881 2782 5937 quo
2807 5865 3117 5937 primatum
3140 5867 3197 5937 in
3221 5866 3458 5937 Oriente
3483 5862 3596 5937 sibi
3617 5864 3753 5937 vinu

2100 5939 2349 6008 dicabat,
2376 5941 2457 5994 ita
2477 5934 2768 6005 Flaviano,
2791 5934 2962 6007 epist.
2990 5934 3077 6004 l4,
3104 5936 3291 6004 primo
3323 5934 3532 5989 scribit
3565 5952 3577 5987 :
3609 5954 3633 5984 α
3659 5935 3758 5988 ilic
