3912 6398
151 411 291 469 4017

1049 412 1375 469 HISTORIA
1412 415 1503 470 DE
1540 415 1652 471 VIT
1654 415 1714 469 IS
1752 413 1919 470 ROM.
1966 413 2165 469 PONT.
2192 444 2266 454 ——-
2292 416 2348 469 S.
2394 414 2671 469 PETRUS.

3467 413 3606 472 4018

148 536 1437 607 veroDioseorusAlexandrinuslegibusistis
1456 536 1823 606 acquiescere
1856 537 1914 596 A
1936 534 2111 591 liores
2142 537 2268 605 ipso
2301 536 2662 605 exsti'Prant,
2711 536 3039 606 instituere,
3081 550 3238 593 nova:
3266 541 3456 592 autem
3493 536 3605 591 do-

149 620 261 661 non
293 608 439 676 vult,
469 608 563 663 sed
626 621 881 674 rursum,
910 622 975 663 ac
1019 608 1288 662 deorsum
1325 607 1476 663 beati
1514 607 1687 661 Marci
1725 619 1822 661 se«

143 678 275 733 dem
302 680 577 746 ostendit,
604 679 777 748 idque
811 693 940 734 cum
976 678 1202 749 liquido
1237 679 1525 746 intelligat
1560 690 1820 748 magnam

145 749 443 804 civitatem
492 750 902 805 Antiochenam
948 751 1137 820 magni
1170 751 1322 804 Petri
1368 750 1557 805 sedem
1594 750 1819 813 habere,

146 821 247 889 qui
272 820 425 875 beati
446 822 618 876 Marci
643 820 913 891 magister
936 828 1078 887 erat,
1121 820 1402 891 chorique
1431 820 1821 891 apostolorum

150 891 422 961 princeps
451 898 507 946 et
536 894 893 961 coryphaeus.
916 893 1123 946 Verum
1168 905 1273 947 nos
1303 892 1459 947 sedis
1484 890 1826 945 sublimita—

146 968 255 1016 tem
290 964 583 1030 novimus,
615 976 717 1017 nos
746 964 902 1032 ipsos
930 976 1060 1017 vero
1103 970 1158 1017 et
1179 962 1601 1030 cognoscimus,
1635 968 1690 1016 et
1719 974 1824 1015 me-

144 1033 347 1087 timur.
372 1053 398 1082 »
430 1033 553 1101 Quo
605 1048 778 1088 sensu
804 1033 1211 1089 lnnocentiusl
1237 1034 1477 1101 scripsit
1499 1032 1823 1087 Alexandro

143 1104 527 1171 Antiocheno,
573 1106 673 1174 qui
717 1105 786 1159 ad
842 1105 1057 1159 monita
1093 1105 1386 1173 pontificia
1428 1103 1817 1174 Chrysostomi

144 1187 379 1229 causam
414 1175 683 1230 tuendam
712 1181 1076 1244 susceperat:
1107 1195 1132 1226 «
1166 1175 1522 1230 Antiochena
1567 1173 1824 1228 Ecclesia

146 1244 306 1299 velut
334 1246 617 1301 Germana
641 1248 908 1301 Romanae
936 1245 1207 1301 Ecclesia:
1225 1249 1325 1301 diu
1355 1246 1427 1300 ab
1458 1245 1649 1300 eadem
1687 1245 1824 1299 alie-

150 1328 277 1370 nam
311 1330 373 1371 se
397 1330 521 1372 esse
574 1331 740 1386 passa
783 1331 896 1372 non
940 1324 1044 1372 est.
1082 1319 1219 1371 Nam
1256 1317 1451 1371 missis
1487 1315 1693 1386 legatis
1743 1316 1823 1369 ita

148 1401 337 1455 pacem
397 1387 713 1457 postulavit
749 1394 805 1442 et
838 1389 1068 1455 meruit,
1105 1396 1168 1443 ut
1196 1389 1434 1444 Joannis
1460 1392 1670 1442 sancta:
1701 1399 1823 1440 me-

154 1458 352 1513 morie
401 1459 486 1513 vel
541 1460 806 1525 clericos,
856 1461 943 1515 vel
1000 1459 1179 1515 laicos
1214 1461 1272 1514 in
1318 1472 1495 1513 unum
1527 1457 1826 1527 colligeret

148 1532 324 1598 atque
350 1540 743 1601 congregaret.
775 1550 801 1579 υ

212 1617 405 1672 Linea:
448 1615 501 1673 3.
552 1649 621 1657 -—
670 1621 770 1673 Hic
814 1620 1008 1673 Petrus
1051 1620 1330 1685 ingressus
1382 1620 1442 1670 in
1480 1617 1666 1670 urbem
1710 1618 1824 1670 Ro-

141 1704 308 1740 mam.
374 1687 579 1743 Gravis
658 1698 857 1744 exorta
902 1697 989 1744 est
1058 1690 1404 1759 disceptatio
1459 1689 1529 1742 de
1573 1688 1821 1741 adventu

143 1762 204 1811 S.
240 1760 393 1814 Petri
428 1761 485 1813 in
521 1760 746 1829 Urbem,
777 1768 833 1815 et
863 1761 934 1816 de
954 1775 1125 1819 anno.
1161 1760 1337 1816 sicuti
1377 1760 1572 1819 etiam,
1596 1770 1670 1812 an
1702 1772 1818 1829 ull-

142 1841 317 1895 quam
350 1833 407 1885 in
437 1831 584 1886 Urbe
608 1827 804 1886 fuerit.
839 1832 1179 1888 Heterodoxi
1208 1837 1339 1885 ante
1368 1829 1650 1885 Lactantii
1689 1827 1816 1882 vul-

136 1907 341 2022 gatum
368 1903 713 1970 opusculum
732 1903 803 1957 de
826 1903 1110 1957 mortibus
1136 1908 1563 1971 persecutorum
1589 1912 1819 1962 prorue-
1850 1910 1902 1970 Β

176 1978 282 2022 ant
314 1972 374 2022 in
419 1973 749 2022 oninionem
782 1977 1123 2022 negativam.
1154 1988 1218 2022 at:
1268 1973 1539 2022 fictitium
1572 1971 1720 2022 Petri
1757 1970 1819 2022 in

176 1978 282 2043 ant
314 1972 374 2026 in
419 1973 750 2038 Opinionem
782 1970 1218 2043 negativam,’ac
1268 1973 1539 2027 fictitium
1572 1971 1720 2025 Petri
1757 1970 1819 2043 in

136 2041 350 2096 Urbem
381 2044 689 2099 adventum
752 2040 1208 2112 propugnabant.
1258 2046 1463 2098 Verum
1509 2048 1637 2110 post
1682 2040 1821 2095 vul—

137 2117 338 2180 gatum
371 2128 399 2167 a
435 2114 672 2168 Balusio
729 2115 1013 2168 Lactantii
1067 2114 1367 2169 laudatum
1400 2128 1548 2182 opus
1580 2112 1813 2166 nonnisi

138 2183 370 2239 insulse
394 2184 532 2239 huic
566 2185 794 2239 veritati
825 2183 1100 2255 refragari
1134 2193 1395 2253 possunt,
1418 2198 1519 2238 nec
1557 2184 1769 2238 audent
1796 2200 1808 2234 :

133 2268 271 2307 cum
304 2257 641 2310 Lactantius
661 2256 745 2309 uti
763 2258 833 2311 de
851 2269 910 2310 re
935 2256 1309 2311 testatissima
1334 2256 1634 2324 loquatur;
1664 2268 1819 2309 cum-

134 2339 249 2396 que
280 2333 342 2380 et
371 2325 625 2394 suscepti
656 2327 849 2394 operis
878 2332 1303 2396 argumentum,
1333 2333 1388 2380 et
1417 2325 1816 2396 impensusla-

134 2342 249 2393 que
280 2342 342 2380 et
371 2342 625 2394 suscepti
656 2342 849 2394 operis
878 2342 944 2381 ar
987 2342 1303 2396 amentum,
1333 2342 1388 2380 et
1417 2342 1710 2394 impensus
1742 2342 1813 2378 ia-

133 2395 241 2450 bor
272 2396 330 2451 id
365 2404 560 2464 aperte
589 2398 910 2452 insinuent.
943 2342 1276 2453 Eactantius
1304 2398 1458 2452 enim
1498 2410 1645 2465 opus
1670 2395 1813 2450 illud

135 2479 383 2549 exarare
416 2467 617 2531 voluit,
653 2468 1032 2549 Constantino
1054 2469 1257 2549 Magno
1287 2475 1597 2549 annuente,
1626 2468 1692 2520 ad
1729 2479 1821 2520 no.

135 2534 388 2592 biliores
413 2551 625 2607 agones
650 2541 1026 2593 recensendos
1047 2553 1114 2593 ex
1150 2534 1512 2593 immanitate
1546 2534 1821 2606 persecu—

142 2616 339 2663 torum
367 2609 801 2676 imperatorum,
831 2617 886 2663 et
914 2609 1116 2665 horum
1153 2610 1543 2664 miserandum
1573 2611 1816 2675 exitum,

138 2686 204 2733 ut
251 2680 386 2733 inde
432 2678 779 2734 Christiana:
832 2680 1137 2750 religionis
1160 2681 1456 2734 veritatem
1484 2688 1710 2733 erueret
1748 2691 1819 2733 ex

145 2750 454 2819 reportalis
484 2751 801 2819 triumphis
841 2758 898 2805 et
937 2760 1309 2821 tyrannorum
1348 2751 1816 2821 persequentium

140 2835 329 2891 plena.
356 2822 720 2876 Constantini
754 2835 858 2890 ope
891 2820 1121 2891 publica
1157 2822 1568 2877 commentaria
1612 2820 1820 2874 invisit

138 2900 196 2948 et
231 2892 624 2961 perlustravit,
655 2894 865 2948 exinde
884 2907 1012 2948 cum
1036 2895 1106 2948 de
1130 2894 1280 2948 Petri
1311 2899 1365 2947 et
1388 2891 1550 2947 Pauli
1578 2891 1636 2945 in
1670 2891 1819 2944 Urbe

142 2977 324 3031 mora,
358 2964 691 3019 et'Neronis
720 2965 778 3018 iu
823 2964 982 3033 ipsos
1022 2966 1423 3033 persecutione
1467 2968 1729 3028 testetur,
1762 2968 1820 3016 et

141 3034 753 3107 quidemichristiana:
781 3036 1092 3107 religionis
1123 3040 1420 3090 veritatem
1449 3041 1815 3107 ostensurus,

140 3103 190 3160 si
224 3108 310 3160 uti
364 3106 435 3161 de
484 3119 544 3160 re
591 3103 922 3161 certissima
949 3107 1224 3176 loquatur
1269 3108 1339 3161 de
1369 3105 1517 3160 Petri
1549 3113 1606 3159 et
1654 3103 1815 3158 Pauli

142 3177 424 3246 martyrio
459 3195 471 3230 :
522 3182 579 3231 et
623 3178 1003 3233 multitudine
1030 3178 1493 3233 Christianorum
1530 3190 1628 3244 per
1658 3176 1816 3244 ipsos

141 3261 577 3339 Enni-remorum,
642 3249 705 3331 in_
752 3256 1044 3339 posterum
1088 3263 1201 3304 rem
1258 3249 1714 3339 testatissimam
1755 3248 1814 3339 in
1843 3273 1893 3339 Ο

140 3318 282 3395 dubi
297 3335 327 3373 u
341 3333 390 3373 ιιι
408 3332 673 3395 revocare
691 3321 1121 3395 ineptissimum
1135 3320 1485 3374 censebitur.
1512 3318 1817 3372 Exstitisse

144 3391 264 3444 haec
308 3391 620 3459 martyrum
656 3391 763 3446 sub
794 3394 1014 3446 Nerone
1038 3392 1512 3459 interemptorum
1536 3400 1817 3444 commen-

140 3462 293 3516 taria
316 3467 472 3516 certo
503 3463 783 3530 supponit
828 3462 1224 3517 Tertullianus
1254 3476 1303 3516 e.
1333 3460 1384 3516 5.
1438 3462 1573 3530 dum
1606 3464 1663 3513 et
1695 3461 1817 3527 ipse

142 3535 200 3587 in
217 3529 597 3602 Apologetico
613 3529 1067 3602 disputationem
1087 3533 1338 3600 suscipit
1355 3529 1814 3602 etdefensionem

141 3601 477 3673 religionis,
505 3618 636 3658 cum
685 3601 771 3659 sic
820 3612 1014 3676 gentes
1059 3603 1406 3672 compellat:
1450 3601 1818 3676 «Consulite

139 3675 592 3730 commentarios
620 3673 859 3731 vestros.
896 3675 1022 3730 lllic
1063 3675 1363 3745 reperietis
1409 3673 1656 3742 primum
1701 3673 1818 3725 Ne—

1931 607 2133 661 ctrinae
2166 608 2535 677 patrocinari.
2574 625 2600 656 n

2004 680 2364 745 Euangelium
2410 680 2604 731 Marci.
2648 678 2727 731 De
2779 677 2952 732 istius
2981 678 3112 733 rodi
3169 678 3606 734 confirmatione

1887 798 1893 803 .
1936 748 2198 819 loquitur
2233 749 2514 804 Eusebius
2560 749 2596 803 l.
2637 762 2700 816 ll,
2734 762 2763 803 c
2840 746 2925 812 45,
2959 763 3025 803 ex
3074 750 3420 804 auctoritate
3470 748 3606 803 Cle—

1938 821 2146 874 mentis
2200 822 2353 876 Rom.
2421 826 2479 875 et
2546 820 2945 890 Alexandrini,
2995 826 3050 874 et
3092 821 3298 890 Papiae,
3351 820 3488 875 dum
3534 820 3605 874 de

1935 891 2245 961 Evangelio
2292 892 2490 946 Marci.
2526 910 2552 942 ‹‹
2590 889 2749 958 Quod
2795 905 2926 945 cum
2977 889 3183 946 Petrus
3226 905 3324 960 per
3382 890 3606 945 revela—

1934 961 2148 1016 tionem
2188 962 2445 1029 Spiritus
2483 963 2668 1017 sancti
2717 962 3101 1032 cognovisset,
3152 962 3472 1017 delectatus
3502 975 3605 1015 ar-

1931 1032 2089 1087 denti
2128 1034 2424 1088 hominum
2453 1034 2653 1089 studio
2679 1031 2891 1088 librum
2922 1033 3088 1088 illum
3121 1034 3468 1088 auctoritate
3498 1045 3604 1087 sua

1932 1105 2332 1175 comprobasse
2356 1105 2597 1173 dicitur,
2623 1103 2981 1175 utdeinceps
3007 1104 3066 1158 in
3095 1104 3346 1159 Ecclesia
3379 1103 3602 1175 legere-

1935 1183 2048 1228 tur.
2082 1173 2349 1230 Refertur
2378 1176 2433 1230 id
2466 1188 2497 1229 a
2525 1175 2812 1229 Clemente
2861 1174 2920 1229 in
2948 1190 3002 1229 γι
3035 1173 3475 1230 lnstitutionum
3520 1173 3603 1228 li-

1932 1244 2055 1300 bro.
2086 1245 2192 1299 Cui
2243 1245 2408 1300 testis
2438 1245 2611 1300 etiam
2637 1246 2860 1300 accedit
2890 1246 3092 1314 Papias
3131 1244 3603 1316 Hierapolitanus

1930 1329 2258 1384 episcopus.
2288 1335 2314 1364 ››

2006 1388 2176 1441 Linea
2219 1385 2274 1441 8.
2334 1417 2409 1427 -—
2466 1388 2851 1440 Testimonium
2913 1387 3054 1453 ejus.
3124 1388 3221 1441 huc
3297 1392 3377 1441 est
3430 1388 3597 1453 Petri,

1932 1460 2153 1525 ﬁrmata
2177 1463 2325 1511 sunt.
2365 1458 2689 1528 Legendum
2725 1472 2855 1512 cum
2891 1458 3030 1512 aliis
3073 1459 3239 1513 codd.
3273 1459 3594 1528 testimonio.

1934 1530 2129 1598 Neque
2179 1529 2234 1583 id
2289 1542 2582 1597 perperam
2623 1529 2866 1593 dictum,
2904 1528 3041 1583 dum
3077 1529 3251 1598 hujus
3277 1527 3598 1583 testimonii

1933 1598 2182 1654 exhibiti
2219 1600 2526 1655 induhium
2560 1604 2758 1654 testem
2812 1599 3085 1655 habemus
3113 1599 3166 1654 S.
3199 1599 3461 1665 Paulum,
3497 1598 3598 1668 qui

1931 1682 1961 1723 a
1997 1669 2161 1725 falsis
2213 1668 2496 1725 fratribus
2524 1677 2847 1739 accusatus,
2882 1677 2938 1726 et
2976 1672 3208 1740 quidem
3240 1684 3309 1726 ex
3347 1670 3603 1739 Spiritus

1930 1742 2112 1795 sancti
2148 1742 2495 1797 revelatione
2527 1741 2971 1812 Hierosolymam
3003 1743 3172 1803 adiit,
3232 1748 3297 1796 ut
3340 1742 3602 1812 Evange—

1931 1811 2076 1866 lium
2098 1814 2271 1867 etiam
2299 1826 2428 1867 cum
2454 1814 2616 1867 Petro
2644 1810 2949 1882 conferret,
2977 1819 3042 1867 ut
3088 1812 3296 1868 scribit
3324 1813 3393 1868 ad
3420 1810 3601 1865 Gala-

1930 1890 2017 1936 tas
2039 1897 2085 1937 c.
2139 1898 2176 1938 ιι
2209 1901 2222 1938 :
2277 1883 2520 1937 Ascendi
2553 1888 2734 1937 autem
2766 1885 3066 1938 secundum
3111 1885 3515 1951 reuelationem,
3548 1886 3599 1936 et

1927 1954 2135 2007 contuli
2171 1970 2292 2008 cum
2308 1957 2444 2023 ipsis
2476 1955 2857 2026 Evangelium.
2894 1956 2971 2010 De
3002 1969 3114 2026 qua
3138 1955 3446 2026 collatione
3482 1953 3599 2026 hinc

1928 2026 2097 2079 Leoni
2124 2028 2325 2095 Magno
2351 2025 2964 2081 scribitTheodoretas
2992 2023 3163 2096 epist.
3192 2023 3313 2094 453,
3350 2030 3478 2093 post
3506 2024 3599 2078 la-

1929 2096 2210 2151 trocinale
2245 2096 2591 2165 Ephesinum
2617 2096 2876 2152 Dioscori
2906 2098 3211 2167 tyrannide
3234 2110 3543 2166 oppressus
3566 2107 3598 2149 a

1931 2167 2200 2239 pontiﬁce
2246 2167 2543 2239 suppetias
2587 2168 2824 2239 exigens
2881 2186 2894 2222 :
2950 2196 2973 2219 ii
3035 2169 3094 2224 Si
3148 2167 3362 2223 Paulus
3414 2178 3597 2236 praeco

1927 2238 2229 2311 veritatis,
2262 2238 2399 2294 tuba
2438 2238 2701 2308 Spiritus
2733 2239 2918 2311 sancti
2969 2240 3035 2294 ad
3070 2240 3336 2311 Magnum
3369 2239 3593 2292 Petrum

1928 2322 1990 2363 se
2014 2310 2284 2375 contulit,
2321 2319 2384 2365 ut
2418 2312 2494 2365 iis
2527 2314 2624 2380 qui
2654 2310 2976 2365 Antiochiae
3003 2311 3073 2366 de
3104 2310 3274 2379 legali
3305 2320 3591 2380 conversa-

1931 2381 2089 2435 tione
2131 2380 2518 2451 ambigebant,
2546 2378 3018 2450 explicationem
3051 2382 3122 2436 ab
3162 2378 3265 2436 illo
3312 2378 3591 2451 referret:

1933 2452 2115 2523 multo
2150 2454 2330 2523 magis
2366 2465 2468 2507 nos
2494 2452 2764 2507 humiles.
2791 2460 2848 2507 et
2875 2452 3075 2521 pusilli
3117 2453 3187 2507 ad
3219 2450 3596 2523 apostolicam

1931 2522 2121 2576 sedem
2155 2522 2399 2578 vestram
2425 2537 2806 2585 accurrimus,
2862 2530 2926 2578 ut
2956 2523 3339 2578 Ecclesiarum
3376 2522 3601 2576 ulceri—

1930 2591 2039 2662 bus
2064 2595 2377 2649 remedium
2410 2608 2442 2650 a
2473 2594 2638 2650 vobis
2680 2594 3059 2662 accipiamus.
3095 2612 3121 2643 »
3149 2594 3284 2662 Quae
3315 2593 3527 2648 Paulus
3565 2604 3598 2646 a

1929 2660 2097 2734 falsis
2128 2661 2409 2720 fratribus
2460 2671 2728 2733 expertus
2782 2660 2951 2734 juxta
3002 2660 3407 2719 revelationem
3456 2663 3596 2733 egit,

1932 2732 2285 2804 perfecitque
2309 2732 3036 2803 Petrus,’similisoccasio
3065 2749 3132 2790 ex
3163 2732 3596 2791 Judaizantium

1931 2805 2152 2861 malitia
2189 2806 2378 2875 potuit
2407 2807 2625 2872 adesse,
2670 2807 2896 2861 Petrum
2934 2807 3283 2877 compellens
3307 2806 3376 2860 ad
3408 2804 3599 2877 decla;

1929 2877 2171 2949 randum
2205 2891 2331 2946 quae
2361 2884 2551 2949 essent
2599 2878 2909 2949 Evangelia
2940 2875 3281 2949 retinenda,
3335 2877 3473 2949 dum
3508 2875 3597 2930 illi

1928 2946 2211 3017 legitimis
2229 2948 2555 3004 exsufflatis
2577 2946 2784 3004 novum
2813 2948 3230 3011 conﬂuxerant,
3256 2946 3404 3019 quod
3421 2948 3600 3000 Euan-

1925 3021 2128 3085 gelium
2188 3023 2485 3073 secundum
2555 3023 2807 3075 Hebraeos
2863 3020 3231 3089 appellabant
3276 3037 3292 3087 ;
3340 3020 3412 3074 de
3486 3030 3601 3086 quo

1930 3090 2005 3143 ita
2060 3091 2346 3147 Eusebius
2402 3092 2503 3146 lib.
2566 3106 2648 3155 ιιι,
2710 3106 2760 3147 c.
2818 3087 3102 3155 27,”dum
3134 3092 3206 3146 de
3228 3089 3599 3146 .ludaizanti-

1928 3160 2082 3216 bus:
2133 3182 2158 3211 α
2197 3164 2359 3218 [θεῖε
2401 3163 2823 3218 observantiam
2876 3161 2991 3217 sibi
3041 3163 3278 3217 omnino
3327 3173 3599 3216 necessa-

1929 3179 2082 3216 uus:
2133 3182 2158 3211 α
2197 3179 2261 3217 Le
2308 3179 2359 3217 IS
2401 3179 2823 3218 onservanuam
2876 3179 2991 3217 sm:
3041 3179 3278 3217 omnino
3327 3179 3598 3216 necessa-

1929 3234 2073 3286 riam
2123 3179 2479 3288 duceigiant...
2508 3234 2593 3288 lbi
2625 3232 2905 3303 epistolas
2948 3234 3184 3302 quidem
3220 3231 3381 3286 Pauli
3426 3244 3598 3300 pror-

1927 3318 2029 3358 sus
2079 3304 2428 3372 rejiciendas
2476 3318 2601 3359 esse
2658 3304 3038 3359 censebant...
3080 3304 3268 3358 solum
3325 3302 3591 3372 Evange-

1928 3374 2070 3429 lium
2100 3375 2268 3438 illud,
2294 3376 2443 3444 quod
2464 3375 2779 3429 secundum
2799 3374 3300 3429 Hebraeosdicitur
3318 3372 3593 3444 amplexi,

1928 3446 2151 3514 reliqua
2188 3442 2353 3514 parvi
2373 3442 2678 3500 faciebant.
2713 3462 2739 3493 ι)
2788 3446 2869 3497 Ex
2893 3444 3325 3500 Judaizantium
3355 3442 3412 3496 in
3437 3443 3595 3514 Pau-

1927 3511 2203 3571 lum—odio
2229 3513 2546 3585 profectum
2583 3528 2728 3584 reor,
2755 3521 2820 3570 ut
2848 3516 3075 3585 idems.
3114 3515 3317 3568 Petrus
3337 3511 3594 3585 scripse-

1930 3587 2007 3640 rit
2053 3588 2109 3640 in
2144 3583 2247 3641 sua
2277 3588 2528 3641 secunda
2567 3585 2809 3654 epistola
2844 3599 2930 3652 ιιι,
2963 3583 3030 3641 15
3074 3603 3086 3639 :
3145 3585 3298 3639 Sicut
3326 3584 3597 3637 charissi-

1924 3673 2045 3710 mus
2075 3660 2254 3724 frater
2308 3664 2491 3710 noster
2544 3658 2745 3710 Paulus
2793 3657 3092 3711 secundum
3131 3656 3321 3709 datam
3365 3655 3471 3708 sibi
3494 3671 3596 3708 sa—

144 3727 354 3801 tanta
381 3727 619 3800 irruat...
644 3727 856 3801 tanta
889 3727 1013 3801 {cui
1045 3727 1299 3801 animi
1323 3727 1509 3799 uoinae
1535 3746 1813 3797 orientem
1920 3731 2034 3796 rivi

2000 3731 2190 3782 Iuliam
2239 3731 2459 3801 scripsit
2488 3729 2661 3791 uobis,
2713 3731 2855 3801 sicut
2880 3734 2931 3781 et
2959 3730 3020 3780 in
3059 3727 3311 3801 omnibus
3349 3727 3593 3801 epistolis

138 3818 463 3872 ctesariano
492 3817 685 3887 gladio
713 3817 1006 3873 ferocisse.
1032 3818 1139 3872 Sed
1169 3817 1271 3872 tali
1303 3816 1635 3871 dedicatore
1663 3813 1819 3868 dam~

143 3889 406 3943 nationis
438 3895 645 3943 nostrae
670 3891 844 3944 etiam
875 3890 1223 3961 gloriamur.
1267 3907 1292 3937 ι)

214 3978 393 4031 Linea
424 3973 478 4030 4.
522 4007 592 4015 ——
634 3978 829 4045 Ibique
881 3978 1024 4031 sedit
1075 3977 1390 4031 cathedram
1448 3977 1819 4044 episcopatus.

142 4049 469 4138 Legenilum
497 4047 621 4138 cog.
649 4049 1096 4138 litichathedra;
1130 4049 1554 4138 Cori-responde:
1594 4052 1817 4138 marty—

144 4120 433 4189 rOIOgium
461 4134 530 4172 xv
560 4119 685 4174 Kal.
713 4118 867 4176 Feb.
897 4120 1159 4173 cathedra
1191 4121 1253 4175 S.
1294 4120 1458 4183 Petri,
1493 4118 1555 4170 id
1582 4123 1658 4170 est
1689 4119 1816 4185 epi-

142 4196 421 4258 scopatus.
451 4190 775 4260 Cyprianus
803 4192 1035 4260 pariter.
1070 4192 1170 4260 qui
1208 4192 1375 4259 juxta
1423 4195 1683 4244 vetustos
1708 4202 1813 4242 co-

140 4263 306 4316 dices
337 4262 403 4314 de
433 4266 642 4315 unitate
663 4263 1008 4331 opusculum
1036 4264 1414 4330 inscripserat
1438 4281 1448 4314 :
1474 4263 1550 4313 De
1569 4261 1815 4325 singula-

142 4336 311 4386 ritate
348 4333 641 4398 cathedrae,
674 4335 744 4389 de
789 4348 901 4404 qua
945 4334 1094 4388 inter
1134 4338 1332 4388 caetera
1368 4332 1576 4404 habet,
1619 4350 1645 4380 «
1682 4332 1815 4384 Pri-

146 4413 339 4458 matus
372 4406 534 4459 Petro
582 4405 774 4472 datur,
813 4403 875 4459 nt
909 4419 1021 4459 una
1063 4404 1281 4459 Christi
1315 4403 1588 4467 Ecclesia,
1621 4407 1675 4456 et
1710 4414 1815 4455 ca-

146 4476 351 4530 thedra
386 4489 497 4529 una
532 4482 902 4531 monstretur.
948 4493 974 4525 ››
1002 4475 1126 4544 Quo
1166 4489 1338 4531 sensu
1371 4475 1546 4529 etiam
1575 4473 1814 4540 scripsit

145 4547 317 4615 epist.
350 4544 414 4601 51
456 4564 468 4599 :
507 4566 533 4598 α
565 4548 712 4601 Petri
754 4547 1104 4607 cathedram,
1138 4553 1195 4602 et
1219 4546 1529 4600 Ecclesiam
1586 4545 1811 4612 princi-

150 4618 356 4685 palem,
391 4618 543 4672 unde
573 4619 768 4673 unitas
798 4618 1175 4674 sacerdotalis
1191 4624 1388 4673 exorta
1414 4624 1519 4671 est.
1547 4634 1573 4664 »
1601 4617 1815 4671 Conci-

148 4691 237 4742 nit
258 4692 508 4757 Uptatus
536 4708 548 4742 :
581 4710 605 4738 α
637 4690 789 4745 Βοιιο
818 4690 1064 4745 unitatis
1086 4689 1288 4744 beatus
1308 4691 1527 4749 Petrus,
1551 4688 1648 4742 cui
1673 4687 1817 4741 satis

146 4767 289 4826 erat,
324 4761 375 4813 si
404 4769 701 4831 postquam
738 4762 983 4831 negavit,
1013 4761 1195 4815 solam
1226 4760 1448 4815 veniam
1492 4772 1818 4831 conseque-

148 4838 312 4886 retur
350 4850 364 4883 :
390 4839 447 4886 et
468 4830 726 4901 prieferri
754 4830 1036 4901 apostolis
1058 4830 1329 4887 omnibus
1352 4832 1583 4897 meruit,
1615 4838 1672 4884 et
1692 4830 1821 4901 cla-

147 4916 243 4957 ves
285 4900 805 4973 regni’cmlorum’
831 4904 1337 4958 communicandas
1380 4901 1627 4971 caeteris,
1660 4900 1822 4955 solus

154 4974 397 5040 accepit.
433 4993 460 5022 n

223 5084 399 5138 Linea
429 5081 480 5137 6.
518 5112 589 5121 —
644 5081 773 5147 Quae
821 5082 1103 5136 catholica
1158 5082 1538 5134 nominantur.
1593 5078 1825 5137 Titulus

151 5156 370 5225 scripto
392 5154 573 5208 alicui
597 5154 849 5208 traditus
872 5153 1180 5209 denotabat
1204 5152 1586 5225 dogmaticam
1614 5158 1825 5225 aucto:

154 5222 444 5281 ritativam
513 5225 966 5280 institutionem.
1014 5225 1159 5279 Hinc
1213 5222 1424 5278 saeculo
1476 5222 1821 5291 proximiori

150 5296 485 5351 Themision
528 5309 671 5369 nova
729 5296 1197 5369 cataphrigarum
1232 5294 1443 5369 placita
1476 5307 1819 5369 proponens,

151 5369 454 5437 epistolam
483 5366 690 5435 edidit,
745 5374 802 5422 et
852 5365 1152 5421 catholica-
1200 5367 1374 5421 titulo
1408 5365 1715 5436 insignivit
1752 5379 1821 5420 ex

151 5439 468 5508 Apollonio
541 5438 777 5493 hirresis
836 5438 1091 5507 ejusdem
1145 5437 1357 5492 celebri
1401 5443 1816 5508 epipugnatore,

151 5514 286 5565 dum
326 5510 446 5564 hzec
472 5509 855 5579 scribitapud
888 5510 1086 5563 Euseb.
1126 5509 1229 5564 lib.
1280 5523 1330 5574 v,
1378 5523 1425 5562 c.
1465 5507 1570 5579 18;
1609 5528 1634 5557 «
1666 5508 1819 5561 The-

154 5583 364 5635 mision
395 5581 658 5648 speciosa
682 5577 927 5634 avaritia
958 5580 1273 5646 obvelatus,
1306 5580 1404 5650 qui
1432 5577 1817 5634 confessionis

153 5655 381 5717 signum
420 5665 533 5705 non
570 5651 831 5720 pertulit,
862 5652 957 5704 sed
994 5664 1193 5721 magna
1226 5650 1484 5720 pecuniae
1509 5651 1562 5704 vi
1585 5656 1816 5718 erOgata

152 5724 385 5778 vincula
438 5722 646 5789 ahjecit
679 5739 691 5775 :
727 5735 857 5776 eum
914 5722 985 5775 ob
1041 5736 1160 5776 eam
1207 5735 1434 5775 causam
1498 5723 1815 5775 modestius

152 5796 444 5863 deinceps,
493 5800 550 5847 et
603 5791 959 5847 submissius
1017 5806 1183 5863 agere
1240 5792 1489 5858 deberet,
1542 5798 1813 5862 tanquam

159 5862 373 5935 martyr
417 5878 543 5919 sese
593 5862 855 5935 efferens,
879 5862 1075 5935 ausus
1115 5870 1203 5918 est
1239 5863 1498 5935 exemplo
1526 5863 1811 5935 Apostoli,

154 5932 485 6005 conscripta
514 5934 761 6003 epistola
781 5932 1089 6002 catholica,
1113 5947 1213 5989 eos
1250 5933 1505 6006 quidem,
1548 5933 1646 6005 qui
1673 5933 1811 5989 fide-

1929 3801 2153 3867 loquens
2183 3802 2241 3853 in
2280 3803 2355 3853 eis
2387 3800 2453 3853 de
2503 3801 2608 3865 his,
2642 3802 2701 3851 in
2740 3800 2937 3869 quibus
2973 3804 3100 3852 sunt
3149 3798 3403 3866 quaedam
3433 3797 3596 3865 difﬁ—

1927 3872 2057 3923 cilia
2098 3871 2396 3937 intellectu,
2431 3887 2554 3939 quae
2581 3871 2792 3923 indocti
2843 3875 2892 3923 et
2928 3870 3215 3923 instabiles
3264 3869 3592 3937 deprauant,

1925 3945 2069 3995 sicut
2113 3947 2163 3996 et
2191 3949 2415 3996 cateruis
2459 3943 2799 4011 Scripturas,
2840 3942 2916 3994 ad
2941 3957 3098 3995 suam
3128 3944 3371 4011 ipsorum
3391 3941 3598 4011 perdi—

1925 4017 2141 4067 tionem.

1997 4085 2170 4139 Linea
2216 4081 2272 4138 9.
2300 4113 2370 4122 —
2416 4086 2632 4138 Latine.
2664 4083 2803 4139 Cum
2859 4083 3028 4140 Libro
3069 4082 3388 4139 Pontificali
3447 4086 3595 4139 con-

1924 4156 2165 4211 cordant
2220 4156 2448 4225 Syriaca
2521 4162 2578 4210 et
2642 4155 2884 4211 Arabica
2954 4155 3249 4226 Evangelii
3306 4155 3363 4209 5.
3417 4154 3592 4226 Marci

1924 4230 2238 4297 versiones,
2269 4241 2396 4296 quae
2429 4227 2488 4282 in
2538 4233 2700 4284 textu
2747 4226 2956 4281 habent
2984 4226 3043 4281 in
3077 4225 3189 4282 fine
3219 4225 3593 4295 Evangelium

1924 4300 2125 4354 Latine
2146 4299 2428 4366 scriptum
2459 4313 2490 4353 a
2523 4307 2724 4354 sancto
2751 4300 2955 4353 Marco.

1995 4370 2169 4426 Linea
2198 4364 2283 4423 ll;
2330 4400 2406 4409 —
2449 4370 2511 4424 In
2551 4370 2746 4438 templo
2790 4370 3091 4438 Apollinis.
3121 4369 3471 4439 Ignorantur
3500 4364 3594 4421 lo—

1923 4455 2027 4496 cus
2052 4450 2107 4496 et
2138 4441 2364 4497 occasio
2390 4441 2586 4510 templi
2626 4441 2801 4509 hujus
2834 4441 2891 4495 in
2922 4438 3196 4496 Vaticano
3224 4438 3297 4492 ab
3332 4439 3594 4510 Romanae

1923 4512 2299 4582 antiquitatis
2341 4508 2748 4581 scriptoribus.
2786 4513 2991 4568 Verum
3035 4525 3165 4568 cum
3188 4510 3384 4582 circus
3408 4508 3592 4582 Nero-

1926 4580 2138 4639 nianus
2194 4586 2252 4638 in
2298 4580 2573 4639 Vaticano
2624 4584 3005 4652 admittatur;
3058 4595 3185 4638 cum
3215 4595 3276 4636 ex
3326 4580 3591 4652 Suet._in

1853 4657 2057 4724 DNer.
2107 4670 2158 4710 c.
2190 4653 2260 4710 53
2303 4662 2459 4711 certo
2505 4662 2748 4721 constet,
2810 4657 2961 4726 quod
2997 4650 3392 4726 destinaverat
3430 4650 3594 4703 etiam

1929 4729 2027 4796 qui
2070 4728 2385 4796 Apollinem
2435 4732 2601 4781 cantu
2671 4723 2845 4780 solem“
2891 4725 3205 4793 aurigando
3245 4723 3594 4796 aequiparare

1931 4792 2380 4862 existimaretur;
2407 4811 2656 4868 cumque
2675 4800 2743 4853 ad
2764 4799 2906 4853 circi
2937 4792 3152 4852 vicinia
3177 4792 3431 4868 Apollini
3458 4799 3593 4847 temo

1935 4870 2025 4936 pla
2072 4870 2501 4936 dedicarentur,
2558 4863 2712 4925 sicut
2753 4869 2824 4924 de
2871 4868 3156 4923 Flaminio
3205 4863 3473 4933 refertur,
3529 4870 3591 4919 ut

1928 4940 2179 4995 victores
2208 4947 2336 4995 vota
2365 4941 2477 4994 Deo
2503 4940 2894 5007 persolverent
2925 4958 2941 5007 ;
2967 4943 3190 5008 poterat
3222 4938 3280 4991 in
3317 4936 3591 5008 Vaticano

1932 5024 2132 5080 campo
2164 5024 2290 5065 esse
2315 5009 2606 5080 Apollinis
2648 5011 2946 5079 templum,
2971 5007 3131 5079 quod
3182 5007 3484 5080 exstitisse
3534 5010 3591 5080 et

1934 5077 2136 5147 hic,’et
2161 5082 2303 5137 alibi
2332 5077 2670 5136 afﬁrmatur.
2722 5077 2942 5137 Deinde
2962 5077 3119 5136 certo
3150 5080 3234 5135 ibi
3275 5077 3588 5133 Neroniani

1935 5154 2086 5209 horti
2120 5153 2441 5218 exstabant,
2478 5151 2891 5223 piaculumque
2923 5151 3303 5223 reputabatur
3335 5149 3453 5223 haec
3476 5162 3589 5223 ex-

1934 5231 2158 5280 struere
2197 5224 2325 5278 sine
2350 5219 2514 5293 sacra
2545 5219 2813 5292 aedicula,
2860 5228 2924 5278 ut
2948 5219 3185 5293 apparet
3224 5234 3293 5276 ex
3343 5219 3589 5289 Apuleio

1934 5295 1993 5350 in
2022 5293 2184 5364 Apol.
2214 5308 2339 5364 pag.
2364 5291 2488 5362 496,
2524 5295 2624 5363 qui
2653 5294 2745 5349 sui
2776 5291 3092 5349 adversarii
3120 5305 3306 5350 mores
3325 5304 3585 5364 carpens,

1934 5363 2087 5421 inter
2121 5363 2237 5421 alia
2281 5365 2520 5420 scribit:
2561 5387 2585 5417 (ι
2630 5367 2741 5420 Iste
2785 5378 2916 5421 vero
2957 5378 3059 5420 nec
3088 5365 3207 5420 diis
3242 5363 3584 5429 rurationis,

1931 5438 2032 5508 qui
2059 5450 2185 5492 eum
2215 5441 2560 5509 pascunt,iet
2585 5436 2860 5502 vestiunt,
2895 5437 3106 5509 segetis
3128 5435 3280 5509 ullas
3298 5441 3400 5509 aut
3426 5434 3584 5509 vitis,

1929 5503 2029 5564 aut
2056 5503 2245 5581 gregis
2279 5508 2569 5581 primitias
2596 5511 2891 5579 impertit;
2929 5503 3159 5562 n'ullum
3194 5508 3252 5561 in
3295 5503 3434 5559 villa
3461 5504 3588 5573 ejus

1926 5578 2256 5648 delubrum,
2307 5578 2505 5633 nullus
2549 5579 2729 5644 locus,
2778 5587 2879 5635 aut
2935 5581 3102 5633 lucus
3133 5581 3583 5634 consecratus.»

1929 5653 2166 5718 Insuper
2187 5651 2372 5719 liquet
2391 5663 2458 5705 ex
2484 5650 2797 5705 Censorino
2827 5650 2897 5705 de
2924 5650 3022 5705 die
3066 5649 3266 5719 natali,
3315 5648 3418 5718 qui
3448 5649 3583 5701 dum

1923 5724 1994 5777 de
2032 5722 2259 5794 origine
2285 5722 2626 5794 templorum
2652 5721 2773 5792 agit
2816 5721 2935 5776 haec
2987 5719 3242 5794 profert;
3277 5738 3303 5771 α
3337 5720 3403 5774 Et
3456 5731 3583 5773 cum

1925 5808 2094 5863 agros
2117 5792 2290 5864 atque
2325 5792 2494 5848 urbes
2524 5794 2760 5848 deorum
2796 5806 3031 5848 munere
3053 5793 3434 5864 possiderent,
3468 5803 3588 5857 par-

1924 5873 2033 5922 tem
2059 5862 2361 5936 quamdam
2399 5864 2651 5936 templis,
2681 5864 3047 5935 sacellisque,
3071 5864 3170 5919 ubi
3197 5877 3295 5920 eos
3310 5862 3583 5936 colerent,

1920 5934 2202 6003 dicavere,
2237 5954 2262 5985 ο
2292 5937 2371 5991 Ex
2396 5935 2489 5991 his
2515 5937 2711 6005 itaque
2742 5934 3141 5993 deducendum
3173 5942 3281 6003 est,
3305 5934 3581 5987 Neronem
