3912 6398
237 417 242 423 -
325 379 466 441 4019

323 577 638 632 dedicasse.

395 645 568 700 Linea
597 641 654 698 Η
671 685 684 698 .
709 675 779 684 --
813 646 983 698 Juxta
1008 645 1284 712 palatium
1301 643 1676 696 Neronianum
1703 642 1785 712 in_
1807 639 1976 712 Vati-

325 732 479 770 cano.
511 717 591 770 De
617 714 832 785 palatio
859 709 1104 769 Neronis
1122 715 1180 768 in
1206 714 1482 768 Vaticano
1505 713 1685 768 altum
1715 709 1973 785 silentim

323 787 476 856 apud
509 781 825 856 scriptores
860 786 1105 840 Neronis
1127 789 1283 856 gesta
1307 791 1628 856 narrantes.
1657 782 1815 838 Horti
1849 781 1978 850 qui-

323 854 452 912 dem
481 857 561 912 ibi
593 854 788 933 erant,
810 855 911 911 ubi
946 855 1216 933 immanis
1243 855 1414 933 prior
1437 854 1750 933 illaiiomae
1772 861 1976 933 marty-

325 943 452 983 rum
493 934 620 983 acta
672 922 925 990 laniena,
971 927 1042 981 de
1098 939 1212 994 qua
1260 925 1498 980 Tacitus
1545 925 1650 980 lib.
1704 939 1776 980 xv
1805 922 1974 977 Urbis

325 999 660 1054 incendium
671 999 1087 1066 Neronisjussu
1101 1001 1616 1064 perpetratumcom
1629 1007 1970 1058 memorans,

326 1069 445 1124 haec
457 1069 646 1124 addit:
671 1089 697 1120 «
716 1071 860 1138 Ergo
872 1067 1152 1123 abolendo
1165 1068 1386 1122 rumori
1402 1068 1546 1138 Nero
1560 1066 1824 1138 subdidit
1849 1077 1975 1138 reos

320 1149 380 1194 et
426 1136 862 1210 quaesitissimis
915 1139 1311 1210 pcenis,_quos
1351 1150 1448 1210 per
1479 1137 1700 1210 ﬂagitia
1753 1136 1974 1210 invisos

323 1205 534 1281 vulgus
559 1205 929 1266 Christianos
967 1205 1238 1281 appellat.
1287 1207 1477 1262 Primo
1509 1205 1698 1281 igitur
1721 1205 1973 1281 correpti

325 1276 788 1352 qui'fatebantur,
817 1276 1282 1352 deindeindicio
1299 1291 1498 1352 eorum
1536 1276 1848 1352 multitudo
1876 1276 1978 1352 in-

325 1345 466 1424 gens
479 1352 628 1408 haud
651 1345 887 1421 perinde
906 1351 962 1424 in
982 1347 1520 1424 crimineincendii,
1537 1361 1706 1416 quam
1723 1347 1858 1424 _o_dio
1877 1345 1978 1424 hu-

326 1417 480 1478 mani
510 1417 736 1494 generis
780 1421 1029 1494 convicti
1059 1425 1215 1474 sunt.
1254 1421 1327 1494 _Et
1371 1418 1856 1494 praetereuntibus
1883 1417 1978 1472 ad-

321 1493 444 1548 dita
470 1489 747 1576 ludibria,
767 1499 832 1576 ut
850 1493 1105 1576 ferarum
1117 1489 1607 1576 tergis’coniecti,
1624 1489 1978 1576 ianiatupa:

326 1578 462 1620 num
488 1559 933 1628 interirent,aut
949 1559 1417 1627 crucibus’aﬁixi,
1441 1559 1976 1620 autinﬁammandi,

323 1644 498 1705 atque
535 1635 633 1692 ubi
660 1634 1176 1705 defuissetdiesin
1209 1645 1378 1687 usum
1415 1630 1979 1705 nocturni_luminis

324 1701 646 1762 urerentur.
681 1710 886 1762 Hortos
909 1719 1046 1760 suos
1065 1704 1117 1759 ei
1141 1702 1469 1773 spectaculo
1495 1704 1642 1757 Nero
1667 1701 1976 1769 obtulerat,

322 1785 382 1834 et
401 1779 658 1833 circense
679 1777 968 1833 ludicrum
989 1775 1190 1830 edebat
1207 1773 1408 1828 habitu
1431 1773 1650 1844 auriga:
1669 1773 1980 1844 permistus

1282 453 1293 462 ἰ
1574 378 1895 435 ANATASII
1931 375 2473 434 BIBLIOTHECARII

328 505 388 560 in
406 504 534 560 suis
545 503 732 560 hortis
747 499 1073 570 aediculam,
1093 501 1217 556 sive
1231 499 1405 556 etiam
1421 503 1531 556 tem
1541 498 1698 569 plum
1715 495 1972 568 Apollini
1999 495 2060 554 A

3603 376 3740 436 σθω

2719 494 3090 552 BLANCHINI

2598 615 2754 659 NOTAE
2781 615 3224 658 CERONOLOGICE.

2154 707 2414 784 Se_rvabo_
2431 706 2578 784 hanc
2611 708 2940 784 methodum
2966 709 3118 784 me_is_
3141 710 3200 784 in
3225 710 3381 766 notis
3411 710 3742 784 afferendis,

2086 786 2152 834 ut
2179 779 2618 848 chronologicas
2641 781 3004 848 praemittam,
3027 781 3240 836 deinde
3285 789 3532 838 attexam
3567 779 3748 840 histo-

2085 851 2266 922 ricas.
2295 850 2738 922 ChronolOgiam
2771 853 3238 922 uniuscujusque
3282 853 3575 920 pontiﬁcis
3625 856 3746 911 du-

2086 921 2225 990 plici
2253 922 2610 977 indicatibne
2629 921 2986 991 colligimus,
3015 921 3236 978 tum’ex
3263 924 3740 988 Bibliothecario,

2084 999 2205 1048 tum
2228 1005 2296 1047 ex
2322 992 2634 1063 catalogis:
2673 1006 2872 1061 nempe
2899 1006 2968 1048 ex
2992 995 3360 1056 consulibus,
3378 1009 3506 1066 qua:
3557 997 3746 1064 prima

2083 1069 2202 1132 est;
2231 1069 2294 1138 ei
2309 1077 2379 1118 ex
2407 1076 2975 1138 numeroannoruim,
3003 1066 3308 1138 mensium,
3371 1079 3438 1122 ac
3473 1067 3743 1138 dierum,

2086 1148 2214 1208 qua:
2241 1133 2422 1208 altera
2447 1141 2536 1189 est
2563 1135 2864 1208 indicatio.
2889 1137 2952 1208 ln
2982 1135 3328 1208 consulibus
3367 1133 3745 1208 assignandis

2086 1204 2252 1260 video
2279 1205 2617 1280 plerumque
2638 1205 2694 1260 id
2721 1205 3008 1274 placuisse
3024 1207 3414 1280 scriptoribus
3441 1204 3747 1280 catalogo-

2087 1289 2308 1350 rumac
2339 1277 2634 1350 \(itarum;
2664 1283 2727 1331 ut
2752 1289 2850 1332 eos
2899 1275 3167 1350 consules
3194 1278 3564 1350 assignarent
3592 1275 3744 1348 pon—

2089 1345 2257 1412 tiﬁci,
2283 1347 2384 1417 qui
2439 1347 2839 1416 magistratum
2892 1347 3142 1414 obirent,
3173 1345 3536 1406 dum‘annus
3580 1345 3746 1406 sacer

2089 1419 2287 1486 iniret,
2336 1433 2372 1473 ει
2422 1418 2694 1490 Passione
2743 1419 3007 1490 Domini,
3057 1419 3177 1474 sive
3229 1433 3262 1476 a
3293 1422 3587 1489 Paschate,
3642 1435 3746 1490 pro

2092 1501 2244 1561 more
2274 1489 2448 1543 veteri
2500 1489 2766 1561 Romanae
2797 1489 3066 1544 Ecclesiae
3095 1497 3482 1561 computatus.
3513 1493 3574 1548 Id
3605 1489 3746 1561 per—

2089 1559 2357 1627 spicuum
2382 1565 2470 1614 est
2508 1559 2566 1613 in
2589 1560 2739 1615 Petri
2757 1561 3005 1630 apostoli
3025 1560 3360 1630 pontiﬁcatu
3389 1559 3736 1618 inchoando.

2085 1629 2313 1685 Certum
2337 1636 2424 1685 est
2445 1636 2774 1699 susceptum
2802 1629 2984 1686 fuisse
3003 1629 3316 1688 maximum
3347 1634 3744 1690 sacerdotium

2089 1714 2121 1754 a
2145 1701 2200 1754 Β.
2226 1703 2386 1757 Petro
2424 1701 2682 1756 Paschali
2712 1708 2986 1770 tempore,
3049 1703 3202 1758 inter
3243 1704 3742 1760 Resurrectionem

2089 1773 2471 1839 Dominicam,
2503 1779 2560 1826 et
2580 1771 3006 1838 Ascensionem,
3037 1775 3408 1830 contradente
3429 1775 3517 1830 illi
3551 1775 3750 1832 Domi-

323 1848 500 1919 plebi,
525 1848 923 1904 velcurriculo
951 1847 1247 1902 insistens.
1271 1844 1506 1918 ngQuare
1535 1842 1588 1899 si
1613 1842 1978 1900 hortosinibi
2007 1842 2058 1901 B
2094 1856 2168 1898 no
2187 1843 2374 1898 claves
2400 1843 2560 1914 regni
2592 1844 2892 1908 caalorum,
2917 1850 2974 1899 et
3003 1857 3200 1900 curam
3251 1846 3506 1901 universi
3589 1846 3746 1917 regis

323 1920 964 1972 exstructoandorum
991 1931 1225 1972 oomoas
1258 1913 1984 1972 excentas.solendidissi-
2091 1915 2403 1972 Dominici,
2440 1922 2502 1969 ut
2530 1927 2658 1969 eum
2695 1921 2970 1972 pasceret.
3001 1921 3058 1970 et
3109 1915 3474 1972 conﬁrmaret
3532 1862 3745 1972 ἔτεινας

3558 1931 3586 1970 ι’

319 1913 670 1986 exstructos,
690 1920 964 1976 ludorum
991 1931 1225 1986 pompas
1258 1915 1542 1983 eXceptas,
1561 1913 1984 1984 splendidissi-

323 1992 974 2046 mascmnasinstructas
992 1987 1174 2044 fuisse
1200 1992 1555 2056 compertum
1580 1991 1686 2042 est:
1707 1999 1839 2041 cum
1862 1986 1982 2040 haec

321 2063 514 2116 omnia
561 2075 631 2116 ex
682 2077 792 2118 usu
844 2066 1069 2130 recepto
1102 2057 1329 2130 perﬁci_
1356 2071 1467 2130 non
1499 2064 1732 2125 possent
1761 2057 1982 2130 absque

322 2132 632 2201 tricliniis,
673 2131 918 2197 balneis,
963 2127 1216 2202 aliisque
1247 2128 1516 2202 oﬁicinis,
1551 2142 1706 2202 quas
1730 2127 1977 2196 amplam

321 2203 557 2258 aediﬁcii
588 2199 793 2260 molem
837 2199 1229 2273 expostulant,
1263 2199 1399 2273 hinc
1428 2206 1516 2255 est
1557 2199 1709 2270 quod
1744 2206 1980 2273 potuere

321 2273 530 2330 rudera
549 2276 836 2331 exstantia
855 2269 1167 2330 Neroniani
1193 2271 1393 2340 palatii
1414 2269 1617 2326 nomen
1642 2269 1976 2340 promereri,

317 2347 387 2401 ad
404 2347 877 2416 quorumvicinia
896 2345 1290 2400 reconduntur
1310 2342 1702 2416 apostolorum
1715 2353 1976 2416 corpora.

393 2411 566 2473 Linea
604 2414 688 2472 43.
738 2419 942 2471 ——Per
970 2430 1176 2470 menses
1229 2411 1586 2468 Decembrios.
1637 2413 1777 2466 Cum
1828 2411 1979 2466 liber

319 2488 678 2544 Pontiﬁcalis
723 2487 1008 2544 coaluerit
1056 2500 1125 2540 ex
1171 2485 1417 2540 vetustis
1445 2482 1774 2552 apostolica:
1821 2483 1978 2537 sedis

319 2559 624 2626 catalogis,
658 2566 778 2614 tum
815 2559 915 2626 iis,
949 2558 1008 2612 in
1035 2555 1252 2626 quibus
1290 2549 1583 2626 successio
1601 2549 1972 2626 designatur,

322 2635 445 2684 tum
466 2621 683 2694 illis,'in
706 2621 924 2698 quibus
940 2621 1362 2698 ordinationes,
1382 2638 1414 2679 a
1432 2621 1975 2698 quoiibetpbntiﬁce

323 2699 536 2755 habitae
557 2693 953 2766 recensentur;
972 2697 1105 2752 inde
1125 2695 1188 2751 ﬁt
1209 2697 1360 2766 quod
1377 2693 1550 2766 etiam
1567 2694 1690 2748 ista:
1713 2693 1772 2748 in
1797 2693 1974 2762 gestis

322 2769 642 2838 cujuslibet
661 2764 1029 2824 adnotentur.
1063 2768 1196 2820 Tria
1221 2764 1352 2821 vero
1386 2767 1446 2820 in
1475 2764 1578 2819 hac
1613 2771 1744 2838 nota
1770 2776 1975 2838 occur:

323 2835 462 2895 runt
493 2839 1020 2896 animadvertenda.
1080 2839 1332 2891 Primum
1358 2843 1463 2903 est,
1506 2835 1657 2904 quod
1693 2847 1874 2905 usque
1901 2835 1970 2891 ad

319 2911 685 2979 Simplicium
717 2909 1114 2965 ordinationes
1147 2905 1272 2961 ﬁeri
1295 2912 1722 2979 consueverunt
1755 2907 1813 2960 in
1844 2905 1976 2979 Sab—

324 2975 459 3038 hato
488 2981 843 3050 jejuniorum
887 2995 922 3034 χ
969 2978 1182 3034 mensis
1231 2977 1348 3050 :ﬂde
1395 2990 1506 3047 qua
1532 2975 1974 3050 consuetudine

324 3053 490 3122 plura
516 3052 685 3108 habet
704 3052 814 3107 Leo
830 3052 900 3105 Μ.
926 3051 984 3105 in
1004 3049 1370 3122 sermonibus
1385 3049 1637 3122 ejusdem
1659 3049 1779 3122 diei
1808 3065 1820 3100 :
1847 3055 1975 3122 post

320 3118 690 3193 Simplicium
706 3136 838 3177 vero
851 3121 1360 3189 aliistemporibus
1377 3118 1973 3193 ordinatiol‘uitaﬁiita

325 3201 388 3248 ut
415 3189 522 3249 suo
553 3194 678 3250 loco
704 3193 1036 3249 dicendum.
1059 3193 1383 3246 Secundum
1413 3195 1522 3258 est,
1547 3191 1697 3260 quod
1725 3189 1972 3245 formula

322 3267 451 3334 ista,
463 3281 566 3334 per
603 3280 808 3320 menses
840 3263 1179 3334 Decembrios
1227 3264 1496 3334 designat
1545 3261 1972 3334 ordinationem

321 3333 586 3405 quolibet
605 3349 754 3392 anno
789 3337 847 3390 in
863 3333 1192 3390 Decembris
1213 3333 1458 3388 Sabbato
1478 3333 1801 3405 repetitam.
1829 3333 1974 3386 Ter—

322 3403 471 3462 tium
518 3413 628 3474 est,
687 3407 837 3476 quod
895 3405 1247 3476 assignatur,
1301 3403 1653 3476 quandoque
1697 3415 1974 3476 numerus

321 3472 739 3534 determinatus
781 3472 1237 3532 ordinationum.
1281 3472 1364 3529 An
1397 3487 1529 3529 vero
1557 3487 1688 3529 cum
1715 3472 1972 3529 clericali

323 3549 692 3604 ordinatione
727 3548 921 3603 eadem
947 3548 1043 3602 die
1061 3547 1464 3616 episcoporum
1510 3545 1976 3602 consecrationes

324 3619 542 3689 tierent,
578 3617 730 3676 infra
761 3617 1222 3686 disceptandum.

853 3759 1018 3815 ΒΪΝΙΙ
1071 3772 1135 3814 ET
1183 3758 1443 3814 LABBEI.

395 3905 498 3975 (Ex
543 3904 694 3975 BIN.)
748 3903 920 3959 Linea
967 3900 1022 3960 2.
1090 3933 1161 3975 -ξ
1207 3904 1397 3957 Petrus
1453 3901 1597 3975 sedit
1661 3901 1976 3975 cathedram

323 3971 662 4047 episcopatus
674 3971 714 4028 Α
729 3975 1002 4030 ntiochiae.
1018 3973 1330 4047 Ecclesium
1343 3971 1756 4028 Antiochenam
1771 3973 1974 4047 beatus

325 4045 528 4104 Petrus
551 4047 969 4102 instituendam
987 4045 1264 4114 suscepit,
1285 4057 1524 4113 eamque
1547 4050 1759 4112 septem
1779 4045 1970 4113 annis,

327 4132 440 4175 non
472 4124 658 4172 tamen
683 4117 1004 4183 completis,
1037 4116 1490 4171 administravit.
1519 4115 1654 4170 Vide
1675 4115 1801 4170 Bar.
1835 4127 1970 4170 ann.

322 4189 541 4315 ghritsti
572 4185 668 4315 376
709 4202 764 4242 η.
806 4185 842 4244 9
883 4197 938 4243 et
967 4201 1122 4257 seqq.
1169 4205 1184 4255 ;
1239 4185 1504 4240 Bellarm.
1547 4185 1650 4240 lib.
1701 4187 1772 4240 de
1809 4186 1972 4240 Rom.

367 4274 437 4315 on
472 4299 509 4315 ..
543 4274 592 4314 c.
675 4300 688 4312 .

326 4263 509 4316 Pont..
543 4274 592 4314 c.
633 4263 688 4315 6.

396 4302 572 4386 ﬁde;
601 4302 750 4384 ᾇῒ-
787 4330 980 4384 Annos
1004 4330 1208 4397 viginti
1241 4329 1502 4396 quinque.
1533 4327 1595 4380 Β.
1637 4328 1866 4382 Petrum
1914 4327 1974 4382 in

330 4403 435 4458 hac
490 4401 764 4456 cathedra
816 4402 1068 4456 Romana
1117 4413 1300 4468 usque
1337 4404 1406 4454 ad
1453 4404 1690 4453 mortem
1731 4399 1970 4465 sedisse,

329 4473 770 4543 intelligendum
809 4477 896 4527 est
921 4473 992 4528 de
1012 4471 1378 4543 auctoritate,
1406 4476 1702 4538 potestate,
1729 4484 1796 4543 ac
1825 4483 1978 4543 prie-

329 4541 548 4600 fectura
576 4544 936 4614 gubernandi
965 4543 1250 4614 Ecclesias
1282 4542 1602 4614 universas,
1624 4553 1736 4596 non
1759 4541 1830 4595 de
1855 4541 1976 4595 situ

328 4615 524 4671 locali.
573 4608 810 4670 Constat
834 4615 988 4668 enim
1032 4626 1162 4668 cum
1203 4612 1350 4667 hanc
1379 4611 1710 4666 cathedram
1761 4617 1976 4680 septem
2018 4608 2222 4669 Dc‘an.
2251 4609 2467 4680 Pasch.)

327 4689 498 4742 annis
521 4686 1007 4752 administrasset,
1043 4695 1194 4738 anno
1231 4683 1447 4737 Christi
1479 4680 1541 4736 51
1580 4689 1637 4738 et
1665 4681 1700 4736 9
1722 4682 1976 4750 Claudii,

327 4759 498 4826 cujus
521 4757 710 4812 edicto
760 4769 954 4816 omnes
981 4755 1161 4810 Judaei
1202 4767 1268 4808 ac
1303 4753 1622 4826 christiani
1649 4755 1824 4808 Roma
1869 4767 1979 4807 ex—

331 4823 710 4898 pellebantur,
743 4828 979 4898 Petrum
999 4826 1173 4898 etiam
1195 4823 1500 4898 expulsum
1527 4825 1976 4898 Hierosolymam

330 4895 596 4968 rediisse,
623 4905 680 4954 et
723 4897 1243 4968 llierosolymitano
1281 4895 1546 4968 concilio
1585 4897 1978 4968 tertioiinter-

329 4969 550 5026 fuisse:
611 4977 836 5026 mortuo
885 4975 1073 5024 tamen
1117 4967 1360 5023 Claudio
1409 4967 1643 5022 Romam
1685 4967 1881 5038 rediit,
1923 4971 1981 5022 et

333 5042 546 5097 ibidem
572 5041 748 5095 vitam
783 5040 992 5096 ﬁnivit.

401 5113 576 5167 Linea
619 5111 706 5168 40.
756 5141 832 5152 -—-
860 5112 1126 5179 Martyrio
1153 5125 1274 5163 cum
1303 5109 1492 5179 iPaulo
1523 5114 1834 5179 coronatur.
1868 5109 1982 5164 Pe-

331 5195 460 5240 trus
489 5190 544 5237 et
569 5183 780 5238 Paulus
817 5197 968 5238 anno
1013 5178 1232 5237 Christi
1257 5178 1347 5251 68,
1381 5178 1734 5246 Neronile,
1762 5182 1820 5236 in
1851 5194 1979 5236 car-

331 5267 514 5310 cerem
559 5255 848 5322 conjecti:
905 5253 1004 5308 ille
1065 5254 1215 5322 quod
1269 5253 1555 5307 Simonem
1598 5254 1822 5323 Magum
1882 5263 1982 5320 per

329 5338 516 5380 aerem
549 5325 828 5380 volantem
856 5325 1217 5380 invocatione
1245 5323 1434 5379 divini
1463 5323 1718 5378 nominis
1732 5323 1983 5393 dejecis-

332 5403 418 5450 set
450 5394 582 5464 ;hic
609 5397 758 5464 quod
797 5395 1053 5463 pellicem
1105 5396 1349 5449 Neronis
1369 5395 1438 5450 ad
1472 5394 1861 5450 Christianam
1889 5407 1986 5450 re—

333 5465 608 5536 ligionem
625 5468 1018 5522 convertisset.
1042 5471 1100 5520 et
1128 5479 1195 5520 ex
1218 5465 1513 5534 impudica
1539 5475 1753 5520 castam
1782 5465 1986 5521 reddi-

332 5535 534 5606 disset.
554 5536 716 5591 Anno
735 5543 1006 5606 sequente
1023 5535 1188 5590 ambo
1205 5537 1388 5606 virgis
1401 5537 1554 5599 (ausi,
1581 5542 1706 5604 post
1723 5536 1983 5591 osculum

335 5604 450 5674 sibi
485 5611 684 5660 mutuo
710 5604 909 5661 datum
932 5607 1282 5662 occiduntur
1308 5604 1326 5659 Ξ
1357 5609 1555 5662 Petrus
1601 5607 1764 5662 cruci
1796 5607 1985 5674 capite

337 5673 394 5752 in
430 5676 937 5752 terramdemisso
971 5676 1224 5752 alﬁgitur
1257 5695 1274 5746 ;
1312 5677 1521 5733 l‘aulus
1565 5684 1757 5732 autem
1791 5677 1987 5748 gladio

336 5741 760 5809 gloriosissime
781 5741 1074 5801 occubuit.

341 5807 732 5929 ὲυὲᾓχίὲῗῗθέξ
758 5809 929 5868 Linea
972 5814 1060 5870 40.
1103 5844 1178 5855 --
1217 5817 1399 5871 Annis
1441 5819 1672 5884 triginta
1707 5822 1842 5873 octo.
1873 5819 1987 5872 De-

2091 1915 2403 1980 Dominici,
2440 1922 2502 1969 ut
2530 1927 2658 1969 eum
2695 1921 2970 1984 pasceret,
3001 1921 3058 1970 et
3109 1915 3474 1972 conﬁrmaret
3532 1915 3745 1973 fratres

2093 1999 2250 2040 suos.
2283 1985 2541 2056 Contigit
2569 1986 2766 2056 itaque
2793 1985 3022 2042 duobus
3076 1985 3339 2043 Geminis
3367 1987 3738 2056 consulibus,

2091 2057 2161 2113 ad
2183 2070 2326 2126 quos
2356 2054 2557 2112 referri
2580 2054 2876 2112 Passionis
2889 2057 3107 2112 Christi
3132 2059 3426 2127 epocham,
3470 2054 3746 2115 Resurre¥

2090 2127 2326 2196 ctionis,
2351 2134 2408 2182 et
2427 2127 2824 2199 Ascensionis,
2859 2142 2928 2183 ex
2947 2128 3222 2199 Patribus
3246 2131 3458 2199 passim
3483 2129 3746 2199 probavi-

2091 2213 2222 2272 mus
2251 2213 2426 2272 supra
2445 2198 2622 2266 Opus.
2654 2213 2732 2266 iv,
2758 2213 2898 2272 cap.
2935 2197 2986 2267 l,
3027 2213 3180 2272 anno
3212 2197 3626 2272 vulgaris’aera:
3641 2198 3737 2256 28.

2087 2270 2212 2340 Non
2237 2271 2330 2324 his
2355 2270 2930 2336 tamenconsulibus,
2964 2271 3060 2326 sed
3095 2270 3353 2340 proxime
3377 2273 3742 2328 succedenti-

2089 2339 2218 2407 bus,
2278 2342 2492 2396 Vinicio
2539 2342 2741 2395 scilicet
2805 2357 2870 2395 ac
2921 2341 3186 2409 Longino,
3237 2357 3364 2398 aera:
3415 2343 3744 2398 communis

2085 2409 2156 2465 29
2183 2411 2468 2466 tribuitur
2492 2413 2731 2466 initium
2763 2412 2950 2468 Petri:
2998 2412 3218 2480 quibus
3259 2414 3484 2469 scilicet
3523 2427 3746 2470 consu—

2088 2483 2246 2538 libus
2275 2484 2524 2552 primum
2549 2482 2810 2554 Paschaa
2839 2483 3057 2554 Christi
3081 2484 3302 2554 vicario
3331 2485 3388 2538 in
3411 2485 3584 2540 terris
3605 2498 3744 2554 per-

2085 2556 2384 2626 agebatur.
2408 2554 2560 2626 Hanc
2579 2553 3203 2626 epocham_an_nigsac_ri
3237 2566 3270 2626 a
3325 2568 3518 2610 mense
3559 2553 3742 2610 Nisan

2085 2622 2235 2694 apud
2259 2624 2523 2678 Hebraeos
2549 2623 2804 2677 inchoati
2837 2622 3091 2678 Ecclesia
3119 2623 3455 2679 Christiana
3489 2625 3744 2681 retinuit

2088 2693 2270 2750 multo
2285 2695 2584 2766 lubentius
2607 2711 2623 2762 ;
2645 2707 2775 2748 cum
2796 2693 3198 2766 Reparationis
3213 2701 3423 2750 nostra:
3438 2697 3741 2766 mysteria-

2087 2767 2221 2821 inde
2251 2765 2574 2838 repetenda,
2605 2778 2671 2818 ac
2702 2771 2822 2818 tum
2849 2765 3126 2838 temporis
3159 2765 3458 2821 recolenda
3498 2765 3740 2838 cogno-

2084 2836 2508 2906 sceret.Quare
2550 2841 2797 2891 testatur
2849 2836 3016 2906 Beda,
3075 2837 3214 2890 dum
3269 2837 3458 2892 Romae
3505 2836 3740 2895 essetin

2084 2909 2266 2964 cereis
2292 2913 2502 2962 sanctae
2533 2907 2726 2962 Maria:
2746 2922 2919 2961 annos
2939 2924 2974 2961 a
3010 2909 3268 2962 Passione
3317 2910 3599 2962 Dominica
3646 2909 3743 2964 si—

2087 2980 2252 3051 gnari
2274 2978 2662 3051 consuevisse.
2687 2979 2758 3051 Et
2803 2992 2932 3051 cum
2966 2991 3066 3051 per
3117 2979 3343 3051 eosdem
3391 2981 3583 3035 Patres
3629 2993 3748 3050 ap—

2088 3049 2242 3106 tetur
2270 3050 2454 3105 eidem
2488 3049 2729 3117 tempori
2761 3049 3022 3104 Paschali
3055 3049 3268 3118 epocha
3291 3051 3604 3106 Dominicae
3639 3049 3746 3106 ln—

2085 3121 2440 3177 carnationis
2460 3134 2561 3175 vui
2589 3120 2714 3175 Kal.
2747 3120 3008 3191 Aprilis;
3063 3121 3200 3175 hinc
3243 3120 3417 3176 etiam
3447 3135 3568 3177 mos
3602 3123 3740 3178 lno-

2084 3193 2227 3249 levit
2278 3192 2620 3246 numerandi
2662 3197 2844 3247 annos
2901 3207 2935 3245 α
2983 3193 3267 3246 Dominica
3318 3194 3736 3248 Incarnatione:

2083 3278 2214 3336 quae
2235 3262 2870 3336 consuetudonondum
2894 3263 3197 3336 antiquata
3214 3267 3302 3316 est
3330 3264 3481 3336 apud
3505 3264 3743 3336 aliqum.

2084 3333 2264 3390 Italiae
2293 3334 2580 3398 civitates,
2604 3333 2871 3388 Venetias
2896 3335 3236 3403 praesertim,
3258 3346 3324 3389 ac
3350 3333 3738 3396 Florentiam:

2084 3407 2222 3462 licet
2253 3405 2560 3460 universus
2583 3404 2953 3460 Christianus
2993 3405 3154 3460 orbis
3179 3417 3348 3458 aeram
3377 3419 3740 3462 communem

2082 3476 2390 3534 deduxerit
2429 3490 2462 3531 a
2485 3475 2816 3532 Nativitate.
2846 3476 3146 3531 Praemissa
3168 3475 3273 3530 hac
3304 3477 3598 3532 notatione
3628 3490 3744 3532 mo-

2086 3549 2172 3604 ris
2200 3547 2607 3620 catalogorum,
2634 3546 2693 3602 in
2731 3547 2980 3620 collegio
3023 3546 3324 3602 consulum
3385 3547 3741 3620 assignando

2089 3617 2484 3693 pontiﬁcibus,
2514 3619 2614 3693 qui
2656 3617 2925 3674 Paschale
2955 3617 3186 3693 festum,
3221 3629 3337 3693 non
3369 3632 3500 3693 vero
3520 3617 3743 3674 Kalen-

2087 3689 2191 3746 das
2223 3689 2486 3745 Januarii
2520 3689 2630 3746 sub
2673 3703 2739 3746 eo
2764 3689 3073 3746 consulatu
3099 3689 3532 3758 celebraverint,
3560 3703 3746 3759 expe-

2085 3761 2314 3817 diemus
2329 3761 2758 3832 chronologiam
2778 3761 3160 3817 consularem.
3181 3763 3240 3816 Β.
3258 3762 3408 3818 Petri
3430 3762 3536 3817 hoc
3551 3762 3742 3831 primo

2087 3846 2324 3888 numero
2357 3833 2438 3886 ita
2461 3832 2907 3902 disponendam.

2156 3905 2376 3960 Duobus
2397 3903 2636 3958 Geminis
2655 3903 2988 3972 consulibus,
3041 3914 3144 3956 Vlll
3193 3904 3474 3958 Kalendas
3501 3903 3742 3972 Aprilis.

2083 3991 2206 4030 arm
2249 3974 2453 4029 Christi
2495 3976 2791 4028 communis
2837 3971 2928 4037 28,
2987 3988 3130 4026 anno
3170 3974 3456 4044 bissextili,
3513 3971 3662 4040 feria
3683 3988 3742 4044 v,

2080 4049 2257 4116 primo
2300 4045 2388 4099 die
2422 4045 2792 4116 rAzymorum,
2831 4045 3090 4098 Dominus
3134 4044 3290 4096 Jesus
3341 4043 3589 4097 Christus
3627 4043 3748 4097 σαι-4

2085 4115 2227 4170 nans
2247 4132 2368 4170 cum
2395 4115 2682 4183 discipulis
2707 4115 2842 4173 suis,
2859 4117 3150 4181 postquam
3161 4117 3249 4166 sui
3260 4116 3500 4182 corporis
3519 4119 3569 4168 et
3597 4129 3748 4168 san-

2084 4190 2270 4254 guinis
2293 4189 2632 4240 sacramenta
2654 4185 2938 4252 patefecit,
2975 4183 3051 4236 ad
3077 4189 3308 4238 montem
3351 4183 3565 4251 Oliveti,
3597 4187 3749 4240 sicut

2091 4258 2386 4324 Evangelia
2405 4259 2596 4308 sancta
2616 4259 2910 4316 testantur,
2941 4269 3278 4323 progressus,
3327 4256 3514 4324 ibique
3541 4257 3746 4310 deten—

2086 4336 2174 4382 tus
2195 4334 2273 4382 est
2299 4343 2335 4380 a
2362 4325 2592 4386 Judzeis,
2643 4325 2890 4379 tradente
2941 4326 3230 4396 discipulo.
3287 4328 3492 4380 Dehinc
3521 4341 3574 4382 v1
3595 4330 3745 4394 feria

2085 4401 2466 4466 subsequente,
2486 4397 2548 4449 id
2575 4403 2654 4450 est
2684 4411 2761 4468 vn
2811 4397 3041 4468 Kalend.
3087 4400 3301 4466 Aprilis
3341 4403 3634 4468 crucifiqu
3663 4406 3745 4452 est

2087 4477 2137 4524 et
2174 4470 2436 4538 sepultus.
2467 4469 2651 4521 Tertia
2679 4467 2788 4536 die,
2818 4467 2914 4521 hoc
2933 4473 3012 4522 est
3042 4483 3100 4522 v.
3127 4470 3254 4535 Kal,
3283 4467 3522 4539 Aprilis,
3564 4473 3746 4524 Domi-

2086 4542 2232 4608 nica,
2283 4541 2527 4611 surrexit
2565 4554 2624 4611 αῖ
2665 4540 2919 4592 mortuis.
2979 4539 3298 4609 (Victorius
3353 4542 3626 4611 Aquitan.
3679 4543 3743 4593 in

2513 4611 2559 4664 A
2603 4610 3042 4666 Resurrectione
3093 4626 3200 4667 sua
3243 4625 3372 4667 cum
3425 4610 3742 4680 discipulis

2088 4688 2348 4738 versatur
2370 4695 2468 4750 per
2496 4681 2622 4736 dies
2647 4682 3030 4751 quadraginta
3073 4695 3356 4752 apparens
3403 4685 3512 4750 eis,
3541 4689 3599 4738 et
3647 4683 3744 4736 lo-

2089 4767 2272 4824 quens
2292 4753 2362 4808 de
2390 4764 2563 4824 regno
2590 4753 2722 4824 Dei;
2755 4766 2962 4824 nempe
2987 4765 3059 4808 ex
3087 4755 3186 4810 die
3215 4753 3287 4809 28
3318 4755 3509 4809 Martii
3533 4755 3742 4808 Domi-

2090 4821 2220 4880 riica
2241 4824 2310 4879 ad
2337 4821 2489 4880 diem
2517 4822 2551 4878 6
2576 4823 2711 4878 Maii
2744 4821 2848 4878 fer.
2884 4821 2934 4892 v,
2968 4839 3083 4894 qua
3104 4826 3228 4881 illis
3249 4825 3584 4880 videntibus
3614 4826 3738 4880 ele—

2090 4904 2257 4951 vatus
2279 4895 2543 4950 ascendit
2573 4895 2633 4948 in
2661 4895 2869 4951 coelum
2894 4913 2906 4948 :
2944 4909 3058 4964 quo
3083 4903 3337 4966 tempore
3360 4904 3744 4952 numerantur

2089 4967 2474 5024 communiter
2492 4979 2526 5020 a
2552 4966 2822 5038 Patribus
2848 4975 2905 5021 et
2953 4967 3368 5038 interpretibus
3415 4968 3608 5022 decem
3639 4981 3741 5038 ap-

2091 5038 2412 5110 paritiones
2443 5036 2766 5110 praecipuae,
2797 5038 2857 5110 in
2892 5036 3123 5110 Asacris'
3149 5038 3365 5094 litteris
3401 5036 3736 5094 recensitai:

2091 5107 2336 5180 quarum
2359 5109 2417 5163 in
2440 5107 2686 5178 septima
2701 5109 2851 5180 apud
2877 5108 3280 5178 Capharnaum
3301 5110 3596 5178 pontiﬁcis
3631 5125 3745 5166 ma-

2088 5179 2233 5237 iimi
2269 5195 2499 5248 munus,
2540 5192 2642 5234 seu
2698 5179 2966 5235 Ecclesiae
3000 5181 3347 5236 universalis
3379 5184 3654 5251 regimen,
3689 5188 3747 5236 et

2091 5253 2504 5322 episcopatum,
2538 5255 2705 5322 antea
2735 5251 3106 5322 promissum,
3159 5251 3430 5322 Christus
3459 5253 3744 5308 Dominus

2092 5320 2256 5378 Petro
2285 5321 2834 5394 contulit,_t_licens:
2881 5323 3048 5376 Pasce
3077 5320 3196 5376 aves
3224 5339 3372 5377 meas
3396 5320 3560 5393 (Joan
3589 5322 3740 5394 xxx);

2095 5401 2160 5450 ut
2183 5392 2525 5465 exeuistola
2549 5388 2649 5458 '37,
2681 5393 2781 5448 lib.
2817 5406 2871 5465 vi
2925 5395 3114 5464 magni
3142 5388 3433 5465 Gregorii,
3489 5388 3746 5465 aliisque

2092 5463 2362 5519 Patribus
2383 5462 2778 5519 conﬁrmatur.
2804 5462 2975 5519 Gesta
2996 5462 3134 5520 sunt
3161 5462 3282 5520 haec
3323 5466 3533 5519 duobus
3559 5462 3748 5520 Gemi-

2095 5539 2182 5590 nis
2213 5549 2357 5588 cons.
2391 5534 2472 5589 Ab
2501 5534 2596 5588 his
2619 5535 2868 5604 proximi
2903 5537 3174 5592 consules
3238 5537 3484 5591 Vinicius
3513 5542 3568 5591 et
3603 5539 3749 5591 Lon-

2095 5607 2259 5674 ginus
2291 5605 2568 5678 Kalendis
2597 5607 2860 5661 Januarii
2886 5608 3023 5662 anni
3045 5604 3118 5663 29
3145 5608 3550 5678 magistratum
3589 5607 3745 5661 inie-

2097 5685 2255 5748 runt.
2303 5677 2934 5748 dumil’etrusnonum
2989 5677 3375 5734 mensem’sui
3441 5678 3766 5748 regiminis.

2097 5747 2411 5818 inchoaret.
2447 5747 2673 5818 Primus
2697 5747 2882 5816 igitur
2900 5761 3092 5805 annus
3114 5749 3264 5805 Petri
3291 5749 3582 5818 pontiﬁcis
3599 5762 3746 5804 com-

2098 5817 2464 5889 pieturcirca
2496 5817 2664 5889 ﬁnem
2688 5820 2922 5889 mensis
2947 5819 3172 5889 Aprilis
3204 5817 3408 5877 iisdem
3441 5833 3586 5876 coss.
3620 5834 3746 5875 aena

2098 5887 2315 5955 Christi
2342 5888 2667 5945 communis
2694 5901 2846 5945 anno
2865 5887 2957 5946 29.
2991 5887 3342 5948 Postremum
3375 5891 3590 5948 Pascha
3614 5891 3746 5946 ante
