1956 3201
73 190 140 219 4021

523 191 682 219 HISTORIA
701 191 746 218 DE
766 191 853 219 VITIS
872 191 955 219 ROM.
979 191 1078 219 PONT.
1093 207 1130 212 —
1143 194 1170 220 S.
1193 194 1333 221 PEI‘RUS.

1723 193 1795 222 402⁸2

74 254 245 288 martyrium
272 260 285 280 ιι
312 253 394 280 Petro
419 253 553 284 pontiﬁce
578 253 702 280 maximo
730 253 906 289 celebratum
920 254 947 283 Α
963 253 1068 280 Felicis
1082 254 1126 286 IV,
1143 255 1269 282 etcodcx
1287 261 1307 282 ιι
1323 254 1535 289 Colbertinus);
1549 255 1693 283 terminus
1713 256 1794 289 prior

73 289 198 316 refertur
211 289 245 316 ad
267 289 400 316 consules
419 290 547 317 Ner-rum.
573 293 597 315 ιί
616 290 758 315 Vestinum
783 289 813 315 in
828 288 906 315 Cata-

74 326 137 359 logo
160 325 268 352 Liberii
295 329 376 351 aetate
400 328 550 352 contexto:
569 325 619 359 qui
633 324 767 352 consules
787 324 906 357 signant

72 367 180 387 annum
206 360 335 390 vulgaris
359 367 423 387 a-rw
444 360 552 387 Christi
578 360 621 389 ϋῦ,
648 365 676 387 et
700 360 801 387 iisdem
828 367 901 386 coss.

72 397 159 424 tertio
174 396 235 423 Kal.
254 396 324 423 Julii
339 396 440 422 Petrus
456 397 536 423 cruci
557 395 658 423 afﬁxus
672 396 810 430 martyrio
826 402 904 422 coro-

74 436 167 459 natur.
184 433 256 458 Sunt
278 432 368 466 igitur
394 438 427 458 ex
445 432 592 458 consulari
609 431 795 466 chronologia
821 431 902 457 Petro

73 468 220 494 tribuendi
235 468 419 501 episcopatus
439 468 508 494 anni
525 465 570 501 37,
591 471 619 494 et
634 474 745 494 menses
765 468 822 494 duo
840 466 902 493 cir—

72 504 154 536 citer,
172 504 274 536 partim
298 503 514 536 Hierosolymis,
540 503 643 537 partim
669 503 848 529 Antiochena
872 502 901 528 in

73 539 149 569 sede,
164 542 192 565 et
208 538 311 572 partim
325 538 354 565 in
371 538 495 566 Romana
511 538 547 565 ab
561 538 758 572 apOStolorum
770 538 902 572 principe

73 575 164 601 exacti
181 583 187 607 ;
203 574 369 608 quotetiam
385 574 413 600 S.
428 574 619 608 llieronymus
635 576 786 600 enumerat
801 574 829 599 in
848 573 900 600 lib.

71 610 104 636 de
116 610 221 643 Script.
235 610 451 636 ecclesiasticis.
466 610 622 636 Duodecim
635 616 668 636 ex
684 609 729 636 his
745 610 773 636 in
783 608 902 635 Oriente

75 645 216 679 impendit
233 645 315 672 illius
336 648 446 672 tractus
462 645 600 672 Erclesiis
619 645 801 678 ordinandis,
816 647 901 671 ante-

72 689 155 715 quam
168 682 283 707 Romam
292 681 411 707 veniret.
425 681 527 707 Narrat
536 681 612 707 enim
623 680 805 714 Apollonius,
813 680 901 713 scrip-

72 717 336 744 torecelesiasticus
347 716 465 743 secundi
478 716 589 745 sazculi.
598 716 672 750 apud
686 715 900 742 Eusebiumlib.

72 753 177 783 v,llist.
188 752 257 779 eccl.
270 759 330 785 cap.
348 752 386 785 l8,
399 756 534 786 tanquam
548 759 582 779 ex
593 755 719 778 veterum
733 751 900 783 traditione,

70 788 223 815 Dominum
237 787 377 821 apostolis
390 788 453 814 suis
466 788 643 821 priecepisse,
660 794 693 813 ne
708 787 783 813 intra
797 787 903 813 duode-

70 825 123 849 cim
137 831 230 850 annos
247 824 453 857 Hierosolymis
462 824 639 850 excederent.
658 829 757 856 nempe
773 825 853 849 extra
870 821 902 848 li-

72 859 153 885 mites
169 859 268 893 Syr-ite,
285 859 331 886 cui
357 859 493 885 suberant
517 858 729 892 Hierolosymte,
745 865 779 884 ne
804 857 901 891 pedem

71 894 239 928 proferrent.
254 895 287 921 ad
301 895 382 921 sedes
397 894 574 928 episcopales
585 893 655 920 alibi
670 893 897 920 constituendas.

68 930 135 956 Nam
148 930 474 960 intraduodecennium,
486 930 659 956 imoetintra
667 929 900 963 quinquennium

67 972 81 991 a
96 965 249 992 Dominica
266 966 402 992 Passione
425 965 585 992 Antiochim
601 965 771 991 cathedram
782 964 900 998 episco—

68 1001 159 1034 palem
178 1000 267 1028 fuisse
282 1001 481 1033 constitutam,
503 1001 644 1035 colligunt
665 1001 761 1027 Patres
776 1007 810 1026 ex
821 1000 900 1026 Actis

67 1037 276 1069 apostolorum.
294 1036 352 1070 Ipsi
366 1036 453 1063 etiam
468 1039 602 1063 asserunt
617 1037 729 1062 Petrum
748 1035 900 1069 septennio

68 1073 174 1105 praised
182 1073 237 1099 isse
248 1072 391 1098 cathedrze
400 1072 581 1098 Antiochenre
590 1075 742 1105 antequam
757 1072 785 1097 in
798 1070 899 1097 Urbem

66 1107 300 1140 proﬁcisceretur
314 1113 390 1133 anno
412 1107 583 1134 duodecimo
595 1113 610 1133 a
635 1107 769 1134 Passione
786 1106 898 1132 Domini

65 1143 95 1170 ad
108 1143 291 1170 fundandam
308 1143 403 1169 sedem
416 1142 581 1169 Romanam.
595 1144 633 1169 lla
646 1142 672 1169 S.
691 1142 849 1176 Gregorius
865 1142 899 1176 ad

65 1179 221 1213 Eulogium
238 1180 405 1212 episcopum
422 1178 649 1205 Alexandrinum
673 1178 721 1204 lib.
738 1175 775 1211 vi,
792 1184 836 1212 ep.
853 1175 898 1207 37,

65 1215 95 1241 de
123 1214 265 1240 cathedra
282 1214 471 1246 Antiochena,
495 1220 511 1240 a
533 1214 614 1240 Petro
630 1213 768 1240 fundata;
793 1225 805 1237 ‹‹
839 1214 900 1246 lpse

67 1249 192 1277 ﬁrmavit
206 1250 311 1279 sedem,
326 1249 353 1275 in
365 1256 421 1283 qua
434 1251 540 1282 septem
554 1249 639 1275 annis
649 1249 782 1283 quamvis
794 1247 901 1275 disces-

68 1293 164 1317 surus,
174 1285 261 1311 sedit.
273 1294 286 1307 »
299 1284 429 1311 Clemens
438 1291 554 1318 quoque
566 1284 781 1311 Alexandrinus
794 1285 899 1311 Strom.

69 1321 115 1348 lib.
132 1328 171 1351 νι,
196 1327 259 1354 pag.
276 1318 338 1352 637,
356 1320 427 1346 edit.
448 1320 481 1346 (ἱ.
498 1320 526 1346 L.
542 1320 630 1346 Paris.
646 1318 726 1350 4629,
741 1320 782 1346 uti
801 1320 899 1346 obser-

68 1355 357 1387 vatSchelestratius,
380 1354 515 1381 lectionis
534 1354 797 1389 inter-punctionem
821 1355 901 1382 resti-

69 1396 157 1424 tuens,
179 1392 355 1425 Antiquitat.
384 1390 490 1417 Eccles.
518 1390 590 1417 diss.
618 1389 643 1421 l,
660 1398 721 1425 cap.
739 1390 766 1422 5,
790 1394 843 1417 art.
870 1390 898 1423 3,

69 1428 214 1454 conﬁrmat
224 1427 407 1453 traditionem
421 1425 809 1460 profectionisapostolorum
819 1430 899 1453 extra

69 1464 171 1497 Syriam
201 1466 264 1495 post
287 1469 377 1489 annos
402 1461 553 1489 duodecim
576 1469 591 1488 a
616 1463 750 1489 l’assione
776 1462 898 1494 Christi,

69 1499 114 1533 qui
127 1499 256 1532 jusserat
272 1507 278 1524 :
298 1508 310 1523 (ι
325 1498 389 1524 Post
405 1497 557 1533 duodecim
574 1504 665 1524 annos
680 1497 853 1532 egredimini
869 1498 899 1524 in

71 1532 215 1563 mundum,
231 1533 340 1568 nequis
353 1533 449 1568 dicat:
462 1532 523 1559 Non
538 1533 715 1560 audivimus.
733 1542 745 1556 »
762 1533 900 1559 llensclie-

70 1569 131 1596 nius
146 1576 264 1604 quoque
277 1566 394 1596 exercit.
409 1566 425 1594 li
437 1569 470 1595 ad
484 1567 705 1604 Chronologiam
720 1568 899 1602 pontiﬁcium

71 1603 182 1632 numero
209 1605 256 1637 '28,
286 1607 435 1638 postquam
458 1603 622 1631 ostenderat
651 1611 726 1631 anno
752 1604 855 1638 quinto
884 1611 899 1630 a

71 1640 199 1668 Passione
227 1640 335 1667 Christi
362 1640 475 1666 labente
501 1638 649 1666 fundatam
667 1648 683 1666 a
699 1641 779 1666 l’etro
807 1638 900 1666 fuisse

70 1677 230 1704 cathedram
251 1675 468 1707 Antiochenam,
486 1675 544 1701 ha=c
560 1675 676 1701 subdit:
696 1685 709 1700 (ι
733 1675 835 1709 Elapso
851 1681 900 1702 se—

72 1713 180 1744 ptennio
204 1711 348 1739 cathedrte
364 1710 559 1740 Antiochenae,
572 1710 733 1738 substituto
748 1711 854 1737 ibidem
870 1711 898 1737 S.

72 1748 181 1778 Erudit),
196 1747 321 1782 primam
344 1747 477 1773 Ecclesize
491 1746 664 1772 Christiante
684 1746 849 1782 cathedram
870 1746 900 1773 in

72 1783 134 1810 urbe
154 1781 283 1810 Romana
318 1783 383 1809 sede
405 1782 621 1816 imperatorum,
638 1785 665 1808 et
688 1781 768 1808 orbis
794 1782 898 1816 capite,

73 1818 222 1846 collocavit
250 1824 324 1845 anno
356 1825 419 1845 εει-ιε
456 1818 586 1849 vulgaris
615 1816 855 1852 quadragesimo:
884 1824 900 1843 a

72 1861 122 1887 quo
132 1861 209 1881 anno
227 1853 381 1880 inchoandi
398 1854 427 1880 in
438 1853 635 1887 catalogojam
647 1853 736 1879 citato
751 1853 899 1880 suntanni

73 1889 167 1924 viginti
191 1889 326 1924 quinque
342 1889 419 1916 sedis
434 1889 531 1923 hujns.
550 1889 582 1915 lit
600 1888 630 1924 hi
652 1888 901 1924 vigintiquinque

73 1923 133 1952 anni
149 1923 296 1953 habentur
321 1925 349 1951 in
366 1926 457 1951 altero
484 1931 547 1951 mox
565 1923 735 1958 proferendo
759 1923 900 1958 catalogo,

76 1961 147 1987 utiet
160 1963 187 1988 in
212 1961 262 1988 MS.
281 1960 420 1991 Palatino,
447 1960 494 1987 sed
513 1967 527 1986 a
545 1959 770 1991 nobisomisso:
789 1959 856 1986 item
871 1959 900 1986 in

75 1996 230 2024 l’ontiﬁcali
256 1996 391 2027 Romano,
408 1998 435 2022 et
450 1995 525 2029 apud
549 1995 733 2022 Anastasium
748 1994 903 2021 Bibliothe-

77 2032 178 2059 carium
203 2033 235 2059 in
256 2038 341 2058 manu
357 2031 483 2058 exaratis
498 2035 526 2057 et
543 2031 630 2064 praalo
644 2031 724 2058 cusis
739 2030 901 2062 codicibus,

48 2085 52 2091 .
78 2073 177 2095 necnon
197 2067 277 2102 apud
306 2067 524 2101 Luitprandum,
544 2066 699 2096 Abbonem,
720 2070 747 2093 et
772 2066 847 2092 alios
863 2073 904 2102 re:

80 2110 133 2129 rum
147 2099 557 2137 pontiﬁciarium'scriptores.
574 2113 586 2125 η
605 2102 713 2129 Deinde
727 2108 846 2129 numero

79 2137 108 2164 de
121 2145 191 2167 anno
208 2138 340 2172 martyrii
354 2138 400 2165 SS.
417 2138 490 2164 Petri
507 2141 535 2164 et
549 2138 627 2164 Pauli
649 2144 735 2172 agens
761 2137 819 2164 haec
835 2137 906 2164 scri-

81 2172 134 2200 bit:
158 2185 170 2200 α
198 2174 280 2202 Passi
303 2181 370 2208 ergo
391 2177 466 2200 recte
492 2173 660 2200 indicantur
681 2173 727 2200 SS.
754 2173 852 2200 Petrus
876 2176 904 2200 et

82 2208 186 2242 l’aulus,
207 2212 319 2237 Nerone
347 2210 439 2236 Roma:
456 2212 605 2243 prmsente,
630 2209 719 2235 Nerva
735 2212 762 2235 et
789 2208 903 2235 Vestino

82 2246 253 2276 consulibus,
285 2252 360 2272 anno
390 2252 452 2272 terte
470 2244 641 2272 Christiana:
660 2243 704 2277 63.3,
730 2244 853 2271 Neronis
877 2244 902 2271 si

84 2284 216 2312 spectetur
232 2285 345 2315 tempus
362 2280 478 2315 imperii
495 2283 619 2314 coeptum
644 2287 719 2306 anno
733 2286 773 2310 χι,
791 2280 842 2314 qui
862 2286 902 2306 xu

84 2315 148 2355 solet
162 2317 271 2355 haberi,
288 2317 354 2344 licet
375 2317 469 2355 solum
488 2317 620 2349 proximo
636 2316 754 2355 Uctobr_t
772 2318 847 2355 esset
864 2315 905 2342 in-
921 2326 946 2355 D

85 2350 204 2379 clioatus.
234 2353 371 2379 Prteterea
393 2353 514 2379 habetur
536 2358 630 2378 annus
647 2355 710 2385 post
740 2351 903 2378 l’assionem

86 2386 188 2415 Domini
202 2389 372 2422 trigesimus
383 2388 534 2421 septimus,
552 2394 635 2421 quem
654 2387 777 2421 requirit
792 2388 819 2413 S.
835 2387 906 2413 llie-

88 2429 210 2457 ronymus
227 2425 262 2451 de
276 2424 380 2458 Script.
397 2423 604 2450 ecclesiasticis
619 2423 647 2449 in
665 2424 763 2457 Elogio
773 2423 799 2449 5.
816 2422 904 2453 Petri,

89 2464 185 2486 necnon
196 2460 351 2491 Honorius,
369 2459 507 2492 Isidorus,
528 2458 708 2492 Nicephorus
719 2462 746 2485 et
759 2458 821 2485 alii.
838 2467 850 2481 »

118 2494 424 2531 catalogiomnes,cutn
436 2495 558 2531 picturis
565 2494 773 2531 vetustissimis
780 2493 907 2531 basilicae

88 2527 110 2554 S.
135 2527 216 2558 l'auli‘
237 2539 325 2563 supra
353 2527 483 2564 producti
505 2529 552 2556 l'ol.
574 2528 618 2555 δῖ.
643 2537 732 2555 annos
750 2530 783 2555 2-")
796 2529 906 2556 solidos

90 2566 241 2594 attribuunt
262 2568 293 2593 Β⁴
315 2568 393 2593 Petro
412 2567 439 2592 in
458 2566 522 2592 sede
539 2566 661 2591 Romana
680 2574 684 2590 :
703 2572 784 2598 quem
808 2571 905 2591 xxxv”

90 2605 155 2638 anno
171 2606 231 2635 post
243 2603 350 2629 Christi
374 2603 547 2633 Passion-nn,
571 2606 595 2627 ct
612 2601 763 2638 (intulerint
788 2602 907 2627 Neronis

93 2636 196 2672 imperii
209 2638 319 2666 labente
337 2645 451 2672 passum
465 2637 555 2663 fuisse
567 2644 630 2663 cuin
646 2636 740 2663 l‘aulo.
762 2638 906 2663 i'rstiuwt

92 2670 169 2698 Nerva
181 2682 263 2705 60115.,
288 2670 388 2708 prteter
401 2674 543 2700 indicatos
560 2674 723 2705 Scriptores.
744 2672 906 2699 luculenter

94 2707 183 2738 probat
204 2710 426 2737 Sclielestratins
453 2710 479 2735 in
507 2709 618 2735 laudata
643 2709 780 2734 disserta
806 2709 903 2741 Antiq.

94 2741 188 2780 Eccles.
203 2747 295 2780 capite
307 2745 332 2773 Ii,
346 2749 399 2772 art.
413 2744 438 2771 ii.

124 2779 206 2815 Annis
227 2783 326 2815 viginti
347 2782 468 2814 τμιιίιιμιιι
483 2782 562 2807 l’etro
588 2781 624 2806 ita
651 2780 779 2808 assertis.
802 2786 834 2805 ex
852 2786 906 2813 quo

95 2813 243 2843 cathedram
260 2813 460 2850 episcopalem
486 2817 577 2842 ltoncr
603 2816 765 2845 constituit,
799 2822 908 2841 menses

95 2854 198 2886 {illoque
218 2852 284 2883 duo,
308 2860 340 2879 ac
364 2853 428 2879 dies
451 2856 507 2878 tres
527 2860 579 2878 cur
593 2852 617 2877 ei
634 2852 800 2877 tribuantur
818 2852 908 2884 placet

97 2886 240 2918 Inquirerc.
252 2889 280 2914 Si
291 2895 323 2914 ex
335 2889 382 2915 die
394 2887 522 2921 Martyrii
537 2888 655 2913 iilJunii
668 2894 742 2913 anno
754 2886 861 2912 Christi
874 2886 909 2913 4in

96 2921 294 2956 retrocedamus
316 2931 363 2956 per
390 2929 481 2949 annos
508 2922 550 2955 ἐξ),
575 2930 684 2949 menses
710 2922 734 2955 2,
763 2925 789 2948 et
817 2922 879 2948 dies
893 2921 909 2949 3

97 2952 168 2987 (Quot
180 2957 222 2985 illi
241 2952 370 2994 assignat
387 2959 417 2985 iu
431 2952 599 2993 episcopatu
623 2952 748 2985 Romano
761 2957 910 2992 catalogus

964 290 1186 325 numerationis,
1199 294 1228 317 et
1244 290 1350 325 epocha
1369 291 1485 318 Romani
1509 291 1694 324 episcopatus
1713 291 1795 318 cadet

963 324 1093 360 inrdiem
1161 324 1270 359 Aprilis
1286 326 1354 353 anni
1371 326 1500 359 vulgaris
1515 333 1577 353 mrsu
1590 325 1633 359 60,
1658 327 1692 353 ad
1710 333 1793 360 quem

963 359 1049 387 refert
1071 361 1157 387 etiam
1179 361 1389 388 llenschenius.
1422 362 1576 396 Septennio
1606 365 1700 389 autem
1720 359 1793 388 ante

961 396 1118 429 contigerit
1132 396 1265 423 fundatio
1288 397 1432 424 cathedrae
1450 397 1646 430 Antiochente,
1663 397 1792 432 vulgaris

960 438 1023 458 tera:
1039 432 1147 458 Christi
1160 439 1235 459 anno
1249 431 1292 459 33.
1311 432 1417 459 Littera
1441 433 1632 459 Dominicalis
1655 433 1677 459 D
1700 433 1792 459 eidem

960 473 1035 493 anno
1046 468 1192 498 assignata
1215 468 1393 495 Dominicam
1414 468 1488 495 diem
1504 468 1615 495 indicat.
1633 468 1679 494 die
1691 467 1725 494 ‘22
1740 469 1793 495 Fe—

960 501 1084 534 bruarii,
1100 510 1155 537 qua
1169 502 1273 530 festum
1287 504 1429 531 cathedrm
1444 504 1630 531 Antiochenas
1641 510 1696 530 non
1710 504 1793 530 modo

961 538 1014 564 hac
1027 542 1109 564 :etate
1125 539 1290 572 recolimus,
1312 546 1410 566 verum
1434 543 1461 566 et
1491 540 1519 566 in
1545 539 1721 566 membranis
1737 539 1793 566 sub

959 573 1074 600 Libet-io
1102 581 1173 608 papa
1197 575 1382 608 conscriptis,
1406 579 1463 601 eta
1488 575 1573 602 nobis
1587 581 1622 602 ex
1646 574 1788 602 Bucherio

958 609 1047 635 editis
1057 616 1143 643 supra
1155 610 1183 636 in
1195 610 1418 644 Prolegomenis,
1430 617 1538 637 necnon
1548 617 1581 637 ex
1589 610 1617 637 S.
1630 610 1793 645 Augustino

958 648 1136 678 compertum
1150 648 1203 674 est.
1224 645 1372 679 prioribus
1386 646 1472 672 etiam
1490 646 1605 673 saeculis
1622 652 1685 672 terte
1705 645 1793 672 Chri-

959 680 1060 706 stiame
1076 680 1213 707 celebrari
1229 681 1424 708 consuevisse.
1442 682 1521 708 Diem
1536 688 1601 708 vero
1613 681 1792 708 Dominicam

960 715 1111 749 ὲνιιρηνίςμω
1123 716 1279 749 episcopali
1302 716 1437 750 deputari
1454 717 1512 750 jam
1528 720 1588 743 tum
1610 716 1794 743 consuevisse

960 751 1080 784 probare
1092 750 1175 778 facile
1193 758 1301 785 possem
1321 752 1515 779 monumentis
1538 751 1667 778 omnium
1693 751 1794 778 Eccle-

959 786 1069 812 siarum
1085 786 1277 813 Orientalium
1299 791 1326 814 et
1348 787 1589 814 Occidentalium.
1612 788 1706 821 Quare
1722 787 1792 814 uni-

959 829 1040 848 versa
1051 823 1222 849 conﬁrmant
1241 826 1406 856 assumptas
1419 823 1553 857 epochas.
1572 823 1720 849 Passionis
1734 823 1793 849 Do—

960 858 1074 883 minic:e
1087 864 1161 884 anno
1187 857 1222 884 ³28
1243 865 1305 884 :erse
1325 859 1488 885 communis
1503 859 1551 885 die
1563 857 1610 892 25,
1637 862 1665 885 et
1691 858 1793 884 mortis

958 893 1006 919 die
1022 892 1056 919 '26
1084 893 1201 926 Martii;
1231 893 1414 921 fundationis
1439 894 1580 921 cathedra
1606 893 1793 920 Antiocheam

959 932 1092 963 vergente
1116 930 1149 955 ad
1180 929 1263 956 ﬁnem
1294 930 1495 963 quinquennio
1523 933 1586 964 post
1612 929 1791 956 Dominicam

959 964 1121 991 l’assionem
1148 964 1195 991 die
1211 965 1360 992 Dominica
1372 964 1407 993 22
1430 965 1581 992 Februarii
1601 971 1677 992 anno
1690 964 1736 998 33,
1765 967 1793 991 et

958 1000 1109 1035 septennia
1133 1004 1197 1034 post
1217 1007 1316 1034 nempe
1337 1008 1413 1028 anno
1440 1007 1502 1028 vera:
1515 1000 1644 1035 vulgaris
1660 999 1704 1032 40,
1724 1006 1793 1034 pro-

958 1034 1109 1071 fectionem
1125 1036 1322 1069 apestolorum
1337 1042 1372 1064 ex
1392 1037 1483 1071 Syria,
1500 1034 1653 1063 adventum
1669 1036 1745 1063 Petri
1761 1035 1791 1062 in

957 1070 1070 1104 Urbem,
1087 1074 1114 1097 et
1138 1070 1334 1099 fundationem
1361 1070 1503 1099 cathedrae
1519 1072 1661 1099 Romana.
1682 1073 1793 1105 Super-

957 1109 1001 1133 est
1033 1110 1065 1133 ut
1092 1107 1287 1141 inquiramus,
1319 1108 1388 1141 quid
1416 1114 1568 1134 commune
1597 1107 1698 1134 habeat
1726 1113 1792 1134 cum

957 1142 1077 1168 exordio
1090 1142 1274 1175 pontiﬁcatus
1281 1143 1399 1170 Romani
1409 1143 1444 1170 ab
1453 1144 1649 1177 apostolorum
1662 1142 1794 1177 principe

958 1177 1085 1211 suscepti
1100 1178 1163 1204 dies
1177 1177 1212 1205 Ξ)έᾶ
1227 1178 1338 1213 Aprilis
1359 1180 1427 1206 anni
1444 1178 1488 1208 40,
1505 1186 1539 1206 ex
1560 1185 1617 1212 qua
1642 1179 1690 1205 die
1703 1178 1794 1205 desu-

957 1214 1049 1240 mitnr
1061 1214 1167 1246 epocha
1180 1212 1321 1241 annorum
1337 1213 1381 1246 ἔ),
1399 1215 1540 1242 mensium
1554 1213 1571 1241 2
1585 1218 1613 1241 et
1634 1214 1747 1241 dierum
1763 1212 1790 1241 3.

958 1249 1211 1284 eidemiassignata
1229 1257 1319 1284 usque
1329 1251 1363 1277 ad
1377 1250 1582 1284 triumphalem
1596 1250 1726 1283 martyrii
1745 1249 1791 1275 sui

957 1284 1032 1311 diem
1050 1283 1170 1311 2‘JJunii
1185 1285 1253 1311 anni
1265 1283 1309 1318 65,
1329 1286 1367 1312 ita
1379 1283 1589 1312 numerandum
1601 1286 1625 1312 si
1637 1291 1793 1319 sequamur

956 1319 1119 1352 catalogum
1151 1320 1254 1347 Felicis
1269 1320 1371 1354 Quarti
1400 1325 1483 1348 aetate
1513 1321 1721 1354 conscriptum,
1747 1319 1791 1346 vel

956 1353 1060 1391 diele
1075 1355 1189 1391 Aprilis
1204 1353 1330 1389 ejusdem
1348 1357 1417 1383 anni
1430 1356 1474 1386 40,
1490 1363 1523 1383 ex
1539 1362 1595 1391 qua
1610 1353 1644 1383 ad
1661 1354 1696 1383 29
1711 1355 1792 1382 Junii

957 1390 1026 1417 anni
1052 1389 1101 1425 7635,
1127 1391 1236 1417 Nerone
1260 1396 1287 1418 et
1312 1392 1427 1419 Vestino
1452 1389 1794 1425 coss.,‘intercipiuntur

957 1426 1025 1452 anni
1046 1424 1090 1458 213,
1117 1433 1227 1453 menses
1243 1425 1260 1453 2
1275 1427 1377 1454 etdies
1392 1426 1419 1460 7,
1447 1427 1589 1454 numerati
1615 1427 1643 1454 in
1670 1424 1793 1461 picturis

957 1461 1166 1488 vetustissimis
1182 1462 1311 1489 basilica:
1324 1464 1540 1497 patriarchalis,
1554 1466 1583 1490 et
1599 1463 1628 1489 in
1645 1462 1793 1497 plerisque

956 1497 1096 1530 catalogis
1111 1498 1338 1530 prohatioribus.

995 1534 1080 1559 Porro
1096 1540 1160 1560 cum
1176 1534 1286 1560 videam
1309 1535 1449 1562 indictam
1463 1533 1555 1562 fuisse
1569 1534 1618 1561 die
1630 1533 1666 1561 25
1680 1533 1792 1568 Aprilis

957 1568 1086 1594 litcnium
1099 1575 1183 1601 qnam
1199 1572 1300 1596 vocant
1312 1571 1443 1603 majorem
1460 1577 1515 1597 non
1534 1570 1617 1597 modo
1634 1573 1700 1597 ante
1715 1569 1791 1597 Gre—-

958 1604 1071 1638 got-ium
1096 1605 1239 1638 Magnum,
1261 1605 1309 1632 sed
1337 1606 1423 1632 etiam
1455 1605 1590 1639 pluribus
1611 1609 1677 1632 ante
1694 1605 1792 1639 ipsum

956 1639 1102 1671 aetatibus,
1128 1647 1161 1666 ac
1188 1639 1276 1667 ferme
1303 1641 1338 1667 ab
1365 1640 1500 1667 Ecclesiae
1524 1640 1732 1667 incunabulis:
1761 1640 1791 1666 in

956 1681 1012 1709 qua
1024 1674 1105 1701 tituli
1121 1676 1261 1708 universi,
1273 1682 1305 1702 ac
1315 1676 1468 1710 diaconize,
1482 1676 1608 1710 ipseque
1617 1675 1746 1702 basilica:
1758 1682 1792 1702 ex

955 1716 1014 1736 aevo
1036 1709 1276 1737 Constantiuiano
1299 1711 1447 1738 collectam
1469 1711 1549 1743 cieri,
1577 1717 1609 1737 ac
1636 1710 1734 1744 populi
1763 1710 1792 1737 in

955 1745 1059 1778 Campo
1077 1746 1189 1773 Martio.
1202 1745 1272 1772 olim
1288 1746 1317 1772 in
1334 1747 1421 1773 titulo
1439 1747 1466 1773 [ι.
1482 1745 1629 1773 Laurentii
1653 1746 1681 1772 in
1703 1745 1794 1772 Luci-

958 1787 1004 1813 na,
1022 1786 1098 1806 nunc
1114 1780 1142 1806 in
1172 1781 1198 1807 S.
1225 1782 1322 1815 Marci,
1350 1781 1578 1816 frequentantes,
1596 1781 1663 1808 inde
1689 1787 1792 1815 proce-

957 1816 1030 1842 dunt
1041 1815 1075 1843 ad
1089 1816 1116 1841 S.
1143 1816 1277 1849 Petrum;
1302 1817 1442 1849 judicavi,
1473 1824 1521 1851 per
1542 1824 1590 1844 eos
1612 1817 1676 1843 dies
1704 1816 1791 1843 recoli

956 1852 1013 1884 jam
1042 1855 1103 1877 tum
1119 1852 1305 1879 consuevisse
1323 1853 1455 1879 llomanm
1470 1852 1548 1879 sedis
1561 1858 1650 1886 supra
1674 1854 1792 1879 eteteras

960 1887 1114 1920 primatum
1125 1887 1159 1913 ab
1169 1894 1230 1920 Ipso
1239 1888 1436 1921 apostolorum
1446 1888 1576 1922 principe
1586 1888 1791 1915 constitutum.

957 1922 1037 1956 Quod
1055 1922 1131 1948 enim
1145 1922 1193 1949 die
1208 1923 1240 1949 48
1256 1924 1387 1950 Januarii
1410 1924 1512 1950 festum
1536 1924 1679 1950 cathedrae
1691 1929 1707 1949 a
1720 1923 1792 1949 Beda

958 1958 1086 1991 aliisque
1101 1958 1140 1984 ita
1153 1960 1355 1993 consignatum
1377 1959 1502 1986 suaserit
1518 1958 1637 1986 Paulum
1654 1959 1696 1990 1V,
1715 1961 1746 1985 ut
1763 1958 1792 1984 in

958 1993 1169 2020 constitutione
1180 2002 1231 2021 sua
1248 2001 1323 2021 anno
1338 1993 1407 2022 1338
1423 1994 1584 2022 restituerit
1596 1994 1631 2021 ad
1646 2001 1682 2021 xv
1694 1993 1795 2020 Kalen-

958 2029 1011 2055 das
1034 2028 1183 2056 Februarii
1210 2033 1330 2056 veterem
1347 2030 1483 2063 epocham
1510 2030 1637 2058 fundata:
1664 2031 1693 2057 in
1718 2029 1793 2056 Urbe

959 2064 1101 2090 cathedrae
1117 2065 1208 2098 l’etri;
1224 2066 1252 2092 id
1268 2065 1343 2093 nihil
1361 2066 1482 2099 impedit
1501 2067 1658 2100 quominus
1680 2064 1793 2092 intelli—

961 2106 1061 2133 gamus
1080 2107 1112 2126 ea
1136 2101 1184 2128 die
1212 2100 1363 2128 fundatum
1393 2102 1616 2135 episcopatum;
1641 2101 1793 2135 aliquanto

960 2142 1026 2162 vero
1044 2139 1117 2169 post,
1132 2136 1185 2163 hoc
1200 2140 1243 2163 est
1259 2144 1353 2164 mense
1369 2137 1473 2171 Aprili,
1488 2137 1548 2164 sive
1563 2136 1689 2171 ejusdem
1712 2135 1791 2165 anni,

960 2171 1021 2197 sive
1040 2173 1279 2205 consequentium
1301 2173 1368 2200 huic
1383 2173 1541 2207 episcopali
1560 2172 1620 2199 sedi
1638 2172 1792 2207 primatum

960 2214 1046 2240 supra
1059 2212 1175 2234 canoras
1189 2207 1280 2235 fuisse
1289 2206 1431 2241 additum,
1448 2210 1600 2242 postquam
1614 2207 1642 2234 in
1654 2206 1794 2241 proximis

960 2242 1131 2279 civitatibus
1148 2244 1302 2276 praedicato
1324 2244 1487 2279 Evangelio,
1498 2243 1629 2271 fundatis
1642 2242 1792 2279 Ecclesiis,

960 2281 987 2304 et
1001 2278 1144 2305 ordinatis
1169 2280 1313 2313 episcopis
1333 2280 1480 2307 coaluerat
1501 2284 1623 2313 systema
1650 2278 1792 2313 quoddam

960 2313 1189 2347 llierarchicum,
1215 2316 1310 2349 specie
1325 2322 1377 2343 sua
1405 2316 1478 2342 satis
1502 2314 1681 2342 commodum
1713 2314 1794 2340 Petro

959 2349 1133 2382 judicatum,
1149 2351 1183 2378 ad
1202 2351 1374 2385 dignitatem
1397 2352 1475 2378 sedis
1494 2351 1624 2378 omnium
1653 2349 1795 2384 principis

964 2384 1136 2420 ministerio,
1149 2390 1176 2412 et
1196 2387 1375 2420 subjectione
1392 2395 1443 2414 sua
1456 2386 1656 2414 declarandam
1677 2388 1704 2412 et
1722 2391 1792 2412 con-

963 2419 1121 2457 fovendum.
1140 2419 1260 2449 Nicrente
1270 2423 1370 2457 synodi
1383 2429 1474 2450 canon
1488 2425 1596 2455 sextus,
1612 2424 1654 2448 tot
1665 2420 1795 2448 lucubra-

963 2456 1095 2482 tionibus
1109 2457 1259 2484 doctorum
1275 2456 1404 2485 Virorum
1423 2458 1599 2488 illustratus,
1615 2457 1688 2483 satis
1701 2457 1792 2488 docet,

964 2494 1103 2525 quantum
1120 2493 1409 2528 explicetdignitatis
1433 2493 1636 2527 patriarchalis
1661 2499 1720 2519 mos
1746 2492 1795 2519 ille

964 2529 1055 2563 vetus,
1073 2534 1129 2560 quo
1151 2528 1248 2561 plures
1262 2529 1392 2563 episc0pi
1408 2529 1533 2555 Romano
1549 2529 1669 2555 aderant
1682 2531 1743 2555 tum
1759 2528 1792 2555 ad

965 2562 1137 2595 perﬁcienda
1152 2564 1295 2598 mysteria.
1307 2568 1367 2590 tum
1377 2565 1410 2591 ad
1428 2565 1686 2598 repraesentandam
1704 2563 1795 2591 totius

964 2598 1097 2624 Ecclesia:
1113 2600 1244 2633 corporis
1256 2600 1423 2633 juncturam
1438 2599 1493 2626 sub
1508 2606 1565 2626 uno
1580 2600 1687 2633 capite.
1705 2599 1795 2627 Ordi—

965 2637 1029 2670 nata
1047 2633 1137 2667 igitur
1160 2636 1323 2670 progressio
1339 2634 1406 2668 fuit,
1430 2638 1461 2662 ut
1480 2634 1617 2662 cathedra
1634 2635 1794 2669 pontiﬁcali

967 2668 1091 2702 primum
1103 2674 1206 2700 erecta,
1216 2668 1323 2697 deinde
1336 2670 1481 2704 adjunctis
1497 2668 1641 2705 gradatim
1653 2671 1794 2705 partibus,

963 2707 990 2731 et
1014 2706 1182 2738 prmparatis
1197 2706 1381 2740 adjutoribus
1405 2713 1464 2733 sua:
1488 2706 1648 2739 potestatis,
1673 2706 1795 2733 maxima

962 2741 1122 2767 auctoritas
1139 2742 1166 2767 in
1181 2742 1243 2775 ejus
1262 2742 1429 2776 episcopum
1450 2741 1648 2776 conferretur;
1664 2744 1695 2769 ut
1707 2741 1794 2769 etiam

964 2776 1192 2811 patriarcharum
1207 2777 1430 2811 ablegandorum
1446 2776 1568 2804 facultas
1580 2784 1595 2804 a
1616 2777 1697 2804 Petro
1710 2784 1795 2805 exer-

963 2817 1086 2844 ceretur,
1102 2812 1257 2840 derivanda
1270 2813 1449 2847 postmodum
1468 2813 1496 2840 in
1513 2819 1704 2841 suceessores.
1721 2814 1794 2841 Con-

964 2853 1021 2876 stat
1036 2852 1111 2876 certe
1126 2848 1162 2874 ab
1174 2849 1370 2882 apostolorum
1388 2848 1520 2883 principe
1535 2849 1644 2875 Christi
1665 2849 1795 2884 Evange—

965 2886 1037 2913 lium
1048 2885 1141 2911 Roma?
1154 2884 1235 2918 prius
1245 2884 1345 2919 aliquo
1354 2886 1448 2918 spatio
1458 2884 1597 2918 temporis
1609 2884 1796 2919 praedicatum

964 2921 1009 2956 (ex
1023 2920 1157 2948 cathedra
1172 2919 1218 2946 hic
1238 2919 1351 2954 erecta),
1376 2920 1480 2947 deinde
1504 2922 1606 2955 rogatu
1633 2919 1753 2956 fratrum
1779 2926 1796 2946 a

967 2955 1061 2984 Marco
1076 2956 1105 2983 in
1117 2956 1229 2983 litteras
1246 2956 1391 2984 redactum
1406 2959 1435 2984 et
1448 2963 1464 2983 a
1485 2956 1566 2983 Petro
1581 2955 1769 2990 approbatum
1787 2966 1794 2983 :
