3912 6402
147 362 282 420 1025

1036 362 1357 418 HISTORIA
1395 364 1485 417 DE
1529 362 1709 418 VITIS
1748 361 1917 418 ROM.
1961 362 2163 418 PONT.
2194 393 2268 404 —
2297 366 2354 419 S.
2396 366 2677 422 PETRUS.

3436 375 3576 435 4026

142 499 247 547 etc.
269 492 419 567 Urbe
433 493 737 567 digressus
760 493 1321 567 ConstantinOpolim
1345 494 1521 550 venit.
1554 494 1802 567 {:Annus
1829 492 1885 550 A
1917 492 2179 567 proxime
2207 490 2280 547 ab
2304 492 2680 567 institutione
2724 494 3006 567 _Roman:e
3062 495 3385 551 cathedrae:
3421 499 3573 567 quod

143 579 262 619 terte
280 562 525 620 Christi“
553 565 878 620 communis
908 562 976 621 40
1009 580 1107 635 per
1147 562 1265 621 nos
1309 579 1377 621 ex
1427 565 1706 635 cataIOgo,
1745 571 1799 619 et

142 637 501 691 documentis
521 637 794 705 genuinis
818 637 1082 692 Romanae
1107 638 1371 692 Ecclesiae
1392 636 1652 692 tributus
1672 635 1795 691 sedi

146 706 455 775 pontiﬁcali
487 720 519 761 a
552 708 606 760 Β.
638 709 802 762 Petro
835 707 893 761 in
926 708 1072 763 Urbe
1095 715 1316 773 erectae,
1358 708 1444 764 uti
1490 714 1581 762 est
1631 709 1797 777 vige—

144 779 321 833 simus
343 779 738 850 quintusante
762 779 1022 847 Apostoli
1068 780 1427 850 martyrium,
1478 778 1711 850 Vestino
1740 785 1797 832 et

147 850 334 903 Nervae
365 848 709 905 consulibus
734 857 884 905 recte
911 848 1290 917 assignatum,
1318 852 1397 905 ita
1420 855 1507 905 est
1531 848 1636 904 485
1662 854 1795 903 ante

146 920 496 975 consulatum
523 920 822 976 Philoxeni
846 928 903 976 et
935 921 1122 988 Probi,
1160 922 1219 977 in
1262 920 1613 990 profectione
1632 921 1796 975 .loan-

146 990 234 1045 nis
261 990 454 1060 primi,
483 992 672 1047 Romae
711 999 768 1046 et
816 992 1314 1063 ConstantinOpoli
1370 999 1520 1048 recte
1566 1006 1797 1061 suppu-

145 1068 339 1117 tatum.

208 1134 591 1205 Comprobant
617 1136 813 1204 itaque
830 1140 1079 1191 veterum
1104 1135 1383 1205 Catal0gi,
1408 1139 1466 1189 et
1487 1133 1793 1202 Chronica,

146 1204 374 1278 perinde
394 1206 463 1261 ad
491 1207 833 1261 documenta
865 1206 1132 1278 genuina
1190 1204 1456 1262 Romanae
1505 1205 1792 1278 Ecclesiae,

146 1276 596 1347 chronologiam,
657 1276 1048 1346 apostoldrum
1098 1278 1385 1347 principis
1440 1278 1687 1331 Romana
1735 1277 1795 1330 in

143 1347 267 1401 sede
287 1355 438 1403 recte
456 1347 637 1403 fuisse
660 1348 1057 1409 constitutam.
1088 1357 1144 1404 et
1168 1350 1227 1403 in
1257 1350 1504 1418 picturis
1530 1347 1798 1402 basilica-

144 1431 263 1473 rum
292 1432 619 1544 gxpressam
671 1433 953 1475 annorum
974 1417 1065 1488 25,
1124 1421 1405 1476 mensium
1453 1418 1508 1489 2,
1563 1426 1620 1473 et
1664 1418 1798 1473 die-

144 1503 260 1543 rum
342 1531 355 1543 .

143 1503 260 1543 rum
293 1503 323 1543 'l
342 1531 355 1543 .

206 1562 263 1615 Si
315 1561 500 1630 placet
547 1561 721 1617 etiam
803 1561 1143 1617 confirmare
1214 1563 1293 1617 ita
1368 1560 1793 1631 comprobatam

139 1630 564 1703 chronologiam
593 1646 658 1687 ex
684 1636 898 1700 epocha
921 1632 1285 1689 fundationis
1301 1630 1585 1689 cathedra:
1603 1632 1798 1687 Antio-

139 1701 345 1770 chense,
373 1718 403 1758 a
423 1701 825 1773 scriptoribus
843 1706 1105 1774 antiquis
1122 1706 1373 1773 ejusdem
1396 1704 1561 1759 urbis
1584 1703 1797 1758 litteris

140 1774 393 1841 proditae,
419 1782 665 1829 attexam
699 1788 767 1829 ex
785 1777 950 1830 Joan.
992 1776 1209 1831 Malalaz
1233 1775 1577 1831 Antiocheni
1620 1775 1796 1829 chro-

145 1846 463 1925 npgraphia
497 1860 625 1955 pag.

145 1928 290 1955 nlnm
313 1934 326 1946 -
355 1916 499 1955 ‘Mc-r-‘y
540 1918 567 1955 λ

137 1916 326 1986 nium:
355 1916 502 1969 Μετὰ
540 1916 595 1968 δέ
630 1923 722 1982 ῆτη
754 1919 988 1986 τὲσσαρα,
1051 1925 1159 1973 etc.
1229 1939 1254 1969 α
1328 1919 1535 1973 Eodem
1608 1924 1798 1972 autem

137 1985 368 2069 Tiberio
386 1987 607 2069 Caesare
630 1994 880 2069 quatuor
910 1985 1050 2069 post
1086 1989 1279 2049 annis,
1314 2002 1513 2069 quam.
1539 1987 1800 2069 Salvator

134 2064 324 2113 noster
342 2059 508 2113 Jesus
530 2057 800 2113 Christus
830 2064 1128 2114 surrectus
1159 2073 1191 2113 a
1223 2057 1470 2115 mortuis
1500 2058 1560 2112 in
1589 2057 1797 2114 caelum

132 2137 466 2199 assumptus
494 2129 679 2183 fuerat
729 2128 864 2198 (quo
919 2130 1092 2183 etiam
1169 2136 1422 2199 tempore
1467 2129 1678 2184 Paulus
1739 2130 1798 2184 in

131 2198 401 2254 Ciliciam
435 2199 948 2269 transmigraverat
972 2199 1173 2254 relicta
1216 2198 1527 2256 Antiochia
1574 2201 1794 2269 Magna,

131 2269 222 2323 ubi
251 2271 493 2341 verbum
537 2271 637 2324 Dei
672 2270 897 2339 primus
927 2284 1053 2325 cum
1108 2272 1363 2327 Barnaba
1407 2271 1792 2341 praedicasset,

132 2354 302 2410 prope
334 2340 648 2394 Pantheum
677 2342 955 2413 _innvico
1004 2341 1336 2413 Singonio):
1387 2340 1472 2405 eo,
1530 2342 1789 2413 inquam,

129 2417 385 2479 tempore
418 2413 615 2466 Petrus
640 2411 710 2465 ab
764 2411 1177 2482 Hierosolymis
1227 2413 1531 2468 discedens
1580 2412 1794 2467 Antio-

130 2484 315 2536 chiam
341 2483 530 2535 venit:
590 2482 700 2553 ubi
754 2483 1116 2550 promulgato
1168 2484 1477 2553 Evangelio
1531 2485 1787 2552 episcopi

134 2566 339 2608 munus
372 2552 649 2620 suscepit,
683 2559 811 2608 etc..
849 2554 935 2608 uti
968 2554 1086 2609 haec
1116 2553 1378 2608 Clemens
1417 2562 1472 2609 et
1512 2555 1789 2610 Tatianus

133 2623 548 2692 sapientissimi
572 2624 994 2693 chronographi
1019 2625 1234 2679 litteris
1267 2625 1663 2693 prodiderunt.
1689 2644 1715 2674 ι

192 2694 571 2764 Opportunus
599 2700 687 2749 est
718 2694 880 2749 locus
898 2694 994 2750 hic
1022 2696 1311 2751 inserendi
1331 2695 1787 2751 observationem

134 2765 235 2836 viri
270 2766 330 2820 in
358 2765 567 2836 primis‘
596 2764 774 2833 docti,
810 2779 935 2835 quae
960 2765 1256 2822 illustrare
1280 2767 1491 2836 poterit
1532 2768 1790 2823 chrono—

136 2835 357 2903 logiam,
381 2841 438 2891 et
460 2835 853 2908 fundationem
872 2837 1028 2891 sedis
1043 2835 1414 2894 Antiocheam
1433 2851 1543 2893 non
1571 2840 1785 2908 minus,

135 2921 294 2975 quam
316 2909 587 2962 Romanae
612 2913 671 2961 et
697 2907 1120 2962 Alexandrinze.

199 2978 455 3034 Pervidit
494 2978 1010 3034 reverendissimus
1046 2981 1108 3033 P.
1173 2979 1310 3037 abb.
1371 2979 1693 3035 Bacchinus
1726 2981 1785 3035 in

133 3050 350 3120 erudita
404 3050 818 3120 dissertatione
864 3050 935 3104 de
989 3050 1334 3120 Originibus
1380 3052 1786 3106 ecclesiasticae

133 3118 468 3176 hierarchiae
500 3135 624 3191 pag.
653 3118 771 3187 494,
806 3118 1292 3192 antiquam—illam
1333 3122 1626 3191 Apollonii
1662 3137 1787 3177 nar-

133 3192 400 3247 rationem
439 3193 511 3246 de
540 3192 898 3247 (luodenario
941 3206 1224 3249 annorum
1252 3206 1491 3249 numero
1524 3195 1787 3262 interpo-

138 3264 312 3318 nendo
346 3264 507 3318 inter
533 3263 940 3318 Ascensionem
963 3265 1217 3321 Domini.
1272 3272 1329 3319 et
1376 3263 1785 3333 profectionem

132 3334 512 3405 apostolorum
539 3334 610 3387 ab
630 3334 1042 3404 Hierosolymis
1090 3336 1149 3390 in
1172 3336 1516 3405 provincias,
1548 3350 1791 3391 commo-

137 3404 283 3475 dius,
318 3420 383 3460 ac
412 3405 613 3459 verius
634 3420 757 3459 esse
785 3404 1203 3475 exponendam,
1230 3413 1349 3461 tum
1381 3420 1449 3460 ex
1500 3404 1555 3460 vi
1581 3407 1790 3461 Greca:

129 3474 395 3531 dictionis
451 3479 954 3547 χωρισθῆναεᾳυειω
984 3477 1257 3531 adhibuit
1304 3477 1607 3543 Eusebius,
1664 3483 1786 3532 tum

129 3557 187 3599 ex
210 3549 642 3613 comparatione
670 3548 959 3603 dictorum
988 3561 1021 3602 a
1059 3548 1229 3603 Paulo
1249 3547 1527 3616 apostolo,
1565 3548 1623 3602 in
1656 3550 1789 3617 epi-

130 3618 260 3689 stola
293 3619 361 3673 ad
392 3617 634 3672 Galatas
649 3626 851 3689 agente
878 3620 949 3674 de
977 3620 1162 3688 primo
1184 3620 1429 3674 adventu
1451 3632 1558 3673 suo
1597 3619 1789 3674 Hiero-

132 3687 415 3758 solymam.
484 3687 785 3759 Utrimque
810 3691 963 3744 enim
983 3687 1244 3760 'collegit,
1284 3697 1630 3759 praeceptum
1664 3690 1787 3745 illis

129 3770 227 3813 non
252 3760 459 3826 fuisse,
492 3774 561 3815 ne
608 3761 798 3827 pedem
852 3760 1172 3830 proferrent
1222 3770 1383 3816 extra
1435 3761 1785 3829 Jerusalem;

130 3830 213 3885 sed
235 3844 302 3886 ne
333 3831 630 3888 Ecclesias
648 3829 958 3887 fundarent
982 3834 1135 3886 intra
1167 3833 1222 3887 id
1247 3832 1543 3901 temporis,
1569 3833 1639 3886 ab
1664 3833 1791 3887 Hie-

133 3902 533 3972 rosolymitana
580 3916 693 3957 non
741 3904 1142 3972 dependentes.
1203 3903 1263 3958 Id
1313 3903 1466 3957 enim
1495 3904 1785 3972 interpre-

134 3973 353 4029 tandum
398 3976 714 4047 χωρισθῆναι
766 3981 853 4040 τῆς
901 3973 1248 4047 Ἰερονσαλὴμ.
1303 3974 1374 4028 ab
1432 3974 1783 4047 Hierusalem

134 4044 410 4113 segregari,
427 4044 719 4113 separari,
751 4046 989 4113 sejungi,
1036 4059 1137 4100 seu
1183 4045 1420 4100 alteram
1471 4044 1783 4100 Ecclesiam

137 4111 378 4181 fundare,
412 4111 546 4186 quae
562 4115 633 4170 ab
661 4111 1176 4187 Hierbsolymitana
1211 4117 1449 4171 minime
1473 4117 1783 4184 penderet;

136 4192 399 4256 quatenus
426 4188 584 4242 intra
607 4188 909 4242 duodecim
954 4201 1137 4243 annos
1163 4197 1219 4242 et
1243 4188 1635 4256 apostolorum
1657 4187 1787 4242 col—

137 4251 353 4327 legium,
400 4258 502 4314 cui
556 4260 755 4313 Petrus
808 4266 1062 4327 praeerat,
1126 4251 1397 4329 tanquam
1460 4272 1616 4313 novin
1640 4258 1785 4324 legis

137 4329 450 4394 synedrium
482 4330 667 4398 majus
698 4330 1112 4399 Hierosolymis
1127 4335 1350 4384 tantum
1374 4330 1614 4398 sederet,
1638 4330 1787 4384 toti-

142 4410 237 4469 que
268 4402 600 4457 Judaeonum
625 4403 983 4457 credentium
1017 4402 1193 4455 (τίειυὶ
1231 4402 1333 4469 jus
1384 4403 1624 4468 diceret,
1673 4406 1782 4455 etc.

135 4467 480 4528 Constituere
508 4479 698 4527 autem
733 4474 1053 4542 principem
1079 4467 1316 4526 alteram
1345 4473 1656 4527 Ecclesiam
1682 4472 1784 4527 ubi

137 4544 510 4613 apostolorum
552 4544 842 4612 quispiam
910 4544 1152 4606 sederet,
1200 4543 1321 4597 ﬁeri
1368 4558 1478 4599 non
1543 4549 1783 4613 poterat,

636 1843 755 1934 £311
783 1847 931 1931 edit.
964 1847 1481 1934 Londinensishoc
1533 1846 1800 1934 testimo-
1829 1867 1882 1927 Β

1820 3230 1869 3292 C

1915 560 2241 689 Eusebiatio
2278 563 2556 619 cbronico
2607 564 2779 634 paulo
2825 574 2957 620 ante
3006 567 3285 633 producto
3335 560 3577 625 miriﬁce

1915 644 2156 689 congrui
2193 673 2209 689 .

1913 644 2209 703 congruit.

2355 756 2595 797 EJUSDEM
2629 757 2780 798 NOTE
2806 758 3130 800 ΙίῐΞΤΟΙὶιΕᾸΞ.

1979 848 2151 904 Linea
2179 846 2324 925 i.__——
2354 850 2747 925 Autiocltenus.
2773 851 2943 925 Deest
2971 850 3052 925 in
3092 853 3354 925 catalogo
3400 858 3576 914 Libe-

1908 920 2119 993 riano_:_
2136 919 2376 993 additur
2404 920 2469 993 in
2493 921 2949 993 posterioribus.
2964 922 3163 992 Aliqui
3219 919 3421 993 putant
3448 943 3572 984 me—

1906 990 2182 1062 tropolim
2219 992 2527 1058 provincia!
2551 992 2837 1062 Romanze,
2867 992 2975 1048 sub
3027 990 3140 1062 qua
3168 990 3406 1053 Galilzea
3432 1014 3575 1055 cen-

1907 1060 2749 1134 sebatur,subrogatamfuisse
2770 1064 2949 1119 natali
2980 1060 3123 1134 solo,
3157 1066 3217 1121 in
3262 1072 3575 1127 tetrarchia

1909 1133 2063 1203 regis
2087 1134 2268 1207 exteri
2295 1133 2783 1207 constituto._Alii
2831 1136 3166 1203 opinantur,
3200 1143 3573 1207 posteriorem

1907 1204 2244 1282 aetatemjta
2265 1204 2553 1282 appellare
2574 1203 2828 1282 voluisse
2856 1208 3079 1262 Petrum
3120 1203 3574 1282 ex'epismpatu

1909 1277 1993 1332 ibi
2033 1291 2130 1345 per
2145 1277 2511 1348 septennium
2525 1275 2968 1348 administrato;
2997 1292 3124 1333 cum
3141 1275 3450 1348 episcopus
3465 1283 3577 1339 ha—

1910 1348 2114 1404 beatur
2142 1348 2368 1415 primus
2418 1346 2570 1400 inter
2625 1346 2798 1401 cives.
2844 1348 2946 1403 His
2982 1346 3232 1405 attamen
3278 1346 3575 1409 lubentius

1912 1420 2207 1492 przet'eram
2229 1418 2462 1492 tertiam
2483 1429 2737 1492 causam,
2758 1418 3048 1492 aJosepho
3069 1421 3147 1475 ita
3164 1421 3567 1492 colligendam.

1908 1487 2463 1545 NarratJudaeorum
2501 1487 2822 1543 historicus
2855 1488 3004 1545 libro
3027 1503 3133 1550 xu.
3164 1505 3287 1559 cap.
3310 1487 3393 1553 ’3.
3422 1497 3572 1551 inter

1909 1569 2144 1616 caeteros
2178 1560 2441 1623 honores,
2474 1572 2594 1613 suae
2622 1560 2877 1615 nationis
2930 1560 3268 1619 hominibus
3313 1566 3573 1623 decretos

1910 1632 2242 1702 privilegiis
2269 1630 2701 1702 Seleucidarum
2737 1644 2805 1702 ac
2842 1631 3247 1701 Romanorum,
3279 1640 3567 1692 numerari

1908 1701 2081 1758 etiam
2114 1701 2213 1770 jus
2241 1702 2510 1756 civitatis;
2533 1701 2919 1773 Antiocheme,
2953 1703 3031 1757 ita
3058 1705 3145 1759 eis
3166 1706 3471 1773 tributum,
3508 1714 3615 1764 ut“

1912 1774 2033 1844 pari
2067 1773 2401 1829 conditione
2431 1786 2566 1844 cum
2586 1772 2803 1827 Graecis
2819 1786 2885 1828 ac
2917 1775 3323 1832 Macedonibus
3347 1778 3427 1832 ibi
3463 1772 3572 1835 de—

1910 1841 2653 1917 gerent.Praeterea__refert
2685 1844 2738 1917 id
2775 1845 3143 1917 privilegium
3175 1853 3287 1902 tam
3319 1857 3512 1904 sancte
3536 1864 3569 1904 a

1910 1912 2185 1971 Romanis
2210 1912 2577 1984 principibus
2597 1912 3013 1971 conﬂrmatum’
3054 1916 3235 1974 fuisse
3254 1927 3311 1975 et
3366 1927 3572 1976 custo—

1910 1989 2122 2051 ditum,
2153 1993 2217 2042 ut
2254 1984 2362 2041 sub
2389 1986 2734 2054 Vespasiano
2755 1999 2822 2041 ac
2871 1988 3001 2043 Tito
3055 1989 3455 2054 Alexandrini,
3512 1999 3568 2046 et

1910 2058 2325 2113 Antiochenses
2356 2054 2572 2111 frustra
2597 2057 2941 2112 tentaverint
2973 2059 3029 2114 id
3070 2060 3225 2127 juris
3256 2061 3433 2117 adimi
3460 2063 3570 2117 Ju—

1908 2129 2072 2183 dzeis.
2100 2128 2287 2196 Quare
2315 2140 2427 2182 non
2462 2128 2624 2182 modo
2653 2128 2769 2183 vita
2822 2130 2971 2184 Petri
3014 2137 3331 2199 constante,
3373 2147 3568 2189 verum

1908 2201 2239 2273 etiampost
2264 2199 2521 2273 ejusdem
2550 2199 2888 2273 martyrium
2918 2202 3182 2270 (Josepho
3203 2204 3415 2273 mquali
3443 2205 3571 2273 ejus

1908 2273 2062 2326 aetati
2096 2272 2150 2325 id
2188 2269 2593 2339 perscribente)
2633 2272 2962 2325 Antiocheui
3015 2276 3153 2326 cives
3214 2269 3571 2330 habebantur

1905 2342 2108 2397 Judzei.
2131 2341 2319 2411 Quare
2347 2342 2519 2395 etiam
2551 2341 2774 2397 Petrum
2839 2344 3161 2411 apostolum
3196 2346 3429 2401 natione
3464 2348 3573 2401 Ju—

1905 2414 2093 2468 daeum
2116 2426 2184 2467 ex
2211 2413 2338 2467 vico
2387 2411 2694 2483 Bethsaida
2744 2413 3168 2470 Antiochenum
3224 2416 3404 2471 civem
3427 2417 3568 2483 dici,

1903 2491 1960 2538 et
1993 2484 2188 2538 haberi
2221 2484 2446 2553 optimo
2467 2482 2599 2554 jure
2624 2497 2788 2551 posse
2815 2498 2881 2539 ac
2917 2486 3123 2540 debere
3179 2500 3343 2542 nemo
3395 2482 3573 2554 nega-é

1903 2556 2067 2609 verit.
2108 2554 2281 2609 Verba
2302 2553 2533 2625 .losephi
2564 2561 2702 2608 sunt
2756 2554 3074 2610 referenda.
3130 2555 3378 2625 Caput?
3434 2553 3571 2612 libri

1899 2638 2011 2689 χιι,
2047 2626 2127 2680 ita
2149 2625 2396 2679 claudit:
2430 2645 2455 2673 α
2493 2624 2615 2677 Haec
2642 2631 2778 2680 sunt
2806 2626 2863 2679 in
2911 2624 3236 2681 Judteorum
3298 2628 3569 2683 honorem

1901 2711 1934 2751 a
1968 2696 2343 2763 Philadelpho
2372 2694 2652 2767 exhibita.
2690 2713 2717 2744 »
2745 2696 2886 2767 Tum
2939 2697 3172 2752 inchoat
3211 2706 3384 2767 caput
3414 2697 3449 2753 3
3478 2700 3571 2754 his

1902 2781 2030 2836 qua:
2070 2771 2433 2836 sequuntur:
2471 2785 2496 2815 α
2521 2766 2625 2839 Sed
2653 2766 2800 2839 etab
2838 2767 2989 2839 Asia:
3016 2768 3252 2839 regibus
3288 2766 3567 2825 honorati

1903 2843 2041 2892 sunt
2075 2845 2303 2906 propter
2326 2842 2584 2890 navatam
2611 2836 2670 2890 in
2703 2837 2913 2892 militia
2960 2836 3164 2894 bonam
3226 2854 3292 2893 ac
3342 2840 3564 2896 ﬁdelem

1901 2909 2435 2976 operam.Namque
2465 2906 2738 2979 Seleucus
2791 2918 3167 2979 cognomento
3225 2912 3477 2967 Nicanor
3504 2912 3563 2966 in

1899 2980 2205 3051 conditisa
2232 2992 2303 3051 se
2325 2990 2421 3045 per
2452 2978 2639 3032 Asiam
2661 2985 2718 3033 et
2745 2978 3076 3036 inferiorem
3120 2982 3341 3051 Syriam
3398 2982 3567 3037 urbi—

1901 3050 2009 3106 bus
2033 3052 2090 3105 in
2114 3054 2235 3118 ipsa
2266 3049 2503 3117 denique
2532 3052 2818 3118 metropoli
2865 3049 3171 3106 Antiochia
3192 3054 3293 3118 jus
3328 3056 3566 3107 civitatis

1899 3124 1975 3176 eis
2022 3122 2194 3182 dedit,
2248 3119 2549 3189 voluitque
2580 3122 2816 3189 pariibi
2871 3135 3000 3178 eum
3045 3123 3454 3179 Macedonibus
3499 3138 3567 3179 ac

1899 3194 2117 3249 Graecis
2140 3191 2448 3263 conditione
2471 3192 2713 3263 degere:
2748 3208 2854 3261 quo
2874 3193 3006 3261 jure
3046 3209 3193 3247 nunc
3232 3210 3444 3263 quoque
3471 3211 3565 3247 vt—

1900 3271 2036 3317 vunt
2059 3265 2214 3346 inter
2236 3276 2334 3316 eos
2360 3262 2644 3346 homines.
2685 3262 3037 3346 Argumento
3059 3271 3164 3327 est,
3192 3265 3328 3346 quia
3349 3262 3564 3320 Judmis

1902 3343 2139 3390 externo
2163 3333 2288 3388 oleo
2314 3330 2653 3403 nolentibus
2676 3330 2790 3399 uti,
2808 3343 2962 3388 certa
3020 3330 3262 3403 pecunia
3305 3348 3405 3403 pro
3435 3349 3501 3389 eo
3530 3349 3563 3391 a

1903 3401 2364 3476 gymnasiarchis
2396 3402 2701 3476 penditur:
2727 3417 2901 3476 quem
2940 3401 3152 3476 morem
3184 3401 3317 3476 cum
3345 3405 3563 3459 Antio--

1901 3472 2134 3530 chensis
2163 3472 2411 3544 populus
2440 3472 2699 3539 proximo
2726 3472 2878 3529 bello
2903 3474 3178 3544 abrogare
3204 3474 3393 3537 vellet,
3449 3489 3561 3530 non

1907 3545 2170 3614 permisit
2216 3542 2539 3599 Mucianus.
2570 3544 2670 3611 qui
2701 3550 2823 3598 tum
2855 3542 3369 3614 Syriae'provincia-
3410 3560 3562 3614 prac-

1902 3625 2043 3672 erat.
2074 3615 2290 3671 Deinde
2323 3614 2641 3681 imperante
2664 3616 3027 3684 Vespasiano.
3048 3623 3105 3670 et
3120 3615 3247 3669 Tito
3264 3616 3391 3684 ejus
3419 3616 3560 3682 lilio,

1900 3686 2277 3757 Alexandrini
2303 3689 2359 3737 et
2389 3684 2804 3740 Antiochenses
2848 3694 3114 3757 rogantes
3138 3686 3317 3742 adimi
3346 3688 3561 3757 Judaeis

1888 3760 1989 3828 jus
2009 3762 2230 3817 civium,
2265 3755 2572 3828 impetrare
2600 3758 2656 3812 id
2684 3769 2796 3811 nou
2856 3755 3196 3826 potuerunt:
3256 3756 3561 3814 manifesto

1899 3826 2288 3885 Romanorum
2322 3826 2622 3898 aequitatis
2650 3833 2705 3882 et
2756 3828 3254 3898 magnanimitatis
3310 3829 3556 3885 indicio.

1898 3903 1995 3956 sed
2026 3901 2314 3970 praecipue
2348 3897 2603 3970 ipsorum
2633 3897 2963 3969 principum
2994 3901 3095 3970 qui
3142 3913 3272 3955 cum
3303 3913 3369 3955 eo
3411 3900 3561 3956 bello

1899 3969 2115 4027 multos
2142 3970 2372 4040 labores
2397 3969 2793 4040 pertulissent.
2816 3978 2872 4025 et
2916 3969 3128 4026 infensi
3186 3978 3378 4026 essent
3430 3986 3564 4040 per-

1901 4044 2175 4127 tinaciter
2201 4038 2637 4127 rebellantibus,
2664 4041 3022 4127 nihiltamen
3049 4042 3120 4098 de
3144 4044 3275 4111 jure
3301 4038 3558 4127 ipsorum

1899 4117 2265 4170 diminutum
2290 4109 2635 4183 voluerunt:
2673 4112 2847 4183 idque
2870 4126 2971 4168 nec
3003 4114 3103 4168 ira:
3142 4109 3410 4183 propriae,
3458 4128 3558 4170 nec

1896 4186 2126 4241 duobus
2159 4181 2389 4255 populis
2409 4189 2609 4255 contra
2634 4197 2732 4239 eos
2757 4181 2932 4239 licere
2957 4185 3111 4253 passi
3143 4181 3312 4254 sunt,
3375 4181 3562 4255 majo—

1900 4271 2016 4312 rem
2043 4251 2323 4311 rationem
2352 4251 2624 4325 habentes
2646 4262 2898 4310 veterum
2952 4251 3143 4325 gentis
3195 4251 3555 4323 meritorum,

1943 4342 2071 4383 uam
2099 4324 2399 4397 praesentis
2429 4325 2787 4391 oifensionis,
2835 4330 2937 4381 aut
2962 4324 3196 4396 gratiae.
3253 4340 3424 4395 quam
3450 4327 3557 4382 hoc

1922 4397 2049 4455 “acto
2068 4400 2219 4468 apud
2254 4399 2357 4452 hos
2378 4397 2621 4468 populos
2646 4397 2795 4452 inire
2828 4404 3119 4467 poterant:
3153 4397 3412 4452 dicentes
3437 4410 3554 4465 eos,

1902 4472 2005 4539 qui
2037 4467 2235 4526 contra
2263 4467 2713 4539 remiiomauam
2745 4482 2903 4523 arma
2928 4469 3199 4534 tulerant,
3248 4469 3394 4524 satis
3413 4483 3563 4538 sup—

1903 4536 2213 4610 pliciorum
2241 4536 2585 4595 exsolvisse:
2616 4554 2714 4595 eos
2736 4554 2887 4609 vero,
2918 4542 3018 4611 qui
3039 4540 3189 4594 nihil
3209 4536 3555 4609 peccassent,

138 4612 263 4676 quin
288 4623 341 4667 et
366 4614 514 4669 alibi
537 4610 843 4683 apostolici
870 4615 1099 4681 collegii
1130 4614 1470 4682 jurisdiclio
1501 4610 1788 4684 plenissi-é
1817 4610 1870 4670 D
1901 4627 2013 4668 non
2035 4628 2159 4669 esse
2178 4610 3487 4684 aequumspoliarisuispriv’ilegiisetjuribus.
3528 4630 3555 4660 ι

140 4692 215 4756 me
229 4693 606 4750 exerceretur,
626 4694 681 4741 et
697 4686 840 4756 quin
864 4686 984 4741 sola
1000 4687 1292 4741 desineret
1318 4700 1442 4741 esse
1464 4686 1781 4756 Hierosoly-

144 4752 332 4828 mitana
370 4756 647 4825 Ecclesia,
682 4752 808 4827 qua:
835 4757 1061 4812 caeteris
1088 4765 1390 4827 praeesset;
1412 4758 1563 4828 quod
1593 4752 1786 4825 segre-

139 4827 265 4889 gari,
292 4828 909 4897 sejungi,separarique
961 4828 1033 4883 ab
1071 4829 1427 4883 Hierusalem
1488 4835 1632 4897 erat,
1680 4828 1781 4884 ubi

147 4906 234 4960 pro
276 4897 599 4955 Judteorum
655 4912 811 4955 more
856 4900 1299 4955 Jurisdtctionis
1349 4900 1669 4969 plenitudo,
1727 4905 1783 4954 et

142 4977 285 5032 apex.
311 4971 464 5025 Licet
492 4971 677 5041 igitur
726 4971 1055 5026 cathedram
1096 4972 1477 5040 episcopalem
1527 4972 1785 5026 dedisset

142 5041 417 5101 apostolus
444 5044 644 5097 Petrus
670 5042 1048 5098 Antiochenis
1071 5043 1140 5097 ad
1184 5042 1349 5097 iidem
1401 5042 1621 5097 Christi
1653 5055 1780 5098 con-

143 5110 306 5183 versis
324 5119 455 5168 ante
484 5114 824 5170 sexennium
851 5113 1198 5183 completum
1222 5126 1255 5168 a
1279 5113 1498 5169 Christi
1548 5113 1779 5169 Domini

146 5177 508 5261 ascensione;
539 5184 731 5254 potuit
752 5177 1175 5261 __nihiloininus_
1218 5184 1384 5261 illius
1413 5185 1783 5261 episcopatus

143 5254 588 5314 jurisdtctionem
642 5262 701 5311 et
751 5255 971 5311 limites
1025 5258 1277 5312 nondum
1319 5256 1642 5327 designare,
1684 5257 1780 5311 sed

149 5331 408 5399 reservare
472 5327 539 5399 ad
605 5327 1068 5399 duodecennium
1132 5327 1485 5392 absolutum,
1552 5328 1783 5399 quando

150 5389 362 5469 jlotnam
386 5396 675 5466 profectus
690 5412 843 5453 anno
873 5395 942 5455 40
966 5399 1130 5467 juxta
1154 5406 1409 5455 nostram
1438 5389 1783 5455 sententiam

149 5465 463 5545 tn'iiomana
487 5471 618 5525 sede
670 5465 1089 5545 plenitudinem
1116 5471 1425 5545 pastoralis
1446 5469 1619 5526 ofﬁcii
1639 5484 1788 5545 con—

147 5533 1177 5609 tulit,etprimatnm'superuniversas
1206 5542 1523 5597 Ecclesias:
1553 5543 1783 5597 eodem-

148 5615 246 5687 que
269 5612 547 5687 :inno,__vel
570 5613 840 5687 proxime
858 5614 1132 5687 insecuto
1176 5614 1366 5687 potuit
1414 5614 1783 5687 Antiochente

147 5678 282 5751 sedis
306 5678 744 5747 amplitudinem
771 5684 1031 5739 Orientis
1055 5678 1437 5739 attributione
1485 5685 1698 5751 metiri,
1731 5690 1787 5739 et

145 5746 523 5822 alexandrina:
554 5756 959 5809 auctoritatem
1011 5757 1366 5810 constituere
1398 5769 1574 5822 supra
1607 5746 1790 5811 meri-

144 5814 383 5897 dionales
415 5825 826 5897 provinciasa
847 5825 1180 5897 quindecim
1205 5814 1607 5882 Orientalibus
1635 5840 1798 5897 sepao

147 5894 301 5961 ratas,
333 5892 394 5948 in
424 5893 584 5951 illam
614 5892 917 5967 Evodium,
948 5895 1007 5951 in
1039 5897 1186 5953 hanc
1232 5898 1489 5955 Marcum
1508 5892 1785 5969 ablegans

1971 4686 2144 4739 Linea
2174 4685 2229 4739 3.
2260 4713 2332 4725 —-
2388 4684 2674 4749 Ingressus
2707 4684 2894 4737 urbem
2944 4685 3165 4737 Romam
3196 4682 3297 4735 sub
3348 4683 3558 4737 Nerone

1897 4754 2124 4810 Cmsare.
2156 4757 2330 4810 Initio
2360 4754 2587 4812 scilicet
2611 4755 2978 4822 principatus
3008 4753 3257 4817 Claudii,
3314 4753 3557 4808 Neronis

1894 4828 2068 4882 Drusi
2101 4826 2232 4886 ﬁlii.
2256 4827 2425 4895 cujus
2446 4827 2619 4895 stirpi
2640 4833 2753 4880 tam
2773 4823 3063 4879 familiare
3090 4823 3203 4879 fuit
3223 4837 3558 4896 cognomen-

1896 4904 2016 4952 tum
2039 4900 2336 4957 Neronum.
2363 4895 2572 4953 Sabina
2606 4896 2804 4965 lingua
2837 4898 3035 4965 fortem
3074 4895 3430 4965 signiﬁcans,
3465 4902 3555 4950 te—

1896 4969 2087 5024 stibus
2105 4970 2383 5024 Suetonio
2410 4975 2466 5022 et
2491 4963 2716 5031 Gellio;
2746 4974 2808 5022 ut
2836 4964 2942 5021 Od.
2966 4963 3045 5035 4.,
3082 4963 3187 5020 lib.
3246 4980 3321 5036 tv,
3369 4967 3556 5021 Hora—

1896 5040 2018 5095 tius
2048 5040 2141 5094 bis
2171 5046 2331 5094 vocet
2353 5042 2594 5095 Nerones
2619 5038 2746 5105 ejus
2779 5043 3018 5108 agnatos
3044 5056 3056 5091 :
3082 5044 3139 5092 et
3162 5037 3321 5093 ﬁlius
3354 5038 3551 5093 Domi-

1896 5112 2018 5167 tius
2042 5111 2264 5166 ascitus
2288 5112 2348 5164 in
2367 5111 2593 5181 geniem
2609 5109 2908 5181 Claudiam
2926 5110 3077 5181 Nero
3098 5110 3179 5165 sit
3207 5109 3553 5181 appellatus.

1900 5189 2070 5253 prout
2094 5182 2187 5236 hic
2210 5180 2389 5253 etiam
2420 5182 2755 5253 nominatur
2784 5180 2888 5235 lin.
2918 5180 2973 5253 8,
2998 5180 3083 5236 vel
3110 5181 3162 5235 si
3188 5181 3259 5236 de
3306 5180 3556 5253 Domitio

1898 5252 2118 5309 Nerone
2148 5252 2447 5321 intelligit,
2484 5252 2858 5321 posteriorem
2902 5252 3213 5307 adventum
3245 5252 3395 5307 Petri
3421 5265 3551 5307 curn

1899 5328 2092 5396 priore
2114 5323 2439 5380 confundit.

1967 5400 2046 5453 De
2068 5396 2422 5452 testimoniis
2441 5401 2718 5455 veterum,
2775 5393 3288 5464 comprobantibus
3335 5393 3544 5449 adven-

1900 5475 2020 5525 tum
2059 5468 2449 5538 apostolorum
2479 5466 2763 5537 principis
2792 5467 2852 5521 in
2898 5467 3102 5521 Urbem
3144 5480 3269 5521 aeris
3298 5465 3555 5535 vulgaris

1899 5536 2119 5596 Christi
2143 5553 2294 5595 anno
2312 5536 2399 5605 40,
2420 5536 2565 5594 satis
2580 5538 2805 5609 egimus
2826 5538 2883 5592 in
2919 5539 3070 5593 notis
3099 5537 3549 5607 chronologicis.

1891 5614 2153 5679 Occasio,
2188 5618 2244 5665 et
2272 5613 2419 5666 ratio
2448 5612 2702 5673 itineris,
2734 5615 2909 5677 atque
2959 5610 3280 5677 hospitium
3307 5609 3554 5679 apostoli

1899 5691 1961 5744 in
1995 5678 2147 5738 Urbe
2166 5682 2433 5737 videntur
2476 5682 2571 5736 hic
2617 5679 2974 5750 attingenda.
3016 5680 3211 5749 Neque
3244 5679 3303 5734 in
3351 5678 3553 5734 Urbem

1908 5756 2095 5821 modo,
2156 5752 2252 5807 sed
2302 5760 2358 5808 et
2392 5754 2450 5807 in
2509 5748 2847 5807 remotiores
2895 5748 3227 5806 Occidentis
3293 5751 3556 5820 regiones

1906 5823 2393 5901 (quandoquidem
2421 5824 2910 5901 apud‘Britannos
2945 5835 3177 5901 quoque
3227 5820 3556 5901 excurrisse

1907 5890 2140 5959 Petrum
2170 5890 2356 5964 aliqui
2377 5891 2601 5963 putant)
2620 5906 2692 5948 an
2723 5890 3098 5963 pervenerit,‘
3125 5890 3396 5950 nonnihil
3439 5893 3554 5944 erit
