3912 6400
348 268 495 328 4027

1590 277 1953 334 ANASTASII
1989 278 2532 336 BIBLIOTHECARII

3652 286 3808 344 4028

346 399 1994 493 ᾳςιξιξερηάειρεξξξειῗξιωτθξηεξγξιξξιξξζίιεεηΡιξξξεῒμειξίξ-
2025 401 2086 462 Α
2108 421 2245 493 dum
2277 421 2585 478 militarem
2618 423 2676 478 in
2709 423 2825 478 alia
2851 423 3076 493 legione
3123 425 3508 481 occidentales
3551 432 3806 480 tractus

343 470 506 526 Anno
531 467 600 526 40
623 471 948 542 communis
974 483 1099 525 aera:
1133 471 1512 542 Christianae.
1565 471 1666 542 qui
1715 472 1998 527 duodeci-

345 553 473 595 mus
503 547 627 595 erat
645 554 677 594 a
697 541 966 596 Passione
982 541 1238 606 Domini,
1259 545 1485 598 Petrum
1507 541 1736 599 Romam
1753 544 1997 600 venisse.

345 618 599 666 veterum
650 612 986 667 testimonio
1043 611 1294 681 probavi.
1349 613 1590 669 Occasio
1647 614 1696 668 si
1758 627 2000 682 usquam

346 689 627 754 prompta,
661 682 766 738 hoc
810 690 963 738 certe
987 696 1138 738 anno
1182 685 1414 740 caelitus
1467 685 1657 740 oblata
1702 691 1758 739 et
1808 690 2002 754 parata

344 749 475 824 fuit.
502 749 738 807 Constat
765 754 917 808 enim
940 767 1010 808 ex
1049 755 1294 811 Actibus
1339 756 1750 824 apostolorum,
1804 749 2003 810 divina

342 823 573 896 visione
603 825 1005 896 praemonitum
1059 826 1310 894 Petrum,
1353 823 1418 881 ut
1467 833 1661 896 gentes
1704 827 1999 894 reciperet,

343 893 696 949 inchoassea
753 895 1018 950 Cornelio
1060 893 1410 952 Centurione
1459 893 1719 952 cohortis
1765 893 2000 963 Italica,

347 963 783 1038 uniussciklicet
801 980 868 1020 ex
897 971 1148 1038 quatuor
1179 967 1531 1038 legionibus,
1560 982 1688 1038 quae
1717 975 1838 1023 tum
1868 975 2005 1021 tem-

343 1035 501 1103 poris
533 1037 591 1090 in
621 1035 784 1105 Syria
811 1035 974 1092 erant
993 1035 1305 1093 collocatae.
1351 1041 1428 1092 Ex
1469 1035 1684 1107 Tacito,
1712 1051 1777 1093 ac
1824 1039 2004 1093 Dione

343 1107 568 1180 easdem
598 1113 861 1180 numerat
921 1109 1236 1180 Panvinius
1284 1116 1497 1171 noster,
1549 1109 1831 1180 legionem
1887 1123 1998 1163 IIII.

339 1177 688 1246 Scythicam,
721 1178 999 1247 legionem
1025 1193 1096 1232 VI.
1131 1179 1462 1246 Victricem,
1487 1177 1768 1249 legionem
1798 1194 1851 1235 x.
1883 1180 2002 1234 Ge-

341 1245 576 1321 minam,
607 1245 786 1312 Piam,
813 1249 1085 1312 Fidelem,
1133 1258 1190 1305 et
1237 1245 1516 1321 legionem
1546 1245 1660 1304 3m.
1698 1245 2001 1305 Fulmina—

340 1320 564 1390 tricem.
586 1321 889 1390 Legionem
921 1334 994 1388 Vl,
1026 1334 1198 1390 prope
1217 1320 1550 1376 Laediceam
1577 1322 1636 1375 in
1695 1321 1861 1390 Syria
1891 1321 1999 1376 sub

341 1389 580 1446 Tiberio
613 1389 851 1446 hiberna
886 1389 1156 1446 habuisse
1186 1393 1420 1447 Tacitus
1449 1391 1620 1446 refert
1663 1389 1866 1446 Annal.
1931 1405 1994 1456 Il,

339 1473 398 1514 n.
429 1457 522 1527 79,
549 1469 764 1516 sextam
789 1462 1057 1517 ferratam
1084 1463 1143 1517 in
1173 1463 1365 1518 Judtea
1395 1463 1566 1518 sitam
1602 1464 1708 1517 Dio
1738 1463 2000 1518 nominat

340 1532 450 1588 lib.
489 1546 576 1599 LV,
598 1540 655 1587 et
686 1534 743 1586 in
775 1533 1050 1602 Hispania
1069 1533 1306 1588 Galbam
1354 1534 1752 1602 imperatorem
1785 1535 1996 1588 Panvi—

343 1603 478 1658 nius
502 1603 826 1659 observavit
849 1603 1138 1674 abeadem
1164 1605 1389 1672 legione
1429 1610 1704 1674 creatum.
1762 1605 1993 1674 Baptis—

299 1687 499 1746 omum
552 1675 806 1729 Cornelii
855 1673 1113 1746 referunt
1188 1689 1385 1730 omnes
1425 1673 1604 1734 ferme
1650 1673 1988 1746 chronOlogi

338 1726 425 1798 vei
467 1726 806 1814 insuetas;
857 1726 1632 1801 iéi"a;i“'ansa‘a'sasva;n
1657 1726 1988 1801 ἐἶ’ἰέῐιῖίὲῗί
2019 1726 2068 1786 Β

340 1815 641 1886 Passione,
677 1817 777 1884 qui
802 1814 980 1871 fuerit
1011 1815 1269 1885 vulgaris
1320 1831 1444 1872 tera:
1471 1815 1561 1882 36,
1611 1831 1726 1886 quo
1761 1817 1988 1872 scilicet

337 1884 511 1940 Caius
559 1885 792 1942 Tiberio
861 1884 1143 1942 successit
1200 1889 1427 1941 Proculo
1475 1894 1525 1942 et
1572 1884 1801 1954 Nigrino
1848 1903 1982 1942 coss.

334 1957 528 2012 Tertio
555 1957 729 2024 hujus
754 1959 983 2028 imperii
1008 1972 1158 2014 anno
1178 1978 1204 2010 α
1228 1959 1617 2027 expeditionis
1634 1959 1987 2014 Germanica:

338 2028 587 2100 impetus
609 2029 811 2100 Caium
838 2028 1096 2100 cepit(ut
1125 2031 1183 2084 in
1211 2031 1338 2100 ejus
1383 2031 1510 2084 Vita
1549 2031 1727 2085 tradit
1776 2031 1987 2085 Sueto—

337 2099 474 2154 nius
501 2113 621 2168 cap.
655 2098 740 2170 63)
772 2115 954 2170 neque
977 2098 1354 2168 distulit,sed
1388 2100 1736 2170 legionibus,
1769 2107 1826 2155 et
1875 2116 1990 2156 au—

333 2171 439 2226 xili
454 2173 501 2224 is
525 2172 782 2242 undique
797 2173 1025 2228 excitis.
1044 2173 1366 2228 delectibus
1387 2172 1602 2241 ubique
1617 2171 1988 2226 acerbissime

333 2241 498 2308 actis,
521 2241 817 2299 contracto
842 2249 898 2298 et
929 2244 1120 2306 omnis
1167 2244 1393 2314 generis
1423 2250 1743 2298 commeatu
1799 2256 1991 2314 quan—

338 2318 458 2385 tum
492 2327 785 2385 nunquam
813 2315 980 2379 alias,
1014 2317 1123 2369 iter
1146 2313 1452 2384 aggressus
1489 2321 1595 2368 est.
1633 2332 1658 2362 ι)
1693 2313 1990 2380 Expeditio

337 2383 455 2455 hth
473 2383 799 2453 subitanea,
821 2385 890 2439 ad
911 2399 1082 2455 quam
1102 2383 1332 2450 legiones
1348 2385 1589 2453 undique
1601 2385 1991 2455 accivitCni'us,

338 2454 396 2525 in
423 2455 779 2510 Britanniam
800 2453 1184 2525 dirigebatur,
1210 2457 1360 2510 unde
1376 2455 1710 2509 Adminium
1735 2453 1996 2525 Cinobel-

337 2523 448 2578 lini
483 2526 886 2580 Britannorum
919 2523 1073 2595 regis
1099 2525 1282 2580 filium
1310 2540 1341 2580 a
1383 2531 1540 2594 patre
1569 2526 1797 2595 pulsum
1824 2524 1880 2576 in
1907 2525 2000 2595 de:

337 2595 623 2664 ditionem
658 2594 1141 2662 reccpit;liCetad
1160 2595 1394 2664 legenda
1411 2594 1999 2664 conchiliainOcatni

343 2663 544 2720 littore
572 2678 632 2718 se
660 2665 1028 2718 converterit.
1057 2663 1346 2719 Promovit
1371 2671 1618 2718 attamen
1656 2664 1760 2718 hoc
1787 2663 2001 2718 bellum

337 2733 632 2789 Claudius
653 2733 885 2801 imperii
912 2735 1119 2788 initio:
1147 2747 1180 2788 a
1201 2748 1316 2804 quo
1337 2735 1510 2788 etiam
1545 2733 1798 2803 legiones
1821 2740 1940 2788 tum
1961 2749 1999 2788 ιι

339 2811 397 2859 et
423 2818 516 2868 xx,
543 2818 614 2859 ex
645 2804 973 2874 Germania,
999 2811 1122 2860 tum
1154 2817 1242 2858 llll
1295 2813 1352 2858 et
1400 2818 1457 2856 v1
1511 2817 1576 2858 ac
1633 2819 1668 2859 χ
1715 2819 1785 2860 ex
1838 2805 2002 2874 Syria

345 2875 402 2929 in
427 2874 822 2941 Occidentem,
846 2873 1059 2944 aliqua:
1079 2876 1252 2929 etiam
1282 2875 1342 2929 in
1391 2874 1750 2930 Britanniam
1804 2873 2002 2930 trans—

337 2944 482 3026 latae.
510 2946 1077 3026 legunturhquarum
1097 2945 2004 3026 Anummialiquot,_etinscriptio-

336 3029 438 3071 nes
470 3030 529 3071 In

344 3100 490 3142 mam
523 3086 662 3142 Gale
682 3086 998 3141 Comment.
1025 3088 1092 3142 ad
1120 3089 1230 3142 iter
1249 3086 1646 3144 Britannicum
1679 3089 1956 3143 Antonini
1985 3107 1998 3141 :

343 3163 517 3226 prout
543 3158 774 3230 Sextum
804 3171 1035 3227 quoque
1079 3161 1378 3221 Victricem,
1404 3173 1529 3228 qua:
1586 3167 1797 3214 eratex
1853 3173 2003 3230 qua—

341 3235 474 3284 tuor
503 3229 574 3283 ab
599 3230 862 3298 Augusto
896 3230 1116 3284 relictis
1150 3232 1208 3284 in
1241 3231 1426 3299 Syria,
1455 3231 1622 3298 paulo
1666 3238 1791 3297 post
1821 3229 1882 3284 in
1903 3234 2006 3285 Ita-

336 3299 558 3372 liamret
586 3301 952 3372 Germaniam
987 3303 1343 3372 concessisse
1383 3301 1698 3356 Panvinius
1751 3302 1998 3372 colligit,

339 3371 711 3439 eamdemque
742 3371 1056 3426 Britanniae
1091 3373 1362 3439 praesidio
1383 3372 1636 3427 additam
1664 3373 1870 3427 doucnt
1904 3371 2003 3426 in—

335 3441 684 3510 scriptiones
715 3455 746 3496 a
801 3443 939 3496 Gale
980 3450 1324 3497 memoratae.
1378 3443 1508 3498 Sive
1566 3443 1749 3511 igitur
1797 3443 2000 3512 rapido

333 3513 522 3567 accitu
551 3513 699 3580 Caii,
721 3512 840 3568 sive
860 3512 1103 3568 Claudio
1125 3515 1431 3582 imperium
1458 3521 1786 3569 assumente
1815 3515 1998 3568 excita

337 3582 488 3654 legio
520 3583 718 3652 fuerit,
755 3583 812 3638 in
850 3597 962 3652 qua
1012 3585 1318 3640 Cornelius
1363 3585 1660 3640 Centurio.
1695 3593 1751 3640 et
1794 3587 2002 3640 cohors

337 3655 534 3710 Italica
562 3654 854 3710 militabat
878 3671 893 3709 :
918 3655 1042 3710 sive
1065 3656 1186 3722 ipse
1205 3656 1510 3711 Cornelius
1525 3655 1804 3711 confectis
1823 3657 2001 3723 justis

335 3725 654 3795 stipendiis
680 3726 980 3782 honestam
1011 3727 1346 3783 missionem
1375 3727 1720 3796 obtinuerit,
1752 3736 1855 3782 aut
1880 3741 2004 3798 gra-

1586 3932 1717 3987 NEC

1580 4001 1871 4058 MAXIMU

1577 4075 1744 4130 NIGE

1264 4145 1302 4200 S
1591 4144 1788 4199 IVSTV

1259 4218 1297 4272 S
1587 4216 1816 4271 FLOBV

1263 4287 1300 4343 S
1587 4287 1785 4342 IVSTV

833 4430 1166 4485 HYPSIACV
1259 4429 1298 4484 S
1583 4427 1764 4482 FERO

830 4500 1125 4557 AEBVTIV
1255 4503 1294 4554 S
1577 4499 1861 4554 MAXIMV

836 4571 1195 4627 VENNONIV
1254 4571 1292 4626 S
1576 4571 1746 4626 SUPE

837 4642 1146 4698 APRONIV
1257 4645 1295 4696 S
1585 4643 1794 4696 FESTV

833 4713 1124 4769 RINARIV
1251 4713 1288 4769 S
1573 4713 1904 4768 EXORATV

831 4785 1083 4840 FAIPON
1093 4785 1159 4840 IV
1249 4785 1287 4840 S
1572 4785 1820 4839 SABINV

897 4883 1056 4938 RCIV
1241 4883 1278 4939 S
1571 4883 1838 4939 OPTATV

933 4981 1051 5038 ων
1253 4983 1290 5038 S
1577 4982 1746 5036 SVPE

995 5053 1040 5107 ν
1242 5054 1280 5109 S
1568 5054 1940 5108 RESTITVTV

1005 5125 1050 5180 V
1233 5126 1271 5182 S
1561 5124 1994 5180 PEREGRINUS

1693 5194 1745 5263 7

1233 5357 1270 5410 S
1540 5355 1739 5411 IVSTV

1231 5428 1268 5482 S
1539 5426 1848 5482 GAVIANV

1536 5497 1815 5551 VIBIANV

1537 5571 1586 5622 Μ
1596 5569 1636 5622 Α
1645 5569 1978 5622 “CELLINV

1540 5640 1690 5693 FELI

1536 5710 1720 5764 YERV

1537 5779 1731 5836 TIMIV

2113 492 2343 567 imperii
2369 500 2584 562 tuente,
2618 501 2684 549 ut
2708 507 2854 564 saepe
2883 492 3092 567 evenit,
3125 503 3181 551 et
3205 497 3264 551 in
3285 498 3550 567 antiquis
3573 497 3811 552 inscri-

2117 563 2422 638 ptionibus
2447 563 2822 638 observatur;
2845 566 3058 621 ostium
3095 581 3363 634 magnum
3408 563 3811 638 aperiebatur

2116 635 2509 706 apostolorum
2541 637 2816 706 principi,
2845 644 2900 692 et
2928 644 3122 706 parata
3155 638 3409 694 facilitas
3435 635 3566 694 cum
3630 639 3807 694 ﬁdeli

2111 705 2462 762 Centurione
2487 709 2544 762 in
2577 705 2796 762 Italiam
2830 705 3162 779 navigandi,
3193 717 3249 764 et
3282 711 3432 778 apud
3485 710 3698 778 ipsius
3731 724 3809 764 a-

2115 783 2377 850 gnatose
2429 779 2692 834 Cornelia
2756 787 2940 848 gente,
3003 780 3093 834 vel
3145 781 3366 836 amicos
3412 781 3803 850 hospitandi.

2115 847 2238 922 llaec
2265 863 2470 922 rursus
2495 851 2636 922 mire
2691 847 2987 922 cohaerent
3029 865 3160 906 cum
3230 853 3475 922 antiqua
3526 847 3806 906 notione

2116 917 2358 991 hospitii
2383 921 2771 990 apostolorum
2809 922 2868 976 in
2899 921 3046 977 Urbe
3089 923 3242 991 apud
3284 917 3600 990 Pudentem,
3641 925 3806 975 circa

2114 990 2295 1062 uicum
2325 992 2712 1058 Corneliorum,
2743 993 2894 1062 quod
2934 1007 3040 1048 suo
3073 990 3196 1048 loco
3220 993 3439 1049 dicturi
3473 1008 3702 1049 sumus
3739 993 3803 1046 in

2115 1059 2246 1114 Pio:
2280 1069 2550 1118 utvetera
2594 1059 3116 1118 monu‘mentainS.
3180 1065 3549 1120 Pudentianae
3603 1064 3805 1118 titulo

2110 1141 2398 1206 asservata
2424 1135 2800 1206 confirmant:
2839 1135 2993 1189 inter
3014 1150 3141 1204 quae
3196 1135 3505 1206 inscriptio
3543 1135 3805 1189 Puden—

2112 1204 2336 1275 tianet-is
2364 1219 2394 1260 e
2425 1211 2591 1275 gente
2647 1205 2919 1267 Cornelia,
2971 1220 3004 1260 a
3056 1204 3803 1275 martyrum’ccemeteriis

2113 1275 2205 1326 via
2231 1274 2413 1345 Appia
2437 1274 2592 1330 inter
2623 1277 2874 1345 primum
2933 1284 2988 1331 et
3019 1274 3332 1332 secundum
3365 1278 3649 1347 lapidem,
3689 1276 3803 1331 ubi

2112 1347 2441 1410 sepulcrum
2523 1348 2925 1402 Corneliorum
2977 1347 3160 1403 fuisse
3207 1355 3431 1404 constat
3463 1362 3532 1404 ex
3588 1349 3800 1403 Cicer.

2108 1417 2278 1473 Tusc.
2325 1434 2362 1482 l,
2391 1426 2528 1474 sect.
2557 1417 2644 1487 42,
2676 1419 2733 1473 in
2757 1420 3010 1474 eamdem
3044 1420 3342 1475 ecclesiam
3377 1419 3701 1482 translata,
3740 1425 3804 1472 et

2109 1487 2202 1560 his
2221 1491 2411 1544 verbis
2430 1491 2659 1559 signata
2682 1491 2918 1556 visitur,
2949 1504 3164 1545 necnon
3196 1491 3379 1560 ﬁgura
3405 1490 3639 1545 stolatae
3667 1503 3804 1544 mu-

2105 1559 2292 1621 lieris.
2319 1562 2603 1616 nobilium
2629 1575 2784 1617 more
2805 1562 3104 1632 phrygiato
3128 1559 3307 1617 limbo
3323 1561 3805 1631 amplitudinem

2105 1633 2332 1703 generis
2361 1633 2671 1688 indicante.

2543 1773 2744 1830 CORN.
2799 1774 3309 1830 PUDENTIANETI

2541 1863 2878 1933 BENEM.Q.
2914 1864 3124 1919 VIXIT.
3159 1863 3276 1919 AN.
3311 1863 3510 1918 XLVII

2539 1955 2602 2008 D.
2649 1955 2690 2008 Ι.
2739 1955 2874 2009 VAL
2927 1952 3314 2008 PETRONIUS
3364 1953 3510 2006 MAT

2701 2041 2896 2097 DULC.
2951 2043 3022 2096 IN
3057 2043 3229 2097 PACE

2100 2167 2511 2236 Expeditiones
2529 2179 2662 2221 vero
2681 2165 2934 2222 Claudii.
2955 2181 3019 2221 ac
3045 2165 3290 2222 Neronis
3313 2166 3369 2220 in
3398 2166 3803 2223 Britanniam

2104 2239 2318 2307 quibus
2339 2236 2600 2292 effectum
2626 2245 2731 2304 est,
2762 2245 2826 2292 ut
2855 2239 3059 2292 eaedem
3093 2239 3368 2305 legiones,
3393 2252 3520 2307 quae
3555 2239 3797 2294 milita-

2103 2314 2307 2363 verant
2339 2309 2394 2362 in
2419 2309 2604 2376 Syria,
2631 2307 3085 2363 transferrentur
3117 2309 3174 2362 in
3198 2309 3577 2374 Britanniam,
3609 2325 3802 2379 mque

2109 2379 2330 2434 facilem
2363 2392 2656 2434 accessum
2681 2379 2974 2447 Evangelii
3020 2379 3380 2446 praeconibus
3416 2381 3471 2432 in
3512 2383 3802 2435 eamdem

2112 2449 2359 2504 insulam
2382 2451 2735 2516 aperiebant,
2792 2463 2919 2503 cum
2969 2450 3142 2503 semel
3203 2451 3477 2516 perducto
3507 2451 3575 2504 ad
3604 2451 3806 2506 fidem

2108 2521 2327 2574 Christi
2352 2519 2720 2591 Centurione.
2748 2519 2835 2591 vel
2886 2519 3086 2588 aliquo
3111 2532 3178 2591 ex
3208 2518 3496 2591 militibus
3523 2521 3809 2591 legiona-

2116 2591 2225 2644 riis
2258 2589 2676 2658 prtestantiore,
2709 2589 2834 2643 sive
2887 2587 3058 2643 etiam
3101 2589 3168 2642 ad
3219 2587 3463 2642 alterius
3521 2587 3808 2657 legionis

2116 2661 2364 2715 honores
2381 2659 2666 2730 gradatim
2699 2665 2975 2730 promoto,
3002 2659 3088 2713 vel
3117 2660 3406 2712 honestam
3435 2660 3803 2718 missionem

2111 2729 2422 2786 consecuto
2447 2735 2574 2798 post
2591 2729 2850 2796 legitima
2869 2729 3181 2798 stipendia,
3211 2732 3698 2798 possetexpedite
3733 2750 3804 2789 se

2111 2803 2378 2870 comitem
2413 2801 2501 2856 illi
2535 2800 2808 2872 daretum
2833 2803 3050 2872 Petrus,
3080 2807 3200 2855 tum
3230 2801 3500 2870 quisquis
3533 2802 3602 2856 ad
3635 2818 3801 2872 apo-

2112 2873 2382 2928 stolicum
2403 2885 2613 2926 munus
2638 2871 2956 2928 inferendis
2977 2871 3119 2926 illuc
3151 2872 3517 2940 Evangelium
3542 2871 3801 2942 delige-

2113 2943 2306 3000 batur.
2337 2946 2422 2998 An
2455 2942 2662 2998 cohors
2689 2942 3157 2998 ItalicaCornelii
3180 2956 3309 2996 cum
3333 2956 3434 2996 sua
3460 2942 3698 3013 legione
3727 2947 3794 3000 in

604 3013 864 3087 ritannia
924 3024 1161 3085 reperta:
1207 3015 1319 3087 legi
1372 3013 1614 3085 possunt
1650 3019 1799 3086 apud
1845 3013 2000 3072 'l‘ho—
2027 3057 2071 3087 ι.
2112 3015 2490 3087 Βι·ἰῐ;ιηιιὶ;λῐῃΔ
2531 3017 2926 3070 transmittere
2975 3015 3141 3087 jussa
3182 3013 3263 3087 sit
3305 3027 3336 3068 a
3385 3014 3569 3087 Caio,
3600 3017 3698 3071 vel
3760 3033 3794 3072 a

2027 3057 2075 3116 c
2109 3087 2374 3148 Claudio,
2405 3082 2688 3141 afﬁrmare
2719 3100 2828 3140 non
2859 3057 3069 3140 ausim.
3104 3085 3234 3138 Scio
3283 3091 3467 3139 tamen
3520 3057 3722 3141 visum

2113 3171 2200 3212 me
2227 3157 2470 3212 Londini
2495 3153 2876 3224 fragmentum
2903 3156 3308 3224 inscriptionis
3331 3157 3606 3225 antiquae,
3647 3158 3794 3226 plu-

2115 3243 2205 3284 res
2229 3229 2524 3283 centurias
2559 3229 2835 3293 militum,
2882 3241 3195 3296 eorumque
3258 3228 3510 3293 nomina,
3541 3241 3606 3282 ac
3663 3244 3791 3297 pa-

2115 3301 2310 3366 triam,
2372 3300 2458 3354 uti
2517 3300 2748 3364 assolet,
2794 3299 3130 3365 indicantis,
3187 3301 3242 3351 in
3289 3299 3660 3351 cimclwrchio
3705 3303 3786 3354 Ι).

2109 3373 2305 3440 Ke-mps
2336 3384 2500 3438 prope
2522 3373 2667 3422 't‘ict-m
2693 3371 2845 3423 Pallc
2863 3370 3016 3431 Μαιι,
3055 3369 3151 3440 ubi
3183 3376 3464 3439 quotquot
3497 3383 3788 3438 expressa

2111 3439 2254 3497 sunt
2270 3443 2501 3496 nomina
2523 3442 2849 3503 civitatum,
2878 3443 3010 3509 jura
3039 3439 3280 3495 coloniae
3313 3441 3516 3494 iisdem
3549 3441 3784 3496 militi—

2111 3511 2648 3580 bustribuentium,
2683 3513 2751 3567 ad
2786 3512 3167 3582 stipendiarin
3215 3511 3437 3580 legione
3467 3511 3778 3582 facienda,

2111 3583 2709 3654 totidemostendunt,
2739 3580 2963 3637 eosdem
2997 3581 3216 3654 milites
3237 3583 3408 3654 Italos
3456 3580 3659 3654 fuisse.
3691 3585 3779 3637 En

2113 3654 2330 3723 lapidis
2353 3652 2754 3724 fragmentum,
2793 3655 2850 3708 in
2877 3667 2991 3724 quo
3011 3653 3250 3709 colonize
3273 3653 3485 3708 Italicae
3507 3652 3778 3724 legiona-

2117 3727 2338 3783 riorum
2367 3727 2567 3795 patriae
2598 3732 2990 3781 recensentur.

2154 3839 2207 3908 7
2485 3858 2809 3915 SEMPRON
3121 3859 3144 3912 1

2148 3930 2199 3985 A
2626 3930 2897 3986 FVLCINI
3113 3931 3151 3982 S

2157 4002 2196 4055 S
2627 4003 2678 4056 Μ
2685 4001 2867 4055 ANTV
3116 4001 3162 4053 Α

2153 4073 2201 4128 R
2619 4069 2958 4128 FLORENTI
3101 4073 3149 4123 A

2164 4145 2203 4198 S
2611 4143 2793 4196 TICIN
3097 4145 3144 4194 υ

2167 4217 2204 4270 S
2613 4211 2834 4268 PETAV
3123 4211 3144 4264 Ι

2161 4286 2200 4342 8
2611 4284 2808 4356 cum
3107 4279 3154 4356 ρ

2707 4353 2796 4410 C0
3116 4353 3153 4408 S

2140 4429 2198 4483 Χ
2607 4427 2770 4483 ATRI
3114 4425 3159 4478 Α

2147 4500 2186 4555 8
2614 4499 2796 4553 TlClN
3109 4497 3154 4550 Ο

2139 4571 2188 4626 Β
2619 4569 2918 4624 LEPIDRE
3099 4567 3146 4623 G

2151 4643 2190 4696 S
2617 4641 2830 4694 ATEST
3100 4640 3144 4698 Ε

2157 4715 2195 4766 S
2604 4712 2950 4767 EPODREDI
3096 4711 3142 4764 A
3153 4750 3170 4763 .

2151 4785 2188 4839 S
2606 4783 2892 4836 PAVSVLI
3101 4783 3138 4837 S

2141 4883 2179 4937 s
2595 4881 2914 4936 BENEVEN
3102 4869 3134 4937 Ἦ

3103 4931 3135 4963 Ν

2140 4981 2186 5035 Β
2603 4981 2840 5034 CREMO
3091 4981 3138 5032 N

2146 5054 2184 5106 S
2601 5052 2814 5106 IADER
3090 5050 3136 5105 Α

2151 5123 2189 5178 S
2599 5124 2838 5178 VERON
3088 5122 3134 5176 Α

2595 4881 2819 4936 BENEV
2822 4881 2914 4935 EN

2603 4977 2840 5034 (ΖΒΕΜο

2601 5052 2814 5106 IADER

2599 5124 2838 5178 VERON

2461 5213 2758 5269 SABINI

2489 5284 2616 5340 COS

2132 5355 2170 5409 s
2581 5355 2797 5424 AQV’IN
3072 5355 3118 5411 Ο

2135 5427 2172 5481 S
2563 5427 2655 5481 ΑΕ
2667 5427 2806 5482 RON
3057 5429 3102 5481 Α

2137 5497 2174 5550 5
2569 5499 2754 5553 BRUN
3057 5499 3103 5552 D

2139 5569 2175 5620 S
2605 5571 2741 5626 νην

2121 5640 2174 5693 Χ
2569 5642 2656 5696 PR

2135 5710 2172 5763 S

2139 5779 2176 5834 S
