  <div class='ocr_page' id='page_1' title='image "/cluster/home/n/w/nwhite01/storage/ocr_20150623/127-128/uc1.31175010226572/523.png"; bbox 0 0 3912 6470; ppageno 0'>
   <div class='ocr_carea' id='block_1_1' title="bbox 337 353 470 412">
    <p class='ocr_par' dir='ltr' id='par_1_1' title="bbox 337 353 470 412">
     <span class='ocr_line' id='line_1_1' title="bbox 337 353 470 412; baseline 0 -2"><span class='ocrx_word' id='word_1_1' title='bbox 337 353 470 412; x_wconf 76' lang='grc'><strong>4031</strong></span> 
     </span>
    </p>
   </div>
   <div class='ocr_carea' id='block_1_2' title="bbox 1570 352 2510 433">
    <p class='ocr_par' dir='ltr' id='par_1_2' title="bbox 1570 352 2510 433">
     <span class='ocr_line' id='line_1_2' title="bbox 1570 352 2510 433; baseline 0.001 -24"><span class='ocrx_word' id='word_1_2' title='bbox 1570 353 1928 410; x_wconf 81' lang='lat' dir='ltr'><strong>ANASTASII</strong></span> <span class='ocrx_word' id='word_1_3' title='bbox 1966 352 2510 433; x_wconf 73' lang='lat' dir='ltr'><strong>BlBLIOTHECARII</strong></span> 
     </span>
    </p>
   </div>
   <div class='ocr_carea' id='block_1_3' title="bbox 3625 353 3761 412">
    <p class='ocr_par' dir='ltr' id='par_1_3' title="bbox 3625 353 3761 412">
     <span class='ocr_line' id='line_1_3' title="bbox 3625 353 3761 412; baseline 0 -2"><span class='ocrx_word' id='word_1_4' title='bbox 3625 353 3648 410; x_wconf 79' lang='grc'><strong>4</strong></span> <span class='ocrx_word' id='word_1_5' title='bbox 3659 353 3761 412; x_wconf 70' lang='grc'><strong>032</strong></span> 
     </span>
    </p>
   </div>
   <div class='ocr_carea' id='block_1_4' title="bbox 321 477 3766 554">
    <p class='ocr_par' dir='ltr' id='par_1_4' title="bbox 321 477 3766 554">
     <span class='ocr_line' id='line_1_4' title="bbox 321 477 3766 554; baseline -0.001 -14"><span class='ocrx_word' id='word_1_6' title='bbox 321 487 440 554; x_wconf 85' lang='lat' dir='ltr'><strong>tur,</strong></span> <span class='ocrx_word' id='word_1_7' title='bbox 471 495 533 554; x_wconf 91' lang='lat' dir='ltr'><strong>se</strong></span> <span class='ocrx_word' id='word_1_8' title='bbox 563 480 847 554; x_wconf 90' lang='lat' dir='ltr'><strong>didicisse</strong></span> <span class='ocrx_word' id='word_1_9' title='bbox 873 481 1040 538; x_wconf 99' lang='lat' dir='ltr'><strong>ﬁdem</strong></span> <span class='ocrx_word' id='word_1_10' title='bbox 1065 479 1290 554; x_wconf 83' lang='lat' dir='ltr'><strong>fecerit.</strong></span> <span class='ocrx_word' id='word_1_11' title='bbox 1341 483 1421 538; x_wconf 89' lang='lat' dir='ltr'><strong>De</strong></span> <span class='ocrx_word' id='word_1_12' title='bbox 1445 481 1815 554; x_wconf 73' lang='lat' dir='ltr'><strong>quibuscum</strong></span> <span class='ocrx_word' id='word_1_13' title='bbox 1849 485 1982 554; x_wconf 89' lang='lat' dir='ltr'><strong>ante</strong></span> <span class='ocrx_word' id='word_1_14' title='bbox 2006 477 2067 537; x_wconf 90' lang='lat' dir='ltr'><strong>A</strong></span> <span class='ocrx_word' id='word_1_15' title='bbox 2098 483 2155 533; x_wconf 89' lang='lat' dir='ltr'><strong>et</strong></span> <span class='ocrx_word' id='word_1_16' title='bbox 2179 477 2782 554; x_wconf 69' lang='lat' dir='ltr'><strong>Ecclesize_legend_um</strong></span> <span class='ocrx_word' id='word_1_17' title='bbox 2810 493 2915 535; x_wconf 91' lang='lat' dir='ltr'><strong>sua</strong></span> <span class='ocrx_word' id='word_1_18' title='bbox 2941 482 3293 554; x_wconf 77' lang='lat' dir='ltr'><strong>auctoritate</strong></span> <span class='ocrx_word' id='word_1_19' title='bbox 3315 481 3498 536; x_wconf 80' lang='lat' dir='ltr'><strong>dedit.</strong></span> <span class='ocrx_word' id='word_1_20' title='bbox 3529 480 3766 538; x_wconf 79' lang='lat' dir='ltr'><strong>Assum—</strong></span> 
     </span>
    </p>
   </div>
   <div class='ocr_carea' id='block_1_5' title="bbox 320 549 1979 608">
    <p class='ocr_par' dir='ltr' id='par_1_5' title="bbox 320 549 1979 608">
     <span class='ocr_line' id='line_1_5' title="bbox 320 549 1979 608; baseline -0.003 0"><span class='ocrx_word' id='word_1_21' title='bbox 320 549 622 608; x_wconf 85' lang='lat' dir='ltr'><strong>biennium</strong></span> <span class='ocrx_word' id='word_1_22' title='bbox 677 551 795 607; x_wconf 86' lang='lat' dir='ltr'><strong>fere</strong></span> <span class='ocrx_word' id='word_1_23' title='bbox 839 553 1219 608; x_wconf 91' lang='lat' dir='ltr'><strong>reverendiss.</strong></span> <span class='ocrx_word' id='word_1_24' title='bbox 1273 555 1338 608; x_wconf 92' lang='lat' dir='ltr'><strong>D.</strong></span> <span class='ocrx_word' id='word_1_25' title='bbox 1391 549 1615 608; x_wconf 80' lang='lat' dir='ltr'><strong>Nicolai</strong></span> <span class='ocrx_word' id='word_1_26' title='bbox 1646 549 1979 606; x_wconf 85' lang='lat' dir='ltr'><strong>Coeffeteavi</strong></span> 
     </span>
    </p>
   </div>
   <div class='ocr_carea' id='block_1_6' title="bbox 321 621 1984 694">
    <p class='ocr_par' dir='ltr' id='par_1_6' title="bbox 321 621 1984 694">
     <span class='ocr_line' id='line_1_6' title="bbox 321 621 1984 694; baseline -0.002 -15"><span class='ocrx_word' id='word_1_27' title='bbox 321 622 708 679; x_wconf 86' lang='lat' dir='ltr'><strong>Massiliensis</strong></span> <span class='ocrx_word' id='word_1_28' title='bbox 736 623 994 694; x_wconf 86' lang='lat' dir='ltr'><strong>episcopi</strong></span> <span class='ocrx_word' id='word_1_29' title='bbox 1019 623 1128 693; x_wconf 65' lang='lat' dir='ltr'><strong>piae</strong></span> <span class='ocrx_word' id='word_1_30' title='bbox 1158 625 1448 680; x_wconf 67' lang='lat' dir='ltr'><strong>memoria:</strong></span> <span class='ocrx_word' id='word_1_31' title='bbox 1481 621 1984 694; x_wconf 82' lang='lat' dir='ltr'><strong>rogatnhortatu-</strong></span> 
     </span>
    </p>
   </div>
   <div class='ocr_carea' id='block_1_7' title="bbox 319 692 1983 764">
    <p class='ocr_par' dir='ltr' id='par_1_7' title="bbox 319 692 1983 764">
     <span class='ocr_line' id='line_1_7' title="bbox 319 692 1983 764; baseline -0.003 -14"><span class='ocrx_word' id='word_1_32' title='bbox 319 708 434 764; x_wconf 91' lang='lat' dir='ltr'><strong>que</strong></span> <span class='ocrx_word' id='word_1_33' title='bbox 463 692 952 749; x_wconf 67' lang='lat' dir='ltr'><strong>Dissertationem&#39;</strong></span> <span class='ocrx_word' id='word_1_34' title='bbox 971 692 1330 764; x_wconf 78' lang='lat' dir='ltr'><strong>scripserim,</strong></span> <span class='ocrx_word' id='word_1_35' title='bbox 1364 707 1534 764; x_wconf 90' lang='lat' dir='ltr'><strong>quam</strong></span> <span class='ocrx_word' id='word_1_36' title='bbox 1557 692 1664 748; x_wconf 85' lang='lat' dir='ltr'><strong>ille</strong></span> <span class='ocrx_word' id='word_1_37' title='bbox 1689 692 1983 764; x_wconf 84' lang='lat' dir='ltr'><strong>loculento</strong></span> 
     </span>
    </p>
   </div>
   <div class='ocr_carea' id='block_1_8' title="bbox 317 763 1986 847">
    <p class='ocr_par' dir='ltr' id='par_1_8' title="bbox 317 763 1986 847">
     <span class='ocr_line' id='line_1_8' title="bbox 317 763 1986 847; baseline -0.001 -27"><span class='ocrx_word' id='word_1_38' title='bbox 317 763 375 820; x_wconf 85' lang='lat' dir='ltr'><strong>et</strong></span> <span class='ocrx_word' id='word_1_39' title='bbox 402 764 646 847; x_wconf 25' lang='lat' dir='ltr'><strong>egregio!</strong></span> <span class='ocrx_word' id='word_1_40' title='bbox 667 765 828 834; x_wconf 82' lang='lat' dir='ltr'><strong>Operi</strong></span> <span class='ocrx_word' id='word_1_41' title='bbox 857 765 950 847; x_wconf 79' lang='lat' dir='ltr'><strong>iiii</strong></span> <span class='ocrx_word' id='word_1_42' title='bbox 978 763 1442 847; x_wconf 26' lang='lat' dir='ltr'><strong>intexuitsqnod</strong></span> <span class='ocrx_word' id='word_1_43' title='bbox 1469 770 1670 847; x_wconf 76' lang='lat' dir='ltr'><strong>contra</strong></span> <span class='ocrx_word' id='word_1_44' title='bbox 1695 763 1986 844; x_wconf 81' lang='lat' dir='ltr'><strong>Spalaten-</strong></span> 
     </span>
    </p>
   </div>
   <div class='ocr_carea' id='block_1_9' title="bbox 320 835 1988 908">
    <p class='ocr_par' dir='ltr' id='par_1_9' title="bbox 320 835 1988 908">
     <span class='ocr_line' id='line_1_9' title="bbox 320 835 1988 908; baseline -0.002 -17"><span class='ocrx_word' id='word_1_45' title='bbox 320 849 437 891; x_wconf 90' lang='lat' dir='ltr'><strong>sem</strong></span> <span class='ocrx_word' id='word_1_46' title='bbox 467 835 674 902; x_wconf 82' lang='lat' dir='ltr'><strong>edidit,</strong></span> <span class='ocrx_word' id='word_1_47' title='bbox 707 850 834 908; x_wconf 64' lang='lat' dir='ltr'><strong>quae</strong></span> <span class='ocrx_word' id='word_1_48' title='bbox 859 835 986 908; x_wconf 92' lang='lat' dir='ltr'><strong>illic</strong></span> <span class='ocrx_word' id='word_1_49' title='bbox 1015 835 1207 908; x_wconf 84' lang='lat' dir='ltr'><strong>fusius</strong></span> <span class='ocrx_word' id='word_1_50' title='bbox 1227 835 1401 908; x_wconf 85' lang='lat' dir='ltr'><strong>atque</strong></span> <span class='ocrx_word' id='word_1_51' title='bbox 1431 835 1672 891; x_wconf 82' lang='lat' dir='ltr'><strong>uberius</strong></span> <span class='ocrx_word' id='word_1_52' title='bbox 1705 835 1988 908; x_wconf 81' lang='lat' dir='ltr'><strong>exposui-</strong></span> 
     </span>
    </p>
   </div>
   <div class='ocr_carea' id='block_1_10' title="bbox 319 905 1987 978">
    <p class='ocr_par' dir='ltr' id='par_1_10' title="bbox 319 905 1987 978">
     <span class='ocr_line' id='line_1_10' title="bbox 319 905 1987 978; baseline -0.002 -16"><span class='ocrx_word' id='word_1_53' title='bbox 319 921 470 974; x_wconf 85' lang='lat' dir='ltr'><strong>mus,</strong></span> <span class='ocrx_word' id='word_1_54' title='bbox 514 907 836 978; x_wconf 15' lang='lat' dir='ltr'><strong>isummatin</strong></span> <span class='ocrx_word' id='word_1_55' title='bbox 873 907 978 962; x_wconf 85' lang='lat' dir='ltr'><strong>hoc</strong></span> <span class='ocrx_word' id='word_1_56' title='bbox 1019 907 1079 962; x_wconf 91' lang='lat' dir='ltr'><strong>in</strong></span> <span class='ocrx_word' id='word_1_57' title='bbox 1115 907 1260 977; x_wconf 93' lang='lat' dir='ltr'><strong>loco,</strong></span> <span class='ocrx_word' id='word_1_58' title='bbox 1295 905 1424 978; x_wconf 67' lang='lat' dir='ltr'><strong>qua:</strong></span> <span class='ocrx_word' id='word_1_59' title='bbox 1444 915 1533 962; x_wconf 92' lang='lat' dir='ltr'><strong>est</strong></span> <span class='ocrx_word' id='word_1_60' title='bbox 1553 907 1788 976; x_wconf 83' lang='lat' dir='ltr'><strong>prepria</strong></span> <span class='ocrx_word' id='word_1_61' title='bbox 1825 905 1987 978; x_wconf 83' lang='lat' dir='ltr'><strong>sedes</strong></span> 
     </span>
    </p>
   </div>
   <div class='ocr_carea' id='block_1_11' title="bbox 319 977 1987 1049">
    <p class='ocr_par' dir='ltr' id='par_1_11' title="bbox 319 977 1987 1049">
     <span class='ocr_line' id='line_1_11' title="bbox 319 977 1987 1049; baseline -0.004 -15"><span class='ocrx_word' id='word_1_62' title='bbox 319 977 665 1049; x_wconf 76' lang='lat' dir='ltr'><strong>quaestionis</strong></span> <span class='ocrx_word' id='word_1_63' title='bbox 707 977 1374 1049; x_wconf 79' lang='lat' dir='ltr'><strong>illius,perstringenda</strong></span> <span class='ocrx_word' id='word_1_64' title='bbox 1424 977 1824 1049; x_wconf 80' lang='lat' dir='ltr'><strong>putavimus.»</strong></span> <span class='ocrx_word' id='word_1_65' title='bbox 1864 977 1987 1030; x_wconf 88' lang='lat' dir='ltr'><strong>Non</strong></span> 
     </span>
    </p>
   </div>
   <div class='ocr_carea' id='block_1_12' title="bbox 320 1047 1990 1119">
    <p class='ocr_par' dir='ltr' id='par_1_12' title="bbox 320 1047 1990 1119">
     <span class='ocr_line' id='line_1_12' title="bbox 320 1047 1990 1119; baseline -0.002 -15"><span class='ocrx_word' id='word_1_66' title='bbox 320 1047 703 1104; x_wconf 87' lang='lat' dir='ltr'><strong>transcribam</strong></span> <span class='ocrx_word' id='word_1_67' title='bbox 735 1047 1183 1104; x_wconf 86' lang='lat' dir='ltr'><strong>Petavianilibri</strong></span> <span class='ocrx_word' id='word_1_68' title='bbox 1200 1047 1398 1119; x_wconf 76' lang='lat' dir='ltr'><strong>capita</strong></span> <span class='ocrx_word' id='word_1_69' title='bbox 1433 1047 1570 1104; x_wconf 75' lang='lat' dir='ltr'><strong>i3et</strong></span> <span class='ocrx_word' id='word_1_70' title='bbox 1593 1047 1680 1114; x_wconf 75' lang='grc'><strong>44,</strong></span> <span class='ocrx_word' id='word_1_71' title='bbox 1712 1060 1842 1119; x_wconf 88' lang='lat' dir='ltr'><strong>cum</strong></span> <span class='ocrx_word' id='word_1_72' title='bbox 1877 1059 1990 1115; x_wconf 70' lang='lat' dir='ltr'><strong>prae</strong></span> 
     </span>
    </p>
   </div>
   <div class='ocr_carea' id='block_1_13' title="bbox 320 1118 1990 1186">
    <p class='ocr_par' dir='ltr' id='par_1_13' title="bbox 320 1118 1990 1186">
     <span class='ocr_line' id='line_1_13' title="bbox 320 1118 1990 1186; baseline -0.002 -12"><span class='ocrx_word' id='word_1_73' title='bbox 320 1119 592 1174; x_wconf 91' lang='lat' dir='ltr'><strong>manibus</strong></span> <span class='ocrx_word' id='word_1_74' title='bbox 633 1119 894 1174; x_wconf 90' lang='lat' dir='ltr'><strong>omnium</strong></span> <span class='ocrx_word' id='word_1_75' title='bbox 919 1119 1060 1175; x_wconf 90' lang='lat' dir='ltr'><strong>sint.</strong></span> <span class='ocrx_word' id='word_1_76' title='bbox 1101 1118 1392 1176; x_wconf 81' lang='lat' dir='ltr'><strong>Summam</strong></span> <span class='ocrx_word' id='word_1_77' title='bbox 1427 1118 1824 1175; x_wconf 76' lang='lat' dir='ltr'><strong>tantummodo</strong></span> <span class='ocrx_word' id='word_1_78' title='bbox 1854 1131 1990 1186; x_wconf 91' lang='lat' dir='ltr'><strong>per-</strong></span> 
     </span>
    </p>
   </div>
   <div class='ocr_carea' id='block_1_14' title="bbox 320 1187 1992 1262">
    <p class='ocr_par' dir='ltr' id='par_1_14' title="bbox 320 1187 1992 1262">
     <span class='ocr_line' id='line_1_14' title="bbox 320 1187 1992 1262; baseline -0.002 -16"><span class='ocrx_word' id='word_1_79' title='bbox 320 1190 624 1262; x_wconf 78' lang='lat' dir='ltr'><strong>stringam.</strong></span> <span class='ocrx_word' id='word_1_80' title='bbox 659 1187 923 1245; x_wconf 86' lang='lat' dir='ltr'><strong>Ostendit</strong></span> <span class='ocrx_word' id='word_1_81' title='bbox 945 1190 1241 1262; x_wconf 79' lang='lat' dir='ltr'><strong>veritatem</strong></span> <span class='ocrx_word' id='word_1_82' title='bbox 1263 1197 1436 1262; x_wconf 87' lang='lat' dir='ltr'><strong>atque</strong></span> <span class='ocrx_word' id='word_1_83' title='bbox 1467 1189 1759 1262; x_wconf 82' lang='lat' dir='ltr'><strong>inscitiam</strong></span> <span class='ocrx_word' id='word_1_84' title='bbox 1787 1187 1992 1262; x_wconf 75' lang='lat' dir='ltr'><strong>Spala—</strong></span> 
     </span>
    </p>
   </div>
   <div class='ocr_carea' id='block_1_15' title="bbox 316 1259 1988 1330">
    <p class='ocr_par' dir='ltr' id='par_1_15' title="bbox 316 1259 1988 1330">
     <span class='ocr_line' id='line_1_15' title="bbox 316 1259 1988 1330; baseline -0.003 -13"><span class='ocrx_word' id='word_1_85' title='bbox 316 1259 555 1324; x_wconf 76' lang='lat' dir='ltr'><strong>tensis,.</strong></span> <span class='ocrx_word' id='word_1_86' title='bbox 574 1264 937 1330; x_wconf 88' lang='lat' dir='ltr'><strong>recoquentis</strong></span> <span class='ocrx_word' id='word_1_87' title='bbox 980 1260 1202 1316; x_wconf 90' lang='lat' dir='ltr'><strong>Calvini</strong></span> <span class='ocrx_word' id='word_1_88' title='bbox 1233 1259 1540 1326; x_wconf 85' lang='lat' dir='ltr'><strong>crambem,</strong></span> <span class='ocrx_word' id='word_1_89' title='bbox 1567 1267 1623 1314; x_wconf 93' lang='lat' dir='ltr'><strong>et</strong></span> <span class='ocrx_word' id='word_1_90' title='bbox 1647 1259 1988 1330; x_wconf 85' lang='lat' dir='ltr'><strong>Magdebur—</strong></span> 
     </span>
    </p>
   </div>
   <div class='ocr_carea' id='block_1_16' title="bbox 321 1330 1983 1402">
    <p class='ocr_par' dir='ltr' id='par_1_16' title="bbox 321 1330 1983 1402">
     <span class='ocr_line' id='line_1_16' title="bbox 321 1330 1983 1402; baseline -0.004 -14"><span class='ocrx_word' id='word_1_91' title='bbox 321 1334 586 1402; x_wconf 78' lang='lat' dir='ltr'><strong>gensium</strong></span> <span class='ocrx_word' id='word_1_92' title='bbox 605 1331 846 1402; x_wconf 85' lang='lat' dir='ltr'><strong>objecta,</strong></span> <span class='ocrx_word' id='word_1_93' title='bbox 865 1331 1039 1387; x_wconf 92' lang='lat' dir='ltr'><strong>toties</strong></span> <span class='ocrx_word' id='word_1_94' title='bbox 1055 1345 1086 1386; x_wconf 88' lang='lat' dir='ltr'><strong>a</strong></span> <span class='ocrx_word' id='word_1_95' title='bbox 1101 1331 1408 1386; x_wconf 88' lang='lat' dir='ltr'><strong>catholicis</strong></span> <span class='ocrx_word' id='word_1_96' title='bbox 1425 1330 1738 1386; x_wconf 89' lang='lat' dir='ltr'><strong>dissoluta.</strong></span> <span class='ocrx_word' id='word_1_97' title='bbox 1760 1331 1983 1402; x_wconf 87' lang='lat' dir='ltr'><strong>Indicat</strong></span> 
     </span>
    </p>
   </div>
   <div class='ocr_carea' id='block_1_17' title="bbox 319 1401 1988 1472">
    <p class='ocr_par' dir='ltr' id='par_1_17' title="bbox 319 1401 1988 1472">
     <span class='ocr_line' id='line_1_17' title="bbox 319 1401 1988 1472; baseline -0.002 -14"><span class='ocrx_word' id='word_1_98' title='bbox 319 1401 389 1458; x_wconf 89' lang='lat' dir='ltr'><strong>ex</strong></span> <span class='ocrx_word' id='word_1_99' title='bbox 410 1405 557 1459; x_wconf 90' lang='lat' dir='ltr'><strong>Luca</strong></span> <span class='ocrx_word' id='word_1_100' title='bbox 579 1401 688 1458; x_wconf 92' lang='lat' dir='ltr'><strong>sub</strong></span> <span class='ocrx_word' id='word_1_101' title='bbox 725 1403 858 1458; x_wconf 91' lang='lat' dir='ltr'><strong>inde</strong></span> <span class='ocrx_word' id='word_1_102' title='bbox 879 1415 911 1457; x_wconf 93' lang='lat' dir='ltr'><strong>a</strong></span> <span class='ocrx_word' id='word_1_103' title='bbox 933 1416 1067 1458; x_wconf 86' lang='lat' dir='ltr'><strong>nece</strong></span> <span class='ocrx_word' id='word_1_104' title='bbox 1087 1402 1361 1472; x_wconf 82' lang='lat' dir='ltr'><strong>Stephani</strong></span> <span class='ocrx_word' id='word_1_105' title='bbox 1380 1403 1787 1471; x_wconf 88' lang='lat' dir='ltr'><strong>perdispersos</strong></span> <span class='ocrx_word' id='word_1_106' title='bbox 1807 1401 1988 1472; x_wconf 85' lang='lat' dir='ltr'><strong>disci-</strong></span> 
     </span>
    </p>
   </div>
   <div class='ocr_carea' id='block_1_18' title="bbox 321 1471 1987 1544">
    <p class='ocr_par' dir='ltr' id='par_1_18' title="bbox 321 1471 1987 1544">
     <span class='ocr_line' id='line_1_18' title="bbox 321 1471 1987 1544; baseline -0.002 -14"><span class='ocrx_word' id='word_1_107' title='bbox 321 1475 490 1544; x_wconf 85' lang='lat' dir='ltr'><strong>pulos</strong></span> <span class='ocrx_word' id='word_1_108' title='bbox 505 1473 893 1529; x_wconf 82' lang='lat' dir='ltr'><strong>Christianam</strong></span> <span class='ocrx_word' id='word_1_109' title='bbox 913 1473 1100 1528; x_wconf 89' lang='lat' dir='ltr'><strong>lucem</strong></span> <span class='ocrx_word' id='word_1_110' title='bbox 1118 1471 1332 1529; x_wconf 66' lang='lat' dir='ltr'><strong>Judaais</strong></span> <span class='ocrx_word' id='word_1_111' title='bbox 1347 1472 1838 1529; x_wconf 89' lang='lat' dir='ltr'><strong>Antiochensibus</strong></span> <span class='ocrx_word' id='word_1_112' title='bbox 1850 1471 1987 1544; x_wconf 88' lang='lat' dir='ltr'><strong>illa-</strong></span> 
     </span>
    </p>
   </div>
   <div class='ocr_carea' id='block_1_19' title="bbox 321 1543 1980 1614">
    <p class='ocr_par' dir='ltr' id='par_1_19' title="bbox 321 1543 1980 1614">
     <span class='ocr_line' id='line_1_19' title="bbox 321 1543 1980 1614; baseline -0.002 -13"><span class='ocrx_word' id='word_1_113' title='bbox 321 1543 651 1601; x_wconf 85' lang='lat' dir='ltr'><strong>tamfuisse.</strong></span> <span class='ocrx_word' id='word_1_114' title='bbox 678 1543 911 1600; x_wconf 90' lang='lat' dir='ltr'><strong>Petrum</strong></span> <span class='ocrx_word' id='word_1_115' title='bbox 939 1545 1195 1600; x_wconf 89' lang='lat' dir='ltr'><strong>triennio</strong></span> <span class='ocrx_word' id='word_1_116' title='bbox 1229 1551 1360 1614; x_wconf 90' lang='lat' dir='ltr'><strong>post</strong></span> <span class='ocrx_word' id='word_1_117' title='bbox 1389 1543 1830 1600; x_wconf 91' lang='lat' dir='ltr'><strong>conversionem</strong></span> <span class='ocrx_word' id='word_1_118' title='bbox 1845 1543 1980 1614; x_wconf 74' lang='lat' dir='ltr'><strong>Pau-</strong></span> 
     </span>
    </p>
   </div>
   <div class='ocr_carea' id='block_1_20' title="bbox 319 1613 1978 1700">
    <p class='ocr_par' dir='ltr' id='par_1_20' title="bbox 319 1613 1978 1700">
     <span class='ocr_line' id='line_1_20' title="bbox 319 1613 1978 1700; baseline -0.002 -29"><span class='ocrx_word' id='word_1_119' title='bbox 319 1615 362 1671; x_wconf 92' lang='lat' dir='ltr'><strong>li</strong></span> <span class='ocrx_word' id='word_1_120' title='bbox 395 1614 714 1700; x_wconf 72' lang='lat' dir='ltr'><strong>profecium</strong></span> <span class='ocrx_word' id='word_1_121' title='bbox 734 1615 1330 1700; x_wconf 48' lang='lat' dir='ltr'><strong>Antiochiam-ﬁxisse</strong></span> <span class='ocrx_word' id='word_1_122' title='bbox 1363 1615 1422 1700; x_wconf 90' lang='lat' dir='ltr'><strong>in</strong></span> <span class='ocrx_word' id='word_1_123' title='bbox 1448 1629 1514 1670; x_wconf 92' lang='lat' dir='ltr'><strong>ea</strong></span> <span class='ocrx_word' id='word_1_124' title='bbox 1534 1613 1978 1700; x_wconf 41' lang='lat' dir='ltr'><strong>civitai‘esedeui</strong></span> 
     </span>
    </p>
   </div>
   <div class='ocr_carea' id='block_1_21' title="bbox 317 1685 1977 1756">
    <p class='ocr_par' dir='ltr' id='par_1_21' title="bbox 317 1685 1977 1756">
     <span class='ocr_line' id='line_1_21' title="bbox 317 1685 1977 1756; baseline -0.003 -14"><span class='ocrx_word' id='word_1_125' title='bbox 317 1685 723 1756; x_wconf 86' lang='lat' dir='ltr'><strong>episcopalem.</strong></span> <span class='ocrx_word' id='word_1_126' title='bbox 794 1685 1043 1742; x_wconf 85' lang='lat' dir='ltr'><strong>Auctum</strong></span> <span class='ocrx_word' id='word_1_127' title='bbox 1095 1686 1303 1741; x_wconf 91' lang='lat' dir='ltr'><strong>deinde</strong></span> <span class='ocrx_word' id='word_1_128' title='bbox 1350 1699 1652 1742; x_wconf 90' lang='lat' dir='ltr'><strong>numerum</strong></span> <span class='ocrx_word' id='word_1_129' title='bbox 1711 1685 1977 1740; x_wconf 65' lang='lat' dir='ltr'><strong>Ecclesia:</strong></span> 
     </span>
    </p>
   </div>
   <div class='ocr_carea' id='block_1_22' title="bbox 320 1756 1976 1827">
    <p class='ocr_par' dir='ltr' id='par_1_22' title="bbox 320 1756 1976 1827">
     <span class='ocr_line' id='line_1_22' title="bbox 320 1756 1976 1827; baseline -0.003 -15"><span class='ocrx_word' id='word_1_130' title='bbox 320 1757 715 1824; x_wconf 65' lang='lat' dir='ltr'><strong>Antiochense,</strong></span> <span class='ocrx_word' id='word_1_131' title='bbox 771 1757 1002 1827; x_wconf 89' lang='lat' dir='ltr'><strong>quando</strong></span> <span class='ocrx_word' id='word_1_132' title='bbox 1047 1757 1362 1813; x_wconf 69' lang='lat' dir='ltr'><strong>Chistianae</strong></span> <span class='ocrx_word' id='word_1_133' title='bbox 1408 1756 1541 1812; x_wconf 90' lang='lat' dir='ltr'><strong>ﬁdei</strong></span> <span class='ocrx_word' id='word_1_134' title='bbox 1599 1756 1814 1812; x_wconf 87' lang='lat' dir='ltr'><strong>ibidem</strong></span> <span class='ocrx_word' id='word_1_135' title='bbox 1845 1768 1976 1808; x_wconf 88' lang='lat' dir='ltr'><strong>am-</strong></span> 
     </span>
    </p>
   </div>
   <div class='ocr_carea' id='block_1_23' title="bbox 323 1827 2057 1922">
    <p class='ocr_par' dir='ltr' id='par_1_23' title="bbox 323 1827 2057 1922">
     <span class='ocr_line' id='line_1_23' title="bbox 323 1827 2057 1922; baseline 0 0"><span class='ocrx_word' id='word_1_136' title='bbox 323 1827 1662 1922; x_wconf 51' lang='grc' dir='ltr'><strong>Βὲβξὲ.ιὲθ..“.¹ἓ2ἱί.ῐλὲηΗῖῗῖῗὲἓΨξὲἓἮ.ἓ][ἕΗὶ</strong></span> <span class='ocrx_word' id='word_1_137' title='bbox 1677 1827 1974 1922; x_wconf 58' lang='grc' dir='ltr'><strong>ἓῖίληξῗῖῗῗ</strong></span> <span class='ocrx_word' id='word_1_138' title='bbox 2005 1863 2057 1922; x_wconf 87' lang='grc' dir='ltr'>Β</span> 
     </span>
    </p>
   </div>
   <div class='ocr_carea' id='block_1_24' title="bbox 319 1897 1966 1970">
    <p class='ocr_par' dir='ltr' id='par_1_24' title="bbox 319 1897 1966 1970">
     <span class='ocr_line' id='line_1_24' title="bbox 319 1897 1966 1970; baseline -0.002 -16"><span class='ocrx_word' id='word_1_139' title='bbox 319 1897 562 1969; x_wconf 89' lang='lat' dir='ltr'><strong>quentes</strong></span> <span class='ocrx_word' id='word_1_140' title='bbox 585 1911 866 1970; x_wconf 84' lang='lat' dir='ltr'><strong>excursus</strong></span> <span class='ocrx_word' id='word_1_141' title='bbox 881 1898 1029 1970; x_wconf 88' lang='lat' dir='ltr'><strong>Petri</strong></span> <span class='ocrx_word' id='word_1_142' title='bbox 1043 1897 1465 1970; x_wconf 87' lang='lat' dir='ltr'><strong>visitandorum</strong></span> <span class='ocrx_word' id='word_1_143' title='bbox 1483 1899 1666 1970; x_wconf 89' lang='lat' dir='ltr'><strong>gratia</strong></span> <span class='ocrx_word' id='word_1_144' title='bbox 1679 1897 1934 1952; x_wconf 91' lang='lat' dir='ltr'><strong>ﬁdelium</strong></span> <span class='ocrx_word' id='word_1_145' title='bbox 1952 1915 1966 1970; x_wconf 66' lang='grc' dir='ltr'>ξ</span> 
     </span>
    </p>
   </div>
   <div class='ocr_carea' id='block_1_25' title="bbox 320 1966 1970 2040">
    <p class='ocr_par' dir='ltr' id='par_1_25' title="bbox 320 1966 1970 2040">
     <span class='ocr_line' id='line_1_25' title="bbox 320 1966 1970 2040; baseline -0.001 -16"><span class='ocrx_word' id='word_1_146' title='bbox 320 1966 506 2040; x_wconf 80' lang='lat' dir='ltr'><strong>neque</strong></span> <span class='ocrx_word' id='word_1_147' title='bbox 531 1981 728 2040; x_wconf 87' lang='lat' dir='ltr'><strong>omnes</strong></span> <span class='ocrx_word' id='word_1_148' title='bbox 755 1969 1032 2025; x_wconf 88' lang='lat' dir='ltr'><strong>distincte</strong></span> <span class='ocrx_word' id='word_1_149' title='bbox 1077 1970 1137 2025; x_wconf 92' lang='lat' dir='ltr'><strong>in</strong></span> <span class='ocrx_word' id='word_1_150' title='bbox 1187 1969 1431 2024; x_wconf 82' lang='lat' dir='ltr'><strong>Actibus</strong></span> <span class='ocrx_word' id='word_1_151' title='bbox 1463 1966 1824 2028; x_wconf 80' lang='lat' dir='ltr'><strong>memoratos,</strong></span> <span class='ocrx_word' id='word_1_152' title='bbox 1861 1966 1970 2040; x_wconf 77' lang='lat' dir='ltr'><strong>sed</strong></span> 
     </span>
    </p>
   </div>
   <div class='ocr_carea' id='block_1_26' title="bbox 316 2037 1968 2112">
    <p class='ocr_par' dir='ltr' id='par_1_26' title="bbox 316 2037 1968 2112">
     <span class='ocr_line' id='line_1_26' title="bbox 316 2037 1968 2112; baseline -0.002 -17"><span class='ocrx_word' id='word_1_153' title='bbox 316 2037 650 2096; x_wconf 82' lang='lat' dir='ltr'><strong>contentum</strong></span> <span class='ocrx_word' id='word_1_154' title='bbox 673 2037 855 2112; x_wconf 88' lang='lat' dir='ltr'><strong>fuisse</strong></span> <span class='ocrx_word' id='word_1_155' title='bbox 885 2041 1094 2096; x_wconf 90' lang='lat' dir='ltr'><strong>Lucam</strong></span> <span class='ocrx_word' id='word_1_156' title='bbox 1125 2054 1310 2112; x_wconf 89' lang='lat' dir='ltr'><strong>genus</strong></span> <span class='ocrx_word' id='word_1_157' title='bbox 1335 2041 1578 2104; x_wconf 84' lang='lat' dir='ltr'><strong>edicere,</strong></span> <span class='ocrx_word' id='word_1_158' title='bbox 1618 2053 1751 2094; x_wconf 90' lang='lat' dir='ltr'><strong>cum</strong></span> <span class='ocrx_word' id='word_1_159' title='bbox 1779 2037 1968 2112; x_wconf 33' lang='lat' dir='ltr'><strong>refert</strong></span> 
     </span>
    </p>
   </div>
   <div class='ocr_carea' id='block_1_27' title="bbox 317 2109 1971 2180">
    <p class='ocr_par' dir='ltr' id='par_1_27' title="bbox 317 2109 1971 2180">
     <span class='ocr_line' id='line_1_27' title="bbox 317 2109 1971 2180; baseline -0.002 -14"><span class='ocrx_word' id='word_1_160' title='bbox 317 2117 423 2173; x_wconf 83' lang='lat' dir='ltr'><strong>ret,</strong></span> <span class='ocrx_word' id='word_1_161' title='bbox 458 2113 682 2166; x_wconf 87' lang='lat' dir='ltr'><strong>Petrum</strong></span> <span class='ocrx_word' id='word_1_162' title='bbox 717 2111 1010 2167; x_wconf 88' lang='lat' dir='ltr'><strong>visitando</strong></span> <span class='ocrx_word' id='word_1_163' title='bbox 1035 2109 1384 2180; x_wconf 76' lang='lat' dir='ltr'><strong>pertransire</strong></span> <span class='ocrx_word' id='word_1_164' title='bbox 1407 2112 1736 2166; x_wconf 90' lang='lat' dir='ltr'><strong>universos.</strong></span> <span class='ocrx_word' id='word_1_165' title='bbox 1773 2109 1971 2180; x_wconf 81' lang='lat' dir='ltr'><strong>Videri</strong></span> 
     </span>
    </p>
   </div>
   <div class='ocr_carea' id='block_1_28' title="bbox 317 2179 1975 2252">
    <p class='ocr_par' dir='ltr' id='par_1_28' title="bbox 317 2179 1975 2252">
     <span class='ocr_line' id='line_1_28' title="bbox 317 2179 1975 2252; baseline -0.002 -14"><span class='ocrx_word' id='word_1_166' title='bbox 317 2188 538 2252; x_wconf 87' lang='lat' dir='ltr'><strong>poterat</strong></span> <span class='ocrx_word' id='word_1_167' title='bbox 566 2183 710 2240; x_wconf 89' lang='lat' dir='ltr'><strong>satis</strong></span> <span class='ocrx_word' id='word_1_168' title='bbox 724 2179 1052 2238; x_wconf 89' lang='lat' dir='ltr'><strong>consultum</strong></span> <span class='ocrx_word' id='word_1_169' title='bbox 1079 2183 1405 2252; x_wconf 84' lang='lat' dir='ltr'><strong>patrocinio</strong></span> <span class='ocrx_word' id='word_1_170' title='bbox 1417 2181 1699 2250; x_wconf 88' lang='lat' dir='ltr'><strong>veritatis,</strong></span> <span class='ocrx_word' id='word_1_171' title='bbox 1732 2193 1828 2249; x_wconf 90' lang='lat' dir='ltr'><strong>per</strong></span> <span class='ocrx_word' id='word_1_172' title='bbox 1856 2179 1975 2234; x_wconf 68' lang='lat' dir='ltr'><strong>haec</strong></span> 
     </span>
    </p>
   </div>
   <div class='ocr_carea' id='block_1_29' title="bbox 315 2251 1974 2324">
    <p class='ocr_par' dir='ltr' id='par_1_29' title="bbox 315 2251 1974 2324">
     <span class='ocr_line' id='line_1_29' title="bbox 315 2251 1974 2324; baseline -0.002 -16"><span class='ocrx_word' id='word_1_173' title='bbox 315 2251 610 2324; x_wconf 87' lang='lat' dir='ltr'><strong>observata</strong></span> <span class='ocrx_word' id='word_1_174' title='bbox 641 2253 855 2308; x_wconf 84' lang='lat' dir='ltr'><strong>Petavii</strong></span> <span class='ocrx_word' id='word_1_175' title='bbox 880 2254 1362 2324; x_wconf 89' lang='lat' dir='ltr'><strong>chronologorum</strong></span> <span class='ocrx_word' id='word_1_176' title='bbox 1381 2251 1552 2324; x_wconf 79' lang='lat' dir='ltr'><strong>facile</strong></span> <span class='ocrx_word' id='word_1_177' title='bbox 1580 2251 1866 2324; x_wconf 78' lang='lat' dir='ltr'><strong>principis</strong></span> <span class='ocrx_word' id='word_1_178' title='bbox 1895 2253 1974 2305; x_wconf 90' lang='lat' dir='ltr'><strong>ita</strong></span> 
     </span>
    </p>
   </div>
   <div class='ocr_carea' id='block_1_30' title="bbox 317 2321 1975 2393">
    <p class='ocr_par' dir='ltr' id='par_1_30' title="bbox 317 2321 1975 2393">
     <span class='ocr_line' id='line_1_30' title="bbox 317 2321 1975 2393; baseline -0.001 -15"><span class='ocrx_word' id='word_1_179' title='bbox 317 2323 642 2387; x_wconf 59' lang='lat' dir='ltr'><strong>vindicatae,</strong></span> <span class='ocrx_word' id='word_1_180' title='bbox 663 2324 746 2378; x_wconf 90' lang='lat' dir='ltr'><strong>uti</strong></span> <span class='ocrx_word' id='word_1_181' title='bbox 769 2323 1018 2393; x_wconf 83' lang='lat' dir='ltr'><strong>explicat</strong></span> <span class='ocrx_word' id='word_1_182' title='bbox 1037 2321 1212 2379; x_wconf 81' lang='lat' dir='ltr'><strong>initio</strong></span> <span class='ocrx_word' id='word_1_183' title='bbox 1237 2324 1448 2393; x_wconf 88' lang='lat' dir='ltr'><strong>capitis</strong></span> <span class='ocrx_word' id='word_1_184' title='bbox 1463 2321 1545 2378; x_wconf 75' lang='grc'><strong>44.</strong></span> <span class='ocrx_word' id='word_1_185' title='bbox 1563 2323 1699 2392; x_wconf 66' lang='lat' dir='ltr'><strong>Quae</strong></span> <span class='ocrx_word' id='word_1_186' title='bbox 1719 2321 1790 2376; x_wconf 89' lang='lat' dir='ltr'><strong>ab</strong></span> <span class='ocrx_word' id='word_1_187' title='bbox 1806 2321 1975 2376; x_wconf 66' lang='lat' dir='ltr'><strong>haere-</strong></span> 
     </span>
    </p>
   </div>
   <div class='ocr_carea' id='block_1_31' title="bbox 315 2394 1976 2464">
    <p class='ocr_par' dir='ltr' id='par_1_31' title="bbox 315 2394 1976 2464">
     <span class='ocr_line' id='line_1_31' title="bbox 315 2394 1976 2464; baseline -0.002 -15"><span class='ocrx_word' id='word_1_188' title='bbox 315 2395 476 2464; x_wconf 91' lang='lat' dir='ltr'><strong>ticis,</strong></span> <span class='ocrx_word' id='word_1_189' title='bbox 513 2395 727 2464; x_wconf 84' lang='lat' dir='ltr'><strong>inquit,</strong></span> <span class='ocrx_word' id='word_1_190' title='bbox 757 2407 823 2449; x_wconf 88' lang='lat' dir='ltr'><strong>ex</strong></span> <span class='ocrx_word' id='word_1_191' title='bbox 876 2401 1141 2450; x_wconf 85' lang='lat' dir='ltr'><strong>accurata</strong></span> <span class='ocrx_word' id='word_1_192' title='bbox 1169 2407 1450 2449; x_wconf 90' lang='lat' dir='ltr'><strong>annorum</strong></span> <span class='ocrx_word' id='word_1_193' title='bbox 1489 2394 1887 2464; x_wconf 76' lang='lat' dir='ltr'><strong>disputatione</strong></span> <span class='ocrx_word' id='word_1_194' title='bbox 1919 2397 1976 2446; x_wconf 89' lang='lat' dir='ltr'><strong>et</strong></span> 
     </span>
    </p>
   </div>
   <div class='ocr_carea' id='block_1_32' title="bbox 320 2463 1978 2532">
    <p class='ocr_par' dir='ltr' id='par_1_32' title="bbox 320 2463 1978 2532">
     <span class='ocr_line' id='line_1_32' title="bbox 320 2463 1978 2532; baseline -0.003 -12"><span class='ocrx_word' id='word_1_195' title='bbox 320 2463 888 2530; x_wconf 44' lang='lat' dir='ltr'><strong>Actorum’historia,</strong></span> <span class='ocrx_word' id='word_1_196' title='bbox 909 2471 1110 2520; x_wconf 90' lang='lat' dir='ltr'><strong>contra</strong></span> <span class='ocrx_word' id='word_1_197' title='bbox 1129 2465 1276 2519; x_wconf 87' lang='lat' dir='ltr'><strong>Petri</strong></span> <span class='ocrx_word' id='word_1_198' title='bbox 1299 2464 1626 2519; x_wconf 89' lang='lat' dir='ltr'><strong>cathedram</strong></span> <span class='ocrx_word' id='word_1_199' title='bbox 1640 2463 1852 2532; x_wconf 88' lang='lat' dir='ltr'><strong>opponi</strong></span> <span class='ocrx_word' id='word_1_200' title='bbox 1876 2475 1978 2532; x_wconf 90' lang='lat' dir='ltr'><strong>so—</strong></span> 
     </span>
    </p>
   </div>
   <div class='ocr_carea' id='block_1_33' title="bbox 322 2531 1976 2602">
    <p class='ocr_par' dir='ltr' id='par_1_33' title="bbox 322 2531 1976 2602">
     <span class='ocr_line' id='line_1_33' title="bbox 322 2531 1976 2602; baseline -0.002 -13"><span class='ocrx_word' id='word_1_201' title='bbox 322 2533 461 2602; x_wconf 91' lang='lat' dir='ltr'><strong>lent,</strong></span> <span class='ocrx_word' id='word_1_202' title='bbox 488 2535 566 2590; x_wconf 89' lang='lat' dir='ltr'><strong>iis</strong></span> <span class='ocrx_word' id='word_1_203' title='bbox 588 2533 858 2590; x_wconf 84' lang='lat' dir='ltr'><strong>funditus</strong></span> <span class='ocrx_word' id='word_1_204' title='bbox 878 2535 1094 2589; x_wconf 89' lang='lat' dir='ltr'><strong>eversis</strong></span> <span class='ocrx_word' id='word_1_205' title='bbox 1109 2548 1176 2589; x_wconf 91' lang='lat' dir='ltr'><strong>ac</strong></span> <span class='ocrx_word' id='word_1_206' title='bbox 1197 2535 1500 2597; x_wconf 89' lang='lat' dir='ltr'><strong>convictis,</strong></span> <span class='ocrx_word' id='word_1_207' title='bbox 1523 2531 1812 2601; x_wconf 35' lang='lat' dir='ltr'><strong>nihil’jam</strong></span> <span class='ocrx_word' id='word_1_208' title='bbox 1837 2531 1976 2586; x_wconf 89' lang='lat' dir='ltr'><strong>obs-</strong></span> 
     </span>
    </p>
   </div>
   <div class='ocr_carea' id='block_1_34' title="bbox 314 2604 1978 2674">
    <p class='ocr_par' dir='ltr' id='par_1_34' title="bbox 314 2604 1978 2674">
     <span class='ocr_line' id='line_1_34' title="bbox 314 2604 1978 2674; baseline -0.002 -16"><span class='ocrx_word' id='word_1_209' title='bbox 314 2611 437 2659; x_wconf 90' lang='lat' dir='ltr'><strong>tare</strong></span> <span class='ocrx_word' id='word_1_210' title='bbox 461 2611 664 2672; x_wconf 89' lang='lat' dir='ltr'><strong>potest,</strong></span> <span class='ocrx_word' id='word_1_211' title='bbox 681 2604 823 2674; x_wconf 91' lang='lat' dir='ltr'><strong>quin</strong></span> <span class='ocrx_word' id='word_1_212' title='bbox 842 2609 1025 2672; x_wconf 90' lang='lat' dir='ltr'><strong>vetus,</strong></span> <span class='ocrx_word' id='word_1_213' title='bbox 1049 2610 1104 2659; x_wconf 90' lang='lat' dir='ltr'><strong>et</strong></span> <span class='ocrx_word' id='word_1_214' title='bbox 1120 2605 1272 2672; x_wconf 89' lang='lat' dir='ltr'><strong>apud</strong></span> <span class='ocrx_word' id='word_1_215' title='bbox 1293 2604 1608 2658; x_wconf 89' lang='lat' dir='ltr'><strong>catholicos</strong></span> <span class='ocrx_word' id='word_1_216' title='bbox 1621 2609 1843 2671; x_wconf 83' lang='lat' dir='ltr'><strong>recepta</strong></span> <span class='ocrx_word' id='word_1_217' title='bbox 1865 2609 1978 2656; x_wconf 88' lang='lat' dir='ltr'><strong>tra-</strong></span> 
     </span>
    </p>
   </div>
   <div class='ocr_carea' id='block_1_35' title="bbox 314 2674 1972 2740">
    <p class='ocr_par' dir='ltr' id='par_1_35' title="bbox 314 2674 1972 2740">
     <span class='ocr_line' id='line_1_35' title="bbox 314 2674 1972 2740; baseline -0.002 -10"><span class='ocrx_word' id='word_1_218' title='bbox 314 2675 469 2730; x_wconf 90' lang='lat' dir='ltr'><strong>ditio</strong></span> <span class='ocrx_word' id='word_1_219' title='bbox 493 2675 716 2740; x_wconf 91' lang='lat' dir='ltr'><strong>pondns</strong></span> <span class='ocrx_word' id='word_1_220' title='bbox 744 2685 913 2727; x_wconf 90' lang='lat' dir='ltr'><strong>suum</strong></span> <span class='ocrx_word' id='word_1_221' title='bbox 936 2679 992 2728; x_wconf 92' lang='lat' dir='ltr'><strong>et</strong></span> <span class='ocrx_word' id='word_1_222' title='bbox 1018 2675 1423 2729; x_wconf 87' lang='lat' dir='ltr'><strong>auctoritatem</strong></span> <span class='ocrx_word' id='word_1_223' title='bbox 1466 2674 1729 2728; x_wconf 86' lang='lat' dir='ltr'><strong>retineat.</strong></span> <span class='ocrx_word' id='word_1_224' title='bbox 1771 2674 1972 2727; x_wconf 90' lang='lat' dir='ltr'><strong>Verum</strong></span> 
     </span>
    </p>
   </div>
   <div class='ocr_carea' id='block_1_36' title="bbox 313 2743 1976 2814">
    <p class='ocr_par' dir='ltr' id='par_1_36' title="bbox 313 2743 1976 2814">
     <span class='ocr_line' id='line_1_36' title="bbox 313 2743 1976 2814; baseline -0.002 -14"><span class='ocrx_word' id='word_1_225' title='bbox 313 2744 454 2814; x_wconf 89' lang='lat' dir='ltr'><strong>quia</strong></span> <span class='ocrx_word' id='word_1_226' title='bbox 484 2745 798 2799; x_wconf 85' lang='lat' dir='ltr'><strong>necessitas</strong></span> <span class='ocrx_word' id='word_1_227' title='bbox 824 2744 1203 2814; x_wconf 88' lang='lat' dir='ltr'><strong>componendi</strong></span> <span class='ocrx_word' id='word_1_228' title='bbox 1237 2756 1456 2814; x_wconf 81' lang='lat' dir='ltr'><strong>sacram</strong></span> <span class='ocrx_word' id='word_1_229' title='bbox 1492 2743 1797 2798; x_wconf 90' lang='lat' dir='ltr'><strong>historiam</strong></span> <span class='ocrx_word' id='word_1_230' title='bbox 1829 2756 1976 2810; x_wconf 86' lang='lat' dir='ltr'><strong>apo—</strong></span> 
     </span>
    </p>
   </div>
   <div class='ocr_carea' id='block_1_37' title="bbox 312 2811 1972 2883">
    <p class='ocr_par' dir='ltr' id='par_1_37' title="bbox 312 2811 1972 2883">
     <span class='ocr_line' id='line_1_37' title="bbox 312 2811 1972 2883; baseline -0.002 -14"><span class='ocrx_word' id='word_1_231' title='bbox 312 2811 574 2870; x_wconf 75' lang='lat' dir='ltr'><strong>stolicam</strong></span> <span class='ocrx_word' id='word_1_232' title='bbox 609 2827 738 2869; x_wconf 90' lang='lat' dir='ltr'><strong>cum</strong></span> <span class='ocrx_word' id='word_1_233' title='bbox 781 2811 1109 2869; x_wconf 88' lang='lat' dir='ltr'><strong>rationibus</strong></span> <span class='ocrx_word' id='word_1_234' title='bbox 1139 2811 1412 2883; x_wconf 74' lang='lat' dir='ltr'><strong>profanae,</strong></span> <span class='ocrx_word' id='word_1_235' title='bbox 1460 2814 1520 2868; x_wconf 94' lang='lat' dir='ltr'><strong>in</strong></span> <span class='ocrx_word' id='word_1_236' title='bbox 1573 2815 1745 2868; x_wconf 89' lang='lat' dir='ltr'><strong>annis</strong></span> <span class='ocrx_word' id='word_1_237' title='bbox 1777 2826 1972 2882; x_wconf 88' lang='lat' dir='ltr'><strong>regum</strong></span> 
     </span>
    </p>
   </div>
   <div class='ocr_carea' id='block_1_38' title="bbox 311 2883 1974 2952">
    <p class='ocr_par' dir='ltr' id='par_1_38' title="bbox 311 2883 1974 2952">
     <span class='ocr_line' id='line_1_38' title="bbox 311 2883 1974 2952; baseline -0.001 -12"><span class='ocrx_word' id='word_1_238' title='bbox 311 2885 664 2950; x_wconf 73' lang='lat' dir='ltr'><strong>Judaeorum,</strong></span> <span class='ocrx_word' id='word_1_239' title='bbox 697 2897 762 2938; x_wconf 84' lang='lat' dir='ltr'><strong>ac</strong></span> <span class='ocrx_word' id='word_1_240' title='bbox 781 2883 1066 2938; x_wconf 76' lang='lat' dir='ltr'><strong>Caesarum</strong></span> <span class='ocrx_word' id='word_1_241' title='bbox 1099 2884 1483 2940; x_wconf 82' lang='lat' dir='ltr'><strong>Romanorum</strong></span> <span class='ocrx_word' id='word_1_242' title='bbox 1517 2885 1833 2952; x_wconf 64' lang='lat' dir='ltr'><strong>praesertim</strong></span> <span class='ocrx_word' id='word_1_243' title='bbox 1870 2896 1974 2951; x_wconf 90' lang='lat' dir='ltr'><strong>pa—</strong></span> 
     </span>
    </p>
   </div>
   <div class='ocr_carea' id='block_1_39' title="bbox 313 2953 1974 3025">
    <p class='ocr_par' dir='ltr' id='par_1_39' title="bbox 313 2953 1974 3025">
     <span class='ocr_line' id='line_1_39' title="bbox 313 2953 1974 3025; baseline -0.001 -14"><span class='ocrx_word' id='word_1_244' title='bbox 313 2955 538 3011; x_wconf 90' lang='lat' dir='ltr'><strong>riandis</strong></span> <span class='ocrx_word' id='word_1_245' title='bbox 553 2969 682 3010; x_wconf 92' lang='lat' dir='ltr'><strong>cum</strong></span> <span class='ocrx_word' id='word_1_246' title='bbox 701 2954 850 3008; x_wconf 88' lang='lat' dir='ltr'><strong>Petri</strong></span> <span class='ocrx_word' id='word_1_247' title='bbox 867 2956 1170 3022; x_wconf 77' lang='lat' dir='ltr'><strong>praesentia</strong></span> <span class='ocrx_word' id='word_1_248' title='bbox 1187 2954 1621 3025; x_wconf 87' lang='lat' dir='ltr'><strong>Hierosolymis,</strong></span> <span class='ocrx_word' id='word_1_249' title='bbox 1643 2954 1817 3010; x_wconf 90' lang='lat' dir='ltr'><strong>Paulo</strong></span> <span class='ocrx_word' id='word_1_250' title='bbox 1832 2953 1974 3009; x_wconf 91' lang='lat' dir='ltr'><strong>illuc</strong></span> 
     </span>
    </p>
   </div>
   <div class='ocr_carea' id='block_1_40' title="bbox 311 3025 1977 3098">
    <p class='ocr_par' dir='ltr' id='par_1_40' title="bbox 311 3025 1977 3098">
     <span class='ocr_line' id='line_1_40' title="bbox 311 3025 1977 3098; baseline -0.001 -17"><span class='ocrx_word' id='word_1_251' title='bbox 311 3026 678 3098; x_wconf 84' lang='lat' dir='ltr'><strong>ascendente,</strong></span> <span class='ocrx_word' id='word_1_252' title='bbox 709 3030 774 3079; x_wconf 90' lang='lat' dir='ltr'><strong>ut</strong></span> <span class='ocrx_word' id='word_1_253' title='bbox 800 3025 1027 3098; x_wconf 83' lang='lat' dir='ltr'><strong>Petrum</strong></span> <span class='ocrx_word' id='word_1_254' title='bbox 1049 3025 1290 3094; x_wconf 84' lang='lat' dir='ltr'><strong>videret,</strong></span> <span class='ocrx_word' id='word_1_255' title='bbox 1306 3027 1531 3098; x_wconf 76' lang='lat' dir='ltr'><strong>Herode</strong></span> <span class='ocrx_word' id='word_1_256' title='bbox 1547 3026 1801 3098; x_wconf 81' lang='lat' dir='ltr'><strong>Agrippa</strong></span> <span class='ocrx_word' id='word_1_257' title='bbox 1821 3038 1977 3080; x_wconf 90' lang='lat' dir='ltr'><strong>eum-</strong></span> 
     </span>
    </p>
   </div>
   <div class='ocr_carea' id='block_1_41' title="bbox 310 3095 1977 3167">
    <p class='ocr_par' dir='ltr' id='par_1_41' title="bbox 310 3095 1977 3167">
     <span class='ocr_line' id='line_1_41' title="bbox 310 3095 1977 3167; baseline -0.003 -14"><span class='ocrx_word' id='word_1_258' title='bbox 310 3097 436 3153; x_wconf 89' lang='lat' dir='ltr'><strong>dem</strong></span> <span class='ocrx_word' id='word_1_259' title='bbox 463 3095 716 3151; x_wconf 88' lang='lat' dir='ltr'><strong>vinculis</strong></span> <span class='ocrx_word' id='word_1_260' title='bbox 745 3095 1129 3167; x_wconf 88' lang='lat' dir='ltr'><strong>mancipante,</strong></span> <span class='ocrx_word' id='word_1_261' title='bbox 1153 3104 1276 3164; x_wconf 89' lang='lat' dir='ltr'><strong>post</strong></span> <span class='ocrx_word' id='word_1_262' title='bbox 1296 3096 1566 3152; x_wconf 88' lang='lat' dir='ltr'><strong>Jacobum</strong></span> <span class='ocrx_word' id='word_1_263' title='bbox 1590 3095 1782 3167; x_wconf 79' lang='lat' dir='ltr'><strong>gladio</strong></span> <span class='ocrx_word' id='word_1_264' title='bbox 1813 3097 1977 3150; x_wconf 84' lang='lat' dir='ltr'><strong>occi-</strong></span> 
     </span>
    </p>
   </div>
   <div class='ocr_carea' id='block_1_42' title="bbox 311 3166 1975 3236">
    <p class='ocr_par' dir='ltr' id='par_1_42' title="bbox 311 3166 1975 3236">
     <span class='ocr_line' id='line_1_42' title="bbox 311 3166 1975 3236; baseline -0.001 -14"><span class='ocrx_word' id='word_1_265' title='bbox 311 3180 462 3234; x_wconf 91' lang='lat' dir='ltr'><strong>sum,</strong></span> <span class='ocrx_word' id='word_1_266' title='bbox 527 3171 732 3222; x_wconf 87' lang='lat' dir='ltr'><strong>iterum</strong></span> <span class='ocrx_word' id='word_1_267' title='bbox 787 3166 1034 3221; x_wconf 89' lang='lat' dir='ltr'><strong>adeunte</strong></span> <span class='ocrx_word' id='word_1_268' title='bbox 1087 3167 1558 3236; x_wconf 83' lang='lat' dir='ltr'><strong>Hierosolymam.</strong></span> <span class='ocrx_word' id='word_1_269' title='bbox 1601 3166 1789 3222; x_wconf 84' lang='lat' dir='ltr'><strong>Paulo</strong></span> <span class='ocrx_word' id='word_1_270' title='bbox 1848 3173 1975 3236; x_wconf 90' lang='lat' dir='ltr'><strong>post</strong></span> 
     </span>
    </p>
   </div>
   <div class='ocr_carea' id='block_1_43' title="bbox 311 3237 1976 3308">
    <p class='ocr_par' dir='ltr' id='par_1_43' title="bbox 311 3237 1976 3308">
     <span class='ocr_line' id='line_1_43' title="bbox 311 3237 1976 3308; baseline 0 -16"><span class='ocrx_word' id='word_1_271' title='bbox 311 3251 498 3292; x_wconf 90' lang='lat' dir='ltr'><strong>annos</strong></span> <span class='ocrx_word' id='word_1_272' title='bbox 517 3237 956 3308; x_wconf 87' lang='lat' dir='ltr'><strong>quatuordecim</strong></span> <span class='ocrx_word' id='word_1_273' title='bbox 983 3250 1015 3291; x_wconf 92' lang='lat' dir='ltr'><strong>a</strong></span> <span class='ocrx_word' id='word_1_274' title='bbox 1039 3239 1413 3293; x_wconf 88' lang='lat' dir='ltr'><strong>conversione</strong></span> <span class='ocrx_word' id='word_1_275' title='bbox 1443 3237 1563 3293; x_wconf 82' lang='lat' dir='ltr'><strong>sive</strong></span> <span class='ocrx_word' id='word_1_276' title='bbox 1587 3252 1619 3292; x_wconf 91' lang='lat' dir='ltr'><strong>a</strong></span> <span class='ocrx_word' id='word_1_277' title='bbox 1643 3238 1827 3308; x_wconf 86' lang='lat' dir='ltr'><strong>prima</strong></span> <span class='ocrx_word' id='word_1_278' title='bbox 1863 3237 1976 3292; x_wconf 89' lang='lat' dir='ltr'><strong>col-</strong></span> 
     </span>
    </p>
   </div>
   <div class='ocr_carea' id='block_1_44' title="bbox 311 3308 1975 3380">
    <p class='ocr_par' dir='ltr' id='par_1_44' title="bbox 311 3308 1975 3380">
     <span class='ocr_line' id='line_1_44' title="bbox 311 3308 1975 3380; baseline -0.002 -16"><span class='ocrx_word' id='word_1_279' title='bbox 311 3308 605 3380; x_wconf 87' lang='lat' dir='ltr'><strong>locutione</strong></span> <span class='ocrx_word' id='word_1_280' title='bbox 627 3321 755 3361; x_wconf 80' lang='lat' dir='ltr'><strong>cum</strong></span> <span class='ocrx_word' id='word_1_281' title='bbox 777 3308 1020 3380; x_wconf 81' lang='lat' dir='ltr'><strong>Petroet</strong></span> <span class='ocrx_word' id='word_1_282' title='bbox 1043 3309 1406 3380; x_wconf 78' lang='lat' dir='ltr'><strong>congregatis</strong></span> <span class='ocrx_word' id='word_1_283' title='bbox 1427 3308 1708 3378; x_wconf 87' lang='lat' dir='ltr'><strong>apostolis</strong></span> <span class='ocrx_word' id='word_1_284' title='bbox 1742 3309 1803 3380; x_wconf 86' lang='lat' dir='ltr'><strong>in</strong></span> <span class='ocrx_word' id='word_1_285' title='bbox 1827 3322 1975 3362; x_wconf 91' lang='lat' dir='ltr'><strong>con-</strong></span> 
     </span>
    </p>
   </div>
   <div class='ocr_carea' id='block_1_45' title="bbox 309 3377 1976 3450">
    <p class='ocr_par' dir='ltr' id='par_1_45' title="bbox 309 3377 1976 3450">
     <span class='ocr_line' id='line_1_45' title="bbox 309 3377 1976 3450; baseline -0.001 -16"><span class='ocrx_word' id='word_1_286' title='bbox 309 3379 452 3434; x_wconf 89' lang='lat' dir='ltr'><strong>cilio</strong></span> <span class='ocrx_word' id='word_1_287' title='bbox 481 3379 552 3434; x_wconf 91' lang='lat' dir='ltr'><strong>ad</strong></span> <span class='ocrx_word' id='word_1_288' title='bbox 590 3377 1060 3450; x_wconf 90' lang='lat' dir='ltr'><strong>respondendum</strong></span> <span class='ocrx_word' id='word_1_289' title='bbox 1102 3377 1184 3450; x_wconf 75' lang='lat' dir='ltr'><strong>de</strong></span> <span class='ocrx_word' id='word_1_290' title='bbox 1200 3377 1504 3450; x_wconf 83' lang='lat' dir='ltr'><strong>legalibus,</strong></span> <span class='ocrx_word' id='word_1_291' title='bbox 1540 3381 1690 3448; x_wconf 89' lang='lat' dir='ltr'><strong>quod</strong></span> <span class='ocrx_word' id='word_1_292' title='bbox 1717 3379 1976 3450; x_wconf 87' lang='lat' dir='ltr'><strong>referunt</strong></span> 
     </span>
    </p>
   </div>
   <div class='ocr_carea' id='block_1_46' title="bbox 309 3448 1968 3518">
    <p class='ocr_par' dir='ltr' id='par_1_46' title="bbox 309 3448 1968 3518">
     <span class='ocr_line' id='line_1_46' title="bbox 309 3448 1968 3518; baseline -0.002 -12"><span class='ocrx_word' id='word_1_293' title='bbox 309 3449 695 3506; x_wconf 91' lang='lat' dir='ltr'><strong>communiter</strong></span> <span class='ocrx_word' id='word_1_294' title='bbox 739 3449 809 3503; x_wconf 91' lang='lat' dir='ltr'><strong>ad</strong></span> <span class='ocrx_word' id='word_1_295' title='bbox 863 3461 1079 3504; x_wconf 90' lang='lat' dir='ltr'><strong>annum</strong></span> <span class='ocrx_word' id='word_1_296' title='bbox 1122 3448 1192 3504; x_wconf 81' lang='lat'>53</span> <span class='ocrx_word' id='word_1_297' title='bbox 1246 3448 1371 3505; x_wconf 64' lang='lat' dir='ltr'><strong>tiaran</strong></span> <span class='ocrx_word' id='word_1_298' title='bbox 1419 3449 1634 3504; x_wconf 83' lang='lat' dir='ltr'><strong>Christi</strong></span> <span class='ocrx_word' id='word_1_299' title='bbox 1690 3449 1968 3518; x_wconf 88' lang='lat' dir='ltr'><strong>vulgaris,</strong></span> 
     </span>
    </p>
   </div>
   <div class='ocr_carea' id='block_1_47' title="bbox 311 3519 1972 3590">
    <p class='ocr_par' dir='ltr' id='par_1_47' title="bbox 311 3519 1972 3590">
     <span class='ocr_line' id='line_1_47' title="bbox 311 3519 1972 3590; baseline -0.001 -14"><span class='ocrx_word' id='word_1_300' title='bbox 311 3521 646 3581; x_wconf 89' lang='lat' dir='ltr'><strong>necessitas,</strong></span> <span class='ocrx_word' id='word_1_301' title='bbox 673 3521 931 3588; x_wconf 89' lang='lat' dir='ltr'><strong>inquam,</strong></span> <span class='ocrx_word' id='word_1_302' title='bbox 958 3521 1334 3588; x_wconf 89' lang='lat' dir='ltr'><strong>componendi</strong></span> <span class='ocrx_word' id='word_1_303' title='bbox 1381 3526 1656 3590; x_wconf 89' lang='lat' dir='ltr'><strong>utrasque</strong></span> <span class='ocrx_word' id='word_1_304' title='bbox 1693 3519 1972 3575; x_wconf 86' lang='lat' dir='ltr'><strong>historias</strong></span> 
     </span>
    </p>
   </div>
   <div class='ocr_carea' id='block_1_48' title="bbox 309 3589 1971 3661">
    <p class='ocr_par' dir='ltr' id='par_1_48' title="bbox 309 3589 1971 3661">
     <span class='ocr_line' id='line_1_48' title="bbox 309 3589 1971 3661; baseline -0.002 -15"><span class='ocrx_word' id='word_1_305' title='bbox 309 3591 725 3661; x_wconf 88' lang='lat' dir='ltr'><strong>apostolorum,</strong></span> <span class='ocrx_word' id='word_1_306' title='bbox 774 3601 842 3644; x_wconf 90' lang='lat' dir='ltr'><strong>ac</strong></span> <span class='ocrx_word' id='word_1_307' title='bbox 885 3589 1170 3661; x_wconf 70' lang='lat' dir='ltr'><strong>Caesarum</strong></span> <span class='ocrx_word' id='word_1_308' title='bbox 1225 3605 1356 3646; x_wconf 91' lang='lat' dir='ltr'><strong>cum</strong></span> <span class='ocrx_word' id='word_1_309' title='bbox 1408 3589 1595 3660; x_wconf 84' lang='lat' dir='ltr'><strong>pariat</strong></span> <span class='ocrx_word' id='word_1_310' title='bbox 1642 3591 1971 3660; x_wconf 84' lang='lat' dir='ltr'><strong>implicatas</strong></span> 
     </span>
    </p>
   </div>
   <div class='ocr_carea' id='block_1_49' title="bbox 309 3659 1965 3732">
    <p class='ocr_par' dir='ltr' id='par_1_49' title="bbox 309 3659 1965 3732">
     <span class='ocr_line' id='line_1_49' title="bbox 309 3659 1965 3732; baseline -0.001 -14"><span class='ocrx_word' id='word_1_311' title='bbox 309 3659 694 3732; x_wconf 62' lang='lat' dir='ltr'><strong>quaestiones;</strong></span> <span class='ocrx_word' id='word_1_312' title='bbox 729 3661 863 3715; x_wconf 92' lang='lat' dir='ltr'><strong>inde</strong></span> <span class='ocrx_word' id='word_1_313' title='bbox 891 3659 1060 3716; x_wconf 89' lang='lat' dir='ltr'><strong>facile</strong></span> <span class='ocrx_word' id='word_1_314' title='bbox 1089 3675 1287 3716; x_wconf 89' lang='lat' dir='ltr'><strong>ansam</strong></span> <span class='ocrx_word' id='word_1_315' title='bbox 1310 3659 1608 3730; x_wconf 89' lang='lat' dir='ltr'><strong>arripiunt</strong></span> <span class='ocrx_word' id='word_1_316' title='bbox 1632 3659 1825 3716; x_wconf 81' lang='lat' dir='ltr'><strong>hostes</strong></span> <span class='ocrx_word' id='word_1_317' title='bbox 1851 3662 1965 3716; x_wconf 84' lang='lat' dir='ltr'><strong>Ro-</strong></span> 
     </span>
    </p>
   </div>
   <div class='ocr_carea' id='block_1_50' title="bbox 312 3732 1966 3799">
    <p class='ocr_par' dir='ltr' id='par_1_50' title="bbox 312 3732 1966 3799">
     <span class='ocr_line' id='line_1_50' title="bbox 312 3732 1966 3799; baseline -0.001 -12"><span class='ocrx_word' id='word_1_318' title='bbox 312 3745 492 3788; x_wconf 73' lang='lat' dir='ltr'><strong>mana:</strong></span> <span class='ocrx_word' id='word_1_319' title='bbox 506 3732 792 3788; x_wconf 68' lang='lat' dir='ltr'><strong>cathedrae</strong></span> <span class='ocrx_word' id='word_1_320' title='bbox 809 3745 878 3786; x_wconf 91' lang='lat' dir='ltr'><strong>ex</strong></span> <span class='ocrx_word' id='word_1_321' title='bbox 897 3745 1033 3799; x_wconf 88' lang='lat' dir='ltr'><strong>uno,</strong></span> <span class='ocrx_word' id='word_1_322' title='bbox 1058 3733 1143 3787; x_wconf 92' lang='lat' dir='ltr'><strong>vel</strong></span> <span class='ocrx_word' id='word_1_323' title='bbox 1159 3733 1340 3788; x_wconf 88' lang='lat' dir='ltr'><strong>altero</strong></span> <span class='ocrx_word' id='word_1_324' title='bbox 1363 3739 1524 3788; x_wconf 80' lang='lat' dir='ltr'><strong>textu</strong></span> <span class='ocrx_word' id='word_1_325' title='bbox 1544 3733 1966 3788; x_wconf 86' lang='lat' dir='ltr'><strong>historicorum</strong></span> 
     </span>
    </p>
   </div>
   <div class='ocr_carea' id='block_1_51' title="bbox 310 3802 1962 3874">
    <p class='ocr_par' dir='ltr' id='par_1_51' title="bbox 310 3802 1962 3874">
     <span class='ocr_line' id='line_1_51' title="bbox 310 3802 1962 3874; baseline -0.001 -16"><span class='ocrx_word' id='word_1_326' title='bbox 310 3803 626 3874; x_wconf 60' lang='lat' dir='ltr'><strong>quaerendi,</strong></span> <span class='ocrx_word' id='word_1_327' title='bbox 661 3807 724 3857; x_wconf 92' lang='lat' dir='ltr'><strong>ut</strong></span> <span class='ocrx_word' id='word_1_328' title='bbox 749 3803 938 3874; x_wconf 87' lang='lat' dir='ltr'><strong>aiunt,</strong></span> <span class='ocrx_word' id='word_1_329' title='bbox 976 3803 1187 3858; x_wconf 92' lang='lat' dir='ltr'><strong>nodum</strong></span> <span class='ocrx_word' id='word_1_330' title='bbox 1213 3805 1270 3858; x_wconf 91' lang='lat' dir='ltr'><strong>in</strong></span> <span class='ocrx_word' id='word_1_331' title='bbox 1305 3804 1518 3873; x_wconf 84' lang='lat' dir='ltr'><strong>scirpo.</strong></span> <span class='ocrx_word' id='word_1_332' title='bbox 1571 3805 1715 3858; x_wconf 89' lang='lat' dir='ltr'><strong>Hinc</strong></span> <span class='ocrx_word' id='word_1_333' title='bbox 1748 3802 1962 3874; x_wconf 78' lang='lat' dir='ltr'><strong>Petavii</strong></span> 
     </span>
    </p>
   </div>
   <div class='ocr_carea' id='block_1_52' title="bbox 308 3872 1960 3944">
    <p class='ocr_par' dir='ltr' id='par_1_52' title="bbox 308 3872 1960 3944">
     <span class='ocr_line' id='line_1_52' title="bbox 308 3872 1960 3944; baseline -0.001 -16"><span class='ocrx_word' id='word_1_334' title='bbox 308 3872 638 3944; x_wconf 75' lang='lat' dir='ltr'><strong>rationibus</strong></span> <span class='ocrx_word' id='word_1_335' title='bbox 651 3873 978 3941; x_wconf 81' lang='lat' dir='ltr'><strong>declinatis,</strong></span> <span class='ocrx_word' id='word_1_336' title='bbox 1001 3875 1238 3944; x_wconf 89' lang='lat' dir='ltr'><strong>acieque</strong></span> <span class='ocrx_word' id='word_1_337' title='bbox 1253 3872 1720 3944; x_wconf 86' lang='lat' dir='ltr'><strong>argumentorum</strong></span> <span class='ocrx_word' id='word_1_338' title='bbox 1749 3872 1960 3938; x_wconf 85' lang='lat' dir='ltr'><strong>refusa,</strong></span> 
     </span>
    </p>
   </div>
   <div class='ocr_carea' id='block_1_53' title="bbox 305 3943 1965 4016">
    <p class='ocr_par' dir='ltr' id='par_1_53' title="bbox 305 3943 1965 4016">
     <span class='ocr_line' id='line_1_53' title="bbox 305 3943 1965 4016; baseline 0.001 -18"><span class='ocrx_word' id='word_1_339' title='bbox 305 3943 714 4016; x_wconf 83' lang='lat' dir='ltr'><strong>Schelestratio</strong></span> <span class='ocrx_word' id='word_1_340' title='bbox 733 3943 902 4016; x_wconf 89' lang='lat' dir='ltr'><strong>illiin</strong></span> <span class='ocrx_word' id='word_1_341' title='bbox 923 3957 1122 4016; x_wconf 86' lang='lat' dir='ltr'><strong>pugna</strong></span> <span class='ocrx_word' id='word_1_342' title='bbox 1147 3943 1477 4000; x_wconf 85' lang='lat' dir='ltr'><strong>succedenti</strong></span> <span class='ocrx_word' id='word_1_343' title='bbox 1503 3959 1678 4001; x_wconf 89' lang='lat' dir='ltr'><strong>novos</strong></span> <span class='ocrx_word' id='word_1_344' title='bbox 1708 3947 1860 4000; x_wconf 90' lang='lat' dir='ltr'><strong>ictus</strong></span> <span class='ocrx_word' id='word_1_345' title='bbox 1883 3945 1965 3999; x_wconf 87' lang='lat' dir='ltr'><strong>in-</strong></span> 
     </span>
    </p>
   </div>
   <div class='ocr_carea' id='block_1_54' title="bbox 308 4014 1962 4085">
    <p class='ocr_par' dir='ltr' id='par_1_54' title="bbox 308 4014 1962 4085">
     <span class='ocr_line' id='line_1_54' title="bbox 308 4014 1962 4085; baseline -0.001 -15"><span class='ocrx_word' id='word_1_346' title='bbox 308 4019 552 4085; x_wconf 87' lang='lat' dir='ltr'><strong>tentant,</strong></span> <span class='ocrx_word' id='word_1_347' title='bbox 599 4014 1037 4085; x_wconf 79' lang='lat' dir='ltr'><strong>chronoIOgiam</strong></span> <span class='ocrx_word' id='word_1_348' title='bbox 1081 4016 1140 4070; x_wconf 92' lang='lat' dir='ltr'><strong>in</strong></span> <span class='ocrx_word' id='word_1_349' title='bbox 1164 4016 1480 4072; x_wconf 89' lang='lat' dir='ltr'><strong>discrimen</strong></span> <span class='ocrx_word' id='word_1_350' title='bbox 1516 4024 1862 4072; x_wconf 89' lang='lat' dir='ltr'><strong>revocantes.</strong></span> <span class='ocrx_word' id='word_1_351' title='bbox 1901 4020 1962 4069; x_wconf 91' lang='lat' dir='ltr'><strong>ut</strong></span> 
     </span>
    </p>
   </div>
   <div class='ocr_carea' id='block_1_55' title="bbox 308 4084 1960 4156">
    <p class='ocr_par' dir='ltr' id='par_1_55' title="bbox 308 4084 1960 4156">
     <span class='ocr_line' id='line_1_55' title="bbox 308 4084 1960 4156; baseline 0 -16"><span class='ocrx_word' id='word_1_352' title='bbox 308 4091 504 4142; x_wconf 91' lang='lat' dir='ltr'><strong>nostra</strong></span> <span class='ocrx_word' id='word_1_353' title='bbox 522 4084 767 4156; x_wconf 82' lang='lat' dir='ltr'><strong>historia</strong></span> <span class='ocrx_word' id='word_1_354' title='bbox 793 4084 1144 4154; x_wconf 81' lang='lat' dir='ltr'><strong>pontiﬁcalis</strong></span> <span class='ocrx_word' id='word_1_355' title='bbox 1164 4101 1292 4142; x_wconf 91' lang='lat' dir='ltr'><strong>cum</strong></span> <span class='ocrx_word' id='word_1_356' title='bbox 1321 4087 1446 4156; x_wconf 89' lang='lat' dir='ltr'><strong>ipsa</strong></span> <span class='ocrx_word' id='word_1_357' title='bbox 1463 4089 1750 4142; x_wconf 87' lang='lat' dir='ltr'><strong>concidat.</strong></span> <span class='ocrx_word' id='word_1_358' title='bbox 1767 4087 1960 4154; x_wconf 87' lang='lat' dir='ltr'><strong>Neque</strong></span> 
     </span>
    </p>
   </div>
   <div class='ocr_carea' id='block_1_56' title="bbox 308 4155 1960 4226">
    <p class='ocr_par' dir='ltr' id='par_1_56' title="bbox 308 4155 1960 4226">
     <span class='ocr_line' id='line_1_56' title="bbox 308 4155 1960 4226; baseline 0 -16"><span class='ocrx_word' id='word_1_359' title='bbox 308 4157 367 4212; x_wconf 90' lang='lat' dir='ltr'><strong>id</strong></span> <span class='ocrx_word' id='word_1_360' title='bbox 385 4155 1032 4226; x_wconf 70' lang='lat' dir='ltr'><strong>praestantsulummodo</strong></span> <span class='ocrx_word' id='word_1_361' title='bbox 1045 4155 1359 4214; x_wconf 84' lang='lat' dir='ltr'><strong>Doduellus</strong></span> <span class='ocrx_word' id='word_1_362' title='bbox 1369 4164 1426 4213; x_wconf 91' lang='lat' dir='ltr'><strong>et</strong></span> <span class='ocrx_word' id='word_1_363' title='bbox 1441 4159 1704 4213; x_wconf 82' lang='lat' dir='ltr'><strong>Pearsoni</strong></span> <span class='ocrx_word' id='word_1_364' title='bbox 1717 4171 1802 4219; x_wconf 89' lang='lat' dir='ltr'><strong>us,</strong></span> <span class='ocrx_word' id='word_1_365' title='bbox 1818 4169 1960 4210; x_wconf 79' lang='lat' dir='ltr'><strong>sem-</strong></span> 
     </span>
    </p>
   </div>
   <div class='ocr_carea' id='block_1_57' title="bbox 311 4226 1955 4297">
    <p class='ocr_par' dir='ltr' id='par_1_57' title="bbox 311 4226 1955 4297">
     <span class='ocr_line' id='line_1_57' title="bbox 311 4226 1955 4297; baseline 0 -16"><span class='ocrx_word' id='word_1_366' title='bbox 311 4240 408 4296; x_wconf 89' lang='lat' dir='ltr'><strong>per</strong></span> <span class='ocrx_word' id='word_1_367' title='bbox 432 4229 832 4283; x_wconf 88' lang='lat' dir='ltr'><strong>vehementius</strong></span> <span class='ocrx_word' id='word_1_368' title='bbox 859 4233 1060 4284; x_wconf 90' lang='lat' dir='ltr'><strong>contra</strong></span> <span class='ocrx_word' id='word_1_369' title='bbox 1087 4241 1190 4283; x_wconf 92' lang='lat' dir='ltr'><strong>nos</strong></span> <span class='ocrx_word' id='word_1_370' title='bbox 1223 4227 1490 4297; x_wconf 87' lang='lat' dir='ltr'><strong>incitati;</strong></span> <span class='ocrx_word' id='word_1_371' title='bbox 1525 4229 1620 4284; x_wconf 92' lang='lat' dir='ltr'><strong>sed</strong></span> <span class='ocrx_word' id='word_1_372' title='bbox 1653 4229 1826 4282; x_wconf 87' lang='lat' dir='ltr'><strong>etiam</strong></span> <span class='ocrx_word' id='word_1_373' title='bbox 1853 4226 1955 4295; x_wconf 91' lang='lat' dir='ltr'><strong>qui</strong></span> 
     </span>
    </p>
   </div>
   <div class='ocr_carea' id='block_1_58' title="bbox 307 4297 1959 4370">
    <p class='ocr_par' dir='ltr' id='par_1_58' title="bbox 307 4297 1959 4370">
     <span class='ocr_line' id='line_1_58' title="bbox 307 4297 1959 4370; baseline -0.002 -17"><span class='ocrx_word' id='word_1_374' title='bbox 307 4297 868 4370; x_wconf 24' lang='lat' dir='ltr'><strong>moderatiusisolent</strong></span> <span class='ocrx_word' id='word_1_375' title='bbox 891 4297 1194 4370; x_wconf 89' lang='lat' dir='ltr'><strong>nobiscum</strong></span> <span class='ocrx_word' id='word_1_376' title='bbox 1221 4313 1408 4370; x_wconf 86' lang='lat' dir='ltr'><strong>agere,</strong></span> <span class='ocrx_word' id='word_1_377' title='bbox 1437 4299 1524 4354; x_wconf 90' lang='lat' dir='ltr'><strong>uti</strong></span> <span class='ocrx_word' id='word_1_378' title='bbox 1564 4301 1810 4353; x_wconf 88' lang='lat' dir='ltr'><strong>Joannes</strong></span> <span class='ocrx_word' id='word_1_379' title='bbox 1835 4297 1959 4370; x_wconf 79' lang='lat' dir='ltr'><strong>Mil-</strong></span> 
     </span>
    </p>
   </div>
   <div class='ocr_carea' id='block_1_59' title="bbox 306 4367 1958 4439">
    <p class='ocr_par' dir='ltr' id='par_1_59' title="bbox 306 4367 1958 4439">
     <span class='ocr_line' id='line_1_59' title="bbox 306 4367 1958 4439; baseline -0.002 -15"><span class='ocrx_word' id='word_1_380' title='bbox 306 4368 426 4424; x_wconf 90' lang='lat' dir='ltr'><strong>lius</strong></span> <span class='ocrx_word' id='word_1_381' title='bbox 453 4372 511 4424; x_wconf 92' lang='lat' dir='ltr'><strong>in</strong></span> <span class='ocrx_word' id='word_1_382' title='bbox 539 4367 874 4439; x_wconf 64' lang='lat' dir='ltr'><strong>praefatione</strong></span> <span class='ocrx_word' id='word_1_383' title='bbox 893 4369 960 4424; x_wconf 92' lang='lat' dir='ltr'><strong>ad</strong></span> <span class='ocrx_word' id='word_1_384' title='bbox 991 4371 1211 4425; x_wconf 85' lang='lat' dir='ltr'><strong>Novum</strong></span> <span class='ocrx_word' id='word_1_385' title='bbox 1237 4367 1662 4425; x_wconf 79' lang='lat' dir='ltr'><strong>Testamentum</strong></span> <span class='ocrx_word' id='word_1_386' title='bbox 1692 4381 1812 4423; x_wconf 75' lang='lat' dir='ltr'><strong>suae</strong></span> <span class='ocrx_word' id='word_1_387' title='bbox 1840 4367 1958 4439; x_wconf 82' lang='lat' dir='ltr'><strong>edi-</strong></span> 
     </span>
    </p>
   </div>
   <div class='ocr_carea' id='block_1_60' title="bbox 304 4437 1958 4510">
    <p class='ocr_par' dir='ltr' id='par_1_60' title="bbox 304 4437 1958 4510">
     <span class='ocr_line' id='line_1_60' title="bbox 304 4437 1958 4510; baseline -0.001 -16"><span class='ocrx_word' id='word_1_388' title='bbox 304 4441 508 4510; x_wconf 84' lang='lat' dir='ltr'><strong>tionis,</strong></span> <span class='ocrx_word' id='word_1_389' title='bbox 531 4437 588 4495; x_wconf 86' lang='lat' dir='ltr'><strong>et</strong></span> <span class='ocrx_word' id='word_1_390' title='bbox 611 4440 1114 4510; x_wconf 86' lang='lat' dir='ltr'><strong>Guillem.Cavein</strong></span> <span class='ocrx_word' id='word_1_391' title='bbox 1131 4439 1376 4496; x_wconf 82' lang='lat' dir='ltr'><strong>historia</strong></span> <span class='ocrx_word' id='word_1_392' title='bbox 1396 4442 1606 4508; x_wconf 73' lang='lat' dir='ltr'><strong>Script.</strong></span> <span class='ocrx_word' id='word_1_393' title='bbox 1621 4439 1758 4494; x_wconf 92' lang='lat' dir='ltr'><strong>eccl.</strong></span> <span class='ocrx_word' id='word_1_394' title='bbox 1787 4437 1958 4493; x_wconf 86' lang='lat' dir='ltr'><strong>verbo</strong></span> 
     </span>
    </p>
   </div>
   <div class='ocr_carea' id='block_1_61' title="bbox 303 4509 1960 4581">
    <p class='ocr_par' dir='ltr' id='par_1_61' title="bbox 303 4509 1960 4581">
     <span class='ocr_line' id='line_1_61' title="bbox 303 4509 1960 4581; baseline -0.002 -17"><span class='ocrx_word' id='word_1_395' title='bbox 303 4513 518 4577; x_wconf 80' lang='lat' dir='ltr'><strong>Petrus,</strong></span> <span class='ocrx_word' id='word_1_396' title='bbox 549 4513 716 4581; x_wconf 89' lang='lat' dir='ltr'><strong>quasi</strong></span> <span class='ocrx_word' id='word_1_397' title='bbox 743 4509 1152 4566; x_wconf 89' lang='lat' dir='ltr'><strong>conclamatam</strong></span> <span class='ocrx_word' id='word_1_398' title='bbox 1177 4511 1566 4581; x_wconf 68' lang='lat' dir='ltr'><strong>chronologiaa</strong></span> <span class='ocrx_word' id='word_1_399' title='bbox 1600 4517 1806 4564; x_wconf 56' lang='lat' dir='ltr'><strong>nostrae</strong></span> <span class='ocrx_word' id='word_1_400' title='bbox 1830 4523 1960 4564; x_wconf 87' lang='lat' dir='ltr'><strong>can-</strong></span> 
     </span>
    </p>
   </div>
   <div class='ocr_carea' id='block_1_62' title="bbox 2005 3206 2052 3266">
    <p class='ocr_par' dir='ltr' id='par_1_62' title="bbox 2005 3206 2052 3266">
     <span class='ocr_line' id='line_1_62' title="bbox 2005 3206 2052 3266; baseline 0 0"><span class='ocrx_word' id='word_1_401' title='bbox 2005 3206 2052 3266; x_wconf 89' lang='lat' dir='ltr'><strong>C</strong></span> 
     </span>
    </p>
   </div>
   <div class='ocr_carea' id='block_1_63' title="bbox 2099 549 3762 622">
    <p class='ocr_par' dir='ltr' id='par_1_63' title="bbox 2099 549 3762 622">
     <span class='ocr_line' id='line_1_63' title="bbox 2099 549 3762 622; baseline 0.002 -18"><span class='ocrx_word' id='word_1_402' title='bbox 2099 557 2194 618; x_wconf 92' lang='lat' dir='ltr'><strong>pto</strong></span> <span class='ocrx_word' id='word_1_403' title='bbox 2219 550 2415 622; x_wconf 68' lang='lat' dir='ltr'><strong>iiaque</strong></span> <span class='ocrx_word' id='word_1_404' title='bbox 2444 549 2773 618; x_wconf 79' lang='lat' dir='ltr'><strong>Evangelio,</strong></span> <span class='ocrx_word' id='word_1_405' title='bbox 2807 549 2958 622; x_wconf 88' lang='lat' dir='ltr'><strong>quod</strong></span> <span class='ocrx_word' id='word_1_406' title='bbox 2987 551 3108 620; x_wconf 91' lang='lat' dir='ltr'><strong>ipse</strong></span> <span class='ocrx_word' id='word_1_407' title='bbox 3129 551 3470 619; x_wconf 90' lang='lat' dir='ltr'><strong>confecerat,</strong></span> <span class='ocrx_word' id='word_1_408' title='bbox 3506 554 3762 622; x_wconf 85' lang='lat' dir='ltr'><strong>perrexit</strong></span> 
     </span>
    </p>
   </div>
   <div class='ocr_carea' id='block_1_64' title="bbox 2097 620 3758 692">
    <p class='ocr_par' dir='ltr' id='par_1_64' title="bbox 2097 620 3758 692">
     <span class='ocr_line' id='line_1_64' title="bbox 2097 620 3758 692; baseline 0.002 -18"><span class='ocrx_word' id='word_1_409' title='bbox 2097 623 2157 674; x_wconf 92' lang='lat' dir='ltr'><strong>in</strong></span> <span class='ocrx_word' id='word_1_410' title='bbox 2215 620 2536 692; x_wconf 71' lang='lat' dir='ltr'><strong>Egyptum.</strong></span> <span class='ocrx_word' id='word_1_411' title='bbox 2588 621 3022 692; x_wconf 86' lang='lat' dir='ltr'><strong>Autographum</strong></span> <span class='ocrx_word' id='word_1_412' title='bbox 3097 623 3394 692; x_wconf 80' lang='lat' dir='ltr'><strong>Evangelii</strong></span> <span class='ocrx_word' id='word_1_413' title='bbox 3453 620 3522 677; x_wconf 66' lang='grc' dir='ltr'><strong>ΒΣ</strong></span> <span class='ocrx_word' id='word_1_414' title='bbox 3583 625 3758 679; x_wconf 86' lang='lat' dir='ltr'><strong>Marci</strong></span> 
     </span>
    </p>
   </div>
   <div class='ocr_carea' id='block_1_65' title="bbox 2096 691 3759 762">
    <p class='ocr_par' dir='ltr' id='par_1_65' title="bbox 2096 691 3759 762">
     <span class='ocr_line' id='line_1_65' title="bbox 2096 691 3759 762; baseline 0.002 -16"><span class='ocrx_word' id='word_1_415' title='bbox 2096 691 2352 762; x_wconf 73' lang='lat' dir='ltr'><strong>Yenetiis</strong></span> <span class='ocrx_word' id='word_1_416' title='bbox 2371 691 2655 746; x_wconf 87' lang='lat' dir='ltr'><strong>asservari</strong></span> <span class='ocrx_word' id='word_1_417' title='bbox 2691 691 2759 746; x_wconf 88' lang='lat' dir='ltr'><strong>in</strong></span> <span class='ocrx_word' id='word_1_418' title='bbox 2783 691 3056 748; x_wconf 88' lang='lat' dir='ltr'><strong>thesauro</strong></span> <span class='ocrx_word' id='word_1_419' title='bbox 3092 693 3221 762; x_wconf 86' lang='lat' dir='ltr'><strong>ejus</strong></span> <span class='ocrx_word' id='word_1_420' title='bbox 3244 693 3474 749; x_wconf 91' lang='lat' dir='ltr'><strong>ducalis</strong></span> <span class='ocrx_word' id='word_1_421' title='bbox 3503 693 3759 750; x_wconf 73' lang='lat' dir='ltr'><strong>basilica:</strong></span> 
     </span>
    </p>
   </div>
   <div class='ocr_carea' id='block_1_66' title="bbox 2097 760 3760 836">
    <p class='ocr_par' dir='ltr' id='par_1_66' title="bbox 2097 760 3760 836">
     <span class='ocr_line' id='line_1_66' title="bbox 2097 760 3760 836; baseline 0.003 -21"><span class='ocrx_word' id='word_1_422' title='bbox 2097 760 2249 836; x_wconf 74' lang='lat' dir='ltr'><strong>fama</strong></span> <span class='ocrx_word' id='word_1_423' title='bbox 2271 767 2377 836; x_wconf 60' lang='lat' dir='ltr'><strong>eet,</strong></span> <span class='ocrx_word' id='word_1_424' title='bbox 2401 762 2628 836; x_wconf 22' lang='lat' dir='ltr'><strong>iitteiris</strong></span> <span class='ocrx_word' id='word_1_425' title='bbox 2655 762 2982 836; x_wconf 80' lang='lat' dir='ltr'><strong>principum</strong></span> <span class='ocrx_word' id='word_1_426' title='bbox 3007 763 3061 818; x_wconf 94' lang='lat' dir='ltr'><strong>id</strong></span> <span class='ocrx_word' id='word_1_427' title='bbox 3091 760 3586 836; x_wconf 74' lang='lat' dir='ltr'><strong>contestantibns:</strong></span> <span class='ocrx_word' id='word_1_428' title='bbox 3615 779 3760 836; x_wconf 86' lang='lat' dir='ltr'><strong>quas</strong></span> 
     </span>
    </p>
   </div>
   <div class='ocr_carea' id='block_1_67' title="bbox 2095 832 3759 906">
    <p class='ocr_par' dir='ltr' id='par_1_67' title="bbox 2095 832 3759 906">
     <span class='ocr_line' id='line_1_67' title="bbox 2095 832 3759 906; baseline 0.004 -20"><span class='ocrx_word' id='word_1_429' title='bbox 2095 832 2282 887; x_wconf 89' lang='lat' dir='ltr'><strong>edidit</strong></span> <span class='ocrx_word' id='word_1_430' title='bbox 2302 833 2378 906; x_wconf 54' lang='grc' dir='ltr'><strong>Βἐ</strong></span> <span class='ocrx_word' id='word_1_431' title='bbox 2401 833 2464 886; x_wconf 93' lang='grc' dir='ltr'><strong>Ρ.</strong></span> <span class='ocrx_word' id='word_1_432' title='bbox 2496 832 2864 906; x_wconf 83' lang='lat' dir='ltr'><strong>Montfaucon</strong></span> <span class='ocrx_word' id='word_1_433' title='bbox 2899 833 2959 888; x_wconf 94' lang='lat' dir='ltr'><strong>in</strong></span> <span class='ocrx_word' id='word_1_434' title='bbox 2985 847 3092 906; x_wconf 88' lang='lat' dir='ltr'><strong>suo</strong></span> <span class='ocrx_word' id='word_1_435' title='bbox 3118 835 3318 906; x_wconf 90' lang='lat' dir='ltr'><strong>Diario</strong></span> <span class='ocrx_word' id='word_1_436' title='bbox 3334 835 3537 890; x_wconf 90' lang='lat' dir='ltr'><strong>Italico</strong></span> <span class='ocrx_word' id='word_1_437' title='bbox 3565 832 3759 906; x_wconf 66' lang='lat' dir='ltr'><strong>pa&#39;gfi’i</strong></span> 
     </span>
    </p>
   </div>
   <div class='ocr_carea' id='block_1_68' title="bbox 2096 903 3756 972">
    <p class='ocr_par' dir='ltr' id='par_1_68' title="bbox 2096 903 3756 972">
     <span class='ocr_line' id='line_1_68' title="bbox 2096 903 3756 972; baseline 0.004 -15"><span class='ocrx_word' id='word_1_438' title='bbox 2096 908 2153 958; x_wconf 91' lang='lat' dir='ltr'><strong>et</strong></span> <span class='ocrx_word' id='word_1_439' title='bbox 2189 917 2308 972; x_wconf 91' lang='lat' dir='ltr'><strong>sep.</strong></span> <span class='ocrx_word' id='word_1_440' title='bbox 2350 903 2628 959; x_wconf 87' lang='lat' dir='ltr'><strong>Beneﬁcio</strong></span> <span class='ocrx_word' id='word_1_441' title='bbox 2656 903 3134 960; x_wconf 83' lang='lat' dir='ltr'><strong>excellentissimi</strong></span> <span class='ocrx_word' id='word_1_442' title='bbox 3177 907 3242 959; x_wconf 93' lang='lat' dir='ltr'><strong>D.</strong></span> <span class='ocrx_word' id='word_1_443' title='bbox 3298 903 3591 962; x_wconf 37' lang='lat' dir='ltr'><strong>Foscarin’i</strong></span> <span class='ocrx_word' id='word_1_444' title='bbox 3632 903 3756 963; x_wconf 87' lang='lat' dir='ltr'><strong>divi</strong></span> 
     </span>
    </p>
   </div>
   <div class='ocr_carea' id='block_1_69' title="bbox 2097 975 3760 1047">
    <p class='ocr_par' dir='ltr' id='par_1_69' title="bbox 2097 975 3760 1047">
     <span class='ocr_line' id='line_1_69' title="bbox 2097 975 3760 1047; baseline 0.002 -17"><span class='ocrx_word' id='word_1_445' title='bbox 2097 975 2272 1047; x_wconf 84' lang='lat' dir='ltr'><strong>Marci</strong></span> <span class='ocrx_word' id='word_1_446' title='bbox 2310 975 2725 1047; x_wconf 82' lang='lat' dir='ltr'><strong>procuratoris,</strong></span> <span class='ocrx_word' id='word_1_447' title='bbox 2759 977 2853 1030; x_wconf 89' lang='lat' dir='ltr'><strong>cui</strong></span> <span class='ocrx_word' id='word_1_448' title='bbox 2883 975 3249 1047; x_wconf 80' lang='lat' dir='ltr'><strong>magistratui</strong></span> <span class='ocrx_word' id='word_1_449' title='bbox 3285 991 3422 1032; x_wconf 85' lang='lat' dir='ltr'><strong>cura</strong></span> <span class='ocrx_word' id='word_1_450' title='bbox 3450 977 3602 1032; x_wconf 92' lang='lat' dir='ltr'><strong>sacri</strong></span> <span class='ocrx_word' id='word_1_451' title='bbox 3625 978 3760 1034; x_wconf 90' lang='lat' dir='ltr'><strong>the-</strong></span> 
     </span>
    </p>
   </div>
   <div class='ocr_carea' id='block_1_70' title="bbox 2101 1045 3754 1116">
    <p class='ocr_par' dir='ltr' id='par_1_70' title="bbox 2101 1045 3754 1116">
     <span class='ocr_line' id='line_1_70' title="bbox 2101 1045 3754 1116; baseline 0.003 -17"><span class='ocrx_word' id='word_1_452' title='bbox 2101 1046 2259 1116; x_wconf 84' lang='lat' dir='ltr'><strong>sauri</strong></span> <span class='ocrx_word' id='word_1_453' title='bbox 2291 1045 2647 1116; x_wconf 86' lang='lat' dir='ltr'><strong>demandata</strong></span> <span class='ocrx_word' id='word_1_454' title='bbox 2683 1053 2790 1115; x_wconf 91' lang='lat' dir='ltr'><strong>est,</strong></span> <span class='ocrx_word' id='word_1_455' title='bbox 2844 1045 3167 1116; x_wconf 83' lang='lat' dir='ltr'><strong>impetravi,</strong></span> <span class='ocrx_word' id='word_1_456' title='bbox 3203 1053 3268 1102; x_wconf 93' lang='lat' dir='ltr'><strong>ut</strong></span> <span class='ocrx_word' id='word_1_457' title='bbox 3309 1047 3562 1116; x_wconf 88' lang='lat' dir='ltr'><strong>evolvere</strong></span> <span class='ocrx_word' id='word_1_458' title='bbox 3609 1049 3754 1104; x_wconf 89' lang='lat' dir='ltr'><strong>mihi</strong></span> 
     </span>
    </p>
   </div>
   <div class='ocr_carea' id='block_1_71' title="bbox 2101 1115 3760 1188">
    <p class='ocr_par' dir='ltr' id='par_1_71' title="bbox 2101 1115 3760 1188">
     <span class='ocr_line' id='line_1_71' title="bbox 2101 1115 3760 1188; baseline 0.003 -18"><span class='ocrx_word' id='word_1_459' title='bbox 2101 1115 2302 1188; x_wconf 82' lang='lat' dir='ltr'><strong>iiceret</strong></span> <span class='ocrx_word' id='word_1_460' title='bbox 2329 1115 2550 1188; x_wconf 88' lang='lat' dir='ltr'><strong>codicis</strong></span> <span class='ocrx_word' id='word_1_461' title='bbox 2577 1115 2749 1188; x_wconf 86' lang='lat' dir='ltr'><strong>folia,</strong></span> <span class='ocrx_word' id='word_1_462' title='bbox 2777 1115 3098 1174; x_wconf 36' lang='lat' dir='ltr'><strong>dum’anno</strong></span> <span class='ocrx_word' id='word_1_463' title='bbox 3147 1119 3448 1188; x_wconf 91' lang='lat' dir='ltr'><strong>superiore</strong></span> <span class='ocrx_word' id='word_1_464' title='bbox 3474 1115 3632 1188; x_wconf 75' lang='grc'><strong>4720,</strong></span> <span class='ocrx_word' id='word_1_465' title='bbox 3661 1121 3760 1175; x_wconf 93' lang='lat' dir='ltr'><strong>die</strong></span> 
     </span>
    </p>
   </div>
   <div class='ocr_carea' id='block_1_72' title="bbox 2098 1183 3761 1257">
    <p class='ocr_par' dir='ltr' id='par_1_72' title="bbox 2098 1183 3761 1257">
     <span class='ocr_line' id='line_1_72' title="bbox 2098 1183 3761 1257; baseline 0.001 -15"><span class='ocrx_word' id='word_1_466' title='bbox 2098 1183 2135 1242; x_wconf 77' lang='grc'><strong>2</strong></span> <span class='ocrx_word' id='word_1_467' title='bbox 2163 1187 2492 1242; x_wconf 89' lang='lat' dir='ltr'><strong>Decembris</strong></span> <span class='ocrx_word' id='word_1_468' title='bbox 2531 1200 2690 1244; x_wconf 89' lang='lat' dir='ltr'><strong>sacra</strong></span> <span class='ocrx_word' id='word_1_469' title='bbox 2726 1183 2962 1257; x_wconf 48' lang='lat' dir='ltr'><strong>&#39;lipsana</strong></span> <span class='ocrx_word' id='word_1_470' title='bbox 2987 1183 3292 1245; x_wconf 81' lang='lat' dir='ltr'><strong>venerarer</strong></span> <span class='ocrx_word' id='word_1_471' title='bbox 3317 1189 3528 1245; x_wconf 91' lang='lat' dir='ltr'><strong>ibidem</strong></span> <span class='ocrx_word' id='word_1_472' title='bbox 3560 1183 3761 1245; x_wconf 85' lang='lat' dir='ltr'><strong>asser-</strong></span> 
     </span>
    </p>
   </div>
   <div class='ocr_carea' id='block_1_73' title="bbox 2101 1258 3759 1332">
    <p class='ocr_par' dir='ltr' id='par_1_73' title="bbox 2101 1258 3759 1332">
     <span class='ocr_line' id='line_1_73' title="bbox 2101 1258 3759 1332; baseline 0.002 -20"><span class='ocrx_word' id='word_1_473' title='bbox 2101 1263 2356 1332; x_wconf 80' lang='lat' dir='ltr'><strong>vata;_et</strong></span> <span class='ocrx_word' id='word_1_474' title='bbox 2395 1258 2662 1332; x_wconf 81' lang='lat' dir='ltr'><strong>adhibito</strong></span> <span class='ocrx_word' id='word_1_475' title='bbox 2694 1259 3028 1332; x_wconf 82' lang='lat' dir='ltr'><strong>perspicillo</strong></span> <span class='ocrx_word' id='word_1_476' title='bbox 3075 1260 3388 1332; x_wconf 86' lang='lat' dir='ltr'><strong>diligenter</strong></span> <span class='ocrx_word' id='word_1_477' title='bbox 3438 1260 3759 1332; x_wconf 83' lang='lat' dir='ltr'><strong>inquirere,</strong></span> 
     </span>
    </p>
   </div>
   <div class='ocr_carea' id='block_1_74' title="bbox 2101 1329 3758 1396">
    <p class='ocr_par' dir='ltr' id='par_1_74' title="bbox 2101 1329 3758 1396">
     <span class='ocr_line' id='line_1_74' title="bbox 2101 1329 3758 1396; baseline 0.002 -13"><span class='ocrx_word' id='word_1_478' title='bbox 2101 1342 2237 1383; x_wconf 89' lang='lat' dir='ltr'><strong>num</strong></span> <span class='ocrx_word' id='word_1_479' title='bbox 2259 1329 2463 1396; x_wconf 60' lang='lat' dir='ltr'><strong>Graci,</strong></span> <span class='ocrx_word' id='word_1_480' title='bbox 2487 1342 2560 1384; x_wconf 90' lang='lat' dir='ltr'><strong>an</strong></span> <span class='ocrx_word' id='word_1_481' title='bbox 2606 1330 2792 1384; x_wconf 87' lang='lat' dir='ltr'><strong>Latini</strong></span> <span class='ocrx_word' id='word_1_482' title='bbox 2843 1329 3215 1386; x_wconf 65' lang='lat' dir='ltr'><strong>characteris&#39;</strong></span> <span class='ocrx_word' id='word_1_483' title='bbox 3229 1329 3411 1388; x_wconf 89' lang='lat' dir='ltr'><strong>forma</strong></span> <span class='ocrx_word' id='word_1_484' title='bbox 3443 1331 3503 1386; x_wconf 93' lang='lat' dir='ltr'><strong>in</strong></span> <span class='ocrx_word' id='word_1_485' title='bbox 3526 1329 3758 1387; x_wconf 84' lang='lat' dir='ltr'><strong>litteris</strong></span> 
     </span>
    </p>
   </div>
   <div class='ocr_carea' id='block_1_75' title="bbox 2097 1400 3758 1470">
    <p class='ocr_par' dir='ltr' id='par_1_75' title="bbox 2097 1400 3758 1470">
     <span class='ocr_line' id='line_1_75' title="bbox 2097 1400 3758 1470; baseline 0.003 -16"><span class='ocrx_word' id='word_1_486' title='bbox 2097 1404 2417 1469; x_wconf 89' lang='lat' dir='ltr'><strong>appareret,</strong></span> <span class='ocrx_word' id='word_1_487' title='bbox 2452 1413 2484 1454; x_wconf 91' lang='lat' dir='ltr'><strong>a</strong></span> <span class='ocrx_word' id='word_1_488' title='bbox 2524 1400 2954 1456; x_wconf 71' lang='lat' dir='ltr'><strong>Montfauconio</strong></span> <span class='ocrx_word' id='word_1_489' title='bbox 2981 1402 3262 1468; x_wconf 88' lang='lat' dir='ltr'><strong>depictis:</strong></span> <span class='ocrx_word' id='word_1_490' title='bbox 3296 1403 3466 1470; x_wconf 89' lang='lat' dir='ltr'><strong>cujus</strong></span> <span class='ocrx_word' id='word_1_491' title='bbox 3495 1401 3758 1459; x_wconf 88' lang='lat' dir='ltr'><strong>diarium</strong></span> 
     </span>
    </p>
   </div>
   <div class='ocr_carea' id='block_1_76' title="bbox 2097 1470 3756 1541">
    <p class='ocr_par' dir='ltr' id='par_1_76' title="bbox 2097 1470 3756 1541">
     <span class='ocr_line' id='line_1_76' title="bbox 2097 1470 3756 1541; baseline 0.002 -16"><span class='ocrx_word' id='word_1_492' title='bbox 2097 1470 2361 1526; x_wconf 91' lang='lat' dir='ltr'><strong>consulto</strong></span> <span class='ocrx_word' id='word_1_493' title='bbox 2393 1484 2611 1526; x_wconf 90' lang='lat' dir='ltr'><strong>mecum</strong></span> <span class='ocrx_word' id='word_1_494' title='bbox 2651 1470 2980 1541; x_wconf 86' lang='lat' dir='ltr'><strong>attuleram,</strong></span> <span class='ocrx_word' id='word_1_495' title='bbox 3015 1486 3127 1528; x_wconf 92' lang='lat' dir='ltr'><strong>una</strong></span> <span class='ocrx_word' id='word_1_496' title='bbox 3149 1487 3279 1528; x_wconf 92' lang='lat' dir='ltr'><strong>cum</strong></span> <span class='ocrx_word' id='word_1_497' title='bbox 3313 1471 3538 1528; x_wconf 85' lang='lat' dir='ltr'><strong>lamella</strong></span> <span class='ocrx_word' id='word_1_498' title='bbox 3567 1475 3756 1541; x_wconf 89' lang='lat' dir='ltr'><strong>tenui,</strong></span> 
     </span>
    </p>
   </div>
   <div class='ocr_carea' id='block_1_77' title="bbox 2093 1540 3760 1666">
    <p class='ocr_par' dir='ltr' id='par_1_77' title="bbox 2093 1540 3760 1666">
     <span class='ocr_line' id='line_1_77' title="bbox 2093 1540 3760 1666; baseline 0.002 -69"><span class='ocrx_word' id='word_1_499' title='bbox 2093 1555 2205 1666; x_wconf 49' lang='lat' dir='ltr'><strong>una</strong></span> <span class='ocrx_word' id='word_1_500' title='bbox 2239 1554 2456 1610; x_wconf 91' lang='lat' dir='ltr'><strong>possem</strong></span> <span class='ocrx_word' id='word_1_501' title='bbox 2499 1543 2732 1610; x_wconf 91' lang='lat' dir='ltr'><strong>putrida</strong></span> <span class='ocrx_word' id='word_1_502' title='bbox 2755 1540 2894 1597; x_wconf 89' lang='lat' dir='ltr'><strong>folia</strong></span> <span class='ocrx_word' id='word_1_503' title='bbox 2922 1543 3216 1625; x_wconf 80' lang='lat' dir='ltr'><strong>diducere,</strong></span> <span class='ocrx_word' id='word_1_504' title='bbox 3250 1545 3396 1600; x_wconf 89' lang='lat' dir='ltr'><strong>citra</strong></span> <span class='ocrx_word' id='word_1_505' title='bbox 3431 1540 3760 1627; x_wconf 73' lang='lat' dir='ltr'><strong>periculum</strong></span> 
     </span>
     <span class='ocr_line' id='line_1_78' title="bbox 2121 1611 3760 1666; baseline 0 0"><span class='ocrx_word' id='word_1_506' title='bbox 2121 1619 2380 1666; x_wconf 62' lang='lat' dir='ltr'><strong>racturai.</strong></span> <span class='ocrx_word' id='word_1_507' title='bbox 2411 1614 2704 1666; x_wconf 89' lang='lat' dir='ltr'><strong>Incassum</strong></span> <span class='ocrx_word' id='word_1_508' title='bbox 2724 1611 3114 1666; x_wconf 87' lang='lat' dir='ltr'><strong>laborav1mns</strong></span> <span class='ocrx_word' id='word_1_509' title='bbox 3132 1621 3416 1666; x_wconf 82' lang='lat' dir='ltr'><strong>anotnuot</strong></span> <span class='ocrx_word' id='word_1_510' title='bbox 3432 1615 3540 1666; x_wconf 87' lang='lat' dir='ltr'><strong>hoc</strong></span> <span class='ocrx_word' id='word_1_511' title='bbox 3555 1617 3760 1666; x_wconf 85' lang='lat' dir='ltr'><strong>studio</strong></span> 
     </span>
    </p>
   </div>
   <div class='ocr_carea' id='block_1_78' title="bbox 2121 1611 3762 1684">
    <p class='ocr_par' dir='ltr' id='par_1_78' title="bbox 2121 1611 3762 1684">
     <span class='ocr_line' id='line_1_79' title="bbox 2121 1611 3762 1684; baseline 0.004 -18"><span class='ocrx_word' id='word_1_512' title='bbox 2121 1619 2380 1684; x_wconf 70' lang='lat' dir='ltr'><strong>racturm.</strong></span> <span class='ocrx_word' id='word_1_513' title='bbox 2411 1614 2704 1668; x_wconf 90' lang='lat' dir='ltr'><strong>Incassum</strong></span> <span class='ocrx_word' id='word_1_514' title='bbox 2724 1611 3114 1684; x_wconf 80' lang='lat' dir='ltr'><strong>laboravimus</strong></span> <span class='ocrx_word' id='word_1_515' title='bbox 3132 1621 3416 1684; x_wconf 88' lang='lat' dir='ltr'><strong>quotquot</strong></span> <span class='ocrx_word' id='word_1_516' title='bbox 3432 1611 3540 1670; x_wconf 86' lang='lat' dir='ltr'><strong>hoc</strong></span> <span class='ocrx_word' id='word_1_517' title='bbox 3555 1617 3762 1672; x_wconf 90' lang='lat' dir='ltr'><strong>studio</strong></span> 
     </span>
    </p>
   </div>
   <div class='ocr_carea' id='block_1_79' title="bbox 2093 1683 3762 1755">
    <p class='ocr_par' dir='ltr' id='par_1_79' title="bbox 2093 1683 3762 1755">
     <span class='ocr_line' id='line_1_80' title="bbox 2093 1683 3762 1755; baseline 0.002 -18"><span class='ocrx_word' id='word_1_518' title='bbox 2093 1683 2466 1755; x_wconf 74' lang='lat' dir='ltr'><strong>tenebamur;</strong></span> <span class='ocrx_word' id='word_1_519' title='bbox 2499 1697 2630 1739; x_wconf 87' lang='lat' dir='ltr'><strong>nam</strong></span> <span class='ocrx_word' id='word_1_520' title='bbox 2677 1684 2814 1739; x_wconf 88' lang='lat' dir='ltr'><strong>licet</strong></span> <span class='ocrx_word' id='word_1_521' title='bbox 2857 1683 3079 1740; x_wconf 89' lang='lat' dir='ltr'><strong>lumina</strong></span> <span class='ocrx_word' id='word_1_522' title='bbox 3123 1683 3420 1755; x_wconf 77' lang='lat' dir='ltr'><strong>complura</strong></span> <span class='ocrx_word' id='word_1_523' title='bbox 3477 1686 3762 1743; x_wconf 89' lang='lat' dir='ltr'><strong>admove-</strong></span> 
     </span>
    </p>
   </div>
   <div class='ocr_carea' id='block_1_80' title="bbox 2090 1753 3763 1824">
    <p class='ocr_par' dir='ltr' id='par_1_80' title="bbox 2090 1753 3763 1824">
     <span class='ocr_line' id='line_1_81' title="bbox 2090 1753 3763 1824; baseline 0.004 -18"><span class='ocrx_word' id='word_1_524' title='bbox 2090 1767 2304 1820; x_wconf 87' lang='lat' dir='ltr'><strong>remus,</strong></span> <span class='ocrx_word' id='word_1_525' title='bbox 2337 1760 2393 1810; x_wconf 90' lang='lat' dir='ltr'><strong>et</strong></span> <span class='ocrx_word' id='word_1_526' title='bbox 2424 1753 2685 1810; x_wconf 90' lang='lat' dir='ltr'><strong>lentibus</strong></span> <span class='ocrx_word' id='word_1_527' title='bbox 2725 1755 3085 1824; x_wconf 89' lang='lat' dir='ltr'><strong>crystallinis</strong></span> <span class='ocrx_word' id='word_1_528' title='bbox 3127 1753 3472 1824; x_wconf 82' lang='lat' dir='ltr'><strong>augeremus</strong></span> <span class='ocrx_word' id='word_1_529' title='bbox 3501 1757 3763 1813; x_wconf 87' lang='lat' dir='ltr'><strong>visionis</strong></span> 
     </span>
    </p>
   </div>
   <div class='ocr_carea' id='block_1_81' title="bbox 2087 1825 3761 1896">
    <p class='ocr_par' dir='ltr' id='par_1_81' title="bbox 2087 1825 3761 1896">
     <span class='ocr_line' id='line_1_82' title="bbox 2087 1825 3761 1896; baseline 0.003 -17"><span class='ocrx_word' id='word_1_530' title='bbox 2087 1825 2387 1895; x_wconf 77' lang='lat' dir='ltr'><strong>angulum,</strong></span> <span class='ocrx_word' id='word_1_531' title='bbox 2449 1825 2674 1882; x_wconf 91' lang='lat' dir='ltr'><strong>nullum</strong></span> <span class='ocrx_word' id='word_1_532' title='bbox 2729 1832 2919 1880; x_wconf 91' lang='lat' dir='ltr'><strong>tamen</strong></span> <span class='ocrx_word' id='word_1_533' title='bbox 2970 1827 3238 1882; x_wconf 90' lang='lat' dir='ltr'><strong>elementi</strong></span> <span class='ocrx_word' id='word_1_534' title='bbox 3289 1829 3374 1882; x_wconf 90' lang='lat' dir='ltr'><strong>vel</strong></span> <span class='ocrx_word' id='word_1_535' title='bbox 3413 1827 3629 1896; x_wconf 87' lang='lat' dir='ltr'><strong>Latini,</strong></span> <span class='ocrx_word' id='word_1_536' title='bbox 3664 1829 3761 1884; x_wconf 89' lang='lat' dir='ltr'><strong>vel</strong></span> 
     </span>
    </p>
   </div>
   <div class='ocr_carea' id='block_1_82' title="bbox 2086 1896 3766 1965">
    <p class='ocr_par' dir='ltr' id='par_1_82' title="bbox 2086 1896 3766 1965">
     <span class='ocr_line' id='line_1_83' title="bbox 2086 1896 3766 1965; baseline 0.003 -15"><span class='ocrx_word' id='word_1_537' title='bbox 2086 1896 2270 1950; x_wconf 66' lang='lat' dir='ltr'><strong>Graeci</strong></span> <span class='ocrx_word' id='word_1_538' title='bbox 2297 1896 2606 1965; x_wconf 82' lang='lat' dir='ltr'><strong>vestigium</strong></span> <span class='ocrx_word' id='word_1_539' title='bbox 2651 1897 3075 1965; x_wconf 88' lang='lat' dir='ltr'><strong>deprehendere</strong></span> <span class='ocrx_word' id='word_1_540' title='bbox 3098 1899 3295 1954; x_wconf 91' lang='lat' dir='ltr'><strong>datum</strong></span> <span class='ocrx_word' id='word_1_541' title='bbox 3328 1897 3474 1955; x_wconf 89' lang='lat' dir='ltr'><strong>fuit:</strong></span> <span class='ocrx_word' id='word_1_542' title='bbox 3531 1899 3611 1954; x_wconf 90' lang='lat' dir='ltr'><strong>ita</strong></span> <span class='ocrx_word' id='word_1_543' title='bbox 3645 1899 3766 1954; x_wconf 90' lang='lat' dir='ltr'><strong>de—</strong></span> 
     </span>
    </p>
   </div>
   <div class='ocr_carea' id='block_1_83' title="bbox 2090 1967 3764 2037">
    <p class='ocr_par' dir='ltr' id='par_1_83' title="bbox 2090 1967 3764 2037">
     <span class='ocr_line' id='line_1_84' title="bbox 2090 1967 3764 2037; baseline 0.003 -16"><span class='ocrx_word' id='word_1_544' title='bbox 2090 1967 2250 2022; x_wconf 90' lang='lat' dir='ltr'><strong>tritis</strong></span> <span class='ocrx_word' id='word_1_545' title='bbox 2275 1981 2411 2034; x_wconf 77' lang='lat' dir='ltr'><strong>:evo,</strong></span> <span class='ocrx_word' id='word_1_546' title='bbox 2445 1972 2622 2037; x_wconf 87' lang='lat' dir='ltr'><strong>atque</strong></span> <span class='ocrx_word' id='word_1_547' title='bbox 2666 1968 2852 2022; x_wconf 88' lang='lat' dir='ltr'><strong>erosis</strong></span> <span class='ocrx_word' id='word_1_548' title='bbox 2897 1968 3205 2037; x_wconf 86' lang='lat' dir='ltr'><strong>(salsedine</strong></span> <span class='ocrx_word' id='word_1_549' title='bbox 3242 1969 3486 2027; x_wconf 91' lang='lat' dir='ltr'><strong>forsitan</strong></span> <span class='ocrx_word' id='word_1_550' title='bbox 3531 1975 3764 2026; x_wconf 65' lang='lat' dir='ltr'><strong>aestua-</strong></span> 
     </span>
    </p>
   </div>
   <div class='ocr_carea' id='block_1_84' title="bbox 2090 2037 3758 2112">
    <p class='ocr_par' dir='ltr' id='par_1_84' title="bbox 2090 2037 3758 2112">
     <span class='ocr_line' id='line_1_85' title="bbox 2090 2037 3758 2112; baseline 0.002 -20"><span class='ocrx_word' id='word_1_551' title='bbox 2090 2037 2333 2112; x_wconf 78' lang='lat' dir='ltr'><strong>riorum)</strong></span> <span class='ocrx_word' id='word_1_552' title='bbox 2350 2037 2604 2112; x_wconf 84' lang='lat' dir='ltr'><strong>singulis</strong></span> <span class='ocrx_word' id='word_1_553' title='bbox 2623 2039 2858 2104; x_wconf 87' lang='lat' dir='ltr'><strong>litteris,</strong></span> <span class='ocrx_word' id='word_1_554' title='bbox 2881 2039 3184 2112; x_wconf 81' lang='lat' dir='ltr'><strong>utnullius</strong></span> <span class='ocrx_word' id='word_1_555' title='bbox 3203 2041 3384 2112; x_wconf 83' lang='lat' dir='ltr'><strong>ﬁgura</strong></span> <span class='ocrx_word' id='word_1_556' title='bbox 3401 2049 3758 2106; x_wconf 88' lang='lat' dir='ltr'><strong>superesset.</strong></span> 
     </span>
    </p>
   </div>
   <div class='ocr_carea' id='block_1_85' title="bbox 2085 2109 3760 2168">
    <p class='ocr_par' dir='ltr' id='par_1_85' title="bbox 2085 2109 3760 2168">
     <span class='ocr_line' id='line_1_86' title="bbox 2085 2109 3760 2168; baseline 0.004 -7"><span class='ocrx_word' id='word_1_557' title='bbox 2085 2109 2366 2164; x_wconf 82' lang='lat' dir='ltr'><strong>Narratdr</strong></span> <span class='ocrx_word' id='word_1_558' title='bbox 2399 2109 2459 2163; x_wconf 91' lang='lat' dir='ltr'><strong>in</strong></span> <span class='ocrx_word' id='word_1_559' title='bbox 2489 2111 2852 2164; x_wconf 68' lang='lat' dir='ltr'><strong>doizumentis</strong></span> <span class='ocrx_word' id='word_1_560' title='bbox 2893 2124 2925 2164; x_wconf 90' lang='lat' dir='ltr'><strong>a</strong></span> <span class='ocrx_word' id='word_1_561' title='bbox 2969 2109 3396 2167; x_wconf 46' lang='lat' dir='ltr'><strong>Montfauc‘onio</strong></span> <span class='ocrx_word' id='word_1_562' title='bbox 3437 2112 3636 2166; x_wconf 87' lang='lat' dir='ltr'><strong>allatis</strong></span> <span class='ocrx_word' id='word_1_563' title='bbox 3683 2127 3760 2168; x_wconf 84' lang='lat' dir='ltr'><strong>ex</strong></span> 
     </span>
    </p>
   </div>
   <div class='ocr_carea' id='block_1_86' title="bbox 2087 2179 3762 2252">
    <p class='ocr_par' dir='ltr' id='par_1_86' title="bbox 2087 2179 3762 2252">
     <span class='ocr_line' id='line_1_87' title="bbox 2087 2179 3762 2252; baseline 0.003 -19"><span class='ocrx_word' id='word_1_564' title='bbox 2087 2179 2321 2252; x_wconf 24' lang='lat' dir='ltr'><strong>goll‘and</strong></span> <span class='ocrx_word' id='word_1_565' title='bbox 2338 2220 2353 2234; x_wconf 93' lang='lat'><strong>.</strong></span> <span class='ocrx_word' id='word_1_566' title='bbox 2378 2185 2514 2235; x_wconf 91' lang='lat' dir='ltr'><strong>tom.</strong></span> <span class='ocrx_word' id='word_1_567' title='bbox 2539 2181 2634 2235; x_wconf 88' lang='lat' dir='ltr'><strong>Ill.</strong></span> <span class='ocrx_word' id='word_1_568' title='bbox 2657 2179 2898 2250; x_wconf 90' lang='lat' dir='ltr'><strong>Aprilis,</strong></span> <span class='ocrx_word' id='word_1_569' title='bbox 2924 2193 3049 2250; x_wconf 86' lang='lat' dir='ltr'><strong>pag.</strong></span> <span class='ocrx_word' id='word_1_570' title='bbox 3068 2179 3194 2249; x_wconf 75' lang='grc'><strong>345,</strong></span> <span class='ocrx_word' id='word_1_571' title='bbox 3222 2184 3279 2237; x_wconf 94' lang='lat' dir='ltr'><strong>in</strong></span> <span class='ocrx_word' id='word_1_572' title='bbox 3312 2183 3762 2252; x_wconf 88' lang='lat' dir='ltr'><strong>metropolitana</strong></span> 
     </span>
    </p>
   </div>
   <div class='ocr_carea' id='block_1_87' title="bbox 2086 2249 3764 2320">
    <p class='ocr_par' dir='ltr' id='par_1_87' title="bbox 2086 2249 3764 2320">
     <span class='ocr_line' id='line_1_88' title="bbox 2086 2249 3764 2320; baseline 0.003 -16"><span class='ocrx_word' id='word_1_573' title='bbox 2086 2249 2342 2304; x_wconf 87' lang='lat' dir='ltr'><strong>Ecclesia</strong></span> <span class='ocrx_word' id='word_1_574' title='bbox 2385 2252 2656 2320; x_wconf 88' lang='lat' dir='ltr'><strong>Pragensi</strong></span> <span class='ocrx_word' id='word_1_575' title='bbox 2705 2249 3186 2308; x_wconf 34' lang='lat' dir='ltr'><strong>asservari’duos</strong></span> <span class='ocrx_word' id='word_1_576' title='bbox 3242 2249 3764 2320; x_wconf 57' lang='lat' dir='ltr'><strong>ultimos&#39;quater—</strong></span> 
     </span>
    </p>
   </div>
   <div class='ocr_carea' id='block_1_88' title="bbox 2089 2321 3763 2390">
    <p class='ocr_par' dir='ltr' id='par_1_88' title="bbox 2089 2321 3763 2390">
     <span class='ocr_line' id='line_1_89' title="bbox 2089 2321 3763 2390; baseline 0.003 -15"><span class='ocrx_word' id='word_1_577' title='bbox 2089 2321 2292 2375; x_wconf 91' lang='lat' dir='ltr'><strong>niones</strong></span> <span class='ocrx_word' id='word_1_578' title='bbox 2339 2322 2597 2390; x_wconf 86' lang='lat' dir='ltr'><strong>ejusdem</strong></span> <span class='ocrx_word' id='word_1_579' title='bbox 2646 2322 2868 2378; x_wconf 88' lang='lat' dir='ltr'><strong>codicis</strong></span> <span class='ocrx_word' id='word_1_580' title='bbox 2917 2323 2972 2376; x_wconf 89' lang='lat' dir='ltr'><strong>S.</strong></span> <span class='ocrx_word' id='word_1_581' title='bbox 3031 2325 3204 2378; x_wconf 88' lang='lat' dir='ltr'><strong>Marci</strong></span> <span class='ocrx_word' id='word_1_582' title='bbox 3253 2325 3476 2380; x_wconf 88' lang='lat' dir='ltr'><strong>Latinis</strong></span> <span class='ocrx_word' id='word_1_583' title='bbox 3529 2321 3763 2380; x_wconf 83' lang='lat' dir='ltr'><strong>litteris</strong></span> 
     </span>
    </p>
   </div>
   <div class='ocr_carea' id='block_1_89' title="bbox 2087 2391 3759 2462">
    <p class='ocr_par' dir='ltr' id='par_1_89' title="bbox 2087 2391 3759 2462">
     <span class='ocr_line' id='line_1_90' title="bbox 2087 2391 3759 2462; baseline 0.004 -17"><span class='ocrx_word' id='word_1_584' title='bbox 2087 2391 2338 2458; x_wconf 87' lang='lat' dir='ltr'><strong>scriptos</strong></span> <span class='ocrx_word' id='word_1_585' title='bbox 2379 2406 2524 2461; x_wconf 93' lang='lat' dir='ltr'><strong>quos</strong></span> <span class='ocrx_word' id='word_1_586' title='bbox 2555 2392 2796 2447; x_wconf 84' lang='lat' dir='ltr'><strong>Carolus</strong></span> <span class='ocrx_word' id='word_1_587' title='bbox 2840 2393 3094 2460; x_wconf 86' lang='lat' dir='ltr'><strong>Quartus</strong></span> <span class='ocrx_word' id='word_1_588' title='bbox 3126 2395 3440 2462; x_wconf 88' lang='lat' dir='ltr'><strong>imperator</strong></span> <span class='ocrx_word' id='word_1_589' title='bbox 3469 2395 3759 2457; x_wconf 87' lang='lat' dir='ltr'><strong>obtinuit,</strong></span> 
     </span>
    </p>
   </div>
   <div class='ocr_carea' id='block_1_90' title="bbox 2087 2463 3764 2534">
    <p class='ocr_par' dir='ltr' id='par_1_90' title="bbox 2087 2463 3764 2534">
     <span class='ocr_line' id='line_1_91' title="bbox 2087 2463 3764 2534; baseline 0.004 -18"><span class='ocrx_word' id='word_1_590' title='bbox 2087 2469 2143 2516; x_wconf 91' lang='lat' dir='ltr'><strong>et</strong></span> <span class='ocrx_word' id='word_1_591' title='bbox 2183 2469 2508 2534; x_wconf 63' lang='lat' dir='ltr'><strong>memoratae</strong></span> <span class='ocrx_word' id='word_1_592' title='bbox 2535 2463 2806 2534; x_wconf 25' lang='lat' dir='ltr'><strong>Praigensi</strong></span> <span class='ocrx_word' id='word_1_593' title='bbox 2849 2463 3390 2534; x_wconf 71' lang='lat' dir='ltr'><strong>Ecclesitedonavit.</strong></span> <span class='ocrx_word' id='word_1_594' title='bbox 3425 2467 3607 2534; x_wconf 87' lang='lat' dir='ltr'><strong>Hujus</strong></span> <span class='ocrx_word' id='word_1_595' title='bbox 3641 2468 3764 2521; x_wconf 90' lang='lat' dir='ltr'><strong>Ve-</strong></span> 
     </span>
    </p>
   </div>
   <div class='ocr_carea' id='block_1_91' title="bbox 2088 2532 3761 2601">
    <p class='ocr_par' dir='ltr' id='par_1_91' title="bbox 2088 2532 3761 2601">
     <span class='ocr_line' id='line_1_92' title="bbox 2088 2532 3761 2601; baseline 0.004 -17"><span class='ocrx_word' id='word_1_596' title='bbox 2088 2532 2214 2601; x_wconf 91' lang='lat' dir='ltr'><strong>neti</strong></span> <span class='ocrx_word' id='word_1_597' title='bbox 2233 2533 2458 2586; x_wconf 90' lang='lat' dir='ltr'><strong>codicis</strong></span> <span class='ocrx_word' id='word_1_598' title='bbox 2485 2532 2912 2586; x_wconf 87' lang='lat' dir='ltr'><strong>membranacea</strong></span> <span class='ocrx_word' id='word_1_599' title='bbox 2942 2546 3066 2586; x_wconf 89' lang='lat' dir='ltr'><strong>esse</strong></span> <span class='ocrx_word' id='word_1_600' title='bbox 3102 2533 3263 2601; x_wconf 88' lang='lat' dir='ltr'><strong>folia,</strong></span> <span class='ocrx_word' id='word_1_601' title='bbox 3301 2548 3411 2590; x_wconf 92' lang='lat' dir='ltr'><strong>non</strong></span> <span class='ocrx_word' id='word_1_602' title='bbox 3439 2532 3630 2590; x_wconf 78' lang='lat' dir='ltr'><strong>autem</strong></span> <span class='ocrx_word' id='word_1_603' title='bbox 3681 2551 3761 2591; x_wconf 83' lang='lat' dir='ltr'><strong>ex</strong></span> 
     </span>
    </p>
   </div>
   <div class='ocr_carea' id='block_1_92' title="bbox 2088 2600 3764 2672">
    <p class='ocr_par' dir='ltr' id='par_1_92' title="bbox 2088 2600 3764 2672">
     <span class='ocr_line' id='line_1_93' title="bbox 2088 2600 3764 2672; baseline 0.006 -18"><span class='ocrx_word' id='word_1_604' title='bbox 2088 2600 2314 2672; x_wconf 85' lang='lat' dir='ltr'><strong>phylira</strong></span> <span class='ocrx_word' id='word_1_605' title='bbox 2331 2603 2417 2670; x_wconf 89' lang='lat' dir='ltr'><strong>(ut</strong></span> <span class='ocrx_word' id='word_1_606' title='bbox 2437 2602 2536 2656; x_wconf 92' lang='lat' dir='ltr'><strong>ille</strong></span> <span class='ocrx_word' id='word_1_607' title='bbox 2550 2603 2860 2672; x_wconf 90' lang='lat' dir='ltr'><strong>opinatur),</strong></span> <span class='ocrx_word' id='word_1_608' title='bbox 2883 2616 3045 2672; x_wconf 88' lang='lat' dir='ltr'><strong>nemo</strong></span> <span class='ocrx_word' id='word_1_609' title='bbox 3057 2616 3126 2657; x_wconf 92' lang='lat' dir='ltr'><strong>ex</strong></span> <span class='ocrx_word' id='word_1_610' title='bbox 3141 2600 3521 2672; x_wconf 58' lang='lat' dir='ltr'><strong>praesentibus</strong></span> <span class='ocrx_word' id='word_1_611' title='bbox 3535 2615 3764 2664; x_wconf 89' lang='lat' dir='ltr'><strong>attente</strong></span> 
     </span>
    </p>
   </div>
   <div class='ocr_carea' id='block_1_93' title="bbox 2085 2671 3762 2732">
    <p class='ocr_par' dir='ltr' id='par_1_93' title="bbox 2085 2671 3762 2732">
     <span class='ocr_line' id='line_1_94' title="bbox 2085 2671 3762 2732; baseline 0.004 -6"><span class='ocrx_word' id='word_1_612' title='bbox 2085 2671 2462 2726; x_wconf 90' lang='lat' dir='ltr'><strong>considerans</strong></span> <span class='ocrx_word' id='word_1_613' title='bbox 2497 2672 2812 2726; x_wconf 88' lang='lat' dir='ltr'><strong>dubitavit.</strong></span> <span class='ocrx_word' id='word_1_614' title='bbox 2845 2671 3217 2728; x_wconf 80' lang='lat' dir='ltr'><strong>Refundenda</strong></span> <span class='ocrx_word' id='word_1_615' title='bbox 3249 2682 3337 2729; x_wconf 86' lang='lat' dir='ltr'><strong>est</strong></span> <span class='ocrx_word' id='word_1_616' title='bbox 3372 2675 3429 2728; x_wconf 93' lang='lat' dir='ltr'><strong>in</strong></span> <span class='ocrx_word' id='word_1_617' title='bbox 3492 2677 3762 2732; x_wconf 83' lang='lat' dir='ltr'><strong>acrimo-</strong></span> 
     </span>
    </p>
   </div>
   <div class='ocr_carea' id='block_1_94' title="bbox 2086 2741 3766 2814">
    <p class='ocr_par' dir='ltr' id='par_1_94' title="bbox 2086 2741 3766 2814">
     <span class='ocr_line' id='line_1_95' title="bbox 2086 2741 3766 2814; baseline 0.005 -19"><span class='ocrx_word' id='word_1_618' title='bbox 2086 2741 2241 2814; x_wconf 81' lang='lat' dir='ltr'><strong>niam</strong></span> <span class='ocrx_word' id='word_1_619' title='bbox 2269 2742 2408 2796; x_wconf 89' lang='lat' dir='ltr'><strong>salsi</strong></span> <span class='ocrx_word' id='word_1_620' title='bbox 2442 2743 2726 2814; x_wconf 27' lang='lat' dir='ltr'><strong>Ahumoris</strong></span> <span class='ocrx_word' id='word_1_621' title='bbox 2755 2743 2827 2797; x_wconf 90' lang='lat' dir='ltr'><strong>ab</strong></span> <span class='ocrx_word' id='word_1_622' title='bbox 2850 2743 3210 2799; x_wconf 80' lang='lat' dir='ltr'><strong>australibus</strong></span> <span class='ocrx_word' id='word_1_623' title='bbox 3241 2747 3429 2800; x_wconf 91' lang='lat' dir='ltr'><strong>ventis</strong></span> <span class='ocrx_word' id='word_1_624' title='bbox 3487 2747 3766 2814; x_wconf 88' lang='lat' dir='ltr'><strong>excitati,</strong></span> 
     </span>
    </p>
   </div>
   <div class='ocr_carea' id='block_1_95' title="bbox 2088 2811 3758 2882">
    <p class='ocr_par' dir='ltr' id='par_1_95' title="bbox 2088 2811 3758 2882">
     <span class='ocr_line' id='line_1_96' title="bbox 2088 2811 3758 2882; baseline 0.005 -17"><span class='ocrx_word' id='word_1_625' title='bbox 2088 2811 2302 2882; x_wconf 86' lang='lat' dir='ltr'><strong>quibus</strong></span> <span class='ocrx_word' id='word_1_626' title='bbox 2332 2811 2710 2880; x_wconf 87' lang='lat' dir='ltr'><strong>perﬁantibus</strong></span> <span class='ocrx_word' id='word_1_627' title='bbox 2737 2825 3020 2868; x_wconf 89' lang='lat' dir='ltr'><strong>marmora</strong></span> <span class='ocrx_word' id='word_1_628' title='bbox 3047 2814 3172 2882; x_wconf 86' lang='lat' dir='ltr'><strong>ipsa</strong></span> <span class='ocrx_word' id='word_1_629' title='bbox 3197 2816 3453 2872; x_wconf 68' lang='lat' dir='ltr'><strong>ecclesiae</strong></span> <span class='ocrx_word' id='word_1_630' title='bbox 3483 2820 3538 2872; x_wconf 73' lang='lat' dir='ltr'><strong>S.</strong></span> <span class='ocrx_word' id='word_1_631' title='bbox 3573 2819 3758 2874; x_wconf 86' lang='lat' dir='ltr'><strong>Marci</strong></span> 
     </span>
    </p>
   </div>
   <div class='ocr_carea' id='block_1_96' title="bbox 2085 2883 3760 2960">
    <p class='ocr_par' dir='ltr' id='par_1_96' title="bbox 2085 2883 3760 2960">
     <span class='ocr_line' id='line_1_97' title="bbox 2085 2883 3760 2960; baseline 0.005 -23"><span class='ocrx_word' id='word_1_632' title='bbox 2085 2883 2234 2937; x_wconf 91' lang='lat' dir='ltr'><strong>ﬁunt</strong></span> <span class='ocrx_word' id='word_1_633' title='bbox 2251 2883 2496 2960; x_wconf 86' lang='lat' dir='ltr'><strong>irrigua,</strong></span> <span class='ocrx_word' id='word_1_634' title='bbox 2517 2885 2780 2960; x_wconf 78' lang='lat' dir='ltr'><strong>corrosio</strong></span> <span class='ocrx_word' id='word_1_635' title='bbox 2800 2886 3130 2960; x_wconf 89' lang='lat' dir='ltr'><strong>atramenti,</strong></span> <span class='ocrx_word' id='word_1_636' title='bbox 3151 2887 3595 2960; x_wconf 79' lang='lat' dir='ltr'><strong>aelitterarum,</strong></span> <span class='ocrx_word' id='word_1_637' title='bbox 3623 2905 3760 2960; x_wconf 49' lang='lat' dir='ltr'><strong>qua).</strong></span> 
     </span>
    </p>
   </div>
   <div class='ocr_carea' id='block_1_97' title="bbox 2085 2955 3761 3030">
    <p class='ocr_par' dir='ltr' id='par_1_97' title="bbox 2085 2955 3761 3030">
     <span class='ocr_line' id='line_1_98' title="bbox 2085 2955 3761 3030; baseline 0.005 -23"><span class='ocrx_word' id='word_1_638' title='bbox 2085 2959 2322 3030; x_wconf 82' lang='lat' dir='ltr'><strong>apparet</strong></span> <span class='ocrx_word' id='word_1_639' title='bbox 2349 2955 2877 3030; x_wconf 88' lang='lat' dir='ltr'><strong>in_recentiori_bus</strong></span> <span class='ocrx_word' id='word_1_640' title='bbox 2921 2955 3113 3030; x_wconf 75' lang='lat' dir='ltr'><strong>etiam</strong></span> <span class='ocrx_word' id='word_1_641' title='bbox 3139 2958 3441 3030; x_wconf 85' lang='lat' dir='ltr'><strong>codicibus</strong></span> <span class='ocrx_word' id='word_1_642' title='bbox 3488 2955 3761 3030; x_wconf 77' lang='lat' dir='ltr'><strong>Evange—</strong></span> 
     </span>
    </p>
   </div>
   <div class='ocr_carea' id='block_1_98' title="bbox 2087 3023 3759 3095">
    <p class='ocr_par' dir='ltr' id='par_1_98' title="bbox 2087 3023 3759 3095">
     <span class='ocr_line' id='line_1_99' title="bbox 2087 3023 3759 3095; baseline 0.004 -16"><span class='ocrx_word' id='word_1_643' title='bbox 2087 3023 2304 3080; x_wconf 89' lang='lat' dir='ltr'><strong>liorum</strong></span> <span class='ocrx_word' id='word_1_644' title='bbox 2334 3024 2528 3080; x_wconf 91' lang='lat' dir='ltr'><strong>eodem</strong></span> <span class='ocrx_word' id='word_1_645' title='bbox 2561 3027 2815 3080; x_wconf 90' lang='lat' dir='ltr'><strong>armario</strong></span> <span class='ocrx_word' id='word_1_646' title='bbox 2835 3025 3172 3095; x_wconf 88' lang='lat' dir='ltr'><strong>custoditis,</strong></span> <span class='ocrx_word' id='word_1_647' title='bbox 3202 3028 3338 3083; x_wconf 88' lang='lat' dir='ltr'><strong>licet</strong></span> <span class='ocrx_word' id='word_1_648' title='bbox 3362 3030 3566 3084; x_wconf 90' lang='lat' dir='ltr'><strong>horum</strong></span> <span class='ocrx_word' id='word_1_649' title='bbox 3591 3023 3759 3086; x_wconf 61' lang='lat' dir='ltr'><strong>scri—</strong></span> 
     </span>
    </p>
   </div>
   <div class='ocr_carea' id='block_1_99' title="bbox 2091 3095 3752 3168">
    <p class='ocr_par' dir='ltr' id='par_1_99' title="bbox 2091 3095 3752 3168">
     <span class='ocr_line' id='line_1_100' title="bbox 2091 3095 3752 3168; baseline 0.005 -20"><span class='ocrx_word' id='word_1_650' title='bbox 2091 3101 2290 3168; x_wconf 20' lang='lat' dir='ltr'><strong>pturaai</strong></span> <span class='ocrx_word' id='word_1_651' title='bbox 2319 3096 2648 3165; x_wconf 86' lang='lat' dir='ltr'><strong>antiquitas</strong></span> <span class='ocrx_word' id='word_1_652' title='bbox 2679 3109 2862 3152; x_wconf 91' lang='lat' dir='ltr'><strong>annos</strong></span> <span class='ocrx_word' id='word_1_653' title='bbox 2886 3095 2990 3151; x_wconf 77' lang='grc'><strong>400</strong></span> <span class='ocrx_word' id='word_1_654' title='bbox 3023 3111 3136 3152; x_wconf 89' lang='lat' dir='ltr'><strong>non</strong></span> <span class='ocrx_word' id='word_1_655' title='bbox 3190 3106 3442 3168; x_wconf 84' lang='lat' dir='ltr'><strong>superet.</strong></span> <span class='ocrx_word' id='word_1_656' title='bbox 3494 3103 3564 3155; x_wconf 85' lang='lat' dir='ltr'><strong>Ea</strong></span> <span class='ocrx_word' id='word_1_657' title='bbox 3591 3103 3752 3156; x_wconf 91' lang='lat' dir='ltr'><strong>enim</strong></span> 
     </span>
    </p>
   </div>
   <div class='ocr_carea' id='block_1_100' title="bbox 2087 3165 3753 3239">
    <p class='ocr_par' dir='ltr' id='par_1_100' title="bbox 2087 3165 3753 3239">
     <span class='ocr_line' id='line_1_101' title="bbox 2087 3165 3753 3239; baseline 0.004 -20"><span class='ocrx_word' id='word_1_658' title='bbox 2087 3179 2148 3220; x_wconf 92' lang='lat' dir='ltr'><strong>se</strong></span> <span class='ocrx_word' id='word_1_659' title='bbox 2181 3165 2518 3239; x_wconf 82' lang='lat' dir='ltr'><strong>insinuante</strong></span> <span class='ocrx_word' id='word_1_660' title='bbox 2563 3180 2695 3239; x_wconf 91' lang='lat' dir='ltr'><strong>cum</strong></span> <span class='ocrx_word' id='word_1_661' title='bbox 2726 3181 2836 3222; x_wconf 65' lang='lat' dir='ltr'><strong>aere</strong></span> <span class='ocrx_word' id='word_1_662' title='bbox 2876 3167 3002 3236; x_wconf 90' lang='lat' dir='ltr'><strong>ipso</strong></span> <span class='ocrx_word' id='word_1_663' title='bbox 3047 3165 3356 3239; x_wconf 63' lang='lat' dir='ltr'><strong>intima&#39;in</strong></span> <span class='ocrx_word' id='word_1_664' title='bbox 3405 3172 3753 3239; x_wconf 87' lang='lat' dir='ltr'><strong>penetralia,</strong></span> 
     </span>
    </p>
   </div>
   <div class='ocr_carea' id='block_1_101' title="bbox 2089 3235 3756 3312">
    <p class='ocr_par' dir='ltr' id='par_1_101' title="bbox 2089 3235 3756 3312">
     <span class='ocr_line' id='line_1_102' title="bbox 2089 3235 3756 3312; baseline 0.003 -20"><span class='ocrx_word' id='word_1_665' title='bbox 2089 3235 2678 3312; x_wconf 69' lang='lat' dir='ltr'><strong>quantolibetstudio</strong></span> <span class='ocrx_word' id='word_1_666' title='bbox 2723 3235 3334 3312; x_wconf 71' lang='lat' dir='ltr'><strong>cusiodita,eﬁ‘eetum</strong></span> <span class='ocrx_word' id='word_1_667' title='bbox 3363 3235 3470 3312; x_wconf 80' lang='lat' dir='ltr'><strong>est,</strong></span> <span class='ocrx_word' id='word_1_668' title='bbox 3510 3248 3572 3296; x_wconf 93' lang='lat' dir='ltr'><strong>ut</strong></span> <span class='ocrx_word' id='word_1_669' title='bbox 3619 3258 3756 3312; x_wconf 53' lang='lat' dir='ltr'><strong>qua‘</strong></span> 
     </span>
    </p>
   </div>
   <div class='ocr_carea' id='block_1_102' title="bbox 2085 3306 3753 3368">
    <p class='ocr_par' dir='ltr' id='par_1_102' title="bbox 2085 3306 3753 3368">
     <span class='ocr_line' id='line_1_103' title="bbox 2085 3306 3753 3368; baseline 0.004 -7"><span class='ocrx_word' id='word_1_670' title='bbox 2085 3306 2436 3362; x_wconf 85' lang='lat' dir='ltr'><strong>lineamenta</strong></span> <span class='ocrx_word' id='word_1_671' title='bbox 2466 3306 2792 3363; x_wconf 86' lang='lat' dir='ltr'><strong>litterarum</strong></span> <span class='ocrx_word' id='word_1_672' title='bbox 2820 3310 2883 3364; x_wconf 73' lang='grc' dir='ltr'><strong>Β.</strong></span> <span class='ocrx_word' id='word_1_673' title='bbox 2907 3311 2964 3363; x_wconf 89' lang='grc' dir='ltr'><strong>Ρ.</strong></span> <span class='ocrx_word' id='word_1_674' title='bbox 3007 3309 3377 3366; x_wconf 87' lang='lat' dir='ltr'><strong>Montfancon</strong></span> <span class='ocrx_word' id='word_1_675' title='bbox 3414 3306 3753 3368; x_wconf 84' lang='lat' dir='ltr'><strong>observanti</strong></span> 
     </span>
    </p>
   </div>
   <div class='ocr_carea' id='block_1_103' title="bbox 2087 3379 3752 3452">
    <p class='ocr_par' dir='ltr' id='par_1_103' title="bbox 2087 3379 3752 3452">
     <span class='ocr_line' id='line_1_104' title="bbox 2087 3379 3752 3452; baseline 0.004 -20"><span class='ocrx_word' id='word_1_676' title='bbox 2087 3380 2300 3452; x_wconf 73' lang='lat' dir='ltr'><strong>Latinae</strong></span> <span class='ocrx_word' id='word_1_677' title='bbox 2319 3379 2624 3452; x_wconf 66' lang='lat' dir='ltr'><strong>scripturae</strong></span> <span class='ocrx_word' id='word_1_678' title='bbox 2645 3379 2932 3452; x_wconf 86' lang='lat' dir='ltr'><strong>indicium</strong></span> <span class='ocrx_word' id='word_1_679' title='bbox 2953 3381 3188 3436; x_wconf 85' lang='lat' dir='ltr'><strong>evidens</strong></span> <span class='ocrx_word' id='word_1_680' title='bbox 3205 3381 3610 3450; x_wconf 79' lang='lat' dir='ltr'><strong>exhibuerant,</strong></span> <span class='ocrx_word' id='word_1_681' title='bbox 3629 3385 3684 3452; x_wconf 83' lang='lat' dir='ltr'><strong>ja</strong></span> <span class='ocrx_word' id='word_1_682' title='bbox 3698 3399 3752 3438; x_wconf 89' lang='lat' dir='ltr'><strong>m</strong></span> 
     </span>
    </p>
   </div>
   <div class='ocr_carea' id='block_1_104' title="bbox 2083 3450 3751 3524">
    <p class='ocr_par' dir='ltr' id='par_1_104' title="bbox 2083 3450 3751 3524">
     <span class='ocr_line' id='line_1_105' title="bbox 2083 3450 3751 3524; baseline 0.003 -20"><span class='ocrx_word' id='word_1_683' title='bbox 2083 3450 2322 3524; x_wconf 83' lang='lat' dir='ltr'><strong>omnino</strong></span> <span class='ocrx_word' id='word_1_684' title='bbox 2364 3450 2664 3524; x_wconf 77' lang='lat' dir='ltr'><strong>deperdita</strong></span> <span class='ocrx_word' id='word_1_685' title='bbox 2733 3451 2912 3524; x_wconf 71' lang='lat' dir='ltr'><strong>intra</strong></span> <span class='ocrx_word' id='word_1_686' title='bbox 2951 3464 3157 3524; x_wconf 85' lang='lat' dir='ltr'><strong>annos</strong></span> <span class='ocrx_word' id='word_1_687' title='bbox 3193 3454 3340 3508; x_wconf 91' lang='lat' dir='ltr'><strong>duos</strong></span> <span class='ocrx_word' id='word_1_688' title='bbox 3407 3460 3464 3507; x_wconf 91' lang='lat' dir='ltr'><strong>et</strong></span> <span class='ocrx_word' id='word_1_689' title='bbox 3514 3450 3751 3524; x_wconf 81' lang='lat' dir='ltr'><strong>viginti,</strong></span> 
     </span>
    </p>
   </div>
   <div class='ocr_carea' id='block_1_105' title="bbox 2083 3519 3424 3593">
    <p class='ocr_par' dir='ltr' id='par_1_105' title="bbox 2083 3519 3424 3593">
     <span class='ocr_line' id='line_1_106' title="bbox 2083 3519 3424 3593; baseline 0.001 -19"><span class='ocrx_word' id='word_1_690' title='bbox 2083 3519 2311 3593; x_wconf 83' lang='lat' dir='ltr'><strong>nullum</strong></span> <span class='ocrx_word' id='word_1_691' title='bbox 2339 3533 2458 3593; x_wconf 73' lang='lat' dir='ltr'><strong>sua:</strong></span> <span class='ocrx_word' id='word_1_692' title='bbox 2490 3519 2687 3590; x_wconf 67' lang='lat' dir='ltr'><strong>ﬁgurae</strong></span> <span class='ocrx_word' id='word_1_693' title='bbox 2709 3521 3018 3591; x_wconf 84' lang='lat' dir='ltr'><strong>vestigium</strong></span> <span class='ocrx_word' id='word_1_694' title='bbox 3058 3523 3424 3593; x_wconf 89' lang='lat' dir='ltr'><strong>reliquerint.</strong></span> 
     </span>
    </p>
   </div>
   <div class='ocr_carea' id='block_1_106' title="bbox 2156 3587 3752 3662">
    <p class='ocr_par' dir='ltr' id='par_1_106' title="bbox 2156 3587 3752 3662">
     <span class='ocr_line' id='line_1_107' title="bbox 2156 3587 3752 3662; baseline 0.002 -18"><span class='ocrx_word' id='word_1_695' title='bbox 2156 3591 2328 3645; x_wconf 77' lang='lat' dir='ltr'><strong>Linea</strong></span> <span class='ocrx_word' id='word_1_696' title='bbox 2383 3587 2436 3645; x_wconf 86' lang='lat'><strong>7.</strong></span> <span class='ocrx_word' id='word_1_697' title='bbox 2490 3587 2558 3632; x_wconf 60' lang='grc' dir='ltr'><strong>-ἔ</strong></span> <span class='ocrx_word' id='word_1_698' title='bbox 2617 3593 2742 3646; x_wconf 85' lang='lat' dir='ltr'><strong>Post</strong></span> <span class='ocrx_word' id='word_1_699' title='bbox 2825 3587 3036 3646; x_wconf 60' lang='lat' dir='ltr'><strong>omnem</strong></span> <span class='ocrx_word' id='word_1_700' title='bbox 3106 3587 3345 3662; x_wconf 81' lang='lat' dir='ltr'><strong>quatuor</strong></span> <span class='ocrx_word' id='word_1_701' title='bbox 3413 3593 3752 3662; x_wconf 79' lang='lat' dir='ltr'><strong>Evangelia-</strong></span> 
     </span>
    </p>
   </div>
   <div class='ocr_carea' id='block_1_107' title="bbox 2081 3663 3752 3732">
    <p class='ocr_par' dir='ltr' id='par_1_107' title="bbox 2081 3663 3752 3732">
     <span class='ocr_line' id='line_1_108' title="bbox 2081 3663 3752 3732; baseline 0.002 -18"><span class='ocrx_word' id='word_1_702' title='bbox 2081 3677 2205 3715; x_wconf 82' lang='lat' dir='ltr'><strong>rum</strong></span> <span class='ocrx_word' id='word_1_703' title='bbox 2261 3665 2485 3728; x_wconf 85' lang='lat' dir='ltr'><strong>fontem,</strong></span> <span class='ocrx_word' id='word_1_704' title='bbox 2545 3678 2668 3730; x_wconf 72' lang='lat' dir='ltr'><strong>quae</strong></span> <span class='ocrx_word' id='word_1_705' title='bbox 2715 3663 2792 3716; x_wconf 87' lang='lat' dir='ltr'><strong>ad</strong></span> <span class='ocrx_word' id='word_1_706' title='bbox 2838 3665 3345 3732; x_wconf 72' lang='lat' dir='ltr'><strong>interrogationem,</strong></span> <span class='ocrx_word' id='word_1_707' title='bbox 3404 3671 3455 3720; x_wconf 82' lang='lat' dir='ltr'><strong>et</strong></span> <span class='ocrx_word' id='word_1_708' title='bbox 3501 3667 3752 3720; x_wconf 78' lang='lat' dir='ltr'><strong>testimo--</strong></span> 
     </span>
    </p>
   </div>
   <div class='ocr_carea' id='block_1_108' title="bbox 2079 3733 3750 3807">
    <p class='ocr_par' dir='ltr' id='par_1_108' title="bbox 2079 3733 3750 3807">
     <span class='ocr_line' id='line_1_109' title="bbox 2079 3733 3750 3807; baseline 0.004 -23"><span class='ocrx_word' id='word_1_709' title='bbox 2079 3735 2236 3807; x_wconf 63' lang='lat' dir='ltr'><strong>icium</strong></span> <span class='ocrx_word' id='word_1_710' title='bbox 2260 3733 2379 3807; x_wconf 74' lang='lat' dir='ltr'><strong>ejus</strong></span> <span class='ocrx_word' id='word_1_711' title='bbox 2419 3737 2642 3807; x_wconf 71' lang='lat' dir='ltr'><strong>ﬁrmata</strong></span> <span class='ocrx_word' id='word_1_712' title='bbox 2667 3739 2797 3788; x_wconf 81' lang='lat' dir='ltr'><strong>sunt</strong></span> <span class='ocrx_word' id='word_1_713' title='bbox 2839 3733 3089 3807; x_wconf 62' lang='lat' dir='ltr'><strong>ﬁzodices</strong></span> <span class='ocrx_word' id='word_1_714' title='bbox 3117 3737 3422 3807; x_wconf 89' lang='lat' dir='ltr'><strong>Holstenii,</strong></span> <span class='ocrx_word' id='word_1_715' title='bbox 3466 3744 3522 3791; x_wconf 89' lang='lat' dir='ltr'><strong>et</strong></span> <span class='ocrx_word' id='word_1_716' title='bbox 3567 3737 3750 3792; x_wconf 90' lang='lat' dir='ltr'><strong>Sche—</strong></span> 
     </span>
    </p>
   </div>
   <div class='ocr_carea' id='block_1_109' title="bbox 2081 3802 3751 3876">
    <p class='ocr_par' dir='ltr' id='par_1_109' title="bbox 2081 3802 3751 3876">
     <span class='ocr_line' id='line_1_110' title="bbox 2081 3802 3751 3876; baseline 0.001 -18"><span class='ocrx_word' id='word_1_717' title='bbox 2081 3802 2334 3876; x_wconf 76' lang='lat' dir='ltr'><strong>lestratii</strong></span> <span class='ocrx_word' id='word_1_718' title='bbox 2359 3804 2567 3859; x_wconf 87' lang='lat' dir='ltr'><strong>habent</strong></span> <span class='ocrx_word' id='word_1_719' title='bbox 2591 3802 2900 3876; x_wconf 65' lang='lat' dir='ltr'><strong>formata],</strong></span> <span class='ocrx_word' id='word_1_720' title='bbox 2931 3805 3064 3860; x_wconf 86' lang='lat' dir='ltr'><strong>dum</strong></span> <span class='ocrx_word' id='word_1_721' title='bbox 3083 3807 3231 3860; x_wconf 86' lang='lat' dir='ltr'><strong>alius</strong></span> <span class='ocrx_word' id='word_1_722' title='bbox 3250 3802 3465 3875; x_wconf 72' lang='lat' dir='ltr'><strong>Latine,</strong></span> <span class='ocrx_word' id='word_1_723' title='bbox 3491 3808 3751 3876; x_wconf 76' lang='lat' dir='ltr'><strong>aliusque</strong></span> 
     </span>
    </p>
   </div>
   <div class='ocr_carea' id='block_1_110' title="bbox 2081 3873 3750 3946">
    <p class='ocr_par' dir='ltr' id='par_1_110' title="bbox 2081 3873 3750 3946">
     <span class='ocr_line' id='line_1_111' title="bbox 2081 3873 3750 3946; baseline 0.001 -18"><span class='ocrx_word' id='word_1_724' title='bbox 2081 3873 2285 3936; x_wconf 68' lang='lat' dir='ltr'><strong>Greece,</strong></span> <span class='ocrx_word' id='word_1_725' title='bbox 2327 3879 2377 3928; x_wconf 84' lang='lat' dir='ltr'><strong>et</strong></span> <span class='ocrx_word' id='word_1_726' title='bbox 2417 3876 2563 3929; x_wconf 74' lang='lat' dir='ltr'><strong>altus</strong></span> <span class='ocrx_word' id='word_1_727' title='bbox 2592 3873 2874 3930; x_wconf 52' lang='lat' dir='ltr'><strong>Hebraice’</strong></span> <span class='ocrx_word' id='word_1_728' title='bbox 2908 3883 3230 3942; x_wconf 87' lang='lat' dir='ltr'><strong>consonant,</strong></span> <span class='ocrx_word' id='word_1_729' title='bbox 3284 3873 3463 3932; x_wconf 73' lang='lat' dir='ltr'><strong>tamen</strong></span> <span class='ocrx_word' id='word_1_730' title='bbox 3509 3879 3628 3946; x_wconf 86' lang='lat' dir='ltr'><strong>ejus</strong></span> <span class='ocrx_word' id='word_1_731' title='bbox 3650 3873 3750 3932; x_wconf 28' lang='lat' dir='ltr'><strong>vte-</strong></span> 
     </span>
    </p>
   </div>
   <div class='ocr_carea' id='block_1_111' title="bbox 2079 3947 3746 4017">
    <p class='ocr_par' dir='ltr' id='par_1_111' title="bbox 2079 3947 3746 4017">
     <span class='ocr_line' id='line_1_112' title="bbox 2079 3947 3746 4017; baseline 0.002 -19"><span class='ocrx_word' id='word_1_732' title='bbox 2079 3947 2332 3999; x_wconf 85' lang='lat' dir='ltr'><strong>stimonio</strong></span> <span class='ocrx_word' id='word_1_733' title='bbox 2377 3952 2510 3999; x_wconf 81' lang='lat' dir='ltr'><strong>sunt</strong></span> <span class='ocrx_word' id='word_1_734' title='bbox 2535 3947 2794 4017; x_wconf 68' lang='lat' dir='ltr'><strong>firmata.</strong></span> <span class='ocrx_word' id='word_1_735' title='bbox 2853 3947 3160 4017; x_wconf 85' lang='lat' dir='ltr'><strong>Evangelia</strong></span> <span class='ocrx_word' id='word_1_736' title='bbox 3207 3948 3487 4015; x_wconf 68' lang='lat' dir='ltr'><strong>Matthari,</strong></span> <span class='ocrx_word' id='word_1_737' title='bbox 3541 3949 3746 4014; x_wconf 81' lang='lat' dir='ltr'><strong>Marci,</strong></span> 
     </span>
    </p>
   </div>
   <div class='ocr_carea' id='block_1_112' title="bbox 2082 4015 3750 4085">
    <p class='ocr_par' dir='ltr' id='par_1_112' title="bbox 2082 4015 3750 4085">
     <span class='ocr_line' id='line_1_113' title="bbox 2082 4015 3750 4085; baseline 0.002 -15"><span class='ocrx_word' id='word_1_738' title='bbox 2082 4017 2262 4085; x_wconf 74' lang='lat' dir='ltr'><strong>Lucae,</strong></span> <span class='ocrx_word' id='word_1_739' title='bbox 2304 4029 2416 4071; x_wconf 93' lang='lat' dir='ltr'><strong>non</strong></span> <span class='ocrx_word' id='word_1_740' title='bbox 2465 4015 2652 4072; x_wconf 90' lang='lat' dir='ltr'><strong>solum</strong></span> <span class='ocrx_word' id='word_1_741' title='bbox 2686 4016 2908 4070; x_wconf 90' lang='lat' dir='ltr'><strong>ﬁrmata</strong></span> <span class='ocrx_word' id='word_1_742' title='bbox 2953 4015 3284 4071; x_wconf 79' lang='lat' dir='ltr'><strong>testimonio</strong></span> <span class='ocrx_word' id='word_1_743' title='bbox 3325 4019 3496 4085; x_wconf 91' lang='lat' dir='ltr'><strong>Petri,</strong></span> <span class='ocrx_word' id='word_1_744' title='bbox 3547 4033 3750 4074; x_wconf 92' lang='lat' dir='ltr'><strong>verum</strong></span> 
     </span>
    </p>
   </div>
   <div class='ocr_carea' id='block_1_113' title="bbox 2077 4085 3747 4154">
    <p class='ocr_par' dir='ltr' id='par_1_113' title="bbox 2077 4085 3747 4154">
     <span class='ocr_line' id='line_1_114' title="bbox 2077 4085 3747 4154; baseline 0 -14"><span class='ocrx_word' id='word_1_745' title='bbox 2077 4087 2249 4141; x_wconf 89' lang='lat' dir='ltr'><strong>etiam</strong></span> <span class='ocrx_word' id='word_1_746' title='bbox 2265 4085 2504 4142; x_wconf 85' lang='lat' dir='ltr'><strong>formata</strong></span> <span class='ocrx_word' id='word_1_747' title='bbox 2521 4099 2589 4141; x_wconf 85' lang='lat' dir='ltr'><strong>ex</strong></span> <span class='ocrx_word' id='word_1_748' title='bbox 2607 4086 2860 4154; x_wconf 90' lang='lat' dir='ltr'><strong>ejusdem</strong></span> <span class='ocrx_word' id='word_1_749' title='bbox 2887 4087 3259 4154; x_wconf 88' lang='lat' dir='ltr'><strong>responsione</strong></span> <span class='ocrx_word' id='word_1_750' title='bbox 3278 4091 3467 4141; x_wconf 85' lang='lat' dir='ltr'><strong>textus</strong></span> <span class='ocrx_word' id='word_1_751' title='bbox 3487 4089 3747 4144; x_wconf 83' lang='lat' dir='ltr'><strong>exhibet.</strong></span> 
     </span>
    </p>
   </div>
   <div class='ocr_carea' id='block_1_114' title="bbox 2077 4156 3752 4228">
    <p class='ocr_par' dir='ltr' id='par_1_114' title="bbox 2077 4156 3752 4228">
     <span class='ocr_line' id='line_1_115' title="bbox 2077 4156 3752 4228; baseline 0.004 -20"><span class='ocrx_word' id='word_1_752' title='bbox 2077 4157 2452 4228; x_wconf 77' lang='lat' dir='ltr'><strong>Evangelinm</strong></span> <span class='ocrx_word' id='word_1_753' title='bbox 2488 4156 2745 4218; x_wconf 84' lang='lat' dir='ltr'><strong>Joannis,</strong></span> <span class='ocrx_word' id='word_1_754' title='bbox 2799 4161 2928 4224; x_wconf 87' lang='lat' dir='ltr'><strong>post</strong></span> <span class='ocrx_word' id='word_1_755' title='bbox 2979 4156 3315 4228; x_wconf 68' lang='lat' dir='ltr'><strong>martyrium</strong></span> <span class='ocrx_word' id='word_1_756' title='bbox 3366 4158 3540 4222; x_wconf 86' lang='lat' dir='ltr'><strong>Petri,</strong></span> <span class='ocrx_word' id='word_1_757' title='bbox 3572 4161 3752 4214; x_wconf 87' lang='lat' dir='ltr'><strong>annis</strong></span> 
     </span>
    </p>
   </div>
   <div class='ocr_carea' id='block_1_115' title="bbox 2073 4225 3747 4302">
    <p class='ocr_par' dir='ltr' id='par_1_115' title="bbox 2073 4225 3747 4302">
     <span class='ocr_line' id='line_1_116' title="bbox 2073 4225 3747 4302; baseline 0.004 -22"><span class='ocrx_word' id='word_1_758' title='bbox 2073 4225 2263 4302; x_wconf 75' lang='lat' dir='ltr'><strong>ferme</strong></span> <span class='ocrx_word' id='word_1_759' title='bbox 2291 4229 2529 4297; x_wconf 86' lang='lat' dir='ltr'><strong>triginta</strong></span> <span class='ocrx_word' id='word_1_760' title='bbox 2565 4229 2918 4302; x_wconf 72' lang='lat' dir='ltr'><strong>eontextum,</strong></span> <span class='ocrx_word' id='word_1_761' title='bbox 2951 4232 3018 4281; x_wconf 94' lang='lat' dir='ltr'><strong>ut</strong></span> <span class='ocrx_word' id='word_1_762' title='bbox 3048 4226 3106 4280; x_wconf 91' lang='lat' dir='ltr'><strong>in</strong></span> <span class='ocrx_word' id='word_1_763' title='bbox 3136 4226 3436 4302; x_wconf 82' lang='lat' dir='ltr'><strong>Clemente</strong></span> <span class='ocrx_word' id='word_1_764' title='bbox 3457 4229 3747 4302; x_wconf 89' lang='lat' dir='ltr'><strong>dicemus,</strong></span> 
     </span>
    </p>
   </div>
   <div class='ocr_carea' id='block_1_116' title="bbox 2068 4296 3752 4368">
    <p class='ocr_par' dir='ltr' id='par_1_116' title="bbox 2068 4296 3752 4368">
     <span class='ocr_line' id='line_1_117' title="bbox 2068 4296 3752 4368; baseline 0.002 -17"><span class='ocrx_word' id='word_1_765' title='bbox 2068 4299 2238 4368; x_wconf 82' lang='lat' dir='ltr'><strong>auxit</strong></span> <span class='ocrx_word' id='word_1_766' title='bbox 2274 4296 2541 4352; x_wconf 77' lang='lat' dir='ltr'><strong>canbnem</strong></span> <span class='ocrx_word' id='word_1_767' title='bbox 2575 4296 3029 4368; x_wconf 88' lang='lat' dir='ltr'><strong>Scripturarum,</strong></span> <span class='ocrx_word' id='word_1_768' title='bbox 3058 4310 3226 4366; x_wconf 88' lang='lat' dir='ltr'><strong>quem</strong></span> <span class='ocrx_word' id='word_1_769' title='bbox 3257 4297 3472 4353; x_wconf 88' lang='lat' dir='ltr'><strong>clausit</strong></span> <span class='ocrx_word' id='word_1_770' title='bbox 3518 4296 3752 4368; x_wconf 56' lang='lat' dir='ltr'><strong>Apocaé</strong></span> 
     </span>
    </p>
   </div>
   <div class='ocr_carea' id='block_1_117' title="bbox 2069 4366 3746 4438">
    <p class='ocr_par' dir='ltr' id='par_1_117' title="bbox 2069 4366 3746 4438">
     <span class='ocr_line' id='line_1_118' title="bbox 2069 4366 3746 4438; baseline 0.002 -16"><span class='ocrx_word' id='word_1_771' title='bbox 2069 4367 2270 4437; x_wconf 91' lang='lat' dir='ltr'><strong>lypsis.</strong></span> <span class='ocrx_word' id='word_1_772' title='bbox 2296 4368 2558 4423; x_wconf 89' lang='lat' dir='ltr'><strong>Editores</strong></span> <span class='ocrx_word' id='word_1_773' title='bbox 2588 4366 2912 4438; x_wconf 85' lang='lat' dir='ltr'><strong>Maguntini</strong></span> <span class='ocrx_word' id='word_1_774' title='bbox 2933 4374 2991 4423; x_wconf 91' lang='lat' dir='ltr'><strong>et</strong></span> <span class='ocrx_word' id='word_1_775' title='bbox 3021 4368 3270 4424; x_wconf 88' lang='lat' dir='ltr'><strong>Parisini</strong></span> <span class='ocrx_word' id='word_1_776' title='bbox 3305 4369 3410 4426; x_wconf 90' lang='lat' dir='ltr'><strong>hoc</strong></span> <span class='ocrx_word' id='word_1_777' title='bbox 3453 4366 3585 4425; x_wconf 80' lang='lat' dir='ltr'><strong>loco</strong></span> <span class='ocrx_word' id='word_1_778' title='bbox 3630 4385 3746 4428; x_wconf 91' lang='lat' dir='ltr'><strong>non</strong></span> 
     </span>
    </p>
   </div>
   <div class='ocr_carea' id='block_1_118' title="bbox 2069 4439 3748 4508">
    <p class='ocr_par' dir='ltr' id='par_1_118' title="bbox 2069 4439 3748 4508">
     <span class='ocr_line' id='line_1_119' title="bbox 2069 4439 3748 4508; baseline 0.002 -15"><span class='ocrx_word' id='word_1_779' title='bbox 2069 4444 2252 4508; x_wconf 88' lang='lat' dir='ltr'><strong>otiose</strong></span> <span class='ocrx_word' id='word_1_780' title='bbox 2282 4442 2604 4507; x_wconf 85' lang='lat' dir='ltr'><strong>observant,</strong></span> <span class='ocrx_word' id='word_1_781' title='bbox 2645 4439 3039 4508; x_wconf 88' lang='lat' dir='ltr'><strong>apostolorum</strong></span> <span class='ocrx_word' id='word_1_782' title='bbox 3071 4440 3353 4508; x_wconf 87' lang='lat' dir='ltr'><strong>principis</strong></span> <span class='ocrx_word' id='word_1_783' title='bbox 3409 4443 3748 4497; x_wconf 91' lang='lat' dir='ltr'><strong>testimonio</strong></span> 
     </span>
    </p>
   </div>
   <div class='ocr_carea' id='block_1_119' title="bbox 2073 4507 3748 4580">
    <p class='ocr_par' dir='ltr' id='par_1_119' title="bbox 2073 4507 3748 4580">
     <span class='ocr_line' id='line_1_120' title="bbox 2073 4507 3748 4580; baseline 0.004 -18"><span class='ocrx_word' id='word_1_784' title='bbox 2073 4507 2175 4563; x_wconf 91' lang='lat' dir='ltr'><strong>illa</strong></span> <span class='ocrx_word' id='word_1_785' title='bbox 2195 4510 2428 4578; x_wconf 88' lang='lat' dir='ltr'><strong>scripta.</strong></span> <span class='ocrx_word' id='word_1_786' title='bbox 2455 4507 2593 4564; x_wconf 84' lang='lat' dir='ltr'><strong>licet</strong></span> <span class='ocrx_word' id='word_1_787' title='bbox 2610 4507 2898 4564; x_wconf 87' lang='lat' dir='ltr'><strong>divinitus</strong></span> <span class='ocrx_word' id='word_1_788' title='bbox 2916 4511 3152 4580; x_wconf 89' lang='lat' dir='ltr'><strong>dictata,</strong></span> <span class='ocrx_word' id='word_1_789' title='bbox 3173 4507 3285 4565; x_wconf 88' lang='lat' dir='ltr'><strong>non</strong></span> <span class='ocrx_word' id='word_1_790' title='bbox 3303 4513 3596 4568; x_wconf 87' lang='lat' dir='ltr'><strong>caruisse:</strong></span> <span class='ocrx_word' id='word_1_791' title='bbox 3623 4515 3748 4568; x_wconf 89' lang='lat' dir='ltr'><strong>sive</strong></span> 
     </span>
    </p>
   </div>
   <div class='ocr_carea' id='block_1_120' title="bbox 304 4580 3742 4650">
    <p class='ocr_par' dir='ltr' id='par_1_120' title="bbox 304 4580 3742 4650">
     <span class='ocr_line' id='line_1_121' title="bbox 304 4580 3742 4650; baseline 0.001 -14"><span class='ocrx_word' id='word_1_792' title='bbox 304 4595 424 4636; x_wconf 90' lang='lat' dir='ltr'><strong>sam</strong></span> <span class='ocrx_word' id='word_1_793' title='bbox 455 4580 830 4636; x_wconf 85' lang='lat' dir='ltr'><strong>miserantur.</strong></span> <span class='ocrx_word' id='word_1_794' title='bbox 862 4581 1228 4649; x_wconf 89' lang='lat' dir='ltr'><strong>Utconstare,</strong></span> <span class='ocrx_word' id='word_1_795' title='bbox 1251 4581 1388 4649; x_wconf 88' lang='lat' dir='ltr'><strong>sibi,</strong></span> <span class='ocrx_word' id='word_1_796' title='bbox 1415 4580 1955 4636; x_wconf 46' lang='lat' dir='ltr'><strong>et’consentiretnm</strong></span> <span class='ocrx_word' id='word_1_797' title='bbox 1993 4582 2044 4642; x_wconf 91' lang='lat' dir='ltr'><strong>D</strong></span> <span class='ocrx_word' id='word_1_798' title='bbox 2071 4581 2372 4634; x_wconf 74' lang='lat' dir='ltr'><strong>Matthaeus</strong></span> <span class='ocrx_word' id='word_1_799' title='bbox 2418 4580 2477 4634; x_wconf 91' lang='lat' dir='ltr'><strong>in</strong></span> <span class='ocrx_word' id='word_1_800' title='bbox 2510 4594 2570 4634; x_wconf 89' lang='lat' dir='ltr'><strong>re</strong></span> <span class='ocrx_word' id='word_1_801' title='bbox 2597 4584 2740 4634; x_wconf 89' lang='lat' dir='ltr'><strong>tanti</strong></span> <span class='ocrx_word' id='word_1_802' title='bbox 2776 4581 3070 4649; x_wconf 91' lang='lat' dir='ltr'><strong>momenti,</strong></span> <span class='ocrx_word' id='word_1_803' title='bbox 3117 4583 3320 4650; x_wconf 88' lang='lat' dir='ltr'><strong>quanti</strong></span> <span class='ocrx_word' id='word_1_804' title='bbox 3369 4590 3491 4637; x_wconf 89' lang='lat' dir='ltr'><strong>erat</strong></span> <span class='ocrx_word' id='word_1_805' title='bbox 3521 4584 3742 4639; x_wconf 86' lang='lat' dir='ltr'><strong>Christi</strong></span> 
     </span>
    </p>
   </div>
   <div class='ocr_carea' id='block_1_121' title="bbox 301 4651 1957 4720">
    <p class='ocr_par' dir='ltr' id='par_1_121' title="bbox 301 4651 1957 4720">
     <span class='ocr_line' id='line_1_122' title="bbox 301 4651 1957 4720; baseline -0.002 -13"><span class='ocrx_word' id='word_1_806' title='bbox 301 4653 488 4708; x_wconf 89' lang='lat' dir='ltr'><strong>sacris</strong></span> <span class='ocrx_word' id='word_1_807' title='bbox 501 4653 734 4718; x_wconf 91' lang='lat' dir='ltr'><strong>litteris,</strong></span> <span class='ocrx_word' id='word_1_808' title='bbox 751 4659 869 4707; x_wconf 86' lang='lat' dir='ltr'><strong>tum</strong></span> <span class='ocrx_word' id='word_1_809' title='bbox 882 4652 1245 4707; x_wconf 89' lang='lat' dir='ltr'><strong>documentis</strong></span> <span class='ocrx_word' id='word_1_810' title='bbox 1260 4651 1776 4720; x_wconf 66' lang='lat' dir='ltr'><strong>probataehistoriae</strong></span> <span class='ocrx_word' id='word_1_811' title='bbox 1788 4651 1957 4705; x_wconf 89' lang='lat' dir='ltr'><strong>etiam</strong></span> 
     </span>
    </p>
   </div>
   <div class='ocr_carea' id='block_1_122' title="bbox 305 4723 1959 4796">
    <p class='ocr_par' dir='ltr' id='par_1_122' title="bbox 305 4723 1959 4796">
     <span class='ocr_line' id='line_1_123' title="bbox 305 4723 1959 4796; baseline -0.001 -18"><span class='ocrx_word' id='word_1_812' title='bbox 305 4723 557 4796; x_wconf 73' lang='lat' dir='ltr'><strong>profanae</strong></span> <span class='ocrx_word' id='word_1_813' title='bbox 586 4728 1313 4796; x_wconf 77' lang='lat' dir='ltr'><strong>cognoscanturtempora,</strong></span> <span class='ocrx_word' id='word_1_814' title='bbox 1342 4736 1410 4796; x_wconf 86' lang='lat' dir='ltr'><strong>ac</strong></span> <span class='ocrx_word' id='word_1_815' title='bbox 1431 4729 1608 4796; x_wconf 86' lang='lat' dir='ltr'><strong>gesta,</strong></span> <span class='ocrx_word' id='word_1_816' title='bbox 1638 4736 1765 4796; x_wconf 64' lang='lat' dir='ltr'><strong>qum</strong></span> <span class='ocrx_word' id='word_1_817' title='bbox 1798 4723 1959 4796; x_wconf 82' lang='lat' dir='ltr'><strong>Petro</strong></span> 
     </span>
    </p>
   </div>
   <div class='ocr_carea' id='block_1_123' title="bbox 303 4792 1960 4864">
    <p class='ocr_par' dir='ltr' id='par_1_123' title="bbox 303 4792 1960 4864">
     <span class='ocr_line' id='line_1_124' title="bbox 303 4792 1960 4864; baseline -0.002 -14"><span class='ocrx_word' id='word_1_818' title='bbox 303 4792 642 4864; x_wconf 80' lang='lat' dir='ltr'><strong>tribuimus,</strong></span> <span class='ocrx_word' id='word_1_819' title='bbox 661 4792 1166 4864; x_wconf 83' lang='lat' dir='ltr'><strong>placetAnnalium</strong></span> <span class='ocrx_word' id='word_1_820' title='bbox 1181 4807 1336 4848; x_wconf 88' lang='lat' dir='ltr'><strong>more</strong></span> <span class='ocrx_word' id='word_1_821' title='bbox 1348 4792 1670 4849; x_wconf 81' lang='lat' dir='ltr'><strong>Chronicon</strong></span> <span class='ocrx_word' id='word_1_822' title='bbox 1687 4792 1851 4848; x_wconf 90' lang='lat' dir='ltr'><strong>breve</strong></span> <span class='ocrx_word' id='word_1_823' title='bbox 1867 4793 1960 4847; x_wconf 92' lang='lat' dir='ltr'><strong>hic</strong></span> 
     </span>
    </p>
   </div>
   <div class='ocr_carea' id='block_1_124' title="bbox 302 4863 1961 4934">
    <p class='ocr_par' dir='ltr' id='par_1_124' title="bbox 302 4863 1961 4934">
     <span class='ocr_line' id='line_1_125' title="bbox 302 4863 1961 4934; baseline -0.001 -14"><span class='ocrx_word' id='word_1_824' title='bbox 302 4869 556 4922; x_wconf 83' lang='lat' dir='ltr'><strong>attex&#39;ere</strong></span> <span class='ocrx_word' id='word_1_825' title='bbox 575 4863 645 4922; x_wconf 87' lang='lat' dir='ltr'><strong>ab</strong></span> <span class='ocrx_word' id='word_1_826' title='bbox 663 4863 912 4921; x_wconf 82' lang='lat' dir='ltr'><strong>exordio</strong></span> <span class='ocrx_word' id='word_1_827' title='bbox 943 4863 1316 4934; x_wconf 88' lang='lat' dir='ltr'><strong>pontiﬁcatus</strong></span> <span class='ocrx_word' id='word_1_828' title='bbox 1344 4865 1492 4920; x_wconf 90' lang='lat' dir='ltr'><strong>Petri</strong></span> <span class='ocrx_word' id='word_1_829' title='bbox 1521 4865 1590 4919; x_wconf 89' lang='lat' dir='ltr'><strong>ad</strong></span> <span class='ocrx_word' id='word_1_830' title='bbox 1624 4869 1742 4918; x_wconf 92' lang='lat' dir='ltr'><strong>tres</strong></span> <span class='ocrx_word' id='word_1_831' title='bbox 1765 4864 1961 4932; x_wconf 62' lang='lat' dir='ltr'><strong>praeci-</strong></span> 
     </span>
    </p>
   </div>
   <div class='ocr_carea' id='block_1_125' title="bbox 305 4935 1960 5006">
    <p class='ocr_par' dir='ltr' id='par_1_125' title="bbox 305 4935 1960 5006">
     <span class='ocr_line' id='line_1_126' title="bbox 305 4935 1960 5006; baseline -0.003 -13"><span class='ocrx_word' id='word_1_832' title='bbox 305 4951 449 5006; x_wconf 92' lang='lat' dir='ltr'><strong>puas</strong></span> <span class='ocrx_word' id='word_1_833' title='bbox 473 4937 637 4993; x_wconf 91' lang='lat' dir='ltr'><strong>sedes</strong></span> <span class='ocrx_word' id='word_1_834' title='bbox 683 4936 754 4992; x_wconf 88' lang='lat' dir='ltr'><strong>ab</strong></span> <span class='ocrx_word' id='word_1_835' title='bbox 785 4936 910 5005; x_wconf 90' lang='lat' dir='ltr'><strong>ipso</strong></span> <span class='ocrx_word' id='word_1_836' title='bbox 941 4935 1233 5003; x_wconf 89' lang='lat' dir='ltr'><strong>fundatas,</strong></span> <span class='ocrx_word' id='word_1_837' title='bbox 1278 4935 1604 4991; x_wconf 68' lang='lat' dir='ltr'><strong>Antiochiae</strong></span> <span class='ocrx_word' id='word_1_838' title='bbox 1631 4935 1861 5005; x_wconf 91' lang='lat' dir='ltr'><strong>quidem</strong></span> <span class='ocrx_word' id='word_1_839' title='bbox 1893 4949 1960 4990; x_wconf 88' lang='lat' dir='ltr'><strong>ac</strong></span> 
     </span>
    </p>
   </div>
   <div class='ocr_carea' id='block_1_126' title="bbox 302 5007 1960 5077">
    <p class='ocr_par' dir='ltr' id='par_1_126' title="bbox 302 5007 1960 5077">
     <span class='ocr_line' id='line_1_127' title="bbox 302 5007 1960 5077; baseline -0.001 -15"><span class='ocrx_word' id='word_1_840' title='bbox 302 5009 493 5064; x_wconf 69' lang='lat' dir='ltr'><strong>Romae</strong></span> <span class='ocrx_word' id='word_1_841' title='bbox 511 5013 738 5064; x_wconf 90' lang='lat' dir='ltr'><strong>suamet</strong></span> <span class='ocrx_word' id='word_1_842' title='bbox 780 5008 1103 5077; x_wconf 66' lang='lat' dir='ltr'><strong>praesentia,</strong></span> <span class='ocrx_word' id='word_1_843' title='bbox 1134 5007 1496 5063; x_wconf 67' lang='lat' dir='ltr'><strong>Alexandria:</strong></span> <span class='ocrx_word' id='word_1_844' title='bbox 1515 5020 1647 5062; x_wconf 91' lang='lat' dir='ltr'><strong>vero</strong></span> <span class='ocrx_word' id='word_1_845' title='bbox 1679 5020 1776 5076; x_wconf 89' lang='lat' dir='ltr'><strong>per</strong></span> <span class='ocrx_word' id='word_1_846' title='bbox 1803 5007 1960 5060; x_wconf 85' lang='lat' dir='ltr'><strong>Mar-</strong></span> 
     </span>
    </p>
   </div>
   <div class='ocr_carea' id='block_1_127' title="bbox 301 5078 1956 5150">
    <p class='ocr_par' dir='ltr' id='par_1_127' title="bbox 301 5078 1956 5150">
     <span class='ocr_line' id='line_1_128' title="bbox 301 5078 1956 5150; baseline -0.002 -16"><span class='ocrx_word' id='word_1_847' title='bbox 301 5092 432 5134; x_wconf 89' lang='lat' dir='ltr'><strong>cum</strong></span> <span class='ocrx_word' id='word_1_848' title='bbox 454 5078 884 5150; x_wconf 86' lang='lat' dir='ltr'><strong>evangelistam.</strong></span> <span class='ocrx_word' id='word_1_849' title='bbox 925 5078 1030 5134; x_wconf 86' lang='lat' dir='ltr'><strong>Sed</strong></span> <span class='ocrx_word' id='word_1_850' title='bbox 1064 5091 1134 5133; x_wconf 90' lang='lat' dir='ltr'><strong>ne</strong></span> <span class='ocrx_word' id='word_1_851' title='bbox 1164 5079 1574 5150; x_wconf 89' lang='lat' dir='ltr'><strong>interrumpam</strong></span> <span class='ocrx_word' id='word_1_852' title='bbox 1626 5083 1956 5150; x_wconf 84' lang='lat' dir='ltr'><strong>contextum</strong></span> 
     </span>
    </p>
   </div>
   <div class='ocr_carea' id='block_1_128' title="bbox 305 5149 1960 5274">
    <p class='ocr_par' dir='ltr' id='par_1_128' title="bbox 305 5149 1960 5274">
     <span class='ocr_line' id='line_1_129' title="bbox 305 5149 1960 5274; baseline -0.001 -70"><span class='ocrx_word' id='word_1_853' title='bbox 305 5156 568 5274; x_wconf 51' lang='lat' dir='ltr'><strong>npttariﬁn</strong></span> <span class='ocrx_word' id='word_1_854' title='bbox 595 5149 854 5232; x_wconf 70' lang='lat' dir='ltr'><strong>adhunc</strong></span> <span class='ocrx_word' id='word_1_855' title='bbox 883 5161 1206 5218; x_wconf 89' lang='lat' dir='ltr'><strong>numerum,</strong></span> <span class='ocrx_word' id='word_1_856' title='bbox 1239 5150 1298 5204; x_wconf 92' lang='lat' dir='ltr'><strong>in</strong></span> <span class='ocrx_word' id='word_1_857' title='bbox 1329 5149 1440 5205; x_wconf 89' lang='lat' dir='ltr'><strong>ﬁne</strong></span> <span class='ocrx_word' id='word_1_858' title='bbox 1459 5149 1786 5205; x_wconf 84' lang='lat' dir='ltr'><strong>earumdem</strong></span> <span class='ocrx_word' id='word_1_859' title='bbox 1811 5155 1960 5218; x_wconf 88' lang='lat' dir='ltr'><strong>pote-</strong></span> 
     </span>
     <span class='ocr_line' id='line_1_130' title="bbox 305 5232 1960 5274; baseline -0.005 0"><span class='ocrx_word' id='word_1_860' title='bbox 305 5234 354 5274; x_wconf 73' lang='grc' dir='ltr'><strong>ιιι</strong></span> <span class='ocrx_word' id='word_1_861' title='bbox 423 5232 489 5274; x_wconf 88' lang='lat' dir='ltr'><strong>co</strong></span> <span class='ocrx_word' id='word_1_862' title='bbox 539 5233 714 5274; x_wconf 84' lang='lat' dir='ltr'><strong>ocari.</strong></span> <span class='ocrx_word' id='word_1_863' title='bbox 1957 5260 1960 5265; x_wconf 32' lang='lat'><strong>,</strong></span> 
     </span>
    </p>
   </div>
   <div class='ocr_carea' id='block_1_129' title="bbox 303 5219 714 5276">
    <p class='ocr_par' dir='ltr' id='par_1_129' title="bbox 303 5219 714 5276">
     <span class='ocr_line' id='line_1_131' title="bbox 303 5219 714 5276; baseline -0.002 -2"><span class='ocrx_word' id='word_1_864' title='bbox 303 5219 386 5274; x_wconf 91' lang='lat' dir='ltr'><strong>rit</strong></span> <span class='ocrx_word' id='word_1_865' title='bbox 423 5219 714 5276; x_wconf 86' lang='lat' dir='ltr'><strong>collocari.</strong></span> 
     </span>
    </p>
   </div>
   <div class='ocr_carea' id='block_1_130' title="bbox 375 5289 1956 5360">
    <p class='ocr_par' dir='ltr' id='par_1_130' title="bbox 375 5289 1956 5360">
     <span class='ocr_line' id='line_1_132' title="bbox 375 5289 1956 5360; baseline 0 -16"><span class='ocrx_word' id='word_1_866' title='bbox 375 5291 552 5346; x_wconf 85' lang='lat' dir='ltr'><strong>Linea</strong></span> <span class='ocrx_word' id='word_1_867' title='bbox 599 5289 652 5346; x_wconf 88' lang='grc'><strong>6.</strong></span> <span class='ocrx_word' id='word_1_868' title='bbox 683 5320 758 5331; x_wconf 91' lang='lat'><strong>—</strong></span> <span class='ocrx_word' id='word_1_869' title='bbox 799 5292 870 5345; x_wconf 84' lang='lat' dir='ltr'><strong>Et</strong></span> <span class='ocrx_word' id='word_1_870' title='bbox 910 5292 1270 5360; x_wconf 80' lang='lat' dir='ltr'><strong>Evangelium</strong></span> <span class='ocrx_word' id='word_1_871' title='bbox 1299 5291 1496 5355; x_wconf 80' lang='lat' dir='ltr'><strong>Marci,</strong></span> <span class='ocrx_word' id='word_1_872' title='bbox 1552 5292 1686 5359; x_wconf 82' lang='lat' dir='ltr'><strong>quia</strong></span> <span class='ocrx_word' id='word_1_873' title='bbox 1735 5291 1956 5345; x_wconf 77' lang='lat' dir='ltr'><strong>Marcus</strong></span> 
     </span>
    </p>
   </div>
   <div class='ocr_carea' id='block_1_131' title="bbox 301 5361 1953 5431">
    <p class='ocr_par' dir='ltr' id='par_1_131' title="bbox 301 5361 1953 5431">
     <span class='ocr_line' id='line_1_133' title="bbox 301 5361 1953 5431; baseline 0.001 -17"><span class='ocrx_word' id='word_1_874' title='bbox 301 5361 526 5431; x_wconf 78' lang='lat' dir='ltr'><strong>auditor</strong></span> <span class='ocrx_word' id='word_1_875' title='bbox 547 5361 665 5429; x_wconf 85' lang='lat' dir='ltr'><strong>ejus</strong></span> <span class='ocrx_word' id='word_1_876' title='bbox 687 5363 822 5428; x_wconf 82' lang='lat' dir='ltr'><strong>fuit,</strong></span> <span class='ocrx_word' id='word_1_877' title='bbox 849 5367 900 5416; x_wconf 86' lang='lat' dir='ltr'><strong>et</strong></span> <span class='ocrx_word' id='word_1_878' title='bbox 938 5363 1086 5431; x_wconf 80' lang='lat' dir='ltr'><strong>ﬁlius</strong></span> <span class='ocrx_word' id='word_1_879' title='bbox 1127 5362 1193 5416; x_wconf 84' lang='lat' dir='ltr'><strong>de</strong></span> <span class='ocrx_word' id='word_1_880' title='bbox 1216 5362 1500 5431; x_wconf 76' lang='lat' dir='ltr'><strong>baptismo.</strong></span> <span class='ocrx_word' id='word_1_881' title='bbox 1535 5361 1953 5429; x_wconf 84' lang='lat' dir='ltr'><strong>&#39;l‘ertullianus,</strong></span> 
     </span>
    </p>
   </div>
   <div class='ocr_carea' id='block_1_132' title="bbox 303 5430 1958 5502">
    <p class='ocr_par' dir='ltr' id='par_1_132' title="bbox 303 5430 1958 5502">
     <span class='ocr_line' id='line_1_134' title="bbox 303 5430 1958 5502; baseline 0.001 -18"><span class='ocrx_word' id='word_1_882' title='bbox 303 5430 406 5502; x_wconf 88' lang='lat' dir='ltr'><strong>lib.</strong></span> <span class='ocrx_word' id='word_1_883' title='bbox 439 5445 518 5498; x_wconf 83' lang='lat' dir='ltr'><strong>iV,</strong></span> <span class='ocrx_word' id='word_1_884' title='bbox 549 5439 734 5488; x_wconf 88' lang='lat' dir='ltr'><strong>contr.</strong></span> <span class='ocrx_word' id='word_1_885' title='bbox 766 5430 1108 5488; x_wconf 81' lang='lat' dir='ltr'><strong>Marcionem</strong></span> <span class='ocrx_word' id='word_1_886' title='bbox 1126 5446 1251 5502; x_wconf 84' lang='lat' dir='ltr'><strong>cap.</strong></span> <span class='ocrx_word' id='word_1_887' title='bbox 1278 5430 1334 5496; x_wconf 84' lang='grc'><strong>5,</strong></span> <span class='ocrx_word' id='word_1_888' title='bbox 1352 5445 1583 5502; x_wconf 91' lang='lat' dir='ltr'><strong>causam</strong></span> <span class='ocrx_word' id='word_1_889' title='bbox 1613 5431 1831 5498; x_wconf 88' lang='lat' dir='ltr'><strong>retulit,</strong></span> <span class='ocrx_word' id='word_1_890' title='bbox 1853 5446 1958 5487; x_wconf 89' lang='lat' dir='ltr'><strong>cur</strong></span> 
     </span>
    </p>
   </div>
   <div class='ocr_carea' id='block_1_133' title="bbox 302 5501 1948 5575">
    <p class='ocr_par' dir='ltr' id='par_1_133' title="bbox 302 5501 1948 5575">
     <span class='ocr_line' id='line_1_135' title="bbox 302 5501 1948 5575; baseline 0.001 -22"><span class='ocrx_word' id='word_1_891' title='bbox 302 5501 707 5575; x_wconf 14' lang='lat' dir='ltr'><strong>ab‘aliqnibus</strong></span> <span class='ocrx_word' id='word_1_892' title='bbox 738 5503 1109 5575; x_wconf 85' lang='lat' dir='ltr'><strong>Evangelium</strong></span> <span class='ocrx_word' id='word_1_893' title='bbox 1151 5503 1327 5558; x_wconf 88' lang='lat' dir='ltr'><strong>Marci</strong></span> <span class='ocrx_word' id='word_1_894' title='bbox 1363 5501 1948 5575; x_wconf 85' lang='lat' dir='ltr'><strong>tri_bueretur_Petro:</strong></span> 
     </span>
    </p>
   </div>
   <div class='ocr_carea' id='block_1_134' title="bbox 305 5569 1958 5642">
    <p class='ocr_par' dir='ltr' id='par_1_134' title="bbox 305 5569 1958 5642">
     <span class='ocr_line' id='line_1_136' title="bbox 305 5569 1958 5642; baseline 0.004 -20"><span class='ocrx_word' id='word_1_895' title='bbox 305 5569 600 5642; x_wconf 80' lang='lat' dir='ltr'><strong>indicante</strong></span> <span class='ocrx_word' id='word_1_896' title='bbox 626 5574 796 5628; x_wconf 87' lang='lat' dir='ltr'><strong>etiam</strong></span> <span class='ocrx_word' id='word_1_897' title='bbox 826 5569 1263 5642; x_wconf 67' lang='lat' dir='ltr'><strong>B.&#39;Hieronymo</strong></span> <span class='ocrx_word' id='word_1_898' title='bbox 1296 5575 1355 5627; x_wconf 89' lang='lat' dir='ltr'><strong>in</strong></span> <span class='ocrx_word' id='word_1_899' title='bbox 1383 5573 1496 5628; x_wconf 90' lang='lat' dir='ltr'><strong>lib.</strong></span> <span class='ocrx_word' id='word_1_900' title='bbox 1532 5574 1604 5629; x_wconf 92' lang='lat' dir='ltr'><strong>de</strong></span> <span class='ocrx_word' id='word_1_901' title='bbox 1630 5573 1837 5642; x_wconf 91' lang='lat' dir='ltr'><strong>Script.</strong></span> <span class='ocrx_word' id='word_1_902' title='bbox 1872 5585 1958 5628; x_wconf 90' lang='lat' dir='ltr'><strong>ec-</strong></span> 
     </span>
    </p>
   </div>
   <div class='ocr_carea' id='block_1_135' title="bbox 303 5637 1957 5716">
    <p class='ocr_par' dir='ltr' id='par_1_135' title="bbox 303 5637 1957 5716">
     <span class='ocr_line' id='line_1_137' title="bbox 303 5637 1957 5716; baseline 0.015 -26"><span class='ocrx_word' id='word_1_903' title='bbox 303 5637 1078 5716; x_wconf 23' lang='lat' dir='ltr'><strong>ciesiasticis._Hnjusiverba</strong></span> <span class='ocrx_word' id='word_1_904' title='bbox 1121 5637 1290 5716; x_wconf 73' lang='lat' dir='ltr'><strong>sunt:</strong></span> <span class='ocrx_word' id='word_1_905' title='bbox 1323 5665 1348 5695; x_wconf 82' lang='lat'><strong>«</strong></span> <span class='ocrx_word' id='word_1_906' title='bbox 1375 5637 1957 5716; x_wconf 60' lang='lat' dir='ltr'><strong>MarcusdiSCiPUlus</strong></span> 
     </span>
    </p>
   </div>
   <div class='ocr_carea' id='block_1_136' title="bbox 303 5711 1959 5785">
    <p class='ocr_par' dir='ltr' id='par_1_136' title="bbox 303 5711 1959 5785">
     <span class='ocr_line' id='line_1_138' title="bbox 303 5711 1959 5785; baseline -0.005 -9"><span class='ocrx_word' id='word_1_907' title='bbox 303 5711 361 5785; x_wconf 64' lang='lat'><strong>0},</strong></span> <span class='ocrx_word' id='word_1_908' title='bbox 387 5711 670 5785; x_wconf 63' lang='lat' dir='ltr'><strong>imel&#39;pres</strong></span> <span class='ocrx_word' id='word_1_909' title='bbox 687 5711 902 5785; x_wconf 39' lang='lat' dir='ltr'><strong>Petritj</strong></span> <span class='ocrx_word' id='word_1_910' title='bbox 914 5718 1050 5770; x_wconf 87' lang='lat' dir='ltr'><strong>uxta</strong></span> <span class='ocrx_word' id='word_1_911' title='bbox 1067 5715 1218 5785; x_wconf 87' lang='lat' dir='ltr'><strong>quod</strong></span> <span class='ocrx_word' id='word_1_912' title='bbox 1241 5715 1468 5785; x_wconf 85' lang='lat' dir='ltr'><strong>Petrum</strong></span> <span class='ocrx_word' id='word_1_913' title='bbox 1494 5711 1826 5785; x_wconf 87' lang='lat' dir='ltr'><strong>referentem</strong></span> <span class='ocrx_word' id='word_1_914' title='bbox 1843 5727 1959 5785; x_wconf 18' lang='lat' dir='ltr'><strong>aui-</strong></span> 
     </span>
    </p>
   </div>
   <div class='ocr_carea' id='block_1_137' title="bbox 303 5775 1960 5852">
    <p class='ocr_par' dir='ltr' id='par_1_137' title="bbox 303 5775 1960 5852">
     <span class='ocr_line' id='line_1_139' title="bbox 303 5775 1960 5852; baseline 0.007 -26"><span class='ocrx_word' id='word_1_915' title='bbox 303 5775 814 5852; x_wconf 49' lang='lat' dir='ltr'><strong>diveratLrOgatus</strong></span> <span class='ocrx_word' id='word_1_916' title='bbox 851 5775 1047 5852; x_wconf 65' lang='lat' dir='ltr'><strong>Koma:</strong></span> <span class='ocrx_word' id='word_1_917' title='bbox 1084 5775 1131 5837; x_wconf 64' lang='lat' dir='ltr'><strong>&#39;a</strong></span> <span class='ocrx_word' id='word_1_918' title='bbox 1181 5782 1461 5838; x_wconf 89' lang='lat' dir='ltr'><strong>fratribus</strong></span> <span class='ocrx_word' id='word_1_919' title='bbox 1511 5783 1678 5840; x_wconf 89' lang='lat' dir='ltr'><strong>breve</strong></span> <span class='ocrx_word' id='word_1_920' title='bbox 1718 5784 1960 5852; x_wconf 84' lang='lat' dir='ltr'><strong>scripsit</strong></span> 
     </span>
    </p>
   </div>
   <div class='ocr_carea' id='block_1_138' title="bbox 304 5812 1956 5924">
    <p class='ocr_par' dir='ltr' id='par_1_138' title="bbox 304 5812 1956 5924">
     <span class='ocr_line' id='line_1_140' title="bbox 304 5812 1956 5894; baseline 0.004 -63"><span class='ocrx_word' id='word_1_921' title='bbox 304 5812 814 5894; x_wconf 58' lang='lat' dir='ltr'><strong>UIVV&#39;“‘1.IU6¢BU°</strong></span> <span class='ocrx_word' id='word_1_922' title='bbox 857 5812 1047 5837; x_wconf 66' lang='grc' dir='ltr'>ιιυωω</span> <span class='ocrx_word' id='word_1_923' title='bbox 1097 5812 1131 5837; x_wconf 69' lang='grc' dir='ltr'><strong>α</strong></span> <span class='ocrx_word' id='word_1_924' title='bbox 1181 5812 1461 5838; x_wconf 44' lang='grc' dir='ltr'><strong>ιινιιιι-ιυιιδ</strong></span> <span class='ocrx_word' id='word_1_925' title='bbox 1511 5812 1678 5840; x_wconf 67' lang='grc' dir='ltr'>υιῠνσ</span> <span class='ocrx_word' id='word_1_926' title='bbox 1718 5812 1956 5852; x_wconf 50' lang='grc' dir='ltr'><strong>θωνιμδιι</strong></span> 
     </span>
     <span class='ocr_line' id='line_1_141' title="bbox 304 5842 1956 5924; baseline 0.005 -23"><span class='ocrx_word' id='word_1_927' title='bbox 304 5842 534 5906; x_wconf 67' lang='lat' dir='ltr'><strong>Evange</strong></span> <span class='ocrx_word' id='word_1_928' title='bbox 561 5856 700 5898; x_wconf 76' lang='lat' dir='ltr'><strong>mm.</strong></span> <span class='ocrx_word' id='word_1_929' title='bbox 729 5847 888 5913; x_wconf 88' lang='lat' dir='ltr'><strong>Quod</strong></span> <span class='ocrx_word' id='word_1_930' title='bbox 905 5863 1038 5906; x_wconf 85' lang='lat' dir='ltr'><strong>cum</strong></span> <span class='ocrx_word' id='word_1_931' title='bbox 1059 5852 1262 5906; x_wconf 86' lang='lat' dir='ltr'><strong>Petrus</strong></span> <span class='ocrx_word' id='word_1_932' title='bbox 1280 5853 1563 5924; x_wconf 87' lang='lat' dir='ltr'><strong>audisset,</strong></span> <span class='ocrx_word' id='word_1_933' title='bbox 1588 5860 1644 5909; x_wconf 92' lang='lat' dir='ltr'><strong>et</strong></span> <span class='ocrx_word' id='word_1_934' title='bbox 1671 5853 1956 5924; x_wconf 84' lang='lat' dir='ltr'><strong>probavit,</strong></span> 
     </span>
    </p>
   </div>
   <div class='ocr_carea' id='block_1_139' title="bbox 2071 4651 3742 4723">
    <p class='ocr_par' dir='ltr' id='par_1_139' title="bbox 2071 4651 3742 4723">
     <span class='ocr_line' id='line_1_142' title="bbox 2071 4651 3742 4723; baseline 0.004 -19"><span class='ocrx_word' id='word_1_935' title='bbox 2071 4655 2228 4721; x_wconf 86' lang='lat' dir='ltr'><strong>gesta</strong></span> <span class='ocrx_word' id='word_1_936' title='bbox 2252 4657 2310 4706; x_wconf 90' lang='lat' dir='ltr'><strong>et</strong></span> <span class='ocrx_word' id='word_1_937' title='bbox 2335 4651 2658 4723; x_wconf 79' lang='lat' dir='ltr'><strong>doctrinam</strong></span> <span class='ocrx_word' id='word_1_938' title='bbox 2705 4652 2924 4721; x_wconf 89' lang='lat' dir='ltr'><strong>scripto</strong></span> <span class='ocrx_word' id='word_1_939' title='bbox 2959 4653 3319 4723; x_wconf 87' lang='lat' dir='ltr'><strong>consignare,</strong></span> <span class='ocrx_word' id='word_1_940' title='bbox 3363 4655 3616 4709; x_wconf 91' lang='lat' dir='ltr'><strong>noluerit</strong></span> <span class='ocrx_word' id='word_1_941' title='bbox 3655 4658 3742 4710; x_wconf 87' lang='lat' dir='ltr'><strong>uti</strong></span> 
     </span>
    </p>
   </div>
   <div class='ocr_carea' id='block_1_140' title="bbox 2071 4721 3746 4794">
    <p class='ocr_par' dir='ltr' id='par_1_140' title="bbox 2071 4721 3746 4794">
     <span class='ocr_line' id='line_1_143' title="bbox 2071 4721 3746 4794; baseline 0.003 -18"><span class='ocrx_word' id='word_1_942' title='bbox 2071 4721 3282 4794; x_wconf 64' lang='lat' dir='ltr'><strong>potestateapostolica,citraconscien&#39;tiam</strong></span> <span class='ocrx_word' id='word_1_943' title='bbox 3301 4724 3585 4794; x_wconf 88' lang='lat' dir='ltr'><strong>principis</strong></span> <span class='ocrx_word' id='word_1_944' title='bbox 3613 4741 3746 4794; x_wconf 87' lang='lat' dir='ltr'><strong>apo-</strong></span> 
     </span>
    </p>
   </div>
   <div class='ocr_carea' id='block_1_141' title="bbox 2070 4793 3744 4861">
    <p class='ocr_par' dir='ltr' id='par_1_141' title="bbox 2070 4793 3744 4861">
     <span class='ocr_line' id='line_1_144' title="bbox 2070 4793 3744 4861; baseline 0.002 -14"><span class='ocrx_word' id='word_1_945' title='bbox 2070 4793 2386 4861; x_wconf 80' lang='lat' dir='ltr'><strong>stolorum;</strong></span> <span class='ocrx_word' id='word_1_946' title='bbox 2429 4795 2550 4848; x_wconf 91' lang='lat' dir='ltr'><strong>sive</strong></span> <span class='ocrx_word' id='word_1_947' title='bbox 2578 4793 2972 4848; x_wconf 87' lang='lat' dir='ltr'><strong>testimonium</strong></span> <span class='ocrx_word' id='word_1_948' title='bbox 3014 4794 3165 4848; x_wconf 80' lang='lat' dir='ltr'><strong>Petri</strong></span> <span class='ocrx_word' id='word_1_949' title='bbox 3195 4793 3523 4850; x_wconf 84' lang='lat' dir='ltr'><strong>adhibitum</strong></span> <span class='ocrx_word' id='word_1_950' title='bbox 3563 4793 3744 4852; x_wconf 88' lang='lat' dir='ltr'><strong>fuerit</strong></span> 
     </span>
    </p>
   </div>
   <div class='ocr_carea' id='block_1_142' title="bbox 2069 4863 3743 4934">
    <p class='ocr_par' dir='ltr' id='par_1_142' title="bbox 2069 4863 3743 4934">
     <span class='ocr_line' id='line_1_145' title="bbox 2069 4863 3743 4934; baseline 0.003 -17"><span class='ocrx_word' id='word_1_951' title='bbox 2069 4864 2138 4918; x_wconf 92' lang='lat' dir='ltr'><strong>ad</strong></span> <span class='ocrx_word' id='word_1_952' title='bbox 2163 4865 2478 4920; x_wconf 88' lang='lat' dir='ltr'><strong>versionem</strong></span> <span class='ocrx_word' id='word_1_953' title='bbox 2509 4863 2801 4934; x_wconf 88' lang='lat' dir='ltr'><strong>Evangelii</strong></span> <span class='ocrx_word' id='word_1_954' title='bbox 2832 4877 2900 4919; x_wconf 85' lang='lat' dir='ltr'><strong>ex</strong></span> <span class='ocrx_word' id='word_1_955' title='bbox 2933 4864 3158 4934; x_wconf 64' lang='lat' dir='ltr'><strong>triplici</strong></span> <span class='ocrx_word' id='word_1_956' title='bbox 3181 4865 3382 4934; x_wconf 88' lang='lat' dir='ltr'><strong>lingua</strong></span> <span class='ocrx_word' id='word_1_957' title='bbox 3436 4866 3743 4922; x_wconf 80' lang='lat' dir='ltr'><strong>conferen—</strong></span> 
     </span>
    </p>
   </div>
   <div class='ocr_carea' id='block_1_143' title="bbox 2068 4934 3740 5007">
    <p class='ocr_par' dir='ltr' id='par_1_143' title="bbox 2068 4934 3740 5007">
     <span class='ocr_line' id='line_1_146' title="bbox 2068 4934 3740 5007; baseline 0.001 -17"><span class='ocrx_word' id='word_1_958' title='bbox 2068 4934 2358 5007; x_wconf 73' lang='lat' dir='ltr'><strong>daincum</strong></span> <span class='ocrx_word' id='word_1_959' title='bbox 2389 4937 2747 5007; x_wconf 85' lang='lat' dir='ltr'><strong>autographo</strong></span> <span class='ocrx_word' id='word_1_960' title='bbox 2775 4935 3208 5004; x_wconf 81' lang='lat' dir='ltr'><strong>Scripturarum</strong></span> <span class='ocrx_word' id='word_1_961' title='bbox 3233 4953 3247 5004; x_wconf 67' lang='grc' dir='ltr'><strong>ς</strong></span> <span class='ocrx_word' id='word_1_962' title='bbox 3275 4943 3331 4990; x_wconf 92' lang='lat' dir='ltr'><strong>et</strong></span> <span class='ocrx_word' id='word_1_963' title='bbox 3375 4937 3740 5007; x_wconf 87' lang='lat' dir='ltr'><strong>signaculum</strong></span> 
     </span>
    </p>
   </div>
   <div class='ocr_carea' id='block_1_144' title="bbox 2069 5005 3742 5076">
    <p class='ocr_par' dir='ltr' id='par_1_144' title="bbox 2069 5005 3742 5076">
     <span class='ocr_line' id='line_1_147' title="bbox 2069 5005 3742 5076; baseline 0.003 -17"><span class='ocrx_word' id='word_1_964' title='bbox 2069 5005 2399 5062; x_wconf 90' lang='lat' dir='ltr'><strong>adhibitum</strong></span> <span class='ocrx_word' id='word_1_965' title='bbox 2426 5007 2494 5062; x_wconf 91' lang='lat' dir='ltr'><strong>ad</strong></span> <span class='ocrx_word' id='word_1_966' title='bbox 2529 5006 2837 5076; x_wconf 86' lang='lat' dir='ltr'><strong>genuinam</strong></span> <span class='ocrx_word' id='word_1_967' title='bbox 2863 5007 3211 5076; x_wconf 78' lang='lat' dir='ltr'><strong>exemplaris</strong></span> <span class='ocrx_word' id='word_1_968' title='bbox 3263 5005 3454 5062; x_wconf 62' lang='lat' dir='ltr'><strong>illius&#39;</strong></span> <span class='ocrx_word' id='word_1_969' title='bbox 3475 5010 3742 5064; x_wconf 88' lang='lat' dir='ltr'><strong>auctori-</strong></span> 
     </span>
    </p>
   </div>
   <div class='ocr_carea' id='block_1_145' title="bbox 2072 5077 3741 5147">
    <p class='ocr_par' dir='ltr' id='par_1_145' title="bbox 2072 5077 3741 5147">
     <span class='ocr_line' id='line_1_148' title="bbox 2072 5077 3741 5147; baseline 0.002 -17"><span class='ocrx_word' id='word_1_970' title='bbox 2072 5083 2244 5132; x_wconf 88' lang='lat' dir='ltr'><strong>tatem</strong></span> <span class='ocrx_word' id='word_1_971' title='bbox 2268 5077 2668 5147; x_wconf 86' lang='lat' dir='ltr'><strong>roborandam,</strong></span> <span class='ocrx_word' id='word_1_972' title='bbox 2700 5077 2851 5146; x_wconf 90' lang='lat' dir='ltr'><strong>quod</strong></span> <span class='ocrx_word' id='word_1_973' title='bbox 2883 5077 3151 5132; x_wconf 57' lang='lat' dir='ltr'><strong>Ecclesia</strong></span> <span class='ocrx_word' id='word_1_974' title='bbox 3191 5079 3458 5132; x_wconf 61' lang='lat' dir='ltr'><strong>Romanae</strong></span> <span class='ocrx_word' id='word_1_975' title='bbox 3503 5085 3741 5134; x_wconf 84' lang='lat' dir='ltr'><strong>contra—</strong></span> 
     </span>
    </p>
   </div>
   <div class='ocr_carea' id='block_1_146' title="bbox 2068 5147 3743 5218">
    <p class='ocr_par' dir='ltr' id='par_1_146' title="bbox 2068 5147 3743 5218">
     <span class='ocr_line' id='line_1_149' title="bbox 2068 5147 3743 5218; baseline 0.002 -16"><span class='ocrx_word' id='word_1_976' title='bbox 2068 5147 2262 5218; x_wconf 83' lang='lat' dir='ltr'><strong>didit;</strong></span> <span class='ocrx_word' id='word_1_977' title='bbox 2296 5155 2514 5204; x_wconf 90' lang='lat' dir='ltr'><strong>certum</strong></span> <span class='ocrx_word' id='word_1_978' title='bbox 2545 5155 2650 5215; x_wconf 89' lang='lat' dir='ltr'><strong>est,</strong></span> <span class='ocrx_word' id='word_1_979' title='bbox 2685 5147 2985 5216; x_wconf 90' lang='lat' dir='ltr'><strong>pontiﬁces</strong></span> <span class='ocrx_word' id='word_1_980' title='bbox 3008 5150 3291 5204; x_wconf 78' lang='lat' dir='ltr'><strong>Romanos</strong></span> <span class='ocrx_word' id='word_1_981' title='bbox 3339 5148 3488 5204; x_wconf 86' lang='lat' dir='ltr'><strong>Petri</strong></span> <span class='ocrx_word' id='word_1_982' title='bbox 3521 5164 3743 5205; x_wconf 89' lang='lat' dir='ltr'><strong>succes-</strong></span> 
     </span>
    </p>
   </div>
   <div class='ocr_carea' id='block_1_147' title="bbox 1957 5218 3742 5290">
    <p class='ocr_par' dir='ltr' id='par_1_147' title="bbox 1957 5218 3742 5290">
     <span class='ocr_line' id='line_1_150' title="bbox 1957 5218 3742 5290; baseline 0.002 -18"><span class='ocrx_word' id='word_1_983' title='bbox 1957 5257 1974 5266; x_wconf 88' lang='lat'><strong>-</strong></span> <span class='ocrx_word' id='word_1_984' title='bbox 2069 5231 2226 5290; x_wconf 89' lang='lat' dir='ltr'><strong>sores</strong></span> <span class='ocrx_word' id='word_1_985' title='bbox 2246 5219 2302 5274; x_wconf 91' lang='lat' dir='ltr'><strong>id</strong></span> <span class='ocrx_word' id='word_1_986' title='bbox 2328 5219 2584 5286; x_wconf 90' lang='lat' dir='ltr'><strong>honoris,</strong></span> <span class='ocrx_word' id='word_1_987' title='bbox 2607 5233 2674 5273; x_wconf 92' lang='lat' dir='ltr'><strong>ac</strong></span> <span class='ocrx_word' id='word_1_988' title='bbox 2691 5219 3185 5288; x_wconf 89' lang='lat' dir='ltr'><strong>jurisinEcclesia</strong></span> <span class='ocrx_word' id='word_1_989' title='bbox 3203 5218 3488 5290; x_wconf 86' lang='lat' dir='ltr'><strong>catholica</strong></span> <span class='ocrx_word' id='word_1_990' title='bbox 3519 5233 3742 5290; x_wconf 88' lang='lat' dir='ltr'><strong>semper</strong></span> 
     </span>
    </p>
   </div>
   <div class='ocr_carea' id='block_1_148' title="bbox 2068 5288 3738 5358">
    <p class='ocr_par' dir='ltr' id='par_1_148' title="bbox 2068 5288 3738 5358">
     <span class='ocr_line' id='line_1_151' title="bbox 2068 5288 3738 5358; baseline 0.002 -16"><span class='ocrx_word' id='word_1_991' title='bbox 2068 5288 2413 5358; x_wconf 86' lang='lat' dir='ltr'><strong>obtinuisse,</strong></span> <span class='ocrx_word' id='word_1_992' title='bbox 2449 5295 2513 5346; x_wconf 91' lang='lat' dir='ltr'><strong>ut</strong></span> <span class='ocrx_word' id='word_1_993' title='bbox 2535 5292 3021 5346; x_wconf 67' lang='lat' dir='ltr'><strong>mcumenicorum</strong></span> <span class='ocrx_word' id='word_1_994' title='bbox 3065 5289 3446 5346; x_wconf 89' lang='lat' dir='ltr'><strong>conciliorum</strong></span> <span class='ocrx_word' id='word_1_995' title='bbox 3513 5288 3738 5346; x_wconf 86' lang='lat' dir='ltr'><strong>decreta</strong></span> 
     </span>
    </p>
   </div>
   <div class='ocr_carea' id='block_1_149' title="bbox 2066 5359 3738 5430">
    <p class='ocr_par' dir='ltr' id='par_1_149' title="bbox 2066 5359 3738 5430">
     <span class='ocr_line' id='line_1_152' title="bbox 2066 5359 3738 5430; baseline 0.002 -16"><span class='ocrx_word' id='word_1_996' title='bbox 2066 5365 2189 5414; x_wconf 89' lang='lat' dir='ltr'><strong>tum</strong></span> <span class='ocrx_word' id='word_1_997' title='bbox 2220 5362 2290 5416; x_wconf 89' lang='lat' dir='ltr'><strong>de</strong></span> <span class='ocrx_word' id='word_1_998' title='bbox 2317 5361 2444 5427; x_wconf 90' lang='lat' dir='ltr'><strong>ﬁde,</strong></span> <span class='ocrx_word' id='word_1_999' title='bbox 2479 5368 2600 5415; x_wconf 90' lang='lat' dir='ltr'><strong>tum</strong></span> <span class='ocrx_word' id='word_1_1000' title='bbox 2626 5362 2696 5415; x_wconf 93' lang='lat' dir='ltr'><strong>de</strong></span> <span class='ocrx_word' id='word_1_1001' title='bbox 2737 5359 3016 5427; x_wconf 82' lang='lat' dir='ltr'><strong>moribus,</strong></span> <span class='ocrx_word' id='word_1_1002' title='bbox 3073 5361 3212 5416; x_wconf 91' lang='lat' dir='ltr'><strong>licet</strong></span> <span class='ocrx_word' id='word_1_1003' title='bbox 3267 5361 3484 5430; x_wconf 90' lang='lat' dir='ltr'><strong>prolata</strong></span> <span class='ocrx_word' id='word_1_1004' title='bbox 3509 5359 3578 5414; x_wconf 88' lang='lat' dir='ltr'><strong>ab</strong></span> <span class='ocrx_word' id='word_1_1005' title='bbox 3630 5362 3738 5417; x_wconf 82' lang='lat' dir='ltr'><strong>Ec—</strong></span> 
     </span>
    </p>
   </div>
   <div class='ocr_carea' id='block_1_150' title="bbox 2065 5429 3740 5501">
    <p class='ocr_par' dir='ltr' id='par_1_150' title="bbox 2065 5429 3740 5501">
     <span class='ocr_line' id='line_1_153' title="bbox 2065 5429 3740 5501; baseline 0.001 -16"><span class='ocrx_word' id='word_1_1006' title='bbox 2065 5431 2242 5486; x_wconf 91' lang='lat' dir='ltr'><strong>clesia</strong></span> <span class='ocrx_word' id='word_1_1007' title='bbox 2269 5431 2558 5498; x_wconf 90' lang='lat' dir='ltr'><strong>universa,</strong></span> <span class='ocrx_word' id='word_1_1008' title='bbox 2585 5431 2846 5499; x_wconf 89' lang='lat' dir='ltr'><strong>ejusdem</strong></span> <span class='ocrx_word' id='word_1_1009' title='bbox 2885 5431 3074 5487; x_wconf 88' lang='lat' dir='ltr'><strong>divini</strong></span> <span class='ocrx_word' id='word_1_1010' title='bbox 3106 5429 3362 5501; x_wconf 88' lang='lat' dir='ltr'><strong>Spiritus</strong></span> <span class='ocrx_word' id='word_1_1011' title='bbox 3409 5429 3630 5496; x_wconf 86' lang='lat' dir='ltr'><strong>afﬂatu,</strong></span> <span class='ocrx_word' id='word_1_1012' title='bbox 3683 5441 3740 5489; x_wconf 90' lang='lat' dir='ltr'><strong>et</strong></span> 
     </span>
    </p>
   </div>
   <div class='ocr_carea' id='block_1_151' title="bbox 2065 5502 3736 5574">
    <p class='ocr_par' dir='ltr' id='par_1_151' title="bbox 2065 5502 3736 5574">
     <span class='ocr_line' id='line_1_154' title="bbox 2065 5502 3736 5574; baseline 0.002 -19"><span class='ocrx_word' id='word_1_1013' title='bbox 2065 5504 2431 5574; x_wconf 78' lang='lat' dir='ltr'><strong>auctoritate,</strong></span> <span class='ocrx_word' id='word_1_1014' title='bbox 2483 5516 2594 5572; x_wconf 89' lang='lat' dir='ltr'><strong>qua</strong></span> <span class='ocrx_word' id='word_1_1015' title='bbox 2638 5502 2961 5574; x_wconf 76' lang='lat' dir='ltr'><strong>Evangelia</strong></span> <span class='ocrx_word' id='word_1_1016' title='bbox 3025 5502 3559 5574; x_wconf 86' lang='lat' dir='ltr'><strong>conscribebantur,</strong></span> <span class='ocrx_word' id='word_1_1017' title='bbox 3621 5504 3736 5573; x_wconf 91' lang='lat' dir='ltr'><strong>ipsi</strong></span> 
     </span>
    </p>
   </div>
   <div class='ocr_carea' id='block_1_152' title="bbox 2066 5572 3730 5643">
    <p class='ocr_par' dir='ltr' id='par_1_152' title="bbox 2066 5572 3730 5643">
     <span class='ocr_line' id='line_1_155' title="bbox 2066 5572 3730 5643; baseline 0.003 -18"><span class='ocrx_word' id='word_1_1018' title='bbox 2066 5573 2424 5643; x_wconf 89' lang='lat' dir='ltr'><strong>conﬁrment,</strong></span> <span class='ocrx_word' id='word_1_1019' title='bbox 2452 5587 2519 5628; x_wconf 90' lang='lat' dir='ltr'><strong>ac</strong></span> <span class='ocrx_word' id='word_1_1020' title='bbox 2565 5572 2928 5643; x_wconf 85' lang='lat' dir='ltr'><strong>subsignent,</strong></span> <span class='ocrx_word' id='word_1_1021' title='bbox 2975 5580 3033 5628; x_wconf 89' lang='lat' dir='ltr'><strong>et</strong></span> <span class='ocrx_word' id='word_1_1022' title='bbox 3088 5581 3210 5629; x_wconf 87' lang='lat' dir='ltr'><strong>rata</strong></span> <span class='ocrx_word' id='word_1_1023' title='bbox 3263 5573 3524 5628; x_wconf 87' lang='lat' dir='ltr'><strong>habeant.</strong></span> <span class='ocrx_word' id='word_1_1024' title='bbox 3588 5572 3730 5630; x_wconf 88' lang='lat' dir='ltr'><strong>Hinc</strong></span> 
     </span>
    </p>
   </div>
   <div class='ocr_carea' id='block_1_153' title="bbox 2065 5643 3728 5714">
    <p class='ocr_par' dir='ltr' id='par_1_153' title="bbox 2065 5643 3728 5714">
     <span class='ocr_line' id='line_1_156' title="bbox 2065 5643 3728 5714; baseline 0.002 -18"><span class='ocrx_word' id='word_1_1025' title='bbox 2065 5643 2238 5697; x_wconf 90' lang='lat' dir='ltr'><strong>etiam</strong></span> <span class='ocrx_word' id='word_1_1026' title='bbox 2265 5651 2526 5698; x_wconf 88' lang='lat' dir='ltr'><strong>vetustus</strong></span> <span class='ocrx_word' id='word_1_1027' title='bbox 2559 5657 2681 5714; x_wconf 88' lang='lat' dir='ltr'><strong>mos</strong></span> <span class='ocrx_word' id='word_1_1028' title='bbox 2706 5644 2944 5699; x_wconf 88' lang='lat' dir='ltr'><strong>inolevit</strong></span> <span class='ocrx_word' id='word_1_1029' title='bbox 2973 5644 3144 5714; x_wconf 90' lang='lat' dir='ltr'><strong>illius</strong></span> <span class='ocrx_word' id='word_1_1030' title='bbox 3167 5645 3318 5699; x_wconf 91' lang='lat' dir='ltr'><strong>ritus</strong></span> <span class='ocrx_word' id='word_1_1031' title='bbox 3343 5645 3516 5710; x_wconf 88' lang='lat' dir='ltr'><strong>sacri,</strong></span> <span class='ocrx_word' id='word_1_1032' title='bbox 3563 5659 3728 5714; x_wconf 86' lang='lat' dir='ltr'><strong>quem</strong></span> 
     </span>
    </p>
   </div>
   <div class='ocr_carea' id='block_1_154' title="bbox 2071 5713 3733 5786">
    <p class='ocr_par' dir='ltr' id='par_1_154' title="bbox 2071 5713 3733 5786">
     <span class='ocr_line' id='line_1_157' title="bbox 2071 5713 3733 5786; baseline 0.002 -20"><span class='ocrx_word' id='word_1_1033' title='bbox 2071 5715 2128 5767; x_wconf 88' lang='lat' dir='ltr'><strong>in</strong></span> <span class='ocrx_word' id='word_1_1034' title='bbox 2149 5715 2564 5786; x_wconf 84' lang='lat' dir='ltr'><strong>antiquissima</strong></span> <span class='ocrx_word' id='word_1_1035' title='bbox 2589 5713 2854 5786; x_wconf 87' lang='lat' dir='ltr'><strong>liturgia,</strong></span> <span class='ocrx_word' id='word_1_1036' title='bbox 2889 5716 3008 5771; x_wconf 90' lang='lat' dir='ltr'><strong>sive</strong></span> <span class='ocrx_word' id='word_1_1037' title='bbox 3037 5713 3253 5770; x_wconf 88' lang='lat' dir='ltr'><strong>Ordine</strong></span> <span class='ocrx_word' id='word_1_1038' title='bbox 3287 5717 3540 5770; x_wconf 79' lang='lat' dir='ltr'><strong>Romano</strong></span> <span class='ocrx_word' id='word_1_1039' title='bbox 3584 5713 3733 5772; x_wconf 81' lang='lat' dir='ltr'><strong>con-</strong></span> 
     </span>
    </p>
   </div>
   <div class='ocr_carea' id='block_1_155' title="bbox 2069 5784 3736 5857">
    <p class='ocr_par' dir='ltr' id='par_1_155' title="bbox 2069 5784 3736 5857">
     <span class='ocr_line' id='line_1_158' title="bbox 2069 5784 3736 5857; baseline 0.004 -21"><span class='ocrx_word' id='word_1_1040' title='bbox 2069 5784 2344 5857; x_wconf 79' lang='lat' dir='ltr'><strong>traditum</strong></span> <span class='ocrx_word' id='word_1_1041' title='bbox 2378 5784 2706 5842; x_wconf 85' lang='lat' dir='ltr'><strong>retulerunt</strong></span> <span class='ocrx_word' id='word_1_1042' title='bbox 2727 5784 2893 5842; x_wconf 88' lang='lat' dir='ltr'><strong>illius</strong></span> <span class='ocrx_word' id='word_1_1043' title='bbox 2915 5786 3186 5855; x_wconf 86' lang='lat' dir='ltr'><strong>editores,</strong></span> <span class='ocrx_word' id='word_1_1044' title='bbox 3217 5787 3523 5845; x_wconf 87' lang='lat' dir='ltr'><strong>utscilicet</strong></span> <span class='ocrx_word' id='word_1_1045' title='bbox 3551 5787 3736 5857; x_wconf 88' lang='lat' dir='ltr'><strong>signa-</strong></span> 
     </span>
    </p>
   </div>
   <div class='ocr_carea' id='block_1_156' title="bbox 2067 5853 3738 5928">
    <p class='ocr_par' dir='ltr' id='par_1_156' title="bbox 2067 5853 3738 5928">
     <span class='ocr_line' id='line_1_159' title="bbox 2067 5853 3738 5928; baseline 0.003 -20"><span class='ocrx_word' id='word_1_1046' title='bbox 2067 5853 2199 5910; x_wconf 91' lang='lat' dir='ltr'><strong>culo</strong></span> <span class='ocrx_word' id='word_1_1047' title='bbox 2227 5855 2483 5925; x_wconf 85' lang='lat' dir='ltr'><strong>episcOpi</strong></span> <span class='ocrx_word' id='word_1_1048' title='bbox 2537 5859 2712 5912; x_wconf 89' lang='lat' dir='ltr'><strong>toties</strong></span> <span class='ocrx_word' id='word_1_1049' title='bbox 2761 5853 3220 5914; x_wconf 81' lang='lat' dir='ltr'><strong>communiretur</strong></span> <span class='ocrx_word' id='word_1_1050' title='bbox 3255 5857 3434 5913; x_wconf 84' lang='lat' dir='ltr'><strong>codex</strong></span> <span class='ocrx_word' id='word_1_1051' title='bbox 3475 5853 3738 5928; x_wconf 78' lang='lat' dir='ltr'><strong>Evange-</strong></span> 
     </span>
    </p>
   </div>
  </div>
