  <div class='ocr_page' id='page_1' title='image "/cluster/home/n/w/nwhite01/storage/ocr_20150623/127-128/uc1.31175010226572/524.png"; bbox 0 0 3912 6416; ppageno 0'>
   <div class='ocr_carea' id='block_1_1' title="bbox 127 360 256 419">
    <p class='ocr_par' dir='ltr' id='par_1_1' title="bbox 127 360 256 419">
     <span class='ocr_line' id='line_1_1' title="bbox 127 360 256 419; baseline 0.008 -1"><span class='ocrx_word' id='word_1_1' title='bbox 127 360 256 419; x_wconf 75' lang='grc'><strong>1033</strong></span> 
     </span>
    </p>
   </div>
   <div class='ocr_carea' id='block_1_2' title="bbox 1011 360 2647 421">
    <p class='ocr_par' dir='ltr' id='par_1_2' title="bbox 1011 360 2647 421">
     <span class='ocr_line' id='line_1_2' title="bbox 1011 360 2647 421; baseline 0.003 -5"><span class='ocrx_word' id='word_1_2' title='bbox 1011 363 1336 418; x_wconf 79' lang='lat' dir='ltr'><strong>HISTORIA</strong></span> <span class='ocrx_word' id='word_1_3' title='bbox 1372 364 1463 418; x_wconf 82' lang='lat' dir='ltr'><strong>DE</strong></span> <span class='ocrx_word' id='word_1_4' title='bbox 1505 361 1678 417; x_wconf 86' lang='lat' dir='ltr'><strong>VITIS</strong></span> <span class='ocrx_word' id='word_1_5' title='bbox 1715 360 1883 417; x_wconf 75' lang='grc' dir='ltr'><strong>ΗΘΜ.</strong></span> <span class='ocrx_word' id='word_1_6' title='bbox 1930 362 2125 417; x_wconf 85' lang='grc' dir='ltr'><strong>ΡΟΝΤ.</strong></span> <span class='ocrx_word' id='word_1_7' title='bbox 2160 391 2231 404; x_wconf 88' lang='lat'><strong>-—</strong></span> <span class='ocrx_word' id='word_1_8' title='bbox 2268 364 2326 417; x_wconf 85' lang='lat' dir='ltr'><strong>S.</strong></span> <span class='ocrx_word' id='word_1_9' title='bbox 2370 366 2647 421; x_wconf 77' lang='lat' dir='ltr'><strong>PETRUS.</strong></span> 
     </span>
    </p>
   </div>
   <div class='ocr_carea' id='block_1_3' title="bbox 3409 371 3548 432">
    <p class='ocr_par' dir='ltr' id='par_1_3' title="bbox 3409 371 3548 432">
     <span class='ocr_line' id='line_1_3' title="bbox 3409 371 3548 432; baseline 0.036 -5"><span class='ocrx_word' id='word_1_10' title='bbox 3409 371 3548 432; x_wconf 72' lang='grc'><strong>4034</strong></span> 
     </span>
    </p>
   </div>
   <div class='ocr_carea' id='block_1_4' title="bbox 124 486 3543 568">
    <p class='ocr_par' dir='ltr' id='par_1_4' title="bbox 124 486 3543 568">
     <span class='ocr_line' id='line_1_4' title="bbox 124 486 3543 568; baseline 0.004 -27"><span class='ocrx_word' id='word_1_11' title='bbox 124 487 350 568; x_wconf 81' lang='lat' dir='ltr'><strong>liorum,</strong></span> <span class='ocrx_word' id='word_1_12' title='bbox 385 489 614 568; x_wconf 89' lang='lat' dir='ltr'><strong>qu0_ties</strong></span> <span class='ocrx_word' id='word_1_13' title='bbox 659 489 942 568; x_wconf 76' lang='lat' dir='ltr'><strong>diaconus</strong></span> <span class='ocrx_word' id='word_1_14' title='bbox 972 491 1342 568; x_wconf 81' lang='lat' dir='ltr'><strong>abepiscOpo</strong></span> <span class='ocrx_word' id='word_1_15' title='bbox 1369 494 1692 568; x_wconf 70' lang='lat' dir='ltr'><strong>reseratum</strong></span> <span class='ocrx_word' id='word_1_16' title='bbox 1722 494 1778 543; x_wconf 90' lang='lat' dir='ltr'><strong>et</strong></span> <span class='ocrx_word' id='word_1_17' title='bbox 1801 502 1858 559; x_wconf 83' lang='grc' dir='ltr'><strong>Α</strong></span> <span class='ocrx_word' id='word_1_18' title='bbox 1888 486 1996 543; x_wconf 92' lang='lat' dir='ltr'><strong>bus</strong></span> <span class='ocrx_word' id='word_1_19' title='bbox 2024 487 2126 568; x_wconf 80' lang='lat' dir='ltr'><strong>illa</strong></span> <span class='ocrx_word' id='word_1_20' title='bbox 2154 489 2435 547; x_wconf 88' lang='lat' dir='ltr'><strong>iudicatio</strong></span> <span class='ocrx_word' id='word_1_21' title='bbox 2464 497 2711 568; x_wconf 77' lang='lat' dir='ltr'><strong>aptetur.</strong></span> <span class='ocrx_word' id='word_1_22' title='bbox 2734 493 2817 548; x_wconf 84' lang='lat' dir='ltr'><strong>Ad</strong></span> <span class='ocrx_word' id='word_1_23' title='bbox 2844 494 3134 568; x_wconf 10' lang='lat' dir='ltr'><strong>bhzecgquis</strong></span> <span class='ocrx_word' id='word_1_24' title='bbox 3162 510 3413 568; x_wconf 86' lang='lat' dir='ltr'><strong>unquam</strong></span> <span class='ocrx_word' id='word_1_25' title='bbox 3440 513 3543 555; x_wconf 83' lang='lat' dir='ltr'><strong>vo-</strong></span> 
     </span>
    </p>
   </div>
   <div class='ocr_carea' id='block_1_5' title="bbox 124 560 1771 631">
    <p class='ocr_par' dir='ltr' id='par_1_5' title="bbox 124 560 1771 631">
     <span class='ocr_line' id='line_1_5' title="bbox 124 560 1771 631; baseline 0 -17"><span class='ocrx_word' id='word_1_26' title='bbox 124 560 177 614; x_wconf 93' lang='lat' dir='ltr'><strong>in</strong></span> <span class='ocrx_word' id='word_1_27' title='bbox 215 560 457 616; x_wconf 93' lang='lat' dir='ltr'><strong>ambone</strong></span> <span class='ocrx_word' id='word_1_28' title='bbox 496 561 729 629; x_wconf 89' lang='lat' dir='ltr'><strong>lectum,</strong></span> <span class='ocrx_word' id='word_1_29' title='bbox 766 561 1005 631; x_wconf 83' lang='lat' dir='ltr'><strong>perferri</strong></span> <span class='ocrx_word' id='word_1_30' title='bbox 1062 563 1270 618; x_wconf 80' lang='lat' dir='ltr'><strong>iterum</strong></span> <span class='ocrx_word' id='word_1_31' title='bbox 1314 562 1383 616; x_wconf 91' lang='lat' dir='ltr'><strong>ad</strong></span> <span class='ocrx_word' id='word_1_32' title='bbox 1416 561 1771 630; x_wconf 79' lang='lat' dir='ltr'><strong>episcopum,</strong></span> 
     </span>
    </p>
   </div>
   <div class='ocr_carea' id='block_1_6' title="bbox 121 631 1774 704">
    <p class='ocr_par' dir='ltr' id='par_1_6' title="bbox 121 631 1774 704">
     <span class='ocr_line' id='line_1_6' title="bbox 121 631 1774 704; baseline 0.001 -20"><span class='ocrx_word' id='word_1_33' title='bbox 121 631 360 704; x_wconf 84' lang='lat' dir='ltr'><strong>subinde</strong></span> <span class='ocrx_word' id='word_1_34' title='bbox 389 633 457 686; x_wconf 90' lang='lat' dir='ltr'><strong>ad</strong></span> <span class='ocrx_word' id='word_1_35' title='bbox 486 634 787 688; x_wconf 91' lang='lat' dir='ltr'><strong>archivum</strong></span> <span class='ocrx_word' id='word_1_36' title='bbox 818 634 1203 704; x_wconf 89' lang='lat' dir='ltr'><strong>apostolicum</strong></span> <span class='ocrx_word' id='word_1_37' title='bbox 1256 647 1353 703; x_wconf 88' lang='lat' dir='ltr'><strong>per</strong></span> <span class='ocrx_word' id='word_1_38' title='bbox 1387 632 1774 688; x_wconf 85' lang='lat' dir='ltr'><strong>subdiaconos</strong></span> 
     </span>
    </p>
   </div>
   <div class='ocr_carea' id='block_1_7' title="bbox 124 703 750 774">
    <p class='ocr_par' dir='ltr' id='par_1_7' title="bbox 124 703 750 774">
     <span class='ocr_line' id='line_1_7' title="bbox 124 703 750 774; baseline 0.002 -17"><span class='ocrx_word' id='word_1_39' title='bbox 124 703 474 774; x_wconf 82' lang='lat' dir='ltr'><strong>regionarios</strong></span> <span class='ocrx_word' id='word_1_40' title='bbox 501 711 750 760; x_wconf 83' lang='lat' dir='ltr'><strong>curaret.</strong></span> 
     </span>
    </p>
   </div>
   <div class='ocr_carea' id='block_1_8' title="bbox 186 773 1770 844">
    <p class='ocr_par' dir='ltr' id='par_1_8' title="bbox 186 773 1770 844">
     <span class='ocr_line' id='line_1_8' title="bbox 186 773 1770 844; baseline -0.001 -15"><span class='ocrx_word' id='word_1_41' title='bbox 186 776 369 830; x_wconf 89' lang='lat' dir='ltr'><strong>Codex</strong></span> <span class='ocrx_word' id='word_1_42' title='bbox 409 776 755 844; x_wconf 87' lang='lat' dir='ltr'><strong>Mazarinus,</strong></span> <span class='ocrx_word' id='word_1_43' title='bbox 791 781 917 831; x_wconf 88' lang='lat' dir='ltr'><strong>uta</strong></span> <span class='ocrx_word' id='word_1_44' title='bbox 956 776 1220 832; x_wconf 85' lang='lat' dir='ltr'><strong>Fabrotto</strong></span> <span class='ocrx_word' id='word_1_45' title='bbox 1257 775 1561 841; x_wconf 80' lang='lat' dir='ltr'><strong>discimus,</strong></span> <span class='ocrx_word' id='word_1_46' title='bbox 1599 773 1770 828; x_wconf 90' lang='lat' dir='ltr'><strong>refert</strong></span> 
     </span>
    </p>
   </div>
   <div class='ocr_carea' id='block_1_9' title="bbox 122 847 1768 930">
    <p class='ocr_par' dir='ltr' id='par_1_9' title="bbox 122 847 1768 930">
     <span class='ocr_line' id='line_1_9' title="bbox 122 847 1768 930; baseline -0.001 -29"><span class='ocrx_word' id='word_1_47' title='bbox 122 847 535 930; x_wconf 56' lang='lat' dir='ltr'><strong>ordinationem</strong></span> <span class='ocrx_word' id='word_1_48' title='bbox 560 848 689 902; x_wconf 91' lang='lat' dir='ltr'><strong>Lini</strong></span> <span class='ocrx_word' id='word_1_49' title='bbox 716 854 772 930; x_wconf 86' lang='lat' dir='ltr'><strong>e_t</strong></span> <span class='ocrx_word' id='word_1_50' title='bbox 806 847 961 930; x_wconf 73' lang='lat' dir='ltr'><strong>Cloti</strong></span> <span class='ocrx_word' id='word_1_51' title='bbox 990 850 1059 904; x_wconf 89' lang='lat' dir='ltr'><strong>ad</strong></span> <span class='ocrx_word' id='word_1_52' title='bbox 1075 849 1505 930; x_wconf 72' lang='lat' dir='ltr'><strong>episcopatum,</strong></span> <span class='ocrx_word' id='word_1_53' title='bbox 1536 851 1601 930; x_wconf 77' lang='lat' dir='ltr'><strong>ut</strong></span> <span class='ocrx_word' id='word_1_54' title='bbox 1631 859 1768 915; x_wconf 91' lang='lat' dir='ltr'><strong>pos—</strong></span> 
     </span>
    </p>
   </div>
   <div class='ocr_carea' id='block_1_10' title="bbox 123 918 1762 1000">
    <p class='ocr_par' dir='ltr' id='par_1_10' title="bbox 123 918 1762 1000">
     <span class='ocr_line' id='line_1_10' title="bbox 123 918 1762 1000; baseline -0.001 -28"><span class='ocrx_word' id='word_1_55' title='bbox 123 924 237 972; x_wconf 89' lang='lat' dir='ltr'><strong>sent</strong></span> <span class='ocrx_word' id='word_1_56' title='bbox 263 918 321 1000; x_wconf 87' lang='lat' dir='ltr'><strong>i_n</strong></span> <span class='ocrx_word' id='word_1_57' title='bbox 345 918 532 1000; x_wconf 73' lang='lat' dir='ltr'><strong>ofﬁcio</strong></span> <span class='ocrx_word' id='word_1_58' title='bbox 562 920 904 1000; x_wconf 75' lang='lat' dir='ltr'><strong>sacerdotali</strong></span> <span class='ocrx_word' id='word_1_59' title='bbox 951 920 1239 1000; x_wconf 73' lang='lat' dir='ltr'><strong>implendo</strong></span> <span class='ocrx_word' id='word_1_60' title='bbox 1280 921 1505 1000; x_wconf 83' lang='lat' dir='ltr'><strong>Petrum</strong></span> <span class='ocrx_word' id='word_1_61' title='bbox 1529 918 1762 1000; x_wconf 80' lang='lat' dir='ltr'><strong>juvare:</strong></span> 
     </span>
    </p>
   </div>
   <div class='ocr_carea' id='block_1_11' title="bbox 123 990 1762 1071">
    <p class='ocr_par' dir='ltr' id='par_1_11' title="bbox 123 990 1762 1071">
     <span class='ocr_line' id='line_1_11' title="bbox 123 990 1762 1071; baseline 0 -28"><span class='ocrx_word' id='word_1_62' title='bbox 123 990 339 1071; x_wconf 78' lang='lat' dir='ltr'><strong>quando</strong></span> <span class='ocrx_word' id='word_1_63' title='bbox 377 990 605 1071; x_wconf 82' lang='lat' dir='ltr'><strong>scilicet</strong></span> <span class='ocrx_word' id='word_1_64' title='bbox 628 991 1030 1071; x_wconf 81' lang='lat' dir='ltr'><strong>episcoporum</strong></span> <span class='ocrx_word' id='word_1_65' title='bbox 1079 991 1384 1071; x_wconf 71' lang='lat' dir='ltr'><strong>ordinatio</strong></span> <span class='ocrx_word' id='word_1_66' title='bbox 1418 990 1762 1071; x_wconf 70' lang='lat' dir='ltr'><strong>contigeret,</strong></span> 
     </span>
    </p>
   </div>
   <div class='ocr_carea' id='block_1_12' title="bbox 122 1061 1762 1142">
    <p class='ocr_par' dir='ltr' id='par_1_12' title="bbox 122 1061 1762 1142">
     <span class='ocr_line' id='line_1_12' title="bbox 122 1061 1762 1142; baseline -0.001 -28"><span class='ocrx_word' id='word_1_67' title='bbox 122 1075 237 1128; x_wconf 69' lang='lat' dir='ltr'><strong>quae</strong></span> <span class='ocrx_word' id='word_1_68' title='bbox 256 1061 377 1142; x_wconf 80' lang='lat' dir='ltr'><strong>jam</strong></span> <span class='ocrx_word' id='word_1_69' title='bbox 431 1067 552 1116; x_wconf 91' lang='lat' dir='ltr'><strong>tum</strong></span> <span class='ocrx_word' id='word_1_70' title='bbox 586 1077 684 1131; x_wconf 91' lang='lat' dir='ltr'><strong>per</strong></span> <span class='ocrx_word' id='word_1_71' title='bbox 716 1068 831 1142; x_wconf 80' lang='lat' dir='ltr'><strong>tres</strong></span> <span class='ocrx_word' id='word_1_72' title='bbox 860 1063 1161 1142; x_wconf 75' lang='lat' dir='ltr'><strong>episcopos</strong></span> <span class='ocrx_word' id='word_1_73' title='bbox 1195 1061 1762 1142; x_wconf 65' lang='lat' dir='ltr'><strong>peragi__cmpit,_uti</strong></span> 
     </span>
    </p>
   </div>
   <div class='ocr_carea' id='block_1_13' title="bbox 122 1131 1762 1213">
    <p class='ocr_par' dir='ltr' id='par_1_13' title="bbox 122 1131 1762 1213">
     <span class='ocr_line' id='line_1_13' title="bbox 122 1131 1762 1213; baseline 0 -27"><span class='ocrx_word' id='word_1_74' title='bbox 122 1139 336 1213; x_wconf 77' lang='lat' dir='ltr'><strong>constat</strong></span> <span class='ocrx_word' id='word_1_75' title='bbox 368 1146 434 1187; x_wconf 90' lang='lat' dir='ltr'><strong>ex</strong></span> <span class='ocrx_word' id='word_1_76' title='bbox 476 1147 695 1213; x_wconf 84' lang='lat' dir='ltr'><strong>canone</strong></span> <span class='ocrx_word' id='word_1_77' title='bbox 735 1136 889 1213; x_wconf 90' lang='lat' dir='ltr'><strong>inter</strong></span> <span class='ocrx_word' id='word_1_78' title='bbox 913 1134 1263 1213; x_wconf 43' lang='lat' dir='ltr'><strong>aposﬂtolicos</strong></span> <span class='ocrx_word' id='word_1_79' title='bbox 1295 1131 1354 1213; x_wconf 50' lang='grc' dir='ltr'><strong>4ἐ</strong></span> <span class='ocrx_word' id='word_1_80' title='bbox 1394 1133 1552 1187; x_wconf 89' lang='lat' dir='ltr'><strong>Unde</strong></span> <span class='ocrx_word' id='word_1_81' title='bbox 1589 1131 1762 1213; x_wconf 78' lang='lat' dir='ltr'><strong>etiam</strong></span> 
     </span>
    </p>
   </div>
   <div class='ocr_carea' id='block_1_14' title="bbox 120 1202 1767 1265">
    <p class='ocr_par' dir='ltr' id='par_1_14' title="bbox 120 1202 1767 1265">
     <span class='ocr_line' id='line_1_14' title="bbox 120 1202 1767 1265; baseline -0.001 -8"><span class='ocrx_word' id='word_1_82' title='bbox 120 1202 343 1258; x_wconf 89' lang='lat' dir='ltr'><strong>suborta</strong></span> <span class='ocrx_word' id='word_1_83' title='bbox 361 1211 448 1258; x_wconf 88' lang='lat' dir='ltr'><strong>est</strong></span> <span class='ocrx_word' id='word_1_84' title='bbox 478 1212 640 1261; x_wconf 90' lang='lat' dir='ltr'><strong>vetus</strong></span> <span class='ocrx_word' id='word_1_85' title='bbox 661 1207 1016 1261; x_wconf 82' lang='lat' dir='ltr'><strong>consuetudo</strong></span> <span class='ocrx_word' id='word_1_86' title='bbox 1039 1206 1302 1261; x_wconf 77' lang='lat' dir='ltr'><strong>Ecclesiae</strong></span> <span class='ocrx_word' id='word_1_87' title='bbox 1319 1206 1583 1259; x_wconf 67' lang='lat' dir='ltr'><strong>Romanae</strong></span> <span class='ocrx_word' id='word_1_88' title='bbox 1604 1203 1671 1257; x_wconf 91' lang='lat' dir='ltr'><strong>ad</strong></span> <span class='ocrx_word' id='word_1_89' title='bbox 1683 1202 1767 1265; x_wconf 52' lang='lat' dir='ltr'><strong>hi:</strong></span> 
     </span>
    </p>
   </div>
   <div class='ocr_carea' id='block_1_15' title="bbox 120 1273 1764 1356">
    <p class='ocr_par' dir='ltr' id='par_1_15' title="bbox 120 1273 1764 1356">
     <span class='ocr_line' id='line_1_15' title="bbox 120 1273 1764 1356; baseline 0.001 -30"><span class='ocrx_word' id='word_1_90' title='bbox 120 1273 275 1355; x_wconf 79' lang='lat' dir='ltr'><strong>bendi</strong></span> <span class='ocrx_word' id='word_1_91' title='bbox 301 1277 603 1356; x_wconf 80' lang='lat' dir='ltr'><strong>episcopos</strong></span> <span class='ocrx_word' id='word_1_92' title='bbox 646 1277 1247 1356; x_wconf 32' lang='lat' dir='ltr'><strong>suburbicarioshqui</strong></span> <span class='ocrx_word' id='word_1_93' title='bbox 1266 1276 1582 1356; x_wconf 88' lang='lat' dir='ltr'><strong>etiamnum</strong></span> <span class='ocrx_word' id='word_1_94' title='bbox 1618 1287 1764 1356; x_wconf 80' lang='lat' dir='ltr'><strong>con—</strong></span> 
     </span>
    </p>
   </div>
   <div class='ocr_carea' id='block_1_16' title="bbox 118 1348 1762 1420">
    <p class='ocr_par' dir='ltr' id='par_1_16' title="bbox 118 1348 1762 1420">
     <span class='ocr_line' id='line_1_16' title="bbox 118 1348 1762 1420; baseline -0.001 -21"><span class='ocrx_word' id='word_1_95' title='bbox 118 1348 359 1420; x_wconf 83' lang='lat' dir='ltr'><strong>stituunt</strong></span> <span class='ocrx_word' id='word_1_96' title='bbox 399 1348 548 1420; x_wconf 85' lang='lat' dir='ltr'><strong>sacri</strong></span> <span class='ocrx_word' id='word_1_97' title='bbox 591 1349 978 1405; x_wconf 89' lang='lat' dir='ltr'><strong>oardinalium</strong></span> <span class='ocrx_word' id='word_1_98' title='bbox 1019 1349 1251 1420; x_wconf 79' lang='lat' dir='ltr'><strong>collegii</strong></span> <span class='ocrx_word' id='word_1_99' title='bbox 1304 1355 1517 1417; x_wconf 89' lang='lat' dir='ltr'><strong>partem</strong></span> <span class='ocrx_word' id='word_1_100' title='bbox 1556 1348 1762 1415; x_wconf 88' lang='lat' dir='ltr'><strong>prima-</strong></span> 
     </span>
    </p>
   </div>
   <div class='ocr_carea' id='block_1_17' title="bbox 118 1417 1761 1500">
    <p class='ocr_par' dir='ltr' id='par_1_17' title="bbox 118 1417 1761 1500">
     <span class='ocr_line' id='line_1_17' title="bbox 118 1417 1761 1500; baseline 0 -29"><span class='ocrx_word' id='word_1_101' title='bbox 118 1417 271 1472; x_wconf 85' lang='lat' dir='ltr'><strong>riam.</strong></span> <span class='ocrx_word' id='word_1_102' title='bbox 308 1419 548 1500; x_wconf 75' lang='lat' dir='ltr'><strong>Videtur</strong></span> <span class='ocrx_word' id='word_1_103' title='bbox 585 1427 775 1476; x_wconf 89' lang='lat' dir='ltr'><strong>autem</strong></span> <span class='ocrx_word' id='word_1_104' title='bbox 820 1417 1209 1500; x_wconf 75' lang='lat' dir='ltr'><strong>apostolorum</strong></span> <span class='ocrx_word' id='word_1_105' title='bbox 1252 1420 1520 1500; x_wconf 79' lang='lat' dir='ltr'><strong>Princeps</strong></span> <span class='ocrx_word' id='word_1_106' title='bbox 1551 1430 1761 1500; x_wconf 78' lang='lat' dir='ltr'><strong>nume—</strong></span> 
     </span>
    </p>
   </div>
   <div class='ocr_carea' id='block_1_18' title="bbox 116 1488 1761 1570">
    <p class='ocr_par' dir='ltr' id='par_1_18' title="bbox 116 1488 1761 1570">
     <span class='ocr_line' id='line_1_18' title="bbox 116 1488 1761 1570; baseline -0.002 -27"><span class='ocrx_word' id='word_1_107' title='bbox 116 1503 229 1569; x_wconf 78' lang='lat' dir='ltr'><strong>rum</strong></span> <span class='ocrx_word' id='word_1_108' title='bbox 258 1503 355 1544; x_wconf 89' lang='lat' dir='ltr'><strong>sex</strong></span> <span class='ocrx_word' id='word_1_109' title='bbox 381 1491 782 1570; x_wconf 77' lang='lat' dir='ltr'><strong>episcoporum</strong></span> <span class='ocrx_word' id='word_1_110' title='bbox 814 1488 1046 1570; x_wconf 77' lang='lat' dir='ltr'><strong>auxisse</strong></span> <span class='ocrx_word' id='word_1_111' title='bbox 1075 1492 1375 1570; x_wconf 74' lang='lat' dir='ltr'><strong>episcopos</strong></span> <span class='ocrx_word' id='word_1_112' title='bbox 1406 1488 1761 1570; x_wconf 69' lang='lat' dir='ltr'><strong>suburbica—</strong></span> 
     </span>
    </p>
   </div>
   <div class='ocr_carea' id='block_1_19' title="bbox 114 1560 1759 1631">
    <p class='ocr_par' dir='ltr' id='par_1_19' title="bbox 114 1560 1759 1631">
     <span class='ocr_line' id='line_1_19' title="bbox 114 1560 1759 1631; baseline -0.001 -17"><span class='ocrx_word' id='word_1_113' title='bbox 114 1560 251 1631; x_wconf 73' lang='lat' dir='ltr'><strong>rios,</strong></span> <span class='ocrx_word' id='word_1_114' title='bbox 280 1575 410 1616; x_wconf 91' lang='lat' dir='ltr'><strong>cum</strong></span> <span class='ocrx_word' id='word_1_115' title='bbox 436 1564 492 1616; x_wconf 90' lang='lat' dir='ltr'><strong>in</strong></span> <span class='ocrx_word' id='word_1_116' title='bbox 518 1560 628 1617; x_wconf 82' lang='lat' dir='ltr'><strong>line</strong></span> <span class='ocrx_word' id='word_1_117' title='bbox 647 1564 823 1631; x_wconf 85' lang='lat' dir='ltr'><strong>hujus</strong></span> <span class='ocrx_word' id='word_1_118' title='bbox 848 1564 1016 1629; x_wconf 80' lang='lat' dir='ltr'><strong>primi</strong></span> <span class='ocrx_word' id='word_1_119' title='bbox 1045 1578 1200 1618; x_wconf 92' lang='lat' dir='ltr'><strong>num.</strong></span> <span class='ocrx_word' id='word_1_120' title='bbox 1227 1560 1759 1617; x_wconf 86' lang='lat' dir='ltr'><strong>LiberPontiticalis</strong></span> 
     </span>
    </p>
   </div>
   <div class='ocr_carea' id='block_1_20' title="bbox 113 1629 1759 1715">
    <p class='ocr_par' dir='ltr' id='par_1_20' title="bbox 113 1629 1759 1715">
     <span class='ocr_line' id='line_1_20' title="bbox 113 1629 1759 1715; baseline 0.001 -31"><span class='ocrx_word' id='word_1_121' title='bbox 113 1629 310 1715; x_wconf 66' lang='lat' dir='ltr'><strong>referat</strong></span> <span class='ocrx_word' id='word_1_122' title='bbox 331 1634 629 1715; x_wconf 65' lang='lat' dir='ltr'><strong>ordinatos</strong></span> <span class='ocrx_word' id='word_1_123' title='bbox 649 1648 690 1715; x_wconf 34' lang='lat' dir='ltr'><strong>la</strong></span> <span class='ocrx_word' id='word_1_124' title='bbox 807 1638 974 1715; x_wconf 82' lang='lat' dir='ltr'><strong>Petro</strong></span> <span class='ocrx_word' id='word_1_125' title='bbox 992 1637 1294 1715; x_wconf 60' lang='lat' dir='ltr'><strong>episcopos</strong></span> <span class='ocrx_word' id='word_1_126' title='bbox 1320 1648 1440 1700; x_wconf 88' lang='lat' dir='ltr'><strong>sex,</strong></span> <span class='ocrx_word' id='word_1_127' title='bbox 1464 1630 1759 1715; x_wconf 71' lang='lat' dir='ltr'><strong>presbyte-</strong></span> 
     </span>
    </p>
   </div>
   <div class='ocr_carea' id='block_1_21' title="bbox 113 1702 1757 1785">
    <p class='ocr_par' dir='ltr' id='par_1_21' title="bbox 113 1702 1757 1785">
     <span class='ocr_line' id='line_1_21' title="bbox 113 1702 1757 1785; baseline 0 -29"><span class='ocrx_word' id='word_1_128' title='bbox 113 1715 197 1785; x_wconf 78' lang='lat' dir='ltr'><strong>ros</strong></span> <span class='ocrx_word' id='word_1_129' title='bbox 226 1702 314 1770; x_wconf 79' lang='lat' dir='ltr'><strong>lO,</strong></span> <span class='ocrx_word' id='word_1_130' title='bbox 345 1705 619 1785; x_wconf 70' lang='lat' dir='ltr'><strong>diaconos</strong></span> <span class='ocrx_word' id='word_1_131' title='bbox 647 1705 828 1785; x_wconf 79' lang='lat' dir='ltr'><strong>8__(se_u</strong></span> <span class='ocrx_word' id='word_1_132' title='bbox 862 1702 1054 1785; x_wconf 67' lang='lat' dir='ltr'><strong>potius</strong></span> <span class='ocrx_word' id='word_1_133' title='bbox 1074 1705 1136 1785; x_wconf 84' lang='lat'><strong>7_,_</strong></span> <span class='ocrx_word' id='word_1_134' title='bbox 1156 1702 1241 1761; x_wconf 87' lang='lat' dir='ltr'><strong>uti</strong></span> <span class='ocrx_word' id='word_1_135' title='bbox 1261 1703 1757 1785; x_wconf 52' lang='lat' dir='ltr'><strong>correctiusexhi:</strong></span> 
     </span>
    </p>
   </div>
   <div class='ocr_carea' id='block_1_22' title="bbox 107 1774 1750 1857">
    <p class='ocr_par' dir='ltr' id='par_1_22' title="bbox 107 1774 1750 1857">
     <span class='ocr_line' id='line_1_22' title="bbox 107 1774 1750 1857; baseline 0 -30"><span class='ocrx_word' id='word_1_136' title='bbox 107 1774 231 1857; x_wconf 84' lang='lat' dir='ltr'><strong>bent</strong></span> <span class='ocrx_word' id='word_1_137' title='bbox 280 1777 512 1857; x_wconf 71' lang='lat' dir='ltr'><strong>codices</strong></span> <span class='ocrx_word' id='word_1_138' title='bbox 562 1779 743 1857; x_wconf 75' lang='lat' dir='ltr'><strong>surii,</strong></span> <span class='ocrx_word' id='word_1_139' title='bbox 782 1774 1031 1857; x_wconf 60' lang='lat' dir='ltr'><strong>Eréheri,</strong></span> <span class='ocrx_word' id='word_1_140' title='bbox 1084 1777 1383 1857; x_wconf 79' lang='lat' dir='ltr'><strong>Mazarini,</strong></span> <span class='ocrx_word' id='word_1_141' title='bbox 1431 1774 1750 1857; x_wconf 81' lang='lat' dir='ltr'><strong>Florentiui</strong></span> 
     </span>
    </p>
   </div>
   <div class='ocr_carea' id='block_1_23' title="bbox 106 1847 1752 1919">
    <p class='ocr_par' dir='ltr' id='par_1_23' title="bbox 106 1847 1752 1919">
     <span class='ocr_line' id='line_1_23' title="bbox 106 1847 1752 1919; baseline -0.002 -18"><span class='ocrx_word' id='word_1_142' title='bbox 106 1847 230 1919; x_wconf 83' lang='lat' dir='ltr'><strong>duo,</strong></span> <span class='ocrx_word' id='word_1_143' title='bbox 264 1854 324 1902; x_wconf 92' lang='lat' dir='ltr'><strong>et</strong></span> <span class='ocrx_word' id='word_1_144' title='bbox 356 1848 655 1919; x_wconf 78' lang='lat' dir='ltr'><strong>Vaticani).</strong></span> <span class='ocrx_word' id='word_1_145' title='bbox 684 1850 1092 1905; x_wconf 86' lang='lat' dir='ltr'><strong>Ordinationes</strong></span> <span class='ocrx_word' id='word_1_146' title='bbox 1131 1850 1283 1904; x_wconf 89' lang='lat' dir='ltr'><strong>enim</strong></span> <span class='ocrx_word' id='word_1_147' title='bbox 1330 1853 1642 1919; x_wconf 63' lang='lat' dir='ltr'><strong>numerata:</strong></span> <span class='ocrx_word' id='word_1_148' title='bbox 1692 1847 1752 1919; x_wconf 86' lang='lat' dir='ltr'><strong>in</strong></span> 
     </span>
    </p>
   </div>
   <div class='ocr_carea' id='block_1_24' title="bbox 106 1916 1751 1989">
    <p class='ocr_par' dir='ltr' id='par_1_24' title="bbox 106 1916 1751 1989">
     <span class='ocr_line' id='line_1_24' title="bbox 106 1916 1751 1989; baseline 0.001 -19"><span class='ocrx_word' id='word_1_149' title='bbox 106 1916 246 1973; x_wconf 92' lang='lat' dir='ltr'><strong>libro</strong></span> <span class='ocrx_word' id='word_1_150' title='bbox 281 1916 699 1976; x_wconf 44' lang='lat' dir='ltr'><strong>Pontilicali&#39;in</strong></span> <span class='ocrx_word' id='word_1_151' title='bbox 751 1923 900 1977; x_wconf 87' lang='lat' dir='ltr'><strong>Vitis</strong></span> <span class='ocrx_word' id='word_1_152' title='bbox 942 1922 1278 1989; x_wconf 84' lang='lat' dir='ltr'><strong>pontificum</strong></span> <span class='ocrx_word' id='word_1_153' title='bbox 1309 1918 1646 1974; x_wconf 90' lang='lat' dir='ltr'><strong>referuntur</strong></span> <span class='ocrx_word' id='word_1_154' title='bbox 1681 1917 1751 1972; x_wconf 88' lang='lat' dir='ltr'><strong>ad</strong></span> 
     </span>
    </p>
   </div>
   <div class='ocr_carea' id='block_1_25' title="bbox 100 1988 1752 2072">
    <p class='ocr_par' dir='ltr' id='par_1_25' title="bbox 100 1988 1752 2072">
     <span class='ocr_line' id='line_1_25' title="bbox 100 1988 1752 2072; baseline 0 -29"><span class='ocrx_word' id='word_1_155' title='bbox 100 1988 780 2072; x_wconf 49' lang='lat' dir='ltr'><strong>Ecclesiamdtomanam.</strong></span> <span class='ocrx_word' id='word_1_156' title='bbox 826 1988 977 2072; x_wconf 84' lang='lat' dir='ltr'><strong>_Nam</strong></span> <span class='ocrx_word' id='word_1_157' title='bbox 1029 1994 1172 2048; x_wconf 87' lang='lat' dir='ltr'><strong>satis</strong></span> <span class='ocrx_word' id='word_1_158' title='bbox 1200 1998 1530 2072; x_wconf 80' lang='lat' dir='ltr'><strong>constatex</strong></span> <span class='ocrx_word' id='word_1_159' title='bbox 1568 1990 1752 2072; x_wconf 42' lang='lat' dir='ltr'><strong>decu-7</strong></span> 
     </span>
    </p>
   </div>
   <div class='ocr_carea' id='block_1_26' title="bbox 103 2062 1753 2145">
    <p class='ocr_par' dir='ltr' id='par_1_26' title="bbox 103 2062 1753 2145">
     <span class='ocr_line' id='line_1_26' title="bbox 103 2062 1753 2145; baseline 0.001 -30"><span class='ocrx_word' id='word_1_160' title='bbox 103 2062 303 2145; x_wconf 79' lang='lat' dir='ltr'><strong>mentis</strong></span> <span class='ocrx_word' id='word_1_161' title='bbox 336 2062 518 2118; x_wconf 87' lang='lat' dir='ltr'><strong>totius</strong></span> <span class='ocrx_word' id='word_1_162' title='bbox 543 2065 893 2145; x_wconf 68' lang='lat' dir='ltr'><strong>Occidentis,</strong></span> <span class='ocrx_word' id='word_1_163' title='bbox 921 2079 1018 2145; x_wconf 76' lang='lat' dir='ltr'><strong>per</strong></span> <span class='ocrx_word' id='word_1_164' title='bbox 1039 2072 1295 2145; x_wconf 75' lang='lat' dir='ltr'><strong>tractum</strong></span> <span class='ocrx_word' id='word_1_165' title='bbox 1320 2063 1753 2145; x_wconf 74' lang='lat' dir='ltr'><strong>continentiset</strong></span> 
     </span>
    </p>
   </div>
   <div class='ocr_carea' id='block_1_27' title="bbox 101 2132 1752 2203">
    <p class='ocr_par' dir='ltr' id='par_1_27' title="bbox 101 2132 1752 2203">
     <span class='ocr_line' id='line_1_27' title="bbox 101 2132 1752 2203; baseline 0.002 -18"><span class='ocrx_word' id='word_1_166' title='bbox 101 2132 440 2201; x_wconf 88' lang='lat' dir='ltr'><strong>insularum,</strong></span> <span class='ocrx_word' id='word_1_167' title='bbox 469 2136 886 2202; x_wconf 87' lang='lat' dir='ltr'><strong>patriarchatui</strong></span> <span class='ocrx_word' id='word_1_168' title='bbox 922 2132 1170 2190; x_wconf 81' lang='lat' dir='ltr'><strong>Romano</strong></span> <span class='ocrx_word' id='word_1_169' title='bbox 1211 2135 1552 2203; x_wconf 85' lang='lat' dir='ltr'><strong>subjectum,</strong></span> <span class='ocrx_word' id='word_1_170' title='bbox 1586 2133 1752 2189; x_wconf 87' lang='lat' dir='ltr'><strong>ordi-</strong></span> 
     </span>
    </p>
   </div>
   <div class='ocr_carea' id='block_1_28' title="bbox 103 2204 1751 2275">
    <p class='ocr_par' dir='ltr' id='par_1_28' title="bbox 103 2204 1751 2275">
     <span class='ocr_line' id='line_1_28' title="bbox 103 2204 1751 2275; baseline 0.002 -18"><span class='ocrx_word' id='word_1_171' title='bbox 103 2211 263 2259; x_wconf 89' lang='lat' dir='ltr'><strong>natos</strong></span> <span class='ocrx_word' id='word_1_172' title='bbox 307 2204 493 2260; x_wconf 77' lang='lat' dir='ltr'><strong>fuisse</strong></span> <span class='ocrx_word' id='word_1_173' title='bbox 549 2219 615 2260; x_wconf 91' lang='lat' dir='ltr'><strong>ac</strong></span> <span class='ocrx_word' id='word_1_174' title='bbox 675 2207 1049 2262; x_wconf 87' lang='lat' dir='ltr'><strong>transmissos</strong></span> <span class='ocrx_word' id='word_1_175' title='bbox 1099 2219 1131 2261; x_wconf 90' lang='lat' dir='ltr'><strong>a</strong></span> <span class='ocrx_word' id='word_1_176' title='bbox 1162 2207 1221 2259; x_wconf 93' lang='lat' dir='ltr'><strong>B.</strong></span> <span class='ocrx_word' id='word_1_177' title='bbox 1258 2207 1421 2261; x_wconf 88' lang='lat' dir='ltr'><strong>Petro</strong></span> <span class='ocrx_word' id='word_1_178' title='bbox 1450 2207 1751 2275; x_wconf 88' lang='lat' dir='ltr'><strong>episcopos</strong></span> 
     </span>
    </p>
   </div>
   <div class='ocr_carea' id='block_1_29' title="bbox 98 2277 1746 2401">
    <p class='ocr_par' dir='ltr' id='par_1_29' title="bbox 98 2277 1746 2401">
     <span class='ocr_line' id='line_1_29' title="bbox 98 2277 1746 2401; baseline 0.002 -73"><span class='ocrx_word' id='word_1_179' title='bbox 98 2277 499 2401; x_wconf 60' lang='lat' dir='ltr'><strong>qualrnplures:</strong></span> <span class='ocrx_word' id='word_1_180' title='bbox 542 2291 688 2346; x_wconf 89' lang='lat' dir='ltr'><strong>quos</strong></span> <span class='ocrx_word' id='word_1_181' title='bbox 727 2279 855 2333; x_wconf 90' lang='lat' dir='ltr'><strong>vide</strong></span> <span class='ocrx_word' id='word_1_182' title='bbox 888 2279 946 2333; x_wconf 92' lang='lat' dir='ltr'><strong>in</strong></span> <span class='ocrx_word' id='word_1_183' title='bbox 977 2280 1131 2334; x_wconf 92' lang='lat' dir='ltr'><strong>notis</strong></span> <span class='ocrx_word' id='word_1_184' title='bbox 1170 2277 1450 2345; x_wconf 89' lang='lat' dir='ltr'><strong>Ciaconii,</strong></span> <span class='ocrx_word' id='word_1_185' title='bbox 1478 2277 1746 2347; x_wconf 85' lang='lat' dir='ltr'><strong>Somier.,</strong></span> 
     </span>
     <span class='ocr_line' id='line_1_30' title="bbox 98 2349 439 2401; baseline 0.003 -3"><span class='ocrx_word' id='word_1_186' title='bbox 98 2352 188 2401; x_wconf 74' lang='lat' dir='ltr'><strong>tta</strong></span> <span class='ocrx_word' id='word_1_187' title='bbox 226 2349 439 2401; x_wconf 91' lang='lat' dir='ltr'><strong>iorum.</strong></span> 
     </span>
    </p>
   </div>
   <div class='ocr_carea' id='block_1_30' title="bbox 94 2349 439 2403">
    <p class='ocr_par' dir='ltr' id='par_1_30' title="bbox 94 2349 439 2403">
     <span class='ocr_line' id='line_1_31' title="bbox 94 2349 439 2403; baseline 0.003 -5"><span class='ocrx_word' id='word_1_188' title='bbox 94 2349 439 2403; x_wconf 81' lang='lat' dir='ltr'><strong>etaliorum.</strong></span> 
     </span>
    </p>
   </div>
   <div class='ocr_carea' id='block_1_31' title="bbox 155 2418 1750 2491">
    <p class='ocr_par' dir='ltr' id='par_1_31' title="bbox 155 2418 1750 2491">
     <span class='ocr_line' id='line_1_32' title="bbox 155 2418 1750 2491; baseline 0.004 -20"><span class='ocrx_word' id='word_1_189' title='bbox 155 2418 439 2473; x_wconf 84' lang='lat' dir='ltr'><strong>Referunt</strong></span> <span class='ocrx_word' id='word_1_190' title='bbox 484 2421 656 2475; x_wconf 90' lang='lat' dir='ltr'><strong>etiam</strong></span> <span class='ocrx_word' id='word_1_191' title='bbox 709 2421 935 2476; x_wconf 90' lang='lat' dir='ltr'><strong>codices</strong></span> <span class='ocrx_word' id='word_1_192' title='bbox 980 2422 1212 2491; x_wconf 81' lang='lat' dir='ltr'><strong>Regius.</strong></span> <span class='ocrx_word' id='word_1_193' title='bbox 1286 2421 1634 2491; x_wconf 86' lang='lat' dir='ltr'><strong>Mazarinus,</strong></span> <span class='ocrx_word' id='word_1_194' title='bbox 1693 2426 1750 2477; x_wconf 89' lang='lat' dir='ltr'><strong>et</strong></span> 
     </span>
    </p>
   </div>
   <div class='ocr_carea' id='block_1_32' title="bbox 94 2488 1748 2559">
    <p class='ocr_par' dir='ltr' id='par_1_32' title="bbox 94 2488 1748 2559">
     <span class='ocr_line' id='line_1_33' title="bbox 94 2488 1748 2559; baseline 0.004 -18"><span class='ocrx_word' id='word_1_195' title='bbox 94 2488 363 2544; x_wconf 90' lang='lat' dir='ltr'><strong>Thuanus</strong></span> <span class='ocrx_word' id='word_1_196' title='bbox 391 2491 821 2559; x_wconf 87' lang='lat' dir='ltr'><strong>disputationes</strong></span> <span class='ocrx_word' id='word_1_197' title='bbox 852 2506 883 2547; x_wconf 93' lang='lat' dir='ltr'><strong>a</strong></span> <span class='ocrx_word' id='word_1_198' title='bbox 914 2488 1088 2547; x_wconf 81' lang='lat' dir='ltr'><strong>Petro</strong></span> <span class='ocrx_word' id='word_1_199' title='bbox 1121 2493 1348 2548; x_wconf 87' lang='lat' dir='ltr'><strong>habitas</strong></span> <span class='ocrx_word' id='word_1_200' title='bbox 1391 2494 1459 2548; x_wconf 90' lang='lat' dir='ltr'><strong>ad</strong></span> <span class='ocrx_word' id='word_1_201' title='bbox 1491 2488 1748 2549; x_wconf 78' lang='lat' dir='ltr'><strong>SimOnis</strong></span> 
     </span>
    </p>
   </div>
   <div class='ocr_carea' id='block_1_33' title="bbox 94 2560 1749 2631">
    <p class='ocr_par' dir='ltr' id='par_1_33' title="bbox 94 2560 1749 2631">
     <span class='ocr_line' id='line_1_34' title="bbox 94 2560 1749 2631; baseline 0.004 -18"><span class='ocrx_word' id='word_1_202' title='bbox 94 2560 225 2627; x_wconf 79' lang='lat' dir='ltr'><strong>Magi</strong></span> <span class='ocrx_word' id='word_1_203' title='bbox 263 2562 505 2615; x_wconf 88' lang='lat' dir='ltr'><strong>technas</strong></span> <span class='ocrx_word' id='word_1_204' title='bbox 532 2563 950 2631; x_wconf 89' lang='lat' dir='ltr'><strong>dissolvendas,</strong></span> <span class='ocrx_word' id='word_1_205' title='bbox 985 2571 1042 2619; x_wconf 92' lang='lat' dir='ltr'><strong>et</strong></span> <span class='ocrx_word' id='word_1_206' title='bbox 1065 2571 1302 2619; x_wconf 90' lang='lat' dir='ltr'><strong>mortem</strong></span> <span class='ocrx_word' id='word_1_207' title='bbox 1324 2565 1614 2619; x_wconf 89' lang='lat' dir='ltr'><strong>divinitus</strong></span> <span class='ocrx_word' id='word_1_208' title='bbox 1646 2566 1749 2620; x_wconf 91' lang='lat' dir='ltr'><strong>im-</strong></span> 
     </span>
    </p>
   </div>
   <div class='ocr_carea' id='block_1_34' title="bbox 96 2632 1744 2705">
    <p class='ocr_par' dir='ltr' id='par_1_34' title="bbox 96 2632 1744 2705">
     <span class='ocr_line' id='line_1_35' title="bbox 96 2632 1744 2705; baseline 0.004 -21"><span class='ocrx_word' id='word_1_209' title='bbox 96 2632 315 2705; x_wconf 82' lang='lat' dir='ltr'><strong>missum</strong></span> <span class='ocrx_word' id='word_1_210' title='bbox 357 2634 539 2705; x_wconf 77' lang='lat' dir='ltr'><strong>Mago,</strong></span> <span class='ocrx_word' id='word_1_211' title='bbox 574 2642 828 2689; x_wconf 84' lang='lat' dir='ltr'><strong>avertere</strong></span> <span class='ocrx_word' id='word_1_212' title='bbox 856 2636 1084 2689; x_wconf 87' lang='lat' dir='ltr'><strong>curanti</strong></span> <span class='ocrx_word' id='word_1_213' title='bbox 1120 2637 1431 2690; x_wconf 81' lang='lat' dir='ltr'><strong>Romanum</strong></span> <span class='ocrx_word' id='word_1_214' title='bbox 1469 2637 1744 2705; x_wconf 87' lang='lat' dir='ltr'><strong>pepulum</strong></span> 
     </span>
    </p>
   </div>
   <div class='ocr_carea' id='block_1_35' title="bbox 93 2701 1748 2775">
    <p class='ocr_par' dir='ltr' id='par_1_35' title="bbox 93 2701 1748 2775">
     <span class='ocr_line' id='line_1_36' title="bbox 93 2701 1748 2775; baseline 0.004 -20"><span class='ocrx_word' id='word_1_215' title='bbox 93 2701 153 2755; x_wconf 87' lang='lat' dir='ltr'><strong>ab</strong></span> <span class='ocrx_word' id='word_1_216' title='bbox 181 2701 502 2772; x_wconf 82' lang='lat' dir='ltr'><strong>apostolica</strong></span> <span class='ocrx_word' id='word_1_217' title='bbox 518 2706 784 2761; x_wconf 90' lang='lat' dir='ltr'><strong>doctrina</strong></span> <span class='ocrx_word' id='word_1_218' title='bbox 812 2707 1203 2775; x_wconf 89' lang='lat' dir='ltr'><strong>suscipienda.</strong></span> <span class='ocrx_word' id='word_1_219' title='bbox 1229 2707 1412 2773; x_wconf 84' lang='lat' dir='ltr'><strong>Hujus</strong></span> <span class='ocrx_word' id='word_1_220' title='bbox 1439 2701 1522 2761; x_wconf 84' lang='lat' dir='ltr'><strong>rei</strong></span> <span class='ocrx_word' id='word_1_221' title='bbox 1546 2701 1748 2762; x_wconf 61' lang='lat' dir='ltr'><strong>&#39;memi-</strong></span> 
     </span>
    </p>
   </div>
   <div class='ocr_carea' id='block_1_36' title="bbox 95 2775 1741 2849">
    <p class='ocr_par' dir='ltr' id='par_1_36' title="bbox 95 2775 1741 2849">
     <span class='ocr_line' id='line_1_37' title="bbox 95 2775 1741 2849; baseline 0.004 -22"><span class='ocrx_word' id='word_1_222' title='bbox 95 2781 291 2849; x_wconf 76' lang='lat' dir='ltr'><strong>nerunt</strong></span> <span class='ocrx_word' id='word_1_223' title='bbox 320 2776 591 2849; x_wconf 77' lang='lat' dir='ltr'><strong>Justinus</strong></span> <span class='ocrx_word' id='word_1_224' title='bbox 643 2777 699 2831; x_wconf 93' lang='lat' dir='ltr'><strong>in</strong></span> <span class='ocrx_word' id='word_1_225' title='bbox 738 2777 983 2849; x_wconf 12' lang='lat' dir='ltr'><strong>iApOIOg.</strong></span> <span class='ocrx_word' id='word_1_226' title='bbox 1034 2776 1088 2847; x_wconf 75' lang='grc'><strong>2,</strong></span> <span class='ocrx_word' id='word_1_227' title='bbox 1130 2775 1414 2849; x_wconf 56' lang='grc' dir='ltr'><strong>εροῐτβιίς</strong></span> <span class='ocrx_word' id='word_1_228' title='bbox 1475 2781 1741 2845; x_wconf 81' lang='lat' dir='ltr'><strong>tremens,</strong></span> 
     </span>
    </p>
   </div>
   <div class='ocr_carea' id='block_1_37' title="bbox 96 2842 1739 2919">
    <p class='ocr_par' dir='ltr' id='par_1_37' title="bbox 96 2842 1739 2919">
     <span class='ocr_line' id='line_1_38' title="bbox 96 2842 1739 2919; baseline 0.004 -23"><span class='ocrx_word' id='word_1_229' title='bbox 96 2842 183 2919; x_wconf 89' lang='lat' dir='ltr'><strong>lib.</strong></span> <span class='ocrx_word' id='word_1_230' title='bbox 222 2859 257 2914; x_wconf 72' lang='grc' dir='ltr'><strong>ι,</strong></span> <span class='ocrx_word' id='word_1_231' title='bbox 287 2859 416 2919; x_wconf 68' lang='lat' dir='ltr'><strong>cap.</strong></span> <span class='ocrx_word' id='word_1_232' title='bbox 446 2845 552 2917; x_wconf 69' lang='lat'><strong>20;</strong></span> <span class='ocrx_word' id='word_1_233' title='bbox 584 2842 813 2919; x_wconf 71' lang='lat' dir='ltr'><strong>Euseb,</strong></span> <span class='ocrx_word' id='word_1_234' title='bbox 849 2842 961 2904; x_wconf 48' lang='lat' dir='ltr'><strong>lib:</strong></span> <span class='ocrx_word' id='word_1_235' title='bbox 998 2842 1214 2919; x_wconf 54' lang='lat' dir='ltr'><strong>n,&#39;cap.</strong></span> <span class='ocrx_word' id='word_1_236' title='bbox 1251 2848 1336 2905; x_wconf 83' lang='lat' dir='ltr'><strong>l3.</strong></span> <span class='ocrx_word' id='word_1_237' title='bbox 1375 2842 1512 2905; x_wconf 83' lang='lat' dir='ltr'><strong>Vide</strong></span> <span class='ocrx_word' id='word_1_238' title='bbox 1539 2842 1739 2905; x_wconf 74' lang='lat' dir='ltr'><strong>Baron.</strong></span> 
     </span>
    </p>
   </div>
   <div class='ocr_carea' id='block_1_38' title="bbox 98 2860 1743 2993">
    <p class='ocr_par' dir='ltr' id='par_1_38' title="bbox 98 2860 1743 2993">
     <span class='ocr_line' id='line_1_39' title="bbox 98 2860 1739 2919; baseline 0.004 -23"><span class='ocrx_word' id='word_1_239' title='bbox 98 2860 183 2897; x_wconf 87' lang='lat' dir='ltr'><strong>nu.</strong></span> <span class='ocrx_word' id='word_1_240' title='bbox 222 2860 257 2914; x_wconf 73' lang='grc' dir='ltr'><strong>ι,</strong></span> <span class='ocrx_word' id='word_1_241' title='bbox 287 2860 353 2900; x_wconf 87' lang='lat' dir='ltr'><strong>ea</strong></span> <span class='ocrx_word' id='word_1_242' title='bbox 404 2888 416 2900; x_wconf 95' lang='lat'><strong>.</strong></span> <span class='ocrx_word' id='word_1_243' title='bbox 446 2860 552 2917; x_wconf 70' lang='lat' dir='ltr'><strong>zu;</strong></span> <span class='ocrx_word' id='word_1_244' title='bbox 585 2860 770 2903; x_wconf 72' lang='lat' dir='ltr'><strong>uusep</strong></span> <span class='ocrx_word' id='word_1_245' title='bbox 801 2890 813 2917; x_wconf 90' lang='lat'><strong>,</strong></span> <span class='ocrx_word' id='word_1_246' title='bbox 849 2860 954 2904; x_wconf 83' lang='lat' dir='ltr'><strong>lib.</strong></span> <span class='ocrx_word' id='word_1_247' title='bbox 998 2863 1057 2915; x_wconf 81' lang='grc' dir='ltr'><strong>ιι,</strong></span> <span class='ocrx_word' id='word_1_248' title='bbox 1089 2863 1214 2919; x_wconf 90' lang='lat' dir='ltr'><strong>cap.</strong></span> <span class='ocrx_word' id='word_1_249' title='bbox 1251 2860 1336 2905; x_wconf 69' lang='grc' dir='ltr'><strong>ιδ.</strong></span> <span class='ocrx_word' id='word_1_250' title='bbox 1378 2860 1512 2905; x_wconf 85' lang='lat' dir='ltr'><strong>Vide</strong></span> <span class='ocrx_word' id='word_1_251' title='bbox 1540 2860 1739 2905; x_wconf 78' lang='lat' dir='ltr'><strong>Baron.</strong></span> 
     </span>
     <span class='ocr_line' id='line_1_40' title="bbox 98 2860 1743 2993; baseline 0.005 -26"><span class='ocrx_word' id='word_1_252' title='bbox 98 2917 326 2993; x_wconf 54' lang='lat' dir='ltr'><strong>manu.</strong></span> <span class='ocrx_word' id='word_1_253' title='bbox 354 2860 443 2984; x_wconf 51' lang='lat' dir='ltr'><strong>ri,</strong></span> <span class='ocrx_word' id='word_1_254' title='bbox 479 2933 535 2974; x_wconf 94' lang='lat' dir='ltr'><strong>n.</strong></span> <span class='ocrx_word' id='word_1_255' title='bbox 591 2917 768 2993; x_wconf 23' lang='lat' dir='ltr'><strong>l3,‘e_t</strong></span> <span class='ocrx_word' id='word_1_256' title='bbox 795 2922 1093 2976; x_wconf 90' lang='lat' dir='ltr'><strong>Sommier.</strong></span> <span class='ocrx_word' id='word_1_257' title='bbox 1144 2922 1288 2976; x_wconf 86' lang='lat' dir='ltr'><strong>Hist.</strong></span> <span class='ocrx_word' id='word_1_258' title='bbox 1317 2921 1658 2993; x_wconf 70' lang='lat' dir='ltr'><strong>dogmaticte</strong></span> <span class='ocrx_word' id='word_1_259' title='bbox 1687 2922 1743 2976; x_wconf 85' lang='lat' dir='ltr'><strong>S.</strong></span> 
     </span>
    </p>
   </div>
   <div class='ocr_carea' id='block_1_39' title="bbox 97 2988 792 3061">
    <p class='ocr_par' dir='ltr' id='par_1_39' title="bbox 97 2988 792 3061">
     <span class='ocr_line' id='line_1_41' title="bbox 97 2988 792 3061; baseline 0.007 -21"><span class='ocrx_word' id='word_1_260' title='bbox 97 2988 238 3042; x_wconf 88' lang='lat' dir='ltr'><strong>sedis</strong></span> <span class='ocrx_word' id='word_1_261' title='bbox 265 2989 422 3044; x_wconf 91' lang='lat' dir='ltr'><strong>libro</strong></span> <span class='ocrx_word' id='word_1_262' title='bbox 444 3004 480 3047; x_wconf 88' lang='grc' dir='ltr'><strong>ι.</strong></span> <span class='ocrx_word' id='word_1_263' title='bbox 519 3005 644 3061; x_wconf 85' lang='lat' dir='ltr'><strong>pag.</strong></span> <span class='ocrx_word' id='word_1_264' title='bbox 672 2989 792 3047; x_wconf 74' lang='grc'><strong>405.</strong></span> 
     </span>
    </p>
   </div>
   <div class='ocr_carea' id='block_1_40' title="bbox 160 3061 1748 3120">
    <p class='ocr_par' dir='ltr' id='par_1_40' title="bbox 160 3061 1748 3120">
     <span class='ocr_line' id='line_1_42' title="bbox 160 3061 1748 3120; baseline 0.004 -7"><span class='ocrx_word' id='word_1_265' title='bbox 160 3061 214 3115; x_wconf 90' lang='lat' dir='ltr'><strong>lu</strong></span> <span class='ocrx_word' id='word_1_266' title='bbox 249 3061 460 3116; x_wconf 89' lang='lat' dir='ltr'><strong>iisdem</strong></span> <span class='ocrx_word' id='word_1_267' title='bbox 488 3063 792 3119; x_wconf 88' lang='lat' dir='ltr'><strong>codicibus</strong></span> <span class='ocrx_word' id='word_1_268' title='bbox 818 3069 1166 3120; x_wconf 88' lang='lat' dir='ltr'><strong>memoratur</strong></span> <span class='ocrx_word' id='word_1_269' title='bbox 1190 3062 1496 3120; x_wconf 89' lang='lat' dir='ltr'><strong>Clementis</strong></span> <span class='ocrx_word' id='word_1_270' title='bbox 1518 3065 1748 3120; x_wconf 88' lang='lat' dir='ltr'><strong>ordina-</strong></span> 
     </span>
    </p>
   </div>
   <div class='ocr_carea' id='block_1_41' title="bbox 97 3130 1746 3205">
    <p class='ocr_par' dir='ltr' id='par_1_41' title="bbox 97 3130 1746 3205">
     <span class='ocr_line' id='line_1_43' title="bbox 97 3130 1746 3205; baseline 0.005 -24"><span class='ocrx_word' id='word_1_271' title='bbox 97 3130 170 3185; x_wconf 90' lang='lat' dir='ltr'><strong>tio</strong></span> <span class='ocrx_word' id='word_1_272' title='bbox 220 3133 505 3200; x_wconf 90' lang='lat' dir='ltr'><strong>peculiari</strong></span> <span class='ocrx_word' id='word_1_273' title='bbox 554 3133 802 3190; x_wconf 85' lang='lat' dir='ltr'><strong>formula</strong></span> <span class='ocrx_word' id='word_1_274' title='bbox 858 3136 938 3190; x_wconf 91' lang='lat' dir='ltr'><strong>ita</strong></span> <span class='ocrx_word' id='word_1_275' title='bbox 966 3136 1275 3205; x_wconf 91' lang='lat' dir='ltr'><strong>descripta.</strong></span> <span class='ocrx_word' id='word_1_276' title='bbox 1314 3155 1340 3188; x_wconf 81' lang='grc' dir='ltr'><strong>α</strong></span> <span class='ocrx_word' id='word_1_277' title='bbox 1387 3138 1589 3191; x_wconf 90' lang='lat' dir='ltr'><strong>Petrus</strong></span> <span class='ocrx_word' id='word_1_278' title='bbox 1614 3149 1746 3190; x_wconf 88' lang='lat' dir='ltr'><strong>vero</strong></span> 
     </span>
    </p>
   </div>
   <div class='ocr_carea' id='block_1_42' title="bbox 96 3205 1748 3273">
    <p class='ocr_par' dir='ltr' id='par_1_42' title="bbox 96 3205 1748 3273">
     <span class='ocr_line' id='line_1_44' title="bbox 96 3205 1748 3273; baseline 0.005 -19"><span class='ocrx_word' id='word_1_279' title='bbox 96 3205 339 3259; x_wconf 85' lang='lat' dir='ltr'><strong>sentiens</strong></span> <span class='ocrx_word' id='word_1_280' title='bbox 358 3206 515 3260; x_wconf 90' lang='lat' dir='ltr'><strong>diem</strong></span> <span class='ocrx_word' id='word_1_281' title='bbox 545 3207 748 3261; x_wconf 89' lang='lat' dir='ltr'><strong>mortis</strong></span> <span class='ocrx_word' id='word_1_282' title='bbox 764 3207 879 3263; x_wconf 89' lang='lat' dir='ltr'><strong>sibi</strong></span> <span class='ocrx_word' id='word_1_283' title='bbox 910 3209 1230 3267; x_wconf 83' lang='lat' dir='ltr'><strong>imminere,</strong></span> <span class='ocrx_word' id='word_1_284' title='bbox 1249 3207 1593 3263; x_wconf 90' lang='lat' dir='ltr'><strong>Clementem</strong></span> <span class='ocrx_word' id='word_1_285' title='bbox 1616 3209 1748 3273; x_wconf 91' lang='lat' dir='ltr'><strong>epi—</strong></span> 
     </span>
    </p>
   </div>
   <div class='ocr_carea' id='block_1_43' title="bbox 95 3279 1745 3349">
    <p class='ocr_par' dir='ltr' id='par_1_43' title="bbox 95 3279 1745 3349">
     <span class='ocr_line' id='line_1_45' title="bbox 95 3279 1745 3349; baseline 0.005 -23"><span class='ocrx_word' id='word_1_286' title='bbox 95 3286 317 3349; x_wconf 80' lang='lat' dir='ltr'><strong>scOpum</strong></span> <span class='ocrx_word' id='word_1_287' title='bbox 369 3279 752 3344; x_wconf 85' lang='lat' dir='ltr'><strong>consecravit,</strong></span> <span class='ocrx_word' id='word_1_288' title='bbox 800 3280 970 3349; x_wconf 89' lang='lat' dir='ltr'><strong>eique</strong></span> <span class='ocrx_word' id='word_1_289' title='bbox 1009 3280 1358 3345; x_wconf 86' lang='lat' dir='ltr'><strong>cathedram,</strong></span> <span class='ocrx_word' id='word_1_290' title='bbox 1413 3280 1496 3334; x_wconf 91' lang='lat' dir='ltr'><strong>vel</strong></span> <span class='ocrx_word' id='word_1_291' title='bbox 1545 3280 1745 3334; x_wconf 89' lang='lat' dir='ltr'><strong>Eccle—</strong></span> 
     </span>
    </p>
   </div>
   <div class='ocr_carea' id='block_1_44' title="bbox 96 3345 1746 3418">
    <p class='ocr_par' dir='ltr' id='par_1_44' title="bbox 96 3345 1746 3418">
     <span class='ocr_line' id='line_1_46' title="bbox 96 3345 1746 3418; baseline 0.006 -23"><span class='ocrx_word' id='word_1_292' title='bbox 96 3345 224 3418; x_wconf 80' lang='lat' dir='ltr'><strong>siam</strong></span> <span class='ocrx_word' id='word_1_293' title='bbox 251 3361 482 3403; x_wconf 91' lang='lat' dir='ltr'><strong>omnem</strong></span> <span class='ocrx_word' id='word_1_294' title='bbox 512 3345 926 3418; x_wconf 81' lang='lat' dir='ltr'><strong>disponendam</strong></span> <span class='ocrx_word' id='word_1_295' title='bbox 977 3350 1289 3412; x_wconf 85' lang='lat' dir='ltr'><strong>commisit,</strong></span> <span class='ocrx_word' id='word_1_296' title='bbox 1321 3350 1552 3405; x_wconf 88' lang='lat' dir='ltr'><strong>dicens:</strong></span> <span class='ocrx_word' id='word_1_297' title='bbox 1583 3351 1746 3406; x_wconf 90' lang='lat' dir='ltr'><strong>Sicut</strong></span> 
     </span>
    </p>
   </div>
   <div class='ocr_carea' id='block_1_45' title="bbox 97 3416 1744 3489">
    <p class='ocr_par' dir='ltr' id='par_1_45' title="bbox 97 3416 1744 3489">
     <span class='ocr_line' id='line_1_47' title="bbox 97 3416 1744 3489; baseline 0.005 -20"><span class='ocrx_word' id='word_1_298' title='bbox 97 3416 224 3489; x_wconf 79' lang='lat' dir='ltr'><strong>mihi</strong></span> <span class='ocrx_word' id='word_1_299' title='bbox 255 3418 483 3489; x_wconf 78' lang='lat' dir='ltr'><strong>ligandi</strong></span> <span class='ocrx_word' id='word_1_300' title='bbox 517 3428 572 3476; x_wconf 91' lang='lat' dir='ltr'><strong>et</strong></span> <span class='ocrx_word' id='word_1_301' title='bbox 601 3416 864 3478; x_wconf 86' lang='lat' dir='ltr'><strong>solvendi</strong></span> <span class='ocrx_word' id='word_1_302' title='bbox 908 3424 1120 3477; x_wconf 89' lang='lat' dir='ltr'><strong>tradita</strong></span> <span class='ocrx_word' id='word_1_303' title='bbox 1161 3429 1248 3477; x_wconf 91' lang='lat' dir='ltr'><strong>est</strong></span> <span class='ocrx_word' id='word_1_304' title='bbox 1283 3435 1315 3475; x_wconf 92' lang='lat' dir='ltr'><strong>a</strong></span> <span class='ocrx_word' id='word_1_305' title='bbox 1344 3423 1589 3477; x_wconf 91' lang='lat' dir='ltr'><strong>Domino</strong></span> <span class='ocrx_word' id='word_1_306' title='bbox 1622 3436 1744 3478; x_wconf 90' lang='lat' dir='ltr'><strong>meo</strong></span> 
     </span>
    </p>
   </div>
   <div class='ocr_carea' id='block_1_46' title="bbox 91 3486 1745 3561">
    <p class='ocr_par' dir='ltr' id='par_1_46' title="bbox 91 3486 1745 3561">
     <span class='ocr_line' id='line_1_48' title="bbox 91 3486 1745 3561; baseline 0.006 -23"><span class='ocrx_word' id='word_1_307' title='bbox 91 3486 205 3561; x_wconf 78' lang='lat' dir='ltr'><strong>Jest:</strong></span> <span class='ocrx_word' id='word_1_308' title='bbox 231 3486 471 3546; x_wconf 80' lang='lat' dir='ltr'><strong>Christo</strong></span> <span class='ocrx_word' id='word_1_309' title='bbox 501 3500 769 3561; x_wconf 88' lang='lat' dir='ltr'><strong>potestas,</strong></span> <span class='ocrx_word' id='word_1_310' title='bbox 805 3493 881 3549; x_wconf 88' lang='lat' dir='ltr'><strong>ita</strong></span> <span class='ocrx_word' id='word_1_311' title='bbox 930 3500 988 3549; x_wconf 90' lang='lat' dir='ltr'><strong>et</strong></span> <span class='ocrx_word' id='word_1_312' title='bbox 1012 3508 1115 3561; x_wconf 79' lang='lat' dir='ltr'><strong>ego</strong></span> <span class='ocrx_word' id='word_1_313' title='bbox 1161 3491 1270 3547; x_wconf 89' lang='lat' dir='ltr'><strong>tibi</strong></span> <span class='ocrx_word' id='word_1_314' title='bbox 1303 3494 1627 3557; x_wconf 85' lang='lat' dir='ltr'><strong>committo,</strong></span> <span class='ocrx_word' id='word_1_315' title='bbox 1683 3500 1745 3548; x_wconf 91' lang='lat' dir='ltr'><strong>ut</strong></span> 
     </span>
    </p>
   </div>
   <div class='ocr_carea' id='block_1_47' title="bbox 93 3560 1746 3634">
    <p class='ocr_par' dir='ltr' id='par_1_47' title="bbox 93 3560 1746 3634">
     <span class='ocr_line' id='line_1_49' title="bbox 93 3560 1746 3634; baseline 0.005 -23"><span class='ocrx_word' id='word_1_316' title='bbox 93 3560 311 3617; x_wconf 88' lang='lat' dir='ltr'><strong>ordines</strong></span> <span class='ocrx_word' id='word_1_317' title='bbox 335 3564 722 3631; x_wconf 91' lang='lat' dir='ltr'><strong>dispositores</strong></span> <span class='ocrx_word' id='word_1_318' title='bbox 737 3560 1096 3621; x_wconf 86' lang='lat' dir='ltr'><strong>diversarum</strong></span> <span class='ocrx_word' id='word_1_319' title='bbox 1119 3577 1445 3634; x_wconf 81' lang='lat' dir='ltr'><strong>causarum,</strong></span> <span class='ocrx_word' id='word_1_320' title='bbox 1482 3579 1580 3634; x_wconf 91' lang='lat' dir='ltr'><strong>per</strong></span> <span class='ocrx_word' id='word_1_321' title='bbox 1601 3578 1746 3634; x_wconf 87' lang='lat' dir='ltr'><strong>quos</strong></span> 
     </span>
    </p>
   </div>
   <div class='ocr_carea' id='block_1_48' title="bbox 91 3632 1748 3708">
    <p class='ocr_par' dir='ltr' id='par_1_48' title="bbox 91 3632 1748 3708">
     <span class='ocr_line' id='line_1_50' title="bbox 91 3632 1748 3708; baseline 0.004 -23"><span class='ocrx_word' id='word_1_322' title='bbox 91 3638 242 3688; x_wconf 80' lang='lat' dir='ltr'><strong>actus</strong></span> <span class='ocrx_word' id='word_1_323' title='bbox 289 3635 731 3708; x_wconf 86' lang='lat' dir='ltr'><strong>ecclesiasticus</strong></span> <span class='ocrx_word' id='word_1_324' title='bbox 758 3637 1072 3708; x_wconf 74' lang='lat' dir='ltr'><strong>dirigetur,</strong></span> <span class='ocrx_word' id='word_1_325' title='bbox 1101 3656 1126 3686; x_wconf 75' lang='grc' dir='ltr'><strong>ι)</strong></span> <span class='ocrx_word' id='word_1_326' title='bbox 1160 3641 1247 3692; x_wconf 90' lang='lat' dir='ltr'><strong>etc</strong></span> <span class='ocrx_word' id='word_1_327' title='bbox 1300 3632 1522 3708; x_wconf 82' lang='lat' dir='ltr'><strong>Quade</strong></span> <span class='ocrx_word' id='word_1_328' title='bbox 1552 3632 1748 3704; x_wconf 66' lang='lat' dir='ltr'><strong>reop-</strong></span> 
     </span>
    </p>
   </div>
   <div class='ocr_carea' id='block_1_49' title="bbox 92 3706 1746 3768">
    <p class='ocr_par' dir='ltr' id='par_1_49' title="bbox 92 3706 1746 3768">
     <span class='ocr_line' id='line_1_51' title="bbox 92 3706 1746 3768; baseline 0.004 -13"><span class='ocrx_word' id='word_1_329' title='bbox 92 3706 388 3768; x_wconf 88' lang='lat' dir='ltr'><strong>portunior</strong></span> <span class='ocrx_word' id='word_1_330' title='bbox 417 3708 781 3765; x_wconf 78' lang='lat' dir='ltr'><strong>eritdicendi</strong></span> <span class='ocrx_word' id='word_1_331' title='bbox 816 3706 983 3765; x_wconf 79' lang='lat' dir='ltr'><strong>loeus</strong></span> <span class='ocrx_word' id='word_1_332' title='bbox 1013 3707 1071 3762; x_wconf 92' lang='lat' dir='ltr'><strong>in</strong></span> <span class='ocrx_word' id='word_1_333' title='bbox 1116 3707 1270 3763; x_wconf 90' lang='lat' dir='ltr'><strong>notis</strong></span> <span class='ocrx_word' id='word_1_334' title='bbox 1295 3708 1364 3762; x_wconf 90' lang='lat' dir='ltr'><strong>ad</strong></span> <span class='ocrx_word' id='word_1_335' title='bbox 1394 3707 1581 3762; x_wconf 88' lang='lat' dir='ltr'><strong>Vitam</strong></span> <span class='ocrx_word' id='word_1_336' title='bbox 1613 3707 1746 3762; x_wconf 90' lang='lat' dir='ltr'><strong>Cle-</strong></span> 
     </span>
    </p>
   </div>
   <div class='ocr_carea' id='block_1_50' title="bbox 93 3778 701 3831">
    <p class='ocr_par' dir='ltr' id='par_1_50' title="bbox 93 3778 701 3831">
     <span class='ocr_line' id='line_1_52' title="bbox 93 3778 701 3831; baseline 0.013 -6"><span class='ocrx_word' id='word_1_337' title='bbox 93 3778 307 3831; x_wconf 90' lang='lat' dir='ltr'><strong>mentis.</strong></span> <span class='ocrx_word' id='word_1_338' title='bbox 688 3804 701 3809; x_wconf 63' lang='grc' dir='ltr'><strong>ι</strong></span> 
     </span>
    </p>
   </div>
   <div class='ocr_carea' id='block_1_51' title="bbox 152 3846 1743 3909">
    <p class='ocr_par' dir='ltr' id='par_1_51' title="bbox 152 3846 1743 3909">
     <span class='ocr_line' id='line_1_53' title="bbox 152 3846 1743 3909; baseline 0.003 -11"><span class='ocrx_word' id='word_1_339' title='bbox 152 3846 317 3903; x_wconf 81' lang='lat' dir='ltr'><strong>Linea</strong></span> <span class='ocrx_word' id='word_1_340' title='bbox 376 3846 469 3905; x_wconf 78' lang='grc'><strong>40.</strong></span> <span class='ocrx_word' id='word_1_341' title='bbox 518 3882 588 3891; x_wconf 89' lang='grc'><strong>--</strong></span> <span class='ocrx_word' id='word_1_342' title='bbox 642 3853 822 3907; x_wconf 83' lang='lat' dir='ltr'><strong>Annis</strong></span> <span class='ocrx_word' id='word_1_343' title='bbox 869 3849 966 3909; x_wconf 90' lang='lat'><strong>38.</strong></span> <span class='ocrx_word' id='word_1_344' title='bbox 1006 3853 1235 3906; x_wconf 87' lang='lat' dir='ltr'><strong>Exacte.</strong></span> <span class='ocrx_word' id='word_1_345' title='bbox 1268 3851 1436 3906; x_wconf 74' lang='lat' dir='ltr'><strong>Juxta</strong></span> <span class='ocrx_word' id='word_1_346' title='bbox 1489 3858 1743 3907; x_wconf 90' lang='lat' dir='ltr'><strong>nostram</strong></span> 
     </span>
    </p>
   </div>
   <div class='ocr_carea' id='block_1_52' title="bbox 92 3916 1745 4004">
    <p class='ocr_par' dir='ltr' id='par_1_52' title="bbox 92 3916 1745 4004">
     <span class='ocr_line' id='line_1_54' title="bbox 92 3916 1745 4004; baseline 0.019 -36"><span class='ocrx_word' id='word_1_347' title='bbox 92 3916 516 4004; x_wconf 58' lang='lat' dir='ltr'><strong>cliropologiam</strong></span> <span class='ocrx_word' id='word_1_348' title='bbox 563 3925 1003 4004; x_wconf 57' lang='lat' dir='ltr'><strong>aiino_vuigaii§</strong></span> <span class='ocrx_word' id='word_1_349' title='bbox 1028 3936 1155 4004; x_wconf 66' lang='lat' dir='ltr'><strong>terte</strong></span> <span class='ocrx_word' id='word_1_350' title='bbox 1194 3920 1265 3977; x_wconf 68' lang='grc'><strong>20</strong></span> <span class='ocrx_word' id='word_1_351' title='bbox 1310 3937 1512 4004; x_wconf 64' lang='grc' dir='ltr'><strong>Ρδδδιέδ</strong></span> <span class='ocrx_word' id='word_1_352' title='bbox 1542 3923 1745 4004; x_wconf 58' lang='lat' dir='ltr'><strong>Domi:</strong></span> 
     </span>
    </p>
   </div>
   <div class='ocr_carea' id='block_1_53' title="bbox 92 3988 1748 4062">
    <p class='ocr_par' dir='ltr' id='par_1_53' title="bbox 92 3988 1748 4062">
     <span class='ocr_line' id='line_1_55' title="bbox 92 3988 1748 4062; baseline 0.004 -21"><span class='ocrx_word' id='word_1_353' title='bbox 92 3997 187 4062; x_wconf 66' lang='lat' dir='ltr'><strong>[ius</strong></span> <span class='ocrx_word' id='word_1_354' title='bbox 219 3988 290 4047; x_wconf 67' lang='lat'><strong>233</strong></span> <span class='ocrx_word' id='word_1_355' title='bbox 319 3988 543 4049; x_wconf 52' lang='lat' dir='ltr'><strong>M&#39;artii.</strong></span> <span class='ocrx_word' id='word_1_356' title='bbox 588 3995 740 4051; x_wconf 86' lang='lat' dir='ltr'><strong>Anni</strong></span> <span class='ocrx_word' id='word_1_357' title='bbox 786 3988 875 4050; x_wconf 81' lang='lat' dir='ltr'><strong>3T</strong></span> <span class='ocrx_word' id='word_1_358' title='bbox 899 4010 931 4051; x_wconf 89' lang='lat' dir='ltr'><strong>a</strong></span> <span class='ocrx_word' id='word_1_359' title='bbox 968 3996 1241 4050; x_wconf 80' lang='lat' dir='ltr'><strong>Passieno</strong></span> <span class='ocrx_word' id='word_1_360' title='bbox 1288 3988 1652 4062; x_wconf 82' lang='lat' dir='ltr'><strong>complentur</strong></span> <span class='ocrx_word' id='word_1_361' title='bbox 1676 3990 1748 4047; x_wconf 73' lang='lat'><strong>25</strong></span> 
     </span>
    </p>
   </div>
   <div class='ocr_carea' id='block_1_54' title="bbox 92 4059 1749 4135">
    <p class='ocr_par' dir='ltr' id='par_1_54' title="bbox 92 4059 1749 4135">
     <span class='ocr_line' id='line_1_56' title="bbox 92 4059 1749 4135; baseline 0.004 -23"><span class='ocrx_word' id='word_1_362' title='bbox 92 4059 262 4135; x_wconf 81' lang='lat' dir='ltr'><strong>Martii</strong></span> <span class='ocrx_word' id='word_1_363' title='bbox 298 4078 457 4121; x_wconf 91' lang='lat' dir='ltr'><strong>anno</strong></span> <span class='ocrx_word' id='word_1_364' title='bbox 486 4066 637 4135; x_wconf 83' lang='lat' dir='ltr'><strong>vulg.</strong></span> <span class='ocrx_word' id='word_1_365' title='bbox 672 4081 799 4122; x_wconf 69' lang='lat' dir='ltr'><strong>serte</strong></span> <span class='ocrx_word' id='word_1_366' title='bbox 821 4064 908 4123; x_wconf 82' lang='grc'><strong>65.</strong></span> <span class='ocrx_word' id='word_1_367' title='bbox 957 4066 1259 4121; x_wconf 90' lang='lat' dir='ltr'><strong>Trimestri</strong></span> <span class='ocrx_word' id='word_1_368' title='bbox 1288 4059 1477 4135; x_wconf 85' lang='lat' dir='ltr'><strong>spatio</strong></span> <span class='ocrx_word' id='word_1_369' title='bbox 1508 4066 1645 4121; x_wconf 88' lang='lat' dir='ltr'><strong>anni</strong></span> <span class='ocrx_word' id='word_1_370' title='bbox 1679 4064 1749 4119; x_wconf 82' lang='grc'>38</span> 
     </span>
    </p>
   </div>
   <div class='ocr_carea' id='block_1_55' title="bbox 94 4132 1748 4206">
    <p class='ocr_par' dir='ltr' id='par_1_55' title="bbox 94 4132 1748 4206">
     <span class='ocr_line' id='line_1_57' title="bbox 94 4132 1748 4206; baseline 0.004 -21"><span class='ocrx_word' id='word_1_371' title='bbox 94 4133 327 4205; x_wconf 79' lang='lat' dir='ltr'><strong>evoluta,</strong></span> <span class='ocrx_word' id='word_1_372' title='bbox 361 4151 568 4206; x_wconf 86' lang='lat' dir='ltr'><strong>nempe</strong></span> <span class='ocrx_word' id='word_1_373' title='bbox 593 4132 686 4193; x_wconf 47' lang='lat'><strong>’28</strong></span> <span class='ocrx_word' id='word_1_374' title='bbox 735 4140 895 4195; x_wconf 88' lang='lat' dir='ltr'><strong>Junii</strong></span> <span class='ocrx_word' id='word_1_375' title='bbox 926 4138 1066 4195; x_wconf 90' lang='lat' dir='ltr'><strong>anni</strong></span> <span class='ocrx_word' id='word_1_376' title='bbox 1115 4134 1186 4193; x_wconf 80' lang='grc'>65</span> <span class='ocrx_word' id='word_1_377' title='bbox 1216 4132 1418 4193; x_wconf 85' lang='lat' dir='ltr'><strong>Petrus</strong></span> <span class='ocrx_word' id='word_1_378' title='bbox 1448 4143 1505 4193; x_wconf 89' lang='lat' dir='ltr'><strong>et</strong></span> <span class='ocrx_word' id='word_1_379' title='bbox 1537 4137 1748 4193; x_wconf 89' lang='lat' dir='ltr'><strong>Paulus</strong></span> 
     </span>
    </p>
   </div>
   <div class='ocr_carea' id='block_1_56' title="bbox 93 4209 767 4277">
    <p class='ocr_par' dir='ltr' id='par_1_56' title="bbox 93 4209 767 4277">
     <span class='ocr_line' id='line_1_58' title="bbox 93 4209 767 4277; baseline 0.018 -23"><span class='ocrx_word' id='word_1_380' title='bbox 93 4209 356 4277; x_wconf 86' lang='lat' dir='ltr'><strong>martyrio</strong></span> <span class='ocrx_word' id='word_1_381' title='bbox 387 4217 767 4266; x_wconf 89' lang='lat' dir='ltr'><strong>coronantur.</strong></span> 
     </span>
    </p>
   </div>
   <div class='ocr_carea' id='block_1_57' title="bbox 150 4278 1748 4351">
    <p class='ocr_par' dir='ltr' id='par_1_57' title="bbox 150 4278 1748 4351">
     <span class='ocr_line' id='line_1_59' title="bbox 150 4278 1748 4351; baseline 0 -19"><span class='ocrx_word' id='word_1_382' title='bbox 150 4278 317 4333; x_wconf 82' lang='lat' dir='ltr'><strong>Linea</strong></span> <span class='ocrx_word' id='word_1_383' title='bbox 347 4278 409 4335; x_wconf 80' lang='grc' dir='ltr'>Η</span> <span class='ocrx_word' id='word_1_384' title='bbox 430 4321 442 4333; x_wconf 94' lang='grc'><strong>.</strong></span> <span class='ocrx_word' id='word_1_385' title='bbox 486 4311 553 4319; x_wconf 89' lang='grc'><strong>-</strong></span> <span class='ocrx_word' id='word_1_386' title='bbox 580 4281 837 4351; x_wconf 81' lang='lat' dir='ltr'><strong>Sepultus</strong></span> <span class='ocrx_word' id='word_1_387' title='bbox 861 4286 941 4337; x_wconf 86' lang='lat' dir='ltr'><strong>est</strong></span> <span class='ocrx_word' id='word_1_388' title='bbox 968 4284 1028 4336; x_wconf 85' lang='lat' dir='ltr'><strong>in</strong></span> <span class='ocrx_word' id='word_1_389' title='bbox 1069 4284 1161 4335; x_wconf 78' lang='lat' dir='ltr'><strong>via</strong></span> <span class='ocrx_word' id='word_1_390' title='bbox 1212 4281 1445 4336; x_wconf 80' lang='lat' dir='ltr'><strong>Aurelia</strong></span> <span class='ocrx_word' id='word_1_391' title='bbox 1474 4281 1531 4332; x_wconf 82' lang='lat' dir='ltr'><strong>in</strong></span> <span class='ocrx_word' id='word_1_392' title='bbox 1552 4280 1748 4348; x_wconf 86' lang='lat' dir='ltr'><strong>templo</strong></span> 
     </span>
    </p>
   </div>
   <div class='ocr_carea' id='block_1_58' title="bbox 89 4344 1750 4434">
    <p class='ocr_par' dir='ltr' id='par_1_58' title="bbox 89 4344 1750 4434">
     <span class='ocr_line' id='line_1_60' title="bbox 89 4344 1750 4434; baseline 0.001 -33"><span class='ocrx_word' id='word_1_393' title='bbox 89 4344 173 4434; x_wconf 37' lang='grc' dir='ltr'><strong>λέγῃ</strong></span> <span class='ocrx_word' id='word_1_394' title='bbox 184 4352 544 4434; x_wconf 63' lang='lat' dir='ltr'><strong>ottinisjurtq</strong></span> <span class='ocrx_word' id='word_1_395' title='bbox 556 4344 743 4434; x_wconf 27' lang='lat' dir='ltr'><strong>legiun-</strong></span> <span class='ocrx_word' id='word_1_396' title='bbox 757 4357 854 4408; x_wconf 81' lang='lat' dir='ltr'><strong>ubi</strong></span> <span class='ocrx_word' id='word_1_397' title='bbox 869 4355 1164 4434; x_wconf 59' lang='lat' dir='ltr'><strong>eruciﬁmus</strong></span> <span class='ocrx_word' id='word_1_398' title='bbox 1181 4357 1276 4417; x_wconf 88' lang='lat' dir='ltr'><strong>est,</strong></span> <span class='ocrx_word' id='word_1_399' title='bbox 1282 4353 1455 4434; x_wconf 54' lang='lat' dir='ltr'><strong>jumta</strong></span> <span class='ocrx_word' id='word_1_400' title='bbox 1477 4369 1547 4434; x_wconf 84' lang='lat' dir='ltr'><strong>pa</strong></span> <span class='ocrx_word' id='word_1_401' title='bbox 1556 4344 1750 4434; x_wconf 45' lang='lat' dir='ltr'><strong>lati—uin</strong></span> 
     </span>
    </p>
   </div>
   <div class='ocr_carea' id='block_1_59' title="bbox 92 4417 1749 4493">
    <p class='ocr_par' dir='ltr' id='par_1_59' title="bbox 92 4417 1749 4493">
     <span class='ocr_line' id='line_1_61' title="bbox 92 4417 1749 4493; baseline 0.004 -22"><span class='ocrx_word' id='word_1_402' title='bbox 92 4417 459 4477; x_wconf 63' lang='lat' dir='ltr'><strong>Neronianum</strong></span> <span class='ocrx_word' id='word_1_403' title='bbox 508 4426 567 4477; x_wconf 78' lang='lat' dir='ltr'><strong>in</strong></span> <span class='ocrx_word' id='word_1_404' title='bbox 611 4427 897 4480; x_wconf 81' lang='lat' dir='ltr'><strong>Vaticano.</strong></span> <span class='ocrx_word' id='word_1_405' title='bbox 946 4417 1121 4481; x_wconf 79' lang='lat' dir='ltr'><strong>Nemo</strong></span> <span class='ocrx_word' id='word_1_406' title='bbox 1164 4438 1231 4479; x_wconf 88' lang='lat' dir='ltr'><strong>ex</strong></span> <span class='ocrx_word' id='word_1_407' title='bbox 1274 4417 1538 4493; x_wconf 71' lang='lat' dir='ltr'><strong>antiquis</strong></span> <span class='ocrx_word' id='word_1_408' title='bbox 1566 4423 1749 4478; x_wconf 88' lang='lat' dir='ltr'><strong>dubi—</strong></span> 
     </span>
    </p>
   </div>
   <div class='ocr_carea' id='block_1_60' title="bbox 91 4493 1746 4566">
    <p class='ocr_par' dir='ltr' id='par_1_60' title="bbox 91 4493 1746 4566">
     <span class='ocr_line' id='line_1_62' title="bbox 91 4493 1746 4566; baseline 0.002 -19"><span class='ocrx_word' id='word_1_409' title='bbox 91 4494 236 4559; x_wconf 77' lang='lat' dir='ltr'><strong>tavit,</strong></span> <span class='ocrx_word' id='word_1_410' title='bbox 262 4496 415 4564; x_wconf 89' lang='lat' dir='ltr'><strong>quod</strong></span> <span class='ocrx_word' id='word_1_411' title='bbox 456 4495 657 4566; x_wconf 89' lang='lat' dir='ltr'><strong>sciam,</strong></span> <span class='ocrx_word' id='word_1_412' title='bbox 710 4498 780 4553; x_wconf 92' lang='lat' dir='ltr'><strong>de</strong></span> <span class='ocrx_word' id='word_1_413' title='bbox 814 4497 940 4553; x_wconf 89' lang='lat' dir='ltr'><strong>loco</strong></span> <span class='ocrx_word' id='word_1_414' title='bbox 974 4497 1237 4566; x_wconf 85' lang='lat' dir='ltr'><strong>martyrii</strong></span> <span class='ocrx_word' id='word_1_415' title='bbox 1286 4495 1342 4549; x_wconf 89' lang='grc' dir='ltr'><strong>Β.</strong></span> <span class='ocrx_word' id='word_1_416' title='bbox 1380 4496 1552 4549; x_wconf 89' lang='lat' dir='ltr'><strong>Petri.</strong></span> <span class='ocrx_word' id='word_1_417' title='bbox 1589 4493 1746 4550; x_wconf 90' lang='lat' dir='ltr'><strong>Con-</strong></span> 
     </span>
    </p>
   </div>
   <div class='ocr_carea' id='block_1_61' title="bbox 90 4567 1744 4627">
    <p class='ocr_par' dir='ltr' id='par_1_61' title="bbox 90 4567 1744 4627">
     <span class='ocr_line' id='line_1_63' title="bbox 90 4567 1744 4627; baseline 0.004 -11"><span class='ocrx_word' id='word_1_418' title='bbox 90 4573 277 4620; x_wconf 86' lang='lat' dir='ltr'><strong>sensus</strong></span> <span class='ocrx_word' id='word_1_419' title='bbox 330 4568 594 4621; x_wconf 90' lang='lat' dir='ltr'><strong>omnium</strong></span> <span class='ocrx_word' id='word_1_420' title='bbox 646 4575 879 4624; x_wconf 65' lang='lat' dir='ltr'><strong>aetatum</strong></span> <span class='ocrx_word' id='word_1_421' title='bbox 919 4570 1105 4627; x_wconf 81' lang='lat' dir='ltr'><strong>docet.</strong></span> <span class='ocrx_word' id='word_1_422' title='bbox 1165 4568 1223 4622; x_wconf 87' lang='lat' dir='ltr'><strong>in</strong></span> <span class='ocrx_word' id='word_1_423' title='bbox 1272 4568 1430 4622; x_wconf 91' lang='lat' dir='ltr'><strong>circo</strong></span> <span class='ocrx_word' id='word_1_424' title='bbox 1468 4567 1744 4622; x_wconf 89' lang='lat' dir='ltr'><strong>Vaticano</strong></span> 
     </span>
    </p>
   </div>
   <div class='ocr_carea' id='block_1_62' title="bbox 1886 560 3545 640">
    <p class='ocr_par' dir='ltr' id='par_1_62' title="bbox 1886 560 3545 640">
     <span class='ocr_line' id='line_1_64' title="bbox 1886 560 3545 640; baseline 0.008 -27"><span class='ocrx_word' id='word_1_425' title='bbox 1886 560 2103 640; x_wconf 64' lang='lat' dir='ltr'><strong>caverit</strong></span> <span class='ocrx_word' id='word_1_426' title='bbox 2130 569 2459 640; x_wconf 60' lang='lat' dir='ltr'><strong>laetaniam</strong></span> <span class='ocrx_word' id='word_1_427' title='bbox 2481 560 2810 640; x_wconf 82' lang='lat' dir='ltr'><strong>sepulcrum</strong></span> <span class='ocrx_word' id='word_1_428' title='bbox 2832 560 3144 634; x_wconf 78' lang='lat' dir='ltr'><strong>Scipionis,</strong></span> <span class='ocrx_word' id='word_1_429' title='bbox 3169 560 3278 623; x_wconf 71' lang='lat' dir='ltr'><strong>aut</strong></span> <span class='ocrx_word' id='word_1_430' title='bbox 3301 571 3545 640; x_wconf 83' lang='lat' dir='ltr'><strong>pyrami-</strong></span> 
     </span>
    </p>
   </div>
   <div class='ocr_carea' id='block_1_63' title="bbox 1883 631 3544 708">
    <p class='ocr_par' dir='ltr' id='par_1_63' title="bbox 1883 631 3544 708">
     <span class='ocr_line' id='line_1_65' title="bbox 1883 631 3544 708; baseline 0.007 -22"><span class='ocrx_word' id='word_1_431' title='bbox 1883 631 2008 686; x_wconf 87' lang='lat' dir='ltr'><strong>dem</strong></span> <span class='ocrx_word' id='word_1_432' title='bbox 2028 632 2257 708; x_wconf 78' lang='lat' dir='ltr'><strong>Cestii?</strong></span> <span class='ocrx_word' id='word_1_433' title='bbox 2286 633 2488 688; x_wconf 85' lang='lat' dir='ltr'><strong>Rideat</strong></span> <span class='ocrx_word' id='word_1_434' title='bbox 2521 631 2723 691; x_wconf 86' lang='lat' dir='ltr'><strong>merito</strong></span> <span class='ocrx_word' id='word_1_435' title='bbox 2765 631 2945 708; x_wconf 82' lang='lat' dir='ltr'><strong>lector</strong></span> <span class='ocrx_word' id='word_1_436' title='bbox 2972 642 3083 691; x_wconf 91' lang='lat' dir='ltr'><strong>tam</strong></span> <span class='ocrx_word' id='word_1_437' title='bbox 3120 631 3369 708; x_wconf 77' lang='lat' dir='ltr'><strong>ineptam</strong></span> <span class='ocrx_word' id='word_1_438' title='bbox 3399 642 3544 697; x_wconf 88' lang='lat' dir='ltr'><strong>desi-</strong></span> 
     </span>
    </p>
   </div>
   <div class='ocr_carea' id='block_1_64' title="bbox 1884 703 3543 783">
    <p class='ocr_par' dir='ltr' id='par_1_64' title="bbox 1884 703 3543 783">
     <span class='ocr_line' id='line_1_66' title="bbox 1884 703 3543 783; baseline 0.008 -28"><span class='ocrx_word' id='word_1_439' title='bbox 1884 703 2233 783; x_wconf 71' lang='lat' dir='ltr'><strong>gnationem,</strong></span> <span class='ocrx_word' id='word_1_440' title='bbox 2262 719 2429 783; x_wconf 82' lang='lat' dir='ltr'><strong>quam</strong></span> <span class='ocrx_word' id='word_1_441' title='bbox 2448 719 2617 760; x_wconf 90' lang='lat' dir='ltr'><strong>aures</strong></span> <span class='ocrx_word' id='word_1_442' title='bbox 2642 708 2736 761; x_wconf 87' lang='lat' dir='ltr'><strong>vix</strong></span> <span class='ocrx_word' id='word_1_443' title='bbox 2770 707 2917 762; x_wconf 87' lang='lat' dir='ltr'><strong>ferre</strong></span> <span class='ocrx_word' id='word_1_444' title='bbox 2942 703 3543 783; x_wconf 47' lang='lat' dir='ltr'><strong>possuntfeorumque</strong></span> 
     </span>
    </p>
   </div>
   <div class='ocr_carea' id='block_1_65' title="bbox 1882 775 3545 848">
    <p class='ocr_par' dir='ltr' id='par_1_65' title="bbox 1882 775 3545 848">
     <span class='ocr_line' id='line_1_67' title="bbox 1882 775 3545 848; baseline 0.008 -21"><span class='ocrx_word' id='word_1_445' title='bbox 1882 775 2304 844; x_wconf 90' lang='lat' dir='ltr'><strong>stupiditatem,</strong></span> <span class='ocrx_word' id='word_1_446' title='bbox 2331 777 2432 847; x_wconf 89' lang='lat' dir='ltr'><strong>qui</strong></span> <span class='ocrx_word' id='word_1_447' title='bbox 2459 784 2762 848; x_wconf 83' lang='lat' dir='ltr'><strong>utramque</strong></span> <span class='ocrx_word' id='word_1_448' title='bbox 2787 775 2988 834; x_wconf 82' lang='lat' dir='ltr'><strong>metam</strong></span> <span class='ocrx_word' id='word_1_449' title='bbox 3016 782 3162 835; x_wconf 90' lang='lat' dir='ltr'><strong>circi</strong></span> <span class='ocrx_word' id='word_1_450' title='bbox 3191 795 3303 837; x_wconf 92' lang='lat' dir='ltr'><strong>non</strong></span> <span class='ocrx_word' id='word_1_451' title='bbox 3327 775 3545 840; x_wconf 79' lang='lat' dir='ltr'><strong>intelli-</strong></span> 
     </span>
    </p>
   </div>
   <div class='ocr_carea' id='block_1_66' title="bbox 1880 848 3534 921">
    <p class='ocr_par' dir='ltr' id='par_1_66' title="bbox 1880 848 3534 921">
     <span class='ocr_line' id='line_1_68' title="bbox 1880 848 3534 921; baseline 0.007 -22"><span class='ocrx_word' id='word_1_452' title='bbox 1880 852 2156 921; x_wconf 81' lang='lat' dir='ltr'><strong>gantesse</strong></span> <span class='ocrx_word' id='word_1_453' title='bbox 2171 848 2285 921; x_wconf 64' lang='lat' dir='ltr'><strong>dim</strong></span> <span class='ocrx_word' id='word_1_454' title='bbox 2307 856 2559 903; x_wconf 87' lang='lat' dir='ltr'><strong>extrema</strong></span> <span class='ocrx_word' id='word_1_455' title='bbox 2585 850 2840 918; x_wconf 89' lang='lat' dir='ltr'><strong>ejusdem</strong></span> <span class='ocrx_word' id='word_1_456' title='bbox 2866 852 3046 920; x_wconf 67' lang='lat' dir='ltr'><strong>spina:</strong></span> <span class='ocrx_word' id='word_1_457' title='bbox 3069 853 3211 907; x_wconf 89' lang='lat' dir='ltr'><strong>circi</strong></span> <span class='ocrx_word' id='word_1_458' title='bbox 3236 855 3534 910; x_wconf 89' lang='lat' dir='ltr'><strong>Vaticani:</strong></span> 
     </span>
    </p>
   </div>
   <div class='ocr_carea' id='block_1_67' title="bbox 1880 915 3540 992">
    <p class='ocr_par' dir='ltr' id='par_1_67' title="bbox 1880 915 3540 992">
     <span class='ocr_line' id='line_1_69' title="bbox 1880 915 3540 992; baseline 0.008 -24"><span class='ocrx_word' id='word_1_459' title='bbox 1880 915 2031 992; x_wconf 80' lang='lat' dir='ltr'><strong>inter</strong></span> <span class='ocrx_word' id='word_1_460' title='bbox 2052 915 2177 985; x_wconf 65' lang='grc' dir='ltr'><strong>(ιιιιὲ</strong></span> <span class='ocrx_word' id='word_1_461' title='bbox 2193 919 2408 992; x_wconf 74' lang='lat' dir='ltr'><strong>Petrus</strong></span> <span class='ocrx_word' id='word_1_462' title='bbox 2440 915 2829 992; x_wconf 79' lang='lat' dir='ltr'><strong>cruciaﬂixus</strong></span> <span class='ocrx_word' id='word_1_463' title='bbox 2858 915 3132 992; x_wconf 75' lang='lat' dir='ltr'><strong>tropaeum</strong></span> <span class='ocrx_word' id='word_1_464' title='bbox 3160 925 3345 980; x_wconf 82' lang='lat' dir='ltr'><strong>erexit</strong></span> <span class='ocrx_word' id='word_1_465' title='bbox 3362 927 3540 982; x_wconf 89' lang='lat' dir='ltr'><strong>Chri-</strong></span> 
     </span>
    </p>
   </div>
   <div class='ocr_carea' id='block_1_68' title="bbox 1876 986 3540 1063">
    <p class='ocr_par' dir='ltr' id='par_1_68' title="bbox 1876 986 3540 1063">
     <span class='ocr_line' id='line_1_70' title="bbox 1876 986 3540 1063; baseline 0.008 -23"><span class='ocrx_word' id='word_1_466' title='bbox 1876 987 2080 1041; x_wconf 74' lang='lat' dir='ltr'><strong>stiana:</strong></span> <span class='ocrx_word' id='word_1_467' title='bbox 2128 988 2452 1059; x_wconf 81' lang='lat' dir='ltr'><strong>religionis,</strong></span> <span class='ocrx_word' id='word_1_468' title='bbox 2495 1005 2527 1046; x_wconf 91' lang='lat' dir='ltr'><strong>a</strong></span> <span class='ocrx_word' id='word_1_469' title='bbox 2555 986 2914 1049; x_wconf 74' lang='lat' dir='ltr'><strong>Ter-tulliano</strong></span> <span class='ocrx_word' id='word_1_470' title='bbox 2953 986 3293 1063; x_wconf 85' lang='lat' dir='ltr'><strong>indicatum,</strong></span> <span class='ocrx_word' id='word_1_471' title='bbox 3340 1002 3396 1053; x_wconf 88' lang='lat' dir='ltr'><strong>et</strong></span> <span class='ocrx_word' id='word_1_472' title='bbox 3418 997 3540 1054; x_wconf 80' lang='lat' dir='ltr'><strong>fre-</strong></span> 
     </span>
    </p>
   </div>
   <div class='ocr_carea' id='block_1_69' title="bbox 1876 1064 3537 1140">
    <p class='ocr_par' dir='ltr' id='par_1_69' title="bbox 1876 1064 3537 1140">
     <span class='ocr_line' id='line_1_71' title="bbox 1876 1064 3537 1140; baseline 0.008 -28"><span class='ocrx_word' id='word_1_473' title='bbox 1876 1066 2212 1140; x_wconf 72' lang='lat' dir='ltr'><strong>quentatum</strong></span> <span class='ocrx_word' id='word_1_474' title='bbox 2238 1076 2334 1129; x_wconf 91' lang='lat' dir='ltr'><strong>per</strong></span> <span class='ocrx_word' id='word_1_475' title='bbox 2354 1064 2756 1140; x_wconf 79' lang='lat' dir='ltr'><strong>septemdecim</strong></span> <span class='ocrx_word' id='word_1_476' title='bbox 2785 1065 2994 1140; x_wconf 65' lang='lat' dir='ltr'><strong>szecula</strong></span> <span class='ocrx_word' id='word_1_477' title='bbox 3014 1080 3046 1140; x_wconf 86' lang='lat' dir='ltr'><strong>a</strong></span> <span class='ocrx_word' id='word_1_478' title='bbox 3074 1068 3224 1140; x_wconf 78' lang='lat' dir='ltr'><strong>Petri</strong></span> <span class='ocrx_word' id='word_1_479' title='bbox 3258 1070 3537 1140; x_wconf 88' lang='lat' dir='ltr'><strong>martyrio</strong></span> 
     </span>
    </p>
   </div>
   <div class='ocr_carea' id='block_1_70' title="bbox 1874 1131 3530 1207">
    <p class='ocr_par' dir='ltr' id='par_1_70' title="bbox 1874 1131 3530 1207">
     <span class='ocr_line' id='line_1_72' title="bbox 1874 1131 3530 1207; baseline 0.009 -25"><span class='ocrx_word' id='word_1_480' title='bbox 1874 1131 1941 1183; x_wconf 89' lang='lat' dir='ltr'><strong>ad</strong></span> <span class='ocrx_word' id='word_1_481' title='bbox 1979 1138 2231 1207; x_wconf 85' lang='lat' dir='ltr'><strong>nostram</strong></span> <span class='ocrx_word' id='word_1_482' title='bbox 2264 1140 2482 1189; x_wconf 76' lang='lat' dir='ltr'><strong>aetatem</strong></span> <span class='ocrx_word' id='word_1_483' title='bbox 2536 1135 2652 1203; x_wconf 88' lang='lat' dir='ltr'><strong>piis</strong></span> <span class='ocrx_word' id='word_1_484' title='bbox 2679 1137 3247 1207; x_wconf 79' lang='lat' dir='ltr'><strong>peregrinationibus</strong></span> <span class='ocrx_word' id='word_1_485' title='bbox 3271 1131 3530 1197; x_wconf 79' lang='lat' dir='ltr'><strong>omnium</strong></span> 
     </span>
    </p>
   </div>
   <div class='ocr_carea' id='block_1_71' title="bbox 1873 1203 2194 1256">
    <p class='ocr_par' dir='ltr' id='par_1_71' title="bbox 1873 1203 2194 1256">
     <span class='ocr_line' id='line_1_73' title="bbox 1873 1203 2194 1256; baseline 0 -3"><span class='ocrx_word' id='word_1_486' title='bbox 1873 1203 2194 1256; x_wconf 83' lang='lat' dir='ltr'><strong>nationum.</strong></span> 
     </span>
    </p>
   </div>
   <div class='ocr_carea' id='block_1_72' title="bbox 1943 1270 3531 1343">
    <p class='ocr_par' dir='ltr' id='par_1_72' title="bbox 1943 1270 3531 1343">
     <span class='ocr_line' id='line_1_74' title="bbox 1943 1270 3531 1343; baseline 0.009 -18"><span class='ocrx_word' id='word_1_487' title='bbox 1943 1274 2113 1326; x_wconf 85' lang='lat' dir='ltr'><strong>Linea</strong></span> <span class='ocrx_word' id='word_1_488' title='bbox 2148 1270 2234 1329; x_wconf 73' lang='lat' dir='ltr'><strong>i3.</strong></span> <span class='ocrx_word' id='word_1_489' title='bbox 2264 1304 2339 1315; x_wconf 90' lang='lat'><strong>-—</strong></span> <span class='ocrx_word' id='word_1_490' title='bbox 2380 1278 2479 1330; x_wconf 82' lang='lat' dir='ltr'><strong>Hic</strong></span> <span class='ocrx_word' id='word_1_491' title='bbox 2508 1279 2641 1342; x_wconf 84' lang='lat' dir='ltr'><strong>fecit</strong></span> <span class='ocrx_word' id='word_1_492' title='bbox 2687 1279 3084 1343; x_wconf 81' lang='lat' dir='ltr'><strong>ordinationes,</strong></span> <span class='ocrx_word' id='word_1_493' title='bbox 3134 1287 3240 1337; x_wconf 82' lang='lat' dir='ltr'><strong>etc.</strong></span> <span class='ocrx_word' id='word_1_494' title='bbox 3276 1282 3531 1339; x_wconf 87' lang='lat' dir='ltr'><strong>Ordina—</strong></span> 
     </span>
    </p>
   </div>
   <div class='ocr_carea' id='block_1_73' title="bbox 1872 1343 3528 1420">
    <p class='ocr_par' dir='ltr' id='par_1_73' title="bbox 1872 1343 3528 1420">
     <span class='ocr_line' id='line_1_75' title="bbox 1872 1343 3528 1420; baseline 0.008 -24"><span class='ocrx_word' id='word_1_495' title='bbox 1872 1343 2186 1420; x_wconf 70' lang='lat' dir='ltr'><strong>tioneshoc</strong></span> <span class='ocrx_word' id='word_1_496' title='bbox 2207 1346 2264 1401; x_wconf 82' lang='lat' dir='ltr'><strong>in</strong></span> <span class='ocrx_word' id='word_1_497' title='bbox 2290 1346 2440 1420; x_wconf 83' lang='lat' dir='ltr'><strong>libro</strong></span> <span class='ocrx_word' id='word_1_498' title='bbox 2469 1356 2790 1405; x_wconf 73' lang='lat' dir='ltr'><strong>memoratae</strong></span> <span class='ocrx_word' id='word_1_499' title='bbox 2809 1351 3116 1420; x_wconf 91' lang='lat' dir='ltr'><strong>pertinent,</strong></span> <span class='ocrx_word' id='word_1_500' title='bbox 3145 1353 3228 1407; x_wconf 90' lang='lat' dir='ltr'><strong>uti</strong></span> <span class='ocrx_word' id='word_1_501' title='bbox 3247 1354 3528 1419; x_wconf 89' lang='lat' dir='ltr'><strong>diximus,</strong></span> 
     </span>
    </p>
   </div>
   <div class='ocr_carea' id='block_1_74' title="bbox 1869 1415 3526 1482">
    <p class='ocr_par' dir='ltr' id='par_1_74' title="bbox 1869 1415 3526 1482">
     <span class='ocr_line' id='line_1_76' title="bbox 1869 1415 3526 1482; baseline 0.008 -14"><span class='ocrx_word' id='word_1_502' title='bbox 1869 1416 1937 1469; x_wconf 90' lang='lat' dir='ltr'><strong>ad</strong></span> <span class='ocrx_word' id='word_1_503' title='bbox 1961 1415 2270 1472; x_wconf 80' lang='lat' dir='ltr'><strong>Ecclesium</strong></span> <span class='ocrx_word' id='word_1_504' title='bbox 2298 1418 2624 1474; x_wconf 85' lang='lat' dir='ltr'><strong>Romanam.</strong></span> <span class='ocrx_word' id='word_1_505' title='bbox 2649 1422 2764 1476; x_wconf 91' lang='lat' dir='ltr'><strong>Cur</strong></span> <span class='ocrx_word' id='word_1_506' title='bbox 2784 1415 2972 1476; x_wconf 76' lang='lat' dir='ltr'><strong>autem</strong></span> <span class='ocrx_word' id='word_1_507' title='bbox 2996 1415 3266 1479; x_wconf 87' lang='lat' dir='ltr'><strong>ordinum</strong></span> <span class='ocrx_word' id='word_1_508' title='bbox 3293 1415 3526 1482; x_wconf 89' lang='lat' dir='ltr'><strong>illorum</strong></span> 
     </span>
    </p>
   </div>
   <div class='ocr_carea' id='block_1_75' title="bbox 1869 1486 3527 1566">
    <p class='ocr_par' dir='ltr' id='par_1_75' title="bbox 1869 1486 3527 1566">
     <span class='ocr_line' id='line_1_77' title="bbox 1869 1486 3527 1566; baseline 0.007 -26"><span class='ocrx_word' id='word_1_509' title='bbox 1869 1486 2124 1551; x_wconf 87' lang='lat' dir='ltr'><strong>collatio,</strong></span> <span class='ocrx_word' id='word_1_510' title='bbox 2158 1490 2261 1558; x_wconf 91' lang='lat' dir='ltr'><strong>qui</strong></span> <span class='ocrx_word' id='word_1_511' title='bbox 2285 1490 2553 1566; x_wconf 71' lang='lat' dir='ltr'><strong>Ecclesiae</strong></span> <span class='ocrx_word' id='word_1_512' title='bbox 2581 1491 2969 1566; x_wconf 76' lang='lat' dir='ltr'><strong>hierarchiam</strong></span> <span class='ocrx_word' id='word_1_513' title='bbox 2990 1496 3376 1565; x_wconf 72' lang='lat' dir='ltr'><strong>constituunt,</strong></span> <span class='ocrx_word' id='word_1_514' title='bbox 3410 1498 3527 1566; x_wconf 29' lang='lat' dir='ltr'><strong>epis</strong></span> 
     </span>
    </p>
   </div>
   <div class='ocr_carea' id='block_1_76' title="bbox 1868 1560 3526 1635">
    <p class='ocr_par' dir='ltr' id='par_1_76' title="bbox 1868 1560 3526 1635">
     <span class='ocr_line' id='line_1_78' title="bbox 1868 1560 3526 1635; baseline 0.008 -24"><span class='ocrx_word' id='word_1_515' title='bbox 1868 1566 2159 1635; x_wconf 85' lang='lat' dir='ltr'><strong>scepatus,</strong></span> <span class='ocrx_word' id='word_1_516' title='bbox 2192 1560 2621 1635; x_wconf 82' lang='lat' dir='ltr'><strong>presbyteriiet</strong></span> <span class='ocrx_word' id='word_1_517' title='bbox 2655 1564 3018 1635; x_wconf 86' lang='lat' dir='ltr'><strong>diaconatus,</strong></span> <span class='ocrx_word' id='word_1_518' title='bbox 3060 1566 3343 1623; x_wconf 82' lang='lat' dir='ltr'><strong>referatur</strong></span> <span class='ocrx_word' id='word_1_519' title='bbox 3368 1560 3526 1624; x_wconf 79' lang='lat' dir='ltr'><strong>inter</strong></span> 
     </span>
    </p>
   </div>
   <div class='ocr_carea' id='block_1_77' title="bbox 1879 1632 3525 1710">
    <p class='ocr_par' dir='ltr' id='par_1_77' title="bbox 1879 1632 3525 1710">
     <span class='ocr_line' id='line_1_79' title="bbox 1879 1632 3525 1710; baseline 0.009 -29"><span class='ocrx_word' id='word_1_520' title='bbox 1879 1632 2163 1710; x_wconf 62' lang='lat' dir='ltr'><strong>praecipua</strong></span> <span class='ocrx_word' id='word_1_521' title='bbox 2187 1633 2727 1710; x_wconf 34' lang='lat' dir='ltr'><strong>gesta-pontificum,</strong></span> <span class='ocrx_word' id='word_1_522' title='bbox 2752 1650 2982 1710; x_wconf 77' lang='lat' dir='ltr'><strong>causam</strong></span> <span class='ocrx_word' id='word_1_523' title='bbox 3002 1632 3241 1710; x_wconf 86' lang='lat' dir='ltr'><strong>colliges</strong></span> <span class='ocrx_word' id='word_1_524' title='bbox 3270 1652 3337 1694; x_wconf 90' lang='lat' dir='ltr'><strong>ex</strong></span> <span class='ocrx_word' id='word_1_525' title='bbox 3364 1641 3525 1695; x_wconf 86' lang='lat' dir='ltr'><strong>Actis</strong></span> 
     </span>
    </p>
   </div>
   <div class='ocr_carea' id='block_1_78' title="bbox 1865 1704 3517 1780">
    <p class='ocr_par' dir='ltr' id='par_1_78' title="bbox 1865 1704 3517 1780">
     <span class='ocr_line' id='line_1_80' title="bbox 1865 1704 3517 1780; baseline 0.008 -27"><span class='ocrx_word' id='word_1_526' title='bbox 1865 1704 2281 1780; x_wconf 65' lang='lat' dir='ltr'><strong>apostolorum.</strong></span> <span class='ocrx_word' id='word_1_527' title='bbox 2309 1704 2702 1780; x_wconf 85' lang='lat' dir='ltr'><strong>Observarunt</strong></span> <span class='ocrx_word' id='word_1_528' title='bbox 2724 1707 2835 1762; x_wconf 90' lang='lat' dir='ltr'><strong>viri</strong></span> <span class='ocrx_word' id='word_1_529' title='bbox 2863 1709 3041 1780; x_wconf 88' lang='lat' dir='ltr'><strong>docti,</strong></span> <span class='ocrx_word' id='word_1_530' title='bbox 3073 1704 3203 1764; x_wconf 72' lang='lat' dir='ltr'><strong>cuin</strong></span> <span class='ocrx_word' id='word_1_531' title='bbox 3223 1710 3517 1780; x_wconf 89' lang='lat' dir='ltr'><strong>Ciaconio,</strong></span> 
     </span>
    </p>
   </div>
   <div class='ocr_carea' id='block_1_79' title="bbox 1865 1771 3520 1851">
    <p class='ocr_par' dir='ltr' id='par_1_79' title="bbox 1865 1771 3520 1851">
     <span class='ocr_line' id='line_1_81' title="bbox 1865 1771 3520 1851; baseline 0.008 -26"><span class='ocrx_word' id='word_1_532' title='bbox 1865 1771 2016 1827; x_wconf 88' lang='lat' dir='ltr'><strong>Petri</strong></span> <span class='ocrx_word' id='word_1_533' title='bbox 2058 1781 2214 1851; x_wconf 78' lang='lat' dir='ltr'><strong>gesta</strong></span> <span class='ocrx_word' id='word_1_534' title='bbox 2266 1783 2390 1845; x_wconf 90' lang='lat' dir='ltr'><strong>post</strong></span> <span class='ocrx_word' id='word_1_535' title='bbox 2432 1777 2838 1851; x_wconf 66' lang='lat' dir='ltr'><strong>Ascensionem</strong></span> <span class='ocrx_word' id='word_1_536' title='bbox 2871 1779 3088 1836; x_wconf 72' lang='lat' dir='ltr'><strong>Christi</strong></span> <span class='ocrx_word' id='word_1_537' title='bbox 3118 1782 3348 1836; x_wconf 90' lang='lat' dir='ltr'><strong>Domini</strong></span> <span class='ocrx_word' id='word_1_538' title='bbox 3395 1771 3520 1851; x_wconf 83' lang='lat' dir='ltr'><strong>ipso</strong></span> 
     </span>
    </p>
   </div>
   <div class='ocr_carea' id='block_1_80' title="bbox 1866 1846 3523 1922">
    <p class='ocr_par' dir='ltr' id='par_1_80' title="bbox 1866 1846 3523 1922">
     <span class='ocr_line' id='line_1_82' title="bbox 1866 1846 3523 1922; baseline 0.008 -25"><span class='ocrx_word' id='word_1_539' title='bbox 1866 1849 2097 1922; x_wconf 81' lang='lat' dir='ltr'><strong>novemd</strong></span> <span class='ocrx_word' id='word_1_540' title='bbox 2112 1846 2183 1900; x_wconf 90' lang='lat' dir='ltr'><strong>ial</strong></span> <span class='ocrx_word' id='word_1_541' title='bbox 2196 1846 2417 1922; x_wconf 85' lang='lat' dir='ltr'><strong>i_spatio</strong></span> <span class='ocrx_word' id='word_1_542' title='bbox 2439 1847 2780 1922; x_wconf 85' lang='lat' dir='ltr'><strong>interposito</strong></span> <span class='ocrx_word' id='word_1_543' title='bbox 2797 1856 2926 1906; x_wconf 85' lang='lat' dir='ltr'><strong>ante</strong></span> <span class='ocrx_word' id='word_1_544' title='bbox 2943 1852 3247 1908; x_wconf 91' lang='lat' dir='ltr'><strong>adventum</strong></span> <span class='ocrx_word' id='word_1_545' title='bbox 3264 1846 3523 1922; x_wconf 87' lang='lat' dir='ltr'><strong>Spiritus</strong></span> 
     </span>
    </p>
   </div>
   <div class='ocr_carea' id='block_1_81' title="bbox 1865 1917 3514 1990">
    <p class='ocr_par' dir='ltr' id='par_1_81' title="bbox 1865 1917 3514 1990">
     <span class='ocr_line' id='line_1_83' title="bbox 1865 1917 3514 1990; baseline 0.007 -21"><span class='ocrx_word' id='word_1_546' title='bbox 1865 1917 2047 1990; x_wconf 74' lang='lat' dir='ltr'><strong>sancti</strong></span> <span class='ocrx_word' id='word_1_547' title='bbox 2077 1919 2318 1985; x_wconf 88' lang='lat' dir='ltr'><strong>coepisse</strong></span> <span class='ocrx_word' id='word_1_548' title='bbox 2357 1919 2429 1974; x_wconf 91' lang='lat' dir='ltr'><strong>ab</strong></span> <span class='ocrx_word' id='word_1_549' title='bbox 2464 1920 2755 1990; x_wconf 91' lang='lat' dir='ltr'><strong>implendo</strong></span> <span class='ocrx_word' id='word_1_550' title='bbox 2789 1936 3027 1979; x_wconf 90' lang='lat' dir='ltr'><strong>numero</strong></span> <span class='ocrx_word' id='word_1_551' title='bbox 3067 1925 3218 1980; x_wconf 89' lang='lat' dir='ltr'><strong>sacri</strong></span> <span class='ocrx_word' id='word_1_552' title='bbox 3259 1917 3514 1981; x_wconf 82' lang='lat' dir='ltr'><strong>senatus.</strong></span> 
     </span>
    </p>
   </div>
   <div class='ocr_carea' id='block_1_82' title="bbox 1864 1986 3520 2061">
    <p class='ocr_par' dir='ltr' id='par_1_82' title="bbox 1864 1986 3520 2061">
     <span class='ocr_line' id='line_1_84' title="bbox 1864 1986 3520 2061; baseline 0.009 -21"><span class='ocrx_word' id='word_1_553' title='bbox 1864 1986 2024 2061; x_wconf 83' lang='lat' dir='ltr'><strong>Nihil</strong></span> <span class='ocrx_word' id='word_1_554' title='bbox 2047 1989 2200 2043; x_wconf 90' lang='lat' dir='ltr'><strong>enim</strong></span> <span class='ocrx_word' id='word_1_555' title='bbox 2221 1990 2528 2061; x_wconf 87' lang='lat' dir='ltr'><strong>antiquius</strong></span> <span class='ocrx_word' id='word_1_556' title='bbox 2551 1986 2756 2048; x_wconf 85' lang='lat' dir='ltr'><strong>habuit</strong></span> <span class='ocrx_word' id='word_1_557' title='bbox 2781 1994 2996 2049; x_wconf 83' lang='lat' dir='ltr'><strong>Christi</strong></span> <span class='ocrx_word' id='word_1_558' title='bbox 3025 1995 3278 2051; x_wconf 88' lang='lat' dir='ltr'><strong>vicarius</strong></span> <span class='ocrx_word' id='word_1_559' title='bbox 3303 1998 3361 2053; x_wconf 90' lang='lat' dir='ltr'><strong>in</strong></span> <span class='ocrx_word' id='word_1_560' title='bbox 3380 2012 3520 2054; x_wconf 87' lang='lat' dir='ltr'><strong>sus-</strong></span> 
     </span>
    </p>
   </div>
   <div class='ocr_carea' id='block_1_83' title="bbox 1863 2059 3514 2139">
    <p class='ocr_par' dir='ltr' id='par_1_83' title="bbox 1863 2059 3514 2139">
     <span class='ocr_line' id='line_1_85' title="bbox 1863 2059 3514 2139; baseline 0.007 -26"><span class='ocrx_word' id='word_1_561' title='bbox 1863 2059 2129 2139; x_wconf 80' lang='lat' dir='ltr'><strong>cipienda</strong></span> <span class='ocrx_word' id='word_1_562' title='bbox 2162 2059 2668 2139; x_wconf 77' lang='lat' dir='ltr'><strong>administratione</strong></span> <span class='ocrx_word' id='word_1_563' title='bbox 2698 2066 2882 2139; x_wconf 84' lang='lat' dir='ltr'><strong>totius</strong></span> <span class='ocrx_word' id='word_1_564' title='bbox 2914 2067 3200 2139; x_wconf 60' lang='lat' dir='ltr'><strong>Ecclesia},</strong></span> <span class='ocrx_word' id='word_1_565' title='bbox 3248 2081 3418 2139; x_wconf 90' lang='lat' dir='ltr'><strong>quam</strong></span> <span class='ocrx_word' id='word_1_566' title='bbox 3455 2070 3514 2125; x_wconf 92' lang='lat' dir='ltr'><strong>in</strong></span> 
     </span>
    </p>
   </div>
   <div class='ocr_carea' id='block_1_84' title="bbox 1862 2133 3518 2209">
    <p class='ocr_par' dir='ltr' id='par_1_84' title="bbox 1862 2133 3518 2209">
     <span class='ocr_line' id='line_1_86' title="bbox 1862 2133 3518 2209; baseline 0.007 -24"><span class='ocrx_word' id='word_1_567' title='bbox 1862 2133 2138 2209; x_wconf 79' lang='lat' dir='ltr'><strong>concione</strong></span> <span class='ocrx_word' id='word_1_568' title='bbox 2159 2134 2416 2209; x_wconf 75' lang='lat' dir='ltr'><strong>omnium</strong></span> <span class='ocrx_word' id='word_1_569' title='bbox 2449 2135 2704 2209; x_wconf 86' lang='lat' dir='ltr'><strong>ﬁdelium</strong></span> <span class='ocrx_word' id='word_1_570' title='bbox 2725 2137 2942 2192; x_wconf 88' lang='lat' dir='ltr'><strong>Christi</strong></span> <span class='ocrx_word' id='word_1_571' title='bbox 2972 2138 3201 2192; x_wconf 91' lang='lat' dir='ltr'><strong>Domini</strong></span> <span class='ocrx_word' id='word_1_572' title='bbox 3221 2133 3391 2209; x_wconf 81' lang='lat' dir='ltr'><strong>jussu</strong></span> <span class='ocrx_word' id='word_1_573' title='bbox 3423 2142 3518 2196; x_wconf 89' lang='lat' dir='ltr'><strong>ad-</strong></span> 
     </span>
    </p>
   </div>
   <div class='ocr_carea' id='block_1_85' title="bbox 1861 2204 3515 2277">
    <p class='ocr_par' dir='ltr' id='par_1_85' title="bbox 1861 2204 3515 2277">
     <span class='ocr_line' id='line_1_87' title="bbox 1861 2204 3515 2277; baseline 0.007 -20"><span class='ocrx_word' id='word_1_574' title='bbox 1861 2210 2059 2277; x_wconf 78' lang='lat' dir='ltr'><strong>vocata</strong></span> <span class='ocrx_word' id='word_1_575' title='bbox 2093 2204 2299 2277; x_wconf 85' lang='lat' dir='ltr'><strong>fratres</strong></span> <span class='ocrx_word' id='word_1_576' title='bbox 2327 2206 2573 2276; x_wconf 89' lang='lat' dir='ltr'><strong>alloqui,</strong></span> <span class='ocrx_word' id='word_1_577' title='bbox 2605 2220 2673 2262; x_wconf 88' lang='lat' dir='ltr'><strong>ac</strong></span> <span class='ocrx_word' id='word_1_578' title='bbox 2719 2208 3046 2277; x_wconf 88' lang='lat' dir='ltr'><strong>decernere,</strong></span> <span class='ocrx_word' id='word_1_579' title='bbox 3081 2217 3147 2265; x_wconf 93' lang='lat' dir='ltr'><strong>ut</strong></span> <span class='ocrx_word' id='word_1_580' title='bbox 3181 2204 3515 2268; x_wconf 83' lang='lat' dir='ltr'><strong>communi—</strong></span> 
     </span>
    </p>
   </div>
   <div class='ocr_carea' id='block_1_86' title="bbox 1860 2272 3512 2347">
    <p class='ocr_par' dir='ltr' id='par_1_86' title="bbox 1860 2272 3512 2347">
     <span class='ocr_line' id='line_1_88' title="bbox 1860 2272 3512 2347; baseline 0.007 -19"><span class='ocrx_word' id='word_1_581' title='bbox 1860 2272 1969 2329; x_wconf 89' lang='lat' dir='ltr'><strong>bus</strong></span> <span class='ocrx_word' id='word_1_582' title='bbox 1992 2276 2288 2346; x_wconf 81' lang='lat' dir='ltr'><strong>sutfragiis</strong></span> <span class='ocrx_word' id='word_1_583' title='bbox 2321 2279 2432 2333; x_wconf 91' lang='lat' dir='ltr'><strong>viri</strong></span> <span class='ocrx_word' id='word_1_584' title='bbox 2468 2272 2804 2347; x_wconf 66' lang='lat' dir='ltr'><strong>praestantes</strong></span> <span class='ocrx_word' id='word_1_585' title='bbox 2832 2282 2947 2337; x_wconf 90' lang='lat' dir='ltr'><strong>duo</strong></span> <span class='ocrx_word' id='word_1_586' title='bbox 2977 2272 3045 2336; x_wconf 83' lang='lat' dir='ltr'><strong>ex</strong></span> <span class='ocrx_word' id='word_1_587' title='bbox 3078 2289 3230 2340; x_wconf 76' lang='lat' dir='ltr'><strong>CtBitt</strong></span> <span class='ocrx_word' id='word_1_588' title='bbox 3255 2284 3512 2340; x_wconf 85' lang='lat' dir='ltr'><strong>ﬁdelium</strong></span> 
     </span>
    </p>
   </div>
   <div class='ocr_carea' id='block_1_87' title="bbox 1862 2351 3517 2424">
    <p class='ocr_par' dir='ltr' id='par_1_87' title="bbox 1862 2351 3517 2424">
     <span class='ocr_line' id='line_1_89' title="bbox 1862 2351 3517 2424; baseline 0.006 -22"><span class='ocrx_word' id='word_1_589' title='bbox 1862 2354 2335 2416; x_wconf 89' lang='lat' dir='ltr'><strong>proponerentur,</strong></span> <span class='ocrx_word' id='word_1_590' title='bbox 2365 2351 2849 2424; x_wconf 84' lang='lat' dir='ltr'><strong>etcommunibus</strong></span> <span class='ocrx_word' id='word_1_591' title='bbox 2887 2353 3156 2421; x_wconf 77' lang='lat' dir='ltr'><strong>precibus</strong></span> <span class='ocrx_word' id='word_1_592' title='bbox 3187 2356 3517 2424; x_wconf 89' lang='lat' dir='ltr'><strong>impetrare-</strong></span> 
     </span>
    </p>
   </div>
   <div class='ocr_carea' id='block_1_88' title="bbox 1859 2422 3508 2497">
    <p class='ocr_par' dir='ltr' id='par_1_88' title="bbox 1859 2422 3508 2497">
     <span class='ocr_line' id='line_1_90' title="bbox 1859 2422 3508 2497; baseline 0.006 -24"><span class='ocrx_word' id='word_1_593' title='bbox 1859 2426 1976 2476; x_wconf 89' lang='lat' dir='ltr'><strong>tur.</strong></span> <span class='ocrx_word' id='word_1_594' title='bbox 2010 2429 2075 2497; x_wconf 86' lang='lat' dir='ltr'><strong>ut_</strong></span> <span class='ocrx_word' id='word_1_595' title='bbox 2104 2434 2282 2497; x_wconf 81' lang='lat' dir='ltr'><strong>unum</strong></span> <span class='ocrx_word' id='word_1_596' title='bbox 2314 2435 2384 2476; x_wconf 85' lang='lat' dir='ltr'><strong>ex</strong></span> <span class='ocrx_word' id='word_1_597' title='bbox 2418 2422 2541 2497; x_wconf 91' lang='lat' dir='ltr'><strong>illis</strong></span> <span class='ocrx_word' id='word_1_598' title='bbox 2567 2424 2765 2497; x_wconf 84' lang='lat' dir='ltr'><strong>divina</strong></span> <span class='ocrx_word' id='word_1_599' title='bbox 2801 2423 3130 2497; x_wconf 83' lang='lat' dir='ltr'><strong>designatio</strong></span> <span class='ocrx_word' id='word_1_600' title='bbox 3163 2422 3508 2497; x_wconf 81' lang='lat' dir='ltr'><strong>sublegeret,</strong></span> 
     </span>
    </p>
   </div>
   <div class='ocr_carea' id='block_1_89' title="bbox 1859 2491 3516 2565">
    <p class='ocr_par' dir='ltr' id='par_1_89' title="bbox 1859 2491 3516 2565">
     <span class='ocr_line' id='line_1_91' title="bbox 1859 2491 3516 2565; baseline 0.007 -20"><span class='ocrx_word' id='word_1_601' title='bbox 1859 2504 2029 2560; x_wconf 90' lang='lat' dir='ltr'><strong>quem</strong></span> <span class='ocrx_word' id='word_1_602' title='bbox 2063 2492 2122 2545; x_wconf 90' lang='lat' dir='ltr'><strong>in</strong></span> <span class='ocrx_word' id='word_1_603' title='bbox 2156 2491 2341 2565; x_wconf 86' lang='lat' dir='ltr'><strong>locum</strong></span> <span class='ocrx_word' id='word_1_604' title='bbox 2381 2496 2695 2560; x_wconf 88' lang='lat' dir='ltr'><strong>proditoris</strong></span> <span class='ocrx_word' id='word_1_605' title='bbox 2718 2495 2877 2557; x_wconf 79' lang='lat' dir='ltr'><strong>.ludae</strong></span> <span class='ocrx_word' id='word_1_606' title='bbox 2906 2491 3227 2565; x_wconf 81' lang='lat' dir='ltr'><strong>apostolum</strong></span> <span class='ocrx_word' id='word_1_607' title='bbox 3259 2491 3516 2556; x_wconf 66' lang='lat' dir='ltr'><strong>nuinera-</strong></span> 
     </span>
    </p>
   </div>
   <div class='ocr_carea' id='block_1_90' title="bbox 1859 2564 3515 2641">
    <p class='ocr_par' dir='ltr' id='par_1_90' title="bbox 1859 2564 3515 2641">
     <span class='ocr_line' id='line_1_92' title="bbox 1859 2564 3515 2641; baseline 0.004 -24"><span class='ocrx_word' id='word_1_608' title='bbox 1859 2570 2016 2618; x_wconf 86' lang='lat' dir='ltr'><strong>rent:</strong></span> <span class='ocrx_word' id='word_1_609' title='bbox 2045 2564 2193 2632; x_wconf 91' lang='lat' dir='ltr'><strong>quod</strong></span> <span class='ocrx_word' id='word_1_610' title='bbox 2228 2564 2287 2641; x_wconf 91' lang='lat' dir='ltr'><strong>i_n</strong></span> <span class='ocrx_word' id='word_1_611' title='bbox 2315 2564 2893 2641; x_wconf 81' lang='lat' dir='ltr'><strong>Ma_t_thia_perfectum</strong></span> <span class='ocrx_word' id='word_1_612' title='bbox 2925 2567 3106 2623; x_wconf 90' lang='lat' dir='ltr'><strong>fuisse</strong></span> <span class='ocrx_word' id='word_1_613' title='bbox 3130 2568 3344 2641; x_wconf 88' lang='lat' dir='ltr'><strong>ibidem</strong></span> <span class='ocrx_word' id='word_1_614' title='bbox 3380 2572 3515 2641; x_wconf 84' lang='lat' dir='ltr'><strong>legi-</strong></span> 
     </span>
    </p>
   </div>
   <div class='ocr_carea' id='block_1_91' title="bbox 1859 2636 3508 2708">
    <p class='ocr_par' dir='ltr' id='par_1_91' title="bbox 1859 2636 3508 2708">
     <span class='ocr_line' id='line_1_93' title="bbox 1859 2636 3508 2708; baseline 0.005 -21"><span class='ocrx_word' id='word_1_615' title='bbox 1859 2648 2126 2708; x_wconf 15' lang='lat' dir='ltr'><strong>niusrcap.</strong></span> <span class='ocrx_word' id='word_1_616' title='bbox 2163 2648 2197 2708; x_wconf 65' lang='lat' dir='ltr'><strong>l_.</strong></span> <span class='ocrx_word' id='word_1_617' title='bbox 2223 2636 2535 2691; x_wconf 79' lang='lat' dir='ltr'><strong>Exordiuin</strong></span> <span class='ocrx_word' id='word_1_618' title='bbox 2562 2637 2749 2706; x_wconf 83' lang='lat' dir='ltr'><strong>igitur</strong></span> <span class='ocrx_word' id='word_1_619' title='bbox 2770 2646 3060 2706; x_wconf 77' lang='lat' dir='ltr'><strong>gestorum</strong></span> <span class='ocrx_word' id='word_1_620' title='bbox 3089 2636 3508 2708; x_wconf 43' lang='lat' dir='ltr'><strong>pontiﬁcaliu‘m</strong></span> 
     </span>
    </p>
   </div>
   <div class='ocr_carea' id='block_1_92' title="bbox 1856 2706 3514 2779">
    <p class='ocr_par' dir='ltr' id='par_1_92' title="bbox 1856 2706 3514 2779">
     <span class='ocr_line' id='line_1_94' title="bbox 1856 2706 3514 2779; baseline 0.006 -21"><span class='ocrx_word' id='word_1_621' title='bbox 1856 2706 2028 2779; x_wconf 85' lang='lat' dir='ltr'><strong>Petri,</strong></span> <span class='ocrx_word' id='word_1_622' title='bbox 2063 2706 2330 2779; x_wconf 55' lang='lat' dir='ltr'><strong>Ecclesiae</strong></span> <span class='ocrx_word' id='word_1_623' title='bbox 2364 2708 2646 2779; x_wconf 59' lang='lat' dir='ltr'><strong>universes</strong></span> <span class='ocrx_word' id='word_1_624' title='bbox 2686 2710 2937 2777; x_wconf 77' lang='lat' dir='ltr'><strong>regimen</strong></span> <span class='ocrx_word' id='word_1_625' title='bbox 2974 2706 3353 2779; x_wconf 82' lang='lat' dir='ltr'><strong>suscipientis</strong></span> <span class='ocrx_word' id='word_1_626' title='bbox 3374 2713 3514 2768; x_wconf 85' lang='lat' dir='ltr'><strong>Hie-</strong></span> 
     </span>
    </p>
   </div>
   <div class='ocr_carea' id='block_1_93' title="bbox 1857 2777 3514 2849">
    <p class='ocr_par' dir='ltr' id='par_1_93' title="bbox 1857 2777 3514 2849">
     <span class='ocr_line' id='line_1_95' title="bbox 1857 2777 3514 2849; baseline 0.006 -19"><span class='ocrx_word' id='word_1_627' title='bbox 1857 2777 2181 2846; x_wconf 87' lang='lat' dir='ltr'><strong>rosolymis,</strong></span> <span class='ocrx_word' id='word_1_628' title='bbox 2208 2779 2383 2845; x_wconf 73' lang='grc' dir='ltr'><strong>ιτωμὶι</strong></span> <span class='ocrx_word' id='word_1_629' title='bbox 2411 2778 2481 2832; x_wconf 91' lang='lat' dir='ltr'><strong>ab</strong></span> <span class='ocrx_word' id='word_1_630' title='bbox 2510 2781 2790 2849; x_wconf 90' lang='lat' dir='ltr'><strong>episcopi,</strong></span> <span class='ocrx_word' id='word_1_631' title='bbox 2820 2777 3203 2849; x_wconf 82' lang='lat' dir='ltr'><strong>siveapostoli</strong></span> <span class='ocrx_word' id='word_1_632' title='bbox 3235 2784 3514 2840; x_wconf 90' lang='lat' dir='ltr'><strong>electione</strong></span> 
     </span>
    </p>
   </div>
   <div class='ocr_carea' id='block_1_94' title="bbox 1856 2850 3513 2925">
    <p class='ocr_par' dir='ltr' id='par_1_94' title="bbox 1856 2850 3513 2925">
     <span class='ocr_line' id='line_1_96' title="bbox 1856 2850 3513 2925; baseline 0.007 -24"><span class='ocrx_word' id='word_1_633' title='bbox 1856 2854 1914 2903; x_wconf 92' lang='lat' dir='ltr'><strong>et</strong></span> <span class='ocrx_word' id='word_1_634' title='bbox 1936 2850 2388 2925; x_wconf 77' lang='lat' dir='ltr'><strong>consecratione.</strong></span> <span class='ocrx_word' id='word_1_635' title='bbox 2434 2850 2651 2925; x_wconf 80' lang='lat' dir='ltr'><strong>Ibidem</strong></span> <span class='ocrx_word' id='word_1_636' title='bbox 2706 2854 3001 2925; x_wconf 77' lang='lat' dir='ltr'><strong>noscimus</strong></span> <span class='ocrx_word' id='word_1_637' title='bbox 3034 2861 3513 2925; x_wconf 12' lang='lat' dir='ltr'><strong>usumisuseepta:</strong></span> 
     </span>
    </p>
   </div>
   <div class='ocr_carea' id='block_1_95' title="bbox 1859 2920 3521 2996">
    <p class='ocr_par' dir='ltr' id='par_1_95' title="bbox 1859 2920 3521 2996">
     <span class='ocr_line' id='line_1_97' title="bbox 1859 2920 3521 2996; baseline 0.005 -23"><span class='ocrx_word' id='word_1_638' title='bbox 1859 2920 2162 2996; x_wconf 79' lang='lat' dir='ltr'><strong>potestatis</strong></span> <span class='ocrx_word' id='word_1_639' title='bbox 2183 2921 2491 2996; x_wconf 76' lang='lat' dir='ltr'><strong>sacerdotii</strong></span> <span class='ocrx_word' id='word_1_640' title='bbox 2510 2921 2581 2975; x_wconf 87' lang='lat' dir='ltr'><strong>ab</strong></span> <span class='ocrx_word' id='word_1_641' title='bbox 2603 2923 2885 2996; x_wconf 84' lang='lat' dir='ltr'><strong>apostolis</strong></span> <span class='ocrx_word' id='word_1_642' title='bbox 2907 2925 3171 2993; x_wconf 90' lang='lat' dir='ltr'><strong>quotidie</strong></span> <span class='ocrx_word' id='word_1_643' title='bbox 3193 2920 3521 2996; x_wconf 81' lang='lat' dir='ltr'><strong>frequenta-</strong></span> 
     </span>
    </p>
   </div>
   <div class='ocr_carea' id='block_1_96' title="bbox 1859 2991 3517 3077">
    <p class='ocr_par' dir='ltr' id='par_1_96' title="bbox 1859 2991 3517 3077">
     <span class='ocr_line' id='line_1_98' title="bbox 1859 2991 3517 3077; baseline 0.005 -32"><span class='ocrx_word' id='word_1_644' title='bbox 1859 2998 1977 3046; x_wconf 90' lang='lat' dir='ltr'><strong>tum</strong></span> <span class='ocrx_word' id='word_1_645' title='bbox 2002 2991 2203 3077; x_wconf 38' lang='lat' dir='ltr'><strong>‘(a‘tque</strong></span> <span class='ocrx_word' id='word_1_646' title='bbox 2242 2992 2404 3077; x_wconf 66' lang='lat' dir='ltr'><strong>adeo</strong></span> <span class='ocrx_word' id='word_1_647' title='bbox 2441 3007 2485 3077; x_wconf 66' lang='grc' dir='ltr'><strong>ξιΔ</strong></span> <span class='ocrx_word' id='word_1_648' title='bbox 2519 3006 2664 3076; x_wconf 81' lang='lat' dir='ltr'><strong>novo</strong></span> <span class='ocrx_word' id='word_1_649' title='bbox 2710 2991 3070 3077; x_wconf 49' lang='lat' dir='ltr'><strong>presbytero,</strong></span> <span class='ocrx_word' id='word_1_650' title='bbox 3113 2991 3404 3077; x_wconf 79' lang='lat' dir='ltr'><strong>episcdpp,</strong></span> <span class='ocrx_word' id='word_1_651' title='bbox 3432 3007 3517 3077; x_wconf 80' lang='lat' dir='ltr'><strong>_et</strong></span> 
     </span>
    </p>
   </div>
   <div class='ocr_carea' id='block_1_97' title="bbox 1856 3062 3510 3139">
    <p class='ocr_par' dir='ltr' id='par_1_97' title="bbox 1856 3062 3510 3139">
     <span class='ocr_line' id='line_1_99' title="bbox 1856 3062 3510 3139; baseline 0.006 -23"><span class='ocrx_word' id='word_1_652' title='bbox 1856 3062 2116 3139; x_wconf 80' lang='lat' dir='ltr'><strong>apostolo</strong></span> <span class='ocrx_word' id='word_1_653' title='bbox 2148 3064 2427 3139; x_wconf 84' lang='lat' dir='ltr'><strong>Matthia),</strong></span> <span class='ocrx_word' id='word_1_654' title='bbox 2472 3070 2592 3139; x_wconf 74' lang='lat' dir='ltr'><strong>tum</strong></span> <span class='ocrx_word' id='word_1_655' title='bbox 2628 3066 2685 3119; x_wconf 93' lang='lat' dir='ltr'><strong>in</strong></span> <span class='ocrx_word' id='word_1_656' title='bbox 2712 3062 2890 3120; x_wconf 85' lang='lat' dir='ltr'><strong>verbo</strong></span> <span class='ocrx_word' id='word_1_657' title='bbox 2921 3068 3019 3139; x_wconf 89' lang='lat' dir='ltr'><strong>Dei</strong></span> <span class='ocrx_word' id='word_1_658' title='bbox 3058 3062 3510 3139; x_wconf 76' lang='lat' dir='ltr'><strong>interpretando,</strong></span> 
     </span>
    </p>
   </div>
   <div class='ocr_carea' id='block_1_98' title="bbox 1856 3134 3515 3205">
    <p class='ocr_par' dir='ltr' id='par_1_98' title="bbox 1856 3134 3515 3205">
     <span class='ocr_line' id='line_1_100' title="bbox 1856 3134 3515 3205; baseline 0.005 -17"><span class='ocrx_word' id='word_1_659' title='bbox 1856 3141 1976 3189; x_wconf 90' lang='lat' dir='ltr'><strong>tum</strong></span> <span class='ocrx_word' id='word_1_660' title='bbox 2009 3135 2065 3189; x_wconf 93' lang='lat' dir='ltr'><strong>in</strong></span> <span class='ocrx_word' id='word_1_661' title='bbox 2094 3136 2462 3190; x_wconf 85' lang='lat' dir='ltr'><strong>orationibus</strong></span> <span class='ocrx_word' id='word_1_662' title='bbox 2492 3134 2820 3205; x_wconf 71' lang='lat' dir='ltr'><strong>efferendis,</strong></span> <span class='ocrx_word' id='word_1_663' title='bbox 2844 3144 2966 3193; x_wconf 91' lang='lat' dir='ltr'><strong>tum</strong></span> <span class='ocrx_word' id='word_1_664' title='bbox 2996 3138 3054 3193; x_wconf 87' lang='lat' dir='ltr'><strong>iu</strong></span> <span class='ocrx_word' id='word_1_665' title='bbox 3099 3134 3388 3196; x_wconf 79' lang='lat' dir='ltr'><strong>sacriﬁcio</strong></span> <span class='ocrx_word' id='word_1_666' title='bbox 3416 3134 3515 3195; x_wconf 62' lang='grc' dir='ltr'><strong>ιιι-ὲ</strong></span> 
     </span>
    </p>
   </div>
   <div class='ocr_carea' id='block_1_99' title="bbox 1857 3206 3516 3275">
    <p class='ocr_par' dir='ltr' id='par_1_99' title="bbox 1857 3206 3516 3275">
     <span class='ocr_line' id='line_1_101' title="bbox 1857 3206 3516 3275; baseline 0.004 -15"><span class='ocrx_word' id='word_1_667' title='bbox 1857 3212 2096 3261; x_wconf 90' lang='lat' dir='ltr'><strong>cruento</strong></span> <span class='ocrx_word' id='word_1_668' title='bbox 2124 3206 2404 3275; x_wconf 86' lang='lat' dir='ltr'><strong>iterando,</strong></span> <span class='ocrx_word' id='word_1_669' title='bbox 2433 3213 2491 3260; x_wconf 91' lang='lat' dir='ltr'><strong>et</strong></span> <span class='ocrx_word' id='word_1_670' title='bbox 2521 3221 2661 3275; x_wconf 87' lang='lat' dir='ltr'><strong>pane</strong></span> <span class='ocrx_word' id='word_1_671' title='bbox 2683 3210 3071 3264; x_wconf 82' lang='lat' dir='ltr'><strong>eucharistioo</strong></span> <span class='ocrx_word' id='word_1_672' title='bbox 3096 3210 3365 3267; x_wconf 81' lang='lat' dir='ltr'><strong>ﬁdelibus</strong></span> <span class='ocrx_word' id='word_1_673' title='bbox 3388 3212 3516 3267; x_wconf 81' lang='lat' dir='ltr'><strong>dis-</strong></span> 
     </span>
    </p>
   </div>
   <div class='ocr_carea' id='block_1_100' title="bbox 1857 3276 3519 3349">
    <p class='ocr_par' dir='ltr' id='par_1_100' title="bbox 1857 3276 3519 3349">
     <span class='ocr_line' id='line_1_102' title="bbox 1857 3276 3519 3349; baseline 0.004 -18"><span class='ocrx_word' id='word_1_674' title='bbox 1857 3277 2186 3344; x_wconf 88' lang='lat' dir='ltr'><strong>tribuendo,</strong></span> <span class='ocrx_word' id='word_1_675' title='bbox 2220 3291 2287 3331; x_wconf 89' lang='lat' dir='ltr'><strong>ex</strong></span> <span class='ocrx_word' id='word_1_676' title='bbox 2311 3292 2455 3332; x_wconf 88' lang='lat' dir='ltr'><strong>vers.</strong></span> <span class='ocrx_word' id='word_1_677' title='bbox 2492 3276 2559 3332; x_wconf 68' lang='lat'><strong>4’2</strong></span> <span class='ocrx_word' id='word_1_678' title='bbox 2583 3288 2639 3333; x_wconf 90' lang='lat' dir='ltr'><strong>et</strong></span> <span class='ocrx_word' id='word_1_679' title='bbox 2670 3277 2737 3334; x_wconf 73' lang='grc'>46</span> <span class='ocrx_word' id='word_1_680' title='bbox 2765 3280 2979 3349; x_wconf 55' lang='lat' dir='ltr'><strong>capitis</strong></span> <span class='ocrx_word' id='word_1_681' title='bbox 3020 3283 3292 3336; x_wconf 85' lang='lat' dir='ltr'><strong>secundi:</strong></span> <span class='ocrx_word' id='word_1_682' title='bbox 3338 3284 3519 3337; x_wconf 86' lang='lat' dir='ltr'><strong>Erant</strong></span> 
     </span>
    </p>
   </div>
   <div class='ocr_carea' id='block_1_101' title="bbox 1855 3350 3519 3419">
    <p class='ocr_par' dir='ltr' id='par_1_101' title="bbox 1855 3350 3519 3419">
     <span class='ocr_line' id='line_1_103' title="bbox 1855 3350 3519 3419; baseline 0.002 -18"><span class='ocrx_word' id='word_1_683' title='bbox 1855 3354 2039 3403; x_wconf 86' lang='lat' dir='ltr'><strong>autem</strong></span> <span class='ocrx_word' id='word_1_684' title='bbox 2065 3354 2469 3416; x_wconf 80' lang='lat' dir='ltr'><strong>perseverantes</strong></span> <span class='ocrx_word' id='word_1_685' title='bbox 2495 3351 2554 3401; x_wconf 87' lang='lat' dir='ltr'><strong>in</strong></span> <span class='ocrx_word' id='word_1_686' title='bbox 2582 3350 2832 3402; x_wconf 76' lang='lat' dir='ltr'><strong>doctrina</strong></span> <span class='ocrx_word' id='word_1_687' title='bbox 2863 3352 3247 3419; x_wconf 82' lang='lat' dir='ltr'><strong>apostolorum,</strong></span> <span class='ocrx_word' id='word_1_688' title='bbox 3277 3358 3327 3406; x_wconf 85' lang='lat' dir='ltr'><strong>et</strong></span> <span class='ocrx_word' id='word_1_689' title='bbox 3365 3368 3519 3405; x_wconf 87' lang='lat' dir='ltr'><strong>com-</strong></span> 
     </span>
    </p>
   </div>
   <div class='ocr_carea' id='block_1_102' title="bbox 1854 3422 3515 3489">
    <p class='ocr_par' dir='ltr' id='par_1_102' title="bbox 1854 3422 3515 3489">
     <span class='ocr_line' id='line_1_104' title="bbox 1854 3422 3515 3489; baseline 0.002 -16"><span class='ocrx_word' id='word_1_690' title='bbox 1854 3422 2221 3473; x_wconf 77' lang='lat' dir='ltr'><strong>municatione</strong></span> <span class='ocrx_word' id='word_1_691' title='bbox 2237 3422 2528 3484; x_wconf 71' lang='lat' dir='ltr'><strong>[rae-limis</strong></span> <span class='ocrx_word' id='word_1_692' title='bbox 2544 3422 2707 3488; x_wconf 81' lang='lat' dir='ltr'><strong>panis</strong></span> <span class='ocrx_word' id='word_1_693' title='bbox 2733 3427 2783 3474; x_wconf 86' lang='lat' dir='ltr'><strong>et</strong></span> <span class='ocrx_word' id='word_1_694' title='bbox 2806 3423 3169 3483; x_wconf 73' lang='lat' dir='ltr'><strong>orationibus,</strong></span> <span class='ocrx_word' id='word_1_695' title='bbox 3192 3430 3299 3477; x_wconf 88' lang='lat' dir='ltr'><strong>etc.</strong></span> <span class='ocrx_word' id='word_1_696' title='bbox 3328 3424 3515 3489; x_wconf 82' lang='lat' dir='ltr'><strong>Quoti-</strong></span> 
     </span>
    </p>
   </div>
   <div class='ocr_carea' id='block_1_103' title="bbox 1856 3492 3517 3563">
    <p class='ocr_par' dir='ltr' id='par_1_103' title="bbox 1856 3492 3517 3563">
     <span class='ocr_line' id='line_1_105' title="bbox 1856 3492 3517 3563; baseline 0.004 -20"><span class='ocrx_word' id='word_1_697' title='bbox 1856 3492 1943 3543; x_wconf 81' lang='lat' dir='ltr'><strong>die</strong></span> <span class='ocrx_word' id='word_1_698' title='bbox 2005 3506 2219 3558; x_wconf 85' lang='lat' dir='ltr'><strong>quoque</strong></span> <span class='ocrx_word' id='word_1_699' title='bbox 2259 3497 2665 3563; x_wconf 81' lang='lat' dir='ltr'><strong>perseverantes</strong></span> <span class='ocrx_word' id='word_1_700' title='bbox 2706 3494 3044 3545; x_wconf 79' lang='lat' dir='ltr'><strong>unanimiter</strong></span> <span class='ocrx_word' id='word_1_701' title='bbox 3090 3494 3149 3546; x_wconf 89' lang='lat' dir='ltr'><strong>in</strong></span> <span class='ocrx_word' id='word_1_702' title='bbox 3198 3496 3415 3563; x_wconf 79' lang='lat' dir='ltr'><strong>templo,</strong></span> <span class='ocrx_word' id='word_1_703' title='bbox 3466 3502 3517 3549; x_wconf 86' lang='lat' dir='ltr'><strong>et</strong></span> 
     </span>
    </p>
   </div>
   <div class='ocr_carea' id='block_1_104' title="bbox 1853 3562 3513 3635">
    <p class='ocr_par' dir='ltr' id='par_1_104' title="bbox 1853 3562 3513 3635">
     <span class='ocr_line' id='line_1_106' title="bbox 1853 3562 3513 3635; baseline 0.003 -20"><span class='ocrx_word' id='word_1_704' title='bbox 1853 3565 2171 3635; x_wconf 72' lang='lat' dir='ltr'><strong>frangentes</strong></span> <span class='ocrx_word' id='word_1_705' title='bbox 2197 3563 2342 3635; x_wconf 71' lang='lat' dir='ltr'><strong>circa</strong></span> <span class='ocrx_word' id='word_1_706' title='bbox 2364 3562 2545 3635; x_wconf 77' lang='lat' dir='ltr'><strong>domos</strong></span> <span class='ocrx_word' id='word_1_707' title='bbox 2570 3578 2787 3635; x_wconf 75' lang='lat' dir='ltr'><strong>partem,</strong></span> <span class='ocrx_word' id='word_1_708' title='bbox 2809 3572 2917 3618; x_wconf 85' lang='lat' dir='ltr'><strong>etc.</strong></span> <span class='ocrx_word' id='word_1_709' title='bbox 2948 3563 3309 3635; x_wconf 80' lang='lat' dir='ltr'><strong>Presbyteros</strong></span> <span class='ocrx_word' id='word_1_710' title='bbox 3340 3566 3513 3621; x_wconf 88' lang='lat' dir='ltr'><strong>etiam</strong></span> 
     </span>
    </p>
   </div>
   <div class='ocr_carea' id='block_1_105' title="bbox 1855 3632 3516 3702">
    <p class='ocr_par' dir='ltr' id='par_1_105' title="bbox 1855 3632 3516 3702">
     <span class='ocr_line' id='line_1_107' title="bbox 1855 3632 3516 3702; baseline 0.002 -14"><span class='ocrx_word' id='word_1_711' title='bbox 1855 3633 2205 3688; x_wconf 85' lang='lat' dir='ltr'><strong>constitutos</strong></span> <span class='ocrx_word' id='word_1_712' title='bbox 2232 3632 2648 3702; x_wconf 85' lang='lat' dir='ltr'><strong>Hierosolymis</strong></span> <span class='ocrx_word' id='word_1_713' title='bbox 2687 3634 2758 3687; x_wconf 92' lang='lat' dir='ltr'><strong>ab</strong></span> <span class='ocrx_word' id='word_1_714' title='bbox 2788 3634 3071 3702; x_wconf 82' lang='lat' dir='ltr'><strong>apostolis</strong></span> <span class='ocrx_word' id='word_1_715' title='bbox 3099 3632 3377 3691; x_wconf 84' lang='lat' dir='ltr'><strong>docemur</strong></span> <span class='ocrx_word' id='word_1_716' title='bbox 3399 3638 3516 3691; x_wconf 79' lang='lat' dir='ltr'><strong>Ao-</strong></span> 
     </span>
    </p>
   </div>
   <div class='ocr_carea' id='block_1_106' title="bbox 1860 3704 3515 3778">
    <p class='ocr_par' dir='ltr' id='par_1_106' title="bbox 1860 3704 3515 3778">
     <span class='ocr_line' id='line_1_108' title="bbox 1860 3704 3515 3778; baseline 0.002 -19"><span class='ocrx_word' id='word_1_717' title='bbox 1860 3712 2021 3778; x_wconf 88' lang='lat' dir='ltr'><strong>tuum</strong></span> <span class='ocrx_word' id='word_1_718' title='bbox 2066 3718 2188 3773; x_wconf 88' lang='lat' dir='ltr'><strong>cap.</strong></span> <span class='ocrx_word' id='word_1_719' title='bbox 2238 3717 2327 3770; x_wconf 86' lang='lat' dir='ltr'><strong>xv,</strong></span> <span class='ocrx_word' id='word_1_720' title='bbox 2361 3705 2590 3778; x_wconf 85' lang='lat' dir='ltr'><strong>quando</strong></span> <span class='ocrx_word' id='word_1_721' title='bbox 2622 3704 2980 3778; x_wconf 83' lang='lat' dir='ltr'><strong>Antiochena</strong></span> <span class='ocrx_word' id='word_1_722' title='bbox 3024 3706 3276 3778; x_wconf 81' lang='lat' dir='ltr'><strong>Ecclesia</strong></span> <span class='ocrx_word' id='word_1_723' title='bbox 3303 3707 3515 3778; x_wconf 83' lang='lat' dir='ltr'><strong>legavit</strong></span> 
     </span>
    </p>
   </div>
   <div class='ocr_carea' id='block_1_107' title="bbox 1858 3776 3516 3848">
    <p class='ocr_par' dir='ltr' id='par_1_107' title="bbox 1858 3776 3516 3848">
     <span class='ocr_line' id='line_1_109' title="bbox 1858 3776 3516 3848; baseline 0.002 -19"><span class='ocrx_word' id='word_1_724' title='bbox 1858 3776 2120 3842; x_wconf 91' lang='lat' dir='ltr'><strong>Paulum,</strong></span> <span class='ocrx_word' id='word_1_725' title='bbox 2147 3782 2203 3830; x_wconf 89' lang='lat' dir='ltr'><strong>et</strong></span> <span class='ocrx_word' id='word_1_726' title='bbox 2237 3776 2568 3841; x_wconf 81' lang='lat' dir='ltr'><strong>Barnabam,</strong></span> <span class='ocrx_word' id='word_1_727' title='bbox 2597 3782 2653 3831; x_wconf 91' lang='lat' dir='ltr'><strong>et</strong></span> <span class='ocrx_word' id='word_1_728' title='bbox 2679 3776 2957 3845; x_wconf 89' lang='lat' dir='ltr'><strong>quosdam</strong></span> <span class='ocrx_word' id='word_1_729' title='bbox 2988 3777 3138 3832; x_wconf 89' lang='lat' dir='ltr'><strong>alios</strong></span> <span class='ocrx_word' id='word_1_730' title='bbox 3169 3779 3245 3831; x_wconf 81' lang='lat' dir='ltr'><strong>ad</strong></span> <span class='ocrx_word' id='word_1_731' title='bbox 3288 3776 3516 3848; x_wconf 78' lang='lat' dir='ltr'><strong>aposto—</strong></span> 
     </span>
    </p>
   </div>
   <div class='ocr_carea' id='block_1_108' title="bbox 1860 3848 3512 3919">
    <p class='ocr_par' dir='ltr' id='par_1_108' title="bbox 1860 3848 3512 3919">
     <span class='ocr_line' id='line_1_110' title="bbox 1860 3848 3512 3919; baseline 0.004 -19"><span class='ocrx_word' id='word_1_732' title='bbox 1860 3849 1936 3900; x_wconf 85' lang='lat' dir='ltr'><strong>los</strong></span> <span class='ocrx_word' id='word_1_733' title='bbox 1954 3852 2014 3919; x_wconf 79' lang='lat' dir='ltr'><strong>et</strong></span> <span class='ocrx_word' id='word_1_734' title='bbox 2053 3848 2393 3916; x_wconf 81' lang='lat' dir='ltr'><strong>presbyteros</strong></span> <span class='ocrx_word' id='word_1_735' title='bbox 2420 3848 2483 3919; x_wconf 84' lang='lat' dir='ltr'><strong>in</strong></span> <span class='ocrx_word' id='word_1_736' title='bbox 2512 3848 2852 3902; x_wconf 80' lang='lat' dir='ltr'><strong>Hierusalem</strong></span> <span class='ocrx_word' id='word_1_737' title='bbox 2872 3864 3036 3917; x_wconf 84' lang='lat' dir='ltr'><strong>super</strong></span> <span class='ocrx_word' id='word_1_738' title='bbox 3064 3849 3166 3903; x_wconf 88' lang='lat' dir='ltr'><strong>hac</strong></span> <span class='ocrx_word' id='word_1_739' title='bbox 3195 3853 3512 3919; x_wconf 69' lang='lat' dir='ltr'><strong>quaestione,</strong></span> 
     </span>
    </p>
   </div>
   <div class='ocr_carea' id='block_1_109' title="bbox 1858 3918 3513 3991">
    <p class='ocr_par' dir='ltr' id='par_1_109' title="bbox 1858 3918 3513 3991">
     <span class='ocr_line' id='line_1_111' title="bbox 1858 3918 3513 3991; baseline 0.003 -18"><span class='ocrx_word' id='word_1_740' title='bbox 1858 3918 2084 3973; x_wconf 86' lang='lat' dir='ltr'><strong>scilicet</strong></span> <span class='ocrx_word' id='word_1_741' title='bbox 2111 3919 2178 3972; x_wconf 82' lang='lat' dir='ltr'><strong>de</strong></span> <span class='ocrx_word' id='word_1_742' title='bbox 2208 3918 2677 3991; x_wconf 76' lang='lat' dir='ltr'><strong>circumcisione,</strong></span> <span class='ocrx_word' id='word_1_743' title='bbox 2704 3920 2981 3991; x_wconf 83' lang='lat' dir='ltr'><strong>aliisque</strong></span> <span class='ocrx_word' id='word_1_744' title='bbox 3013 3919 3300 3991; x_wconf 89' lang='lat' dir='ltr'><strong>legalibus</strong></span> <span class='ocrx_word' id='word_1_745' title='bbox 3332 3936 3513 3978; x_wconf 70' lang='lat' dir='ltr'><strong>caere-</strong></span> 
     </span>
    </p>
   </div>
   <div class='ocr_carea' id='block_1_110' title="bbox 1864 3987 3519 4063">
    <p class='ocr_par' dir='ltr' id='par_1_110' title="bbox 1864 3987 3519 4063">
     <span class='ocr_line' id='line_1_112' title="bbox 1864 3987 3519 4063; baseline 0.004 -19"><span class='ocrx_word' id='word_1_746' title='bbox 1864 3991 2094 4063; x_wconf 86' lang='lat' dir='ltr'><strong>moniis.</strong></span> <span class='ocrx_word' id='word_1_747' title='bbox 2125 3991 2257 4063; x_wconf 78' lang='lat' dir='ltr'><strong>Post</strong></span> <span class='ocrx_word' id='word_1_748' title='bbox 2281 3987 2464 4063; x_wconf 78' lang='lat' dir='ltr'><strong>oiﬁcia</strong></span> <span class='ocrx_word' id='word_1_749' title='bbox 2493 3987 2871 4063; x_wconf 85' lang='lat' dir='ltr'><strong>apostOlatus,</strong></span> <span class='ocrx_word' id='word_1_750' title='bbox 2892 3987 3032 4046; x_wconf 22' lang='lat' dir='ltr'><strong>Vsive</strong></span> <span class='ocrx_word' id='word_1_751' title='bbox 3061 3987 3429 4063; x_wconf 77' lang='lat' dir='ltr'><strong>episcopatus</strong></span> <span class='ocrx_word' id='word_1_752' title='bbox 3459 4002 3519 4050; x_wconf 89' lang='lat' dir='ltr'><strong>et</strong></span> 
     </span>
    </p>
   </div>
   <div class='ocr_carea' id='block_1_111' title="bbox 1865 4061 3516 4136">
    <p class='ocr_par' dir='ltr' id='par_1_111' title="bbox 1865 4061 3516 4136">
     <span class='ocr_line' id='line_1_113' title="bbox 1865 4061 3516 4136; baseline 0.004 -21"><span class='ocrx_word' id='word_1_753' title='bbox 1865 4062 2224 4136; x_wconf 84' lang='lat' dir='ltr'><strong>presbyterii,</strong></span> <span class='ocrx_word' id='word_1_754' title='bbox 2273 4061 2478 4115; x_wconf 87' lang='lat' dir='ltr'><strong>electio</strong></span> <span class='ocrx_word' id='word_1_755' title='bbox 2509 4070 2722 4136; x_wconf 86' lang='lat' dir='ltr'><strong>septem</strong></span> <span class='ocrx_word' id='word_1_756' title='bbox 2767 4062 3168 4136; x_wconf 84' lang='lat' dir='ltr'><strong>diaconorum,</strong></span> <span class='ocrx_word' id='word_1_757' title='bbox 3201 4061 3516 4136; x_wconf 81' lang='lat' dir='ltr'><strong>eorumque</strong></span> 
     </span>
    </p>
   </div>
   <div class='ocr_carea' id='block_1_112' title="bbox 1860 4134 3514 4206">
    <p class='ocr_par' dir='ltr' id='par_1_112' title="bbox 1860 4134 3514 4206">
     <span class='ocr_line' id='line_1_114' title="bbox 1860 4134 3514 4206; baseline 0.003 -20"><span class='ocrx_word' id='word_1_758' title='bbox 1860 4134 2153 4189; x_wconf 88' lang='lat' dir='ltr'><strong>ordinatio</strong></span> <span class='ocrx_word' id='word_1_759' title='bbox 2205 4146 2303 4201; x_wconf 89' lang='lat' dir='ltr'><strong>per</strong></span> <span class='ocrx_word' id='word_1_760' title='bbox 2346 4134 3088 4206; x_wconf 78' lang='lat' dir='ltr'><strong>manuuinimpositionem</strong></span> <span class='ocrx_word' id='word_1_761' title='bbox 3130 4136 3202 4191; x_wconf 90' lang='lat' dir='ltr'><strong>ab</strong></span> <span class='ocrx_word' id='word_1_762' title='bbox 3231 4134 3514 4206; x_wconf 82' lang='lat' dir='ltr'><strong>apostolis</strong></span> 
     </span>
    </p>
   </div>
   <div class='ocr_carea' id='block_1_113' title="bbox 1862 4203 3517 4274">
    <p class='ocr_par' dir='ltr' id='par_1_113' title="bbox 1862 4203 3517 4274">
     <span class='ocr_line' id='line_1_115' title="bbox 1862 4203 3517 4274; baseline 0.003 -15"><span class='ocrx_word' id='word_1_763' title='bbox 1862 4211 2089 4273; x_wconf 88' lang='lat' dir='ltr'><strong>peracta</strong></span> <span class='ocrx_word' id='word_1_764' title='bbox 2132 4205 2273 4274; x_wconf 80' lang='lat' dir='ltr'><strong>(cup.</strong></span> <span class='ocrx_word' id='word_1_765' title='bbox 2325 4203 2403 4273; x_wconf 74' lang='lat' dir='ltr'><strong>v1)</strong></span> <span class='ocrx_word' id='word_1_766' title='bbox 2459 4204 2768 4274; x_wconf 91' lang='lat' dir='ltr'><strong>complevit</strong></span> <span class='ocrx_word' id='word_1_767' title='bbox 2811 4205 3195 4261; x_wconf 89' lang='lat' dir='ltr'><strong>hierarchiam</strong></span> <span class='ocrx_word' id='word_1_768' title='bbox 3226 4203 3517 4264; x_wconf 82' lang='lat' dir='ltr'><strong>nascentis</strong></span> 
     </span>
    </p>
   </div>
   <div class='ocr_carea' id='block_1_114' title="bbox 1858 4276 3517 4346">
    <p class='ocr_par' dir='ltr' id='par_1_114' title="bbox 1858 4276 3517 4346">
     <span class='ocr_line' id='line_1_116' title="bbox 1858 4276 3517 4346; baseline 0.004 -17"><span class='ocrx_word' id='word_1_769' title='bbox 1858 4276 2126 4331; x_wconf 75' lang='lat' dir='ltr'><strong>Ecclesia:</strong></span> <span class='ocrx_word' id='word_1_770' title='bbox 2158 4276 2568 4344; x_wconf 85' lang='lat' dir='ltr'><strong>Hierosolymis</strong></span> <span class='ocrx_word' id='word_1_771' title='bbox 2590 4289 2740 4332; x_wconf 90' lang='lat' dir='ltr'><strong>anno</strong></span> <span class='ocrx_word' id='word_1_772' title='bbox 2772 4278 2956 4346; x_wconf 91' lang='lat' dir='ltr'><strong>primo</strong></span> <span class='ocrx_word' id='word_1_773' title='bbox 2983 4292 3015 4330; x_wconf 87' lang='lat' dir='ltr'><strong>a</strong></span> <span class='ocrx_word' id='word_1_774' title='bbox 3042 4276 3259 4332; x_wconf 90' lang='lat' dir='ltr'><strong>Christi</strong></span> <span class='ocrx_word' id='word_1_775' title='bbox 3281 4280 3517 4335; x_wconf 92' lang='lat' dir='ltr'><strong>Domini</strong></span> 
     </span>
    </p>
   </div>
   <div class='ocr_carea' id='block_1_115' title="bbox 1860 4347 3519 4418">
    <p class='ocr_par' dir='ltr' id='par_1_115' title="bbox 1860 4347 3519 4418">
     <span class='ocr_line' id='line_1_117' title="bbox 1860 4347 3519 4418; baseline 0.003 -18"><span class='ocrx_word' id='word_1_776' title='bbox 1860 4349 2164 4414; x_wconf 84' lang='lat' dir='ltr'><strong>Passione;</strong></span> <span class='ocrx_word' id='word_1_777' title='bbox 2213 4361 2381 4418; x_wconf 89' lang='lat' dir='ltr'><strong>quam</strong></span> <span class='ocrx_word' id='word_1_778' title='bbox 2417 4349 2653 4403; x_wconf 84' lang='lat' dir='ltr'><strong>formam</strong></span> <span class='ocrx_word' id='word_1_779' title='bbox 2696 4348 2811 4403; x_wconf 90' lang='lat' dir='ltr'><strong>sibi</strong></span> <span class='ocrx_word' id='word_1_780' title='bbox 2849 4347 3117 4403; x_wconf 86' lang='lat' dir='ltr'><strong>traditam</strong></span> <span class='ocrx_word' id='word_1_781' title='bbox 3151 4354 3273 4403; x_wconf 92' lang='lat' dir='ltr'><strong>tum</strong></span> <span class='ocrx_word' id='word_1_782' title='bbox 3303 4350 3519 4405; x_wconf 85' lang='lat' dir='ltr'><strong>Antio-</strong></span> 
     </span>
    </p>
   </div>
   <div class='ocr_carea' id='block_1_116' title="bbox 1857 4419 3513 4485">
    <p class='ocr_par' dir='ltr' id='par_1_116' title="bbox 1857 4419 3513 4485">
     <span class='ocr_line' id='line_1_118' title="bbox 1857 4419 3513 4485; baseline 0.002 -12"><span class='ocrx_word' id='word_1_783' title='bbox 1857 4420 2037 4475; x_wconf 89' lang='lat' dir='ltr'><strong>chena</strong></span> <span class='ocrx_word' id='word_1_784' title='bbox 2090 4420 2315 4474; x_wconf 81' lang='lat' dir='ltr'><strong>imitata</strong></span> <span class='ocrx_word' id='word_1_785' title='bbox 2354 4424 2459 4485; x_wconf 91' lang='lat' dir='ltr'><strong>est,</strong></span> <span class='ocrx_word' id='word_1_786' title='bbox 2512 4420 2648 4474; x_wconf 91' lang='lat' dir='ltr'><strong>dum</strong></span> <span class='ocrx_word' id='word_1_787' title='bbox 2700 4420 2759 4474; x_wconf 91' lang='lat' dir='ltr'><strong>in</strong></span> <span class='ocrx_word' id='word_1_788' title='bbox 2817 4433 2876 4474; x_wconf 84' lang='lat' dir='ltr'><strong>ea</strong></span> <span class='ocrx_word' id='word_1_789' title='bbox 2932 4419 3261 4474; x_wconf 89' lang='lat' dir='ltr'><strong>cathedram</strong></span> <span class='ocrx_word' id='word_1_790' title='bbox 3312 4422 3513 4477; x_wconf 90' lang='lat' dir='ltr'><strong>Petrus</strong></span> 
     </span>
    </p>
   </div>
   <div class='ocr_carea' id='block_1_117' title="bbox 1856 4491 3510 4562">
    <p class='ocr_par' dir='ltr' id='par_1_117' title="bbox 1856 4491 3510 4562">
     <span class='ocr_line' id='line_1_119' title="bbox 1856 4491 3510 4562; baseline 0.002 -19"><span class='ocrx_word' id='word_1_791' title='bbox 1856 4491 2058 4558; x_wconf 85' lang='lat' dir='ltr'><strong>erexit,</strong></span> <span class='ocrx_word' id='word_1_792' title='bbox 2098 4497 2216 4546; x_wconf 90' lang='lat' dir='ltr'><strong>tum</strong></span> <span class='ocrx_word' id='word_1_793' title='bbox 2250 4492 2497 4545; x_wconf 85' lang='lat' dir='ltr'><strong>Romana</strong></span> <span class='ocrx_word' id='word_1_794' title='bbox 2530 4491 2808 4561; x_wconf 83' lang='lat' dir='ltr'><strong>suscepit.</strong></span> <span class='ocrx_word' id='word_1_795' title='bbox 2841 4496 2898 4547; x_wconf 88' lang='lat' dir='ltr'><strong>et</strong></span> <span class='ocrx_word' id='word_1_796' title='bbox 2921 4495 3251 4546; x_wconf 83' lang='lat' dir='ltr'><strong>constanter</strong></span> <span class='ocrx_word' id='word_1_797' title='bbox 3277 4493 3510 4562; x_wconf 90' lang='lat' dir='ltr'><strong>retinet,</strong></span> 
     </span>
    </p>
   </div>
   <div class='ocr_carea' id='block_1_118' title="bbox 1854 4563 3519 4632">
    <p class='ocr_par' dir='ltr' id='par_1_118' title="bbox 1854 4563 3519 4632">
     <span class='ocr_line' id='line_1_120' title="bbox 1854 4563 3519 4632; baseline 0.002 -17"><span class='ocrx_word' id='word_1_798' title='bbox 1854 4575 1920 4616; x_wconf 90' lang='lat' dir='ltr'><strong>ex</strong></span> <span class='ocrx_word' id='word_1_799' title='bbox 1951 4577 2064 4632; x_wconf 82' lang='lat' dir='ltr'><strong>quo</strong></span> <span class='ocrx_word' id='word_1_800' title='bbox 2094 4563 2205 4617; x_wconf 88' lang='lat' dir='ltr'><strong>huc</strong></span> <span class='ocrx_word' id='word_1_801' title='bbox 2238 4563 2540 4617; x_wconf 87' lang='lat' dir='ltr'><strong>transtulit</strong></span> <span class='ocrx_word' id='word_1_802' title='bbox 2564 4563 2955 4632; x_wconf 90' lang='lat' dir='ltr'><strong>apostolorum</strong></span> <span class='ocrx_word' id='word_1_803' title='bbox 2990 4563 3260 4631; x_wconf 91' lang='lat' dir='ltr'><strong>Princeps</strong></span> <span class='ocrx_word' id='word_1_804' title='bbox 3288 4563 3519 4619; x_wconf 88' lang='lat' dir='ltr'><strong>univer-</strong></span> 
     </span>
    </p>
   </div>
   <div class='ocr_carea' id='block_1_119' title="bbox 90 4632 3510 4709">
    <p class='ocr_par' dir='ltr' id='par_1_119' title="bbox 90 4632 3510 4709">
     <span class='ocr_line' id='line_1_121' title="bbox 90 4632 3510 4709; baseline 0.002 -20"><span class='ocrx_word' id='word_1_805' title='bbox 90 4644 203 4709; x_wconf 77' lang='lat' dir='ltr'><strong>eum</strong></span> <span class='ocrx_word' id='word_1_806' title='bbox 224 4636 634 4693; x_wconf 82' lang='lat' dir='ltr'><strong>cruoiaﬂixum</strong></span> <span class='ocrx_word' id='word_1_807' title='bbox 656 4640 807 4695; x_wconf 88' lang='lat' dir='ltr'><strong>inter</strong></span> <span class='ocrx_word' id='word_1_808' title='bbox 824 4646 1130 4709; x_wconf 89' lang='lat' dir='ltr'><strong>utramque</strong></span> <span class='ocrx_word' id='word_1_809' title='bbox 1149 4646 1351 4693; x_wconf 91' lang='lat' dir='ltr'><strong>metam</strong></span> <span class='ocrx_word' id='word_1_810' title='bbox 1366 4638 1620 4707; x_wconf 87' lang='lat' dir='ltr'><strong>ejusdem</strong></span> <span class='ocrx_word' id='word_1_811' title='bbox 1635 4653 1744 4693; x_wconf 81' lang='lat' dir='ltr'><strong>cir-</strong></span> <span class='ocrx_word' id='word_1_812' title='bbox 1773 4638 1823 4697; x_wconf 89' lang='lat' dir='ltr'><strong>D</strong></span> <span class='ocrx_word' id='word_1_813' title='bbox 1853 4632 2029 4709; x_wconf 61' lang='lat' dir='ltr'><strong>salem</strong></span> <span class='ocrx_word' id='word_1_814' title='bbox 2063 4635 2388 4709; x_wconf 67' lang='lat' dir='ltr'><strong>cathedram</strong></span> <span class='ocrx_word' id='word_1_815' title='bbox 2416 4641 2471 4688; x_wconf 79' lang='lat' dir='ltr'><strong>et</strong></span> <span class='ocrx_word' id='word_1_816' title='bbox 2513 4635 2854 4709; x_wconf 74' lang='lat' dir='ltr'><strong>primatum.</strong></span> <span class='ocrx_word' id='word_1_817' title='bbox 2888 4635 2965 4689; x_wconf 87' lang='lat' dir='ltr'><strong>De</strong></span> <span class='ocrx_word' id='word_1_818' title='bbox 2997 4634 3373 4709; x_wconf 63' lang='lat' dir='ltr'><strong>Autiochenac</strong></span> <span class='ocrx_word' id='word_1_819' title='bbox 3394 4635 3510 4690; x_wconf 90' lang='lat' dir='ltr'><strong>Ec-</strong></span> 
     </span>
    </p>
   </div>
   <div class='ocr_carea' id='block_1_120' title="bbox 90 4703 1741 4779">
    <p class='ocr_par' dir='ltr' id='par_1_120' title="bbox 90 4703 1741 4779">
     <span class='ocr_line' id='line_1_122' title="bbox 90 4703 1741 4779; baseline 0.001 -17"><span class='ocrx_word' id='word_1_820' title='bbox 90 4703 134 4756; x_wconf 68' lang='grc' dir='ltr'><strong>αἱ</strong></span> <span class='ocrx_word' id='word_1_821' title='bbox 160 4721 323 4779; x_wconf 85' lang='lat' dir='ltr'><strong>prope</strong></span> <span class='ocrx_word' id='word_1_822' title='bbox 338 4722 507 4779; x_wconf 90' lang='lat' dir='ltr'><strong>quem</strong></span> <span class='ocrx_word' id='word_1_823' title='bbox 542 4710 730 4766; x_wconf 89' lang='lat' dir='ltr'><strong>locum</strong></span> <span class='ocrx_word' id='word_1_824' title='bbox 761 4703 1316 4767; x_wconf 78' lang='lat' dir='ltr'><strong>Evaristustitulum</strong></span> <span class='ocrx_word' id='word_1_825' title='bbox 1344 4703 1741 4779; x_wconf 80' lang='lat' dir='ltr'><strong>superstruxit</strong></span> 
     </span>
    </p>
   </div>
   <div class='ocr_carea' id='block_1_121' title="bbox 91 4777 1740 4849">
    <p class='ocr_par' dir='ltr' id='par_1_121' title="bbox 91 4777 1740 4849">
     <span class='ocr_line' id='line_1_123' title="bbox 91 4777 1740 4849; baseline 0.005 -20"><span class='ocrx_word' id='word_1_826' title='bbox 91 4777 796 4849; x_wconf 41' lang='lat' dir='ltr'><strong>sepulcro,‘Constantinus</strong></span> <span class='ocrx_word' id='word_1_827' title='bbox 817 4782 1120 4839; x_wconf 90' lang='lat' dir='ltr'><strong>basilicam</strong></span> <span class='ocrx_word' id='word_1_828' title='bbox 1139 4777 1487 4836; x_wconf 84' lang='lat' dir='ltr'><strong>Vaticanam.</strong></span> <span class='ocrx_word' id='word_1_829' title='bbox 1511 4782 1740 4837; x_wconf 91' lang='lat' dir='ltr'><strong>Primus</strong></span> 
     </span>
    </p>
   </div>
   <div class='ocr_carea' id='block_1_122' title="bbox 94 4851 1739 4924">
    <p class='ocr_par' dir='ltr' id='par_1_122' title="bbox 94 4851 1739 4924">
     <span class='ocr_line' id='line_1_124' title="bbox 94 4851 1739 4924; baseline 0.004 -24"><span class='ocrx_word' id='word_1_830' title='bbox 94 4851 359 4912; x_wconf 89' lang='lat' dir='ltr'><strong>omnium,</strong></span> <span class='ocrx_word' id='word_1_831' title='bbox 396 4859 461 4906; x_wconf 91' lang='lat' dir='ltr'><strong>ut</strong></span> <span class='ocrx_word' id='word_1_832' title='bbox 486 4852 761 4923; x_wconf 88' lang='lat' dir='ltr'><strong>arbitror,</strong></span> <span class='ocrx_word' id='word_1_833' title='bbox 811 4854 1102 4924; x_wconf 67' lang='lat' dir='ltr'><strong>Maphaeus</strong></span> <span class='ocrx_word' id='word_1_834' title='bbox 1156 4853 1403 4923; x_wconf 87' lang='lat' dir='ltr'><strong>Veggius</strong></span> <span class='ocrx_word' id='word_1_835' title='bbox 1433 4858 1739 4924; x_wconf 83' lang='lat' dir='ltr'><strong>argutatus</strong></span> 
     </span>
    </p>
   </div>
   <div class='ocr_carea' id='block_1_123' title="bbox 89 4924 1735 4996">
    <p class='ocr_par' dir='ltr' id='par_1_123' title="bbox 89 4924 1735 4996">
     <span class='ocr_line' id='line_1_125' title="bbox 89 4924 1735 4996; baseline 0.004 -25"><span class='ocrx_word' id='word_1_836' title='bbox 89 4926 187 4996; x_wconf 74' lang='lat' dir='ltr'><strong>est,</strong></span> <span class='ocrx_word' id='word_1_837' title='bbox 214 4924 356 4996; x_wconf 79' lang='lat' dir='ltr'><strong>inter</strong></span> <span class='ocrx_word' id='word_1_838' title='bbox 384 4930 678 4994; x_wconf 80' lang='lat' dir='ltr'><strong>utramque</strong></span> <span class='ocrx_word' id='word_1_839' title='bbox 706 4931 924 4989; x_wconf 86' lang='lat' dir='ltr'><strong>metam,</strong></span> <span class='ocrx_word' id='word_1_840' title='bbox 972 4925 1124 4996; x_wconf 90' lang='lat' dir='ltr'><strong>quod</strong></span> <span class='ocrx_word' id='word_1_841' title='bbox 1176 4925 1235 4979; x_wconf 91' lang='lat' dir='ltr'><strong>in</strong></span> <span class='ocrx_word' id='word_1_842' title='bbox 1276 4924 1437 4996; x_wconf 82' lang='lat' dir='ltr'><strong>Actis</strong></span> <span class='ocrx_word' id='word_1_843' title='bbox 1473 4924 1735 4993; x_wconf 89' lang='lat' dir='ltr'><strong>martyrii</strong></span> 
     </span>
    </p>
   </div>
   <div class='ocr_carea' id='block_1_124' title="bbox 91 4987 1739 5067">
    <p class='ocr_par' dir='ltr' id='par_1_124' title="bbox 91 4987 1739 5067">
     <span class='ocr_line' id='line_1_126' title="bbox 91 4987 1739 5067; baseline 0 -20"><span class='ocrx_word' id='word_1_844' title='bbox 91 4987 307 5067; x_wconf 61' lang='lat' dir='ltr'><strong>legitur,</strong></span> <span class='ocrx_word' id='word_1_845' title='bbox 340 4995 422 5049; x_wconf 90' lang='lat' dir='ltr'><strong>ita</strong></span> <span class='ocrx_word' id='word_1_846' title='bbox 448 4987 655 5064; x_wconf 71' lang='lat' dir='ltr'><strong>exponi</strong></span> <span class='ocrx_word' id='word_1_847' title='bbox 688 4987 1072 5067; x_wconf 52' lang='lat' dir='ltr'><strong>oporterefut</strong></span> <span class='ocrx_word' id='word_1_848' title='bbox 1095 5002 1240 5050; x_wconf 88' lang='lat' dir='ltr'><strong>meta</strong></span> <span class='ocrx_word' id='word_1_849' title='bbox 1265 5009 1376 5048; x_wconf 88' lang='lat' dir='ltr'><strong>una</strong></span> <span class='ocrx_word' id='word_1_850' title='bbox 1405 4994 1582 5067; x_wconf 85' lang='lat' dir='ltr'><strong>fuerit</strong></span> <span class='ocrx_word' id='word_1_851' title='bbox 1606 4987 1739 5048; x_wconf 75' lang='lat' dir='ltr'><strong>obe—</strong></span> 
     </span>
    </p>
   </div>
   <div class='ocr_carea' id='block_1_125' title="bbox 93 5060 1737 5125">
    <p class='ocr_par' dir='ltr' id='par_1_125' title="bbox 93 5060 1737 5125">
     <span class='ocr_line' id='line_1_127' title="bbox 93 5060 1737 5125; baseline 0.006 -15"><span class='ocrx_word' id='word_1_852' title='bbox 93 5060 240 5116; x_wconf 86' lang='lat' dir='ltr'><strong>liscus</strong></span> <span class='ocrx_word' id='word_1_853' title='bbox 264 5060 811 5124; x_wconf 51' lang='lat' dir='ltr'><strong>eireiNeroniaui&#39;ad</strong></span> <span class='ocrx_word' id='word_1_854' title='bbox 856 5070 1080 5125; x_wconf 84' lang='lat' dir='ltr'><strong>radices</strong></span> <span class='ocrx_word' id='word_1_855' title='bbox 1117 5066 1377 5121; x_wconf 88' lang='lat' dir='ltr'><strong>Vaticani</strong></span> <span class='ocrx_word' id='word_1_856' title='bbox 1415 5065 1607 5125; x_wconf 83' lang='lat' dir='ltr'><strong>collis.</strong></span> <span class='ocrx_word' id='word_1_857' title='bbox 1634 5066 1737 5120; x_wconf 79' lang='lat' dir='ltr'><strong>aut.</strong></span> 
     </span>
    </p>
   </div>
   <div class='ocr_carea' id='block_1_126' title="bbox 90 5135 1730 5210">
    <p class='ocr_par' dir='ltr' id='par_1_126' title="bbox 90 5135 1730 5210">
     <span class='ocr_line' id='line_1_128' title="bbox 90 5135 1730 5210; baseline 0.003 -25"><span class='ocrx_word' id='word_1_858' title='bbox 90 5135 399 5210; x_wconf 88' lang='lat' dir='ltr'><strong>sepulcrum</strong></span> <span class='ocrx_word' id='word_1_859' title='bbox 428 5138 565 5210; x_wconf 90' lang='lat' dir='ltr'><strong>moli</strong></span> <span class='ocrx_word' id='word_1_860' title='bbox 586 5138 828 5196; x_wconf 81' lang='lat' dir='ltr'><strong>Adriani</strong></span> <span class='ocrx_word' id='word_1_861' title='bbox 851 5136 1730 5210; x_wconf 76' lang='lat' dir='ltr'><strong>proximum,mod_odisjectum,</strong></span> 
     </span>
    </p>
   </div>
   <div class='ocr_carea' id='block_1_127' title="bbox 92 5208 1735 5279">
    <p class='ocr_par' dir='ltr' id='par_1_127' title="bbox 92 5208 1735 5279">
     <span class='ocr_line' id='line_1_129' title="bbox 92 5208 1735 5279; baseline 0.004 -22"><span class='ocrx_word' id='word_1_862' title='bbox 92 5209 225 5279; x_wconf 78' lang='lat' dir='ltr'><strong>quod</strong></span> <span class='ocrx_word' id='word_1_863' title='bbox 253 5209 548 5277; x_wconf 89' lang='lat' dir='ltr'><strong>Scipionis</strong></span> <span class='ocrx_word' id='word_1_864' title='bbox 578 5208 960 5279; x_wconf 42' lang='lat' dir='ltr'><strong>Africani,_vel</strong></span> <span class='ocrx_word' id='word_1_865' title='bbox 987 5208 1215 5267; x_wconf 81' lang='lat' dir='ltr'><strong>Romuli</strong></span> <span class='ocrx_word' id='word_1_866' title='bbox 1260 5208 1468 5277; x_wconf 82' lang='lat' dir='ltr'><strong>vulgus</strong></span> <span class='ocrx_word' id='word_1_867' title='bbox 1487 5208 1735 5277; x_wconf 88' lang='lat' dir='ltr'><strong>appella-</strong></span> 
     </span>
    </p>
   </div>
   <div class='ocr_carea' id='block_1_128' title="bbox 92 5272 1733 5353">
    <p class='ocr_par' dir='ltr' id='par_1_128' title="bbox 92 5272 1733 5353">
     <span class='ocr_line' id='line_1_130' title="bbox 92 5272 1733 5353; baseline 0.002 -23"><span class='ocrx_word' id='word_1_868' title='bbox 92 5272 175 5353; x_wconf 65' lang='lat' dir='ltr'><strong>bat</strong></span> <span class='ocrx_word' id='word_1_869' title='bbox 196 5272 416 5353; x_wconf 78' lang='lat' dir='ltr'><strong>:_altera</strong></span> <span class='ocrx_word' id='word_1_870' title='bbox 445 5294 580 5335; x_wconf 89' lang='lat' dir='ltr'><strong>vero</strong></span> <span class='ocrx_word' id='word_1_871' title='bbox 608 5272 856 5351; x_wconf 79' lang='lat' dir='ltr'><strong>pyramis</strong></span> <span class='ocrx_word' id='word_1_872' title='bbox 900 5283 1142 5353; x_wconf 83' lang='lat' dir='ltr'><strong>sepulcri</strong></span> <span class='ocrx_word' id='word_1_873' title='bbox 1179 5272 1444 5340; x_wconf 73' lang='lat' dir='ltr'><strong>Gestiunt,</strong></span> <span class='ocrx_word' id='word_1_874' title='bbox 1479 5272 1596 5335; x_wconf 77' lang='lat' dir='ltr'><strong>tota</strong></span> <span class='ocrx_word' id='word_1_875' title='bbox 1619 5280 1733 5353; x_wconf 81' lang='lat' dir='ltr'><strong>Ur-</strong></span> 
     </span>
    </p>
   </div>
   <div class='ocr_carea' id='block_1_129' title="bbox 90 5343 1731 5421">
    <p class='ocr_par' dir='ltr' id='par_1_129' title="bbox 90 5343 1731 5421">
     <span class='ocr_line' id='line_1_131' title="bbox 90 5343 1731 5421; baseline 0.003 -21"><span class='ocrx_word' id='word_1_876' title='bbox 90 5343 169 5421; x_wconf 76' lang='lat' dir='ltr'><strong>bis</strong></span> <span class='ocrx_word' id='word_1_877' title='bbox 195 5350 476 5407; x_wconf 88' lang='lat' dir='ltr'><strong>diametro</strong></span> <span class='ocrx_word' id='word_1_878' title='bbox 507 5343 716 5409; x_wconf 80' lang='lat' dir='ltr'><strong>dissita</strong></span> <span class='ocrx_word' id='word_1_879' title='bbox 745 5368 779 5410; x_wconf 92' lang='lat' dir='ltr'><strong>a</strong></span> <span class='ocrx_word' id='word_1_880' title='bbox 809 5343 973 5409; x_wconf 77' lang='lat' dir='ltr'><strong>circo</strong></span> <span class='ocrx_word' id='word_1_881' title='bbox 997 5353 1290 5407; x_wconf 86' lang='lat' dir='ltr'><strong>Vaticano.</strong></span> <span class='ocrx_word' id='word_1_882' title='bbox 1313 5353 1640 5421; x_wconf 81' lang='lat' dir='ltr'><strong>(Torrigius,</strong></span> <span class='ocrx_word' id='word_1_883' title='bbox 1666 5352 1731 5405; x_wconf 85' lang='lat' dir='ltr'><strong>de</strong></span> 
     </span>
    </p>
   </div>
   <div class='ocr_carea' id='block_1_130' title="bbox 88 5420 1730 5496">
    <p class='ocr_par' dir='ltr' id='par_1_130' title="bbox 88 5420 1730 5496">
     <span class='ocr_line' id='line_1_132' title="bbox 88 5420 1730 5496; baseline 0.002 -22"><span class='ocrx_word' id='word_1_884' title='bbox 88 5420 288 5496; x_wconf 60' lang='lat' dir='ltr'><strong>&quot;ri/ptis</strong></span> <span class='ocrx_word' id='word_1_885' title='bbox 324 5425 635 5485; x_wconf 79' lang='lat' dir='ltr'><strong>Vaticanis,</strong></span> <span class='ocrx_word' id='word_1_886' title='bbox 660 5442 798 5495; x_wconf 86' lang='lat' dir='ltr'><strong>pag.</strong></span> <span class='ocrx_word' id='word_1_887' title='bbox 853 5423 999 5496; x_wconf 82' lang='grc'>495.)</span> <span class='ocrx_word' id='word_1_888' title='bbox 1042 5426 1195 5480; x_wconf 76' lang='lat' dir='ltr'><strong>Nova</strong></span> <span class='ocrx_word' id='word_1_889' title='bbox 1229 5420 1395 5492; x_wconf 88' lang='lat' dir='ltr'><strong>plane</strong></span> <span class='ocrx_word' id='word_1_890' title='bbox 1426 5424 1730 5496; x_wconf 84' lang='lat' dir='ltr'><strong>methodus</strong></span> 
     </span>
    </p>
   </div>
   <div class='ocr_carea' id='block_1_131' title="bbox 86 5492 1732 5577">
    <p class='ocr_par' dir='ltr' id='par_1_131' title="bbox 86 5492 1732 5577">
     <span class='ocr_line' id='line_1_133' title="bbox 86 5492 1732 5577; baseline 0.004 -36"><span class='ocrx_word' id='word_1_891' title='bbox 86 5498 159 5543; x_wconf 85' lang='lat' dir='ltr'><strong>est</strong></span> <span class='ocrx_word' id='word_1_892' title='bbox 178 5492 293 5577; x_wconf 72' lang='lat' dir='ltr'><strong>ioci</strong></span> <span class='ocrx_word' id='word_1_893' title='bbox 322 5492 677 5577; x_wconf 76' lang='lat' dir='ltr'><strong>designandi</strong></span> <span class='ocrx_word' id='word_1_894' title='bbox 710 5492 882 5577; x_wconf 77' lang='lat' dir='ltr'><strong>quam</strong></span> <span class='ocrx_word' id='word_1_895' title='bbox 912 5492 1074 5554; x_wconf 83' lang='lat' dir='ltr'><strong>nemo</strong></span> <span class='ocrx_word' id='word_1_896' title='bbox 1104 5509 1171 5577; x_wconf 60' lang='grc' dir='ltr'><strong>εις</strong></span> <span class='ocrx_word' id='word_1_897' title='bbox 1210 5494 1605 5577; x_wconf 30' lang='lat' dir='ltr'><strong>metato‘ribiis,</strong></span> <span class='ocrx_word' id='word_1_898' title='bbox 1629 5500 1732 5577; x_wconf 82' lang='lat' dir='ltr'><strong>aut</strong></span> 
     </span>
    </p>
   </div>
   <div class='ocr_carea' id='block_1_132' title="bbox 85 5564 1725 5637">
    <p class='ocr_par' dir='ltr' id='par_1_132' title="bbox 85 5564 1725 5637">
     <span class='ocr_line' id='line_1_134' title="bbox 85 5564 1725 5637; baseline 0.005 -26"><span class='ocrx_word' id='word_1_899' title='bbox 85 5564 404 5637; x_wconf 83' lang='lat' dir='ltr'><strong>architectis</strong></span> <span class='ocrx_word' id='word_1_900' title='bbox 438 5564 765 5635; x_wconf 76' lang='lat' dir='ltr'><strong>usurparet.</strong></span> <span class='ocrx_word' id='word_1_901' title='bbox 794 5570 969 5624; x_wconf 85' lang='lat' dir='ltr'><strong>Nemo</strong></span> <span class='ocrx_word' id='word_1_902' title='bbox 1021 5566 1274 5637; x_wconf 88' lang='lat' dir='ltr'><strong>prudens</strong></span> <span class='ocrx_word' id='word_1_903' title='bbox 1312 5572 1462 5622; x_wconf 90' lang='lat' dir='ltr'><strong>certe</strong></span> <span class='ocrx_word' id='word_1_904' title='bbox 1487 5566 1725 5631; x_wconf 87' lang='lat' dir='ltr'><strong>diceret,</strong></span> 
     </span>
    </p>
   </div>
   <div class='ocr_carea' id='block_1_133' title="bbox 87 5633 1728 5719">
    <p class='ocr_par' dir='ltr' id='par_1_133' title="bbox 87 5633 1728 5719">
     <span class='ocr_line' id='line_1_135' title="bbox 87 5633 1728 5719; baseline 0.001 -31"><span class='ocrx_word' id='word_1_905' title='bbox 87 5633 339 5719; x_wconf 54' lang='lat' dir='ltr'><strong>“reginam</strong></span> <span class='ocrx_word' id='word_1_906' title='bbox 368 5633 1125 5719; x_wconf 19' lang='lat' dir='ltr'><strong>§uecorum___Chris_ti_ua_mA</strong></span> <span class='ocrx_word' id='word_1_907' title='bbox 1176 5651 1510 5719; x_wconf 67' lang='lat' dir='ltr'><strong>supremum</strong></span> <span class='ocrx_word' id='word_1_908' title='bbox 1560 5637 1728 5719; x_wconf 59' lang='lat' dir='ltr'><strong>diem</strong></span> 
     </span>
    </p>
   </div>
   <div class='ocr_carea' id='block_1_134' title="bbox 86 5701 1730 5766">
    <p class='ocr_par' dir='ltr' id='par_1_134' title="bbox 86 5701 1730 5766">
     <span class='ocr_line' id='line_1_136' title="bbox 86 5701 1730 5766; baseline 0.002 -9"><span class='ocrx_word' id='word_1_909' title='bbox 86 5701 255 5761; x_wconf 69' lang='lat' dir='ltr'><strong>Romae</strong></span> <span class='ocrx_word' id='word_1_910' title='bbox 287 5708 507 5764; x_wconf 89' lang='lat' dir='ltr'><strong>obiisse</strong></span> <span class='ocrx_word' id='word_1_911' title='bbox 534 5710 593 5764; x_wconf 92' lang='lat' dir='ltr'><strong>in</strong></span> <span class='ocrx_word' id='word_1_912' title='bbox 624 5711 849 5766; x_wconf 61' lang='lat' dir='ltr'><strong>aedibus</strong></span> <span class='ocrx_word' id='word_1_913' title='bbox 879 5711 1016 5765; x_wconf 90' lang='lat' dir='ltr'><strong>sitis</strong></span> <span class='ocrx_word' id='word_1_914' title='bbox 1047 5710 1197 5764; x_wconf 90' lang='lat' dir='ltr'><strong>inter</strong></span> <span class='ocrx_word' id='word_1_915' title='bbox 1215 5701 1533 5765; x_wconf 87' lang='lat' dir='ltr'><strong>obeliscum</strong></span> <span class='ocrx_word' id='word_1_916' title='bbox 1560 5707 1730 5763; x_wconf 86' lang='lat' dir='ltr'><strong>Vati—</strong></span> 
     </span>
    </p>
   </div>
   <div class='ocr_carea' id='block_1_135' title="bbox 84 5778 1725 5850">
    <p class='ocr_par' dir='ltr' id='par_1_135' title="bbox 84 5778 1725 5850">
     <span class='ocr_line' id='line_1_137' title="bbox 84 5778 1725 5850; baseline 0.001 -17"><span class='ocrx_word' id='word_1_917' title='bbox 84 5786 271 5850; x_wconf 65' lang='lat' dir='ltr'><strong>9auum</strong></span> <span class='ocrx_word' id='word_1_918' title='bbox 296 5787 352 5834; x_wconf 91' lang='lat' dir='ltr'><strong>et</strong></span> <span class='ocrx_word' id='word_1_919' title='bbox 397 5782 745 5850; x_wconf 88' lang='lat' dir='ltr'><strong>pyramidem</strong></span> <span class='ocrx_word' id='word_1_920' title='bbox 777 5783 836 5837; x_wconf 90' lang='lat' dir='ltr'><strong>C.</strong></span> <span class='ocrx_word' id='word_1_921' title='bbox 870 5781 1071 5848; x_wconf 90' lang='lat' dir='ltr'><strong>Cestii,</strong></span> <span class='ocrx_word' id='word_1_922' title='bbox 1106 5787 1170 5836; x_wconf 90' lang='lat' dir='ltr'><strong>ut</strong></span> <span class='ocrx_word' id='word_1_923' title='bbox 1214 5782 1363 5836; x_wconf 72' lang='lat' dir='ltr'><strong>aedes</strong></span> <span class='ocrx_word' id='word_1_924' title='bbox 1395 5778 1725 5834; x_wconf 84' lang='lat' dir='ltr'><strong>Riariorum</strong></span> 
     </span>
    </p>
   </div>
   <div class='ocr_carea' id='block_1_136' title="bbox 85 5843 1723 5923">
    <p class='ocr_par' dir='ltr' id='par_1_136' title="bbox 85 5843 1723 5923">
     <span class='ocr_line' id='line_1_138' title="bbox 85 5843 1723 5923; baseline 0.004 -26"><span class='ocrx_word' id='word_1_925' title='bbox 85 5843 371 5910; x_wconf 86' lang='lat' dir='ltr'><strong>indicaret.</strong></span> <span class='ocrx_word' id='word_1_926' title='bbox 397 5843 579 5923; x_wconf 59' lang='lat' dir='ltr'><strong>&#39;i&#39;nter</strong></span> <span class='ocrx_word' id='word_1_927' title='bbox 634 5861 947 5923; x_wconf 90' lang='lat' dir='ltr'><strong>utrumque</strong></span> <span class='ocrx_word' id='word_1_928' title='bbox 990 5843 1300 5923; x_wconf 82' lang='lat' dir='ltr'><strong>terminum</strong></span> <span class='ocrx_word' id='word_1_929' title='bbox 1344 5850 1723 5923; x_wconf 81' lang='lat' dir='ltr'><strong>constitutas;</strong></span> 
     </span>
    </p>
   </div>
   <div class='ocr_carea' id='block_1_137' title="bbox 83 5922 1729 5993">
    <p class='ocr_par' dir='ltr' id='par_1_137' title="bbox 83 5922 1729 5993">
     <span class='ocr_line' id='line_1_139' title="bbox 83 5922 1729 5993; baseline 0.003 -22"><span class='ocrx_word' id='word_1_930' title='bbox 83 5929 220 5993; x_wconf 89' lang='lat' dir='ltr'><strong>cum,</strong></span> <span class='ocrx_word' id='word_1_931' title='bbox 252 5926 374 5979; x_wconf 86' lang='lat' dir='ltr'><strong>tota</strong></span> <span class='ocrx_word' id='word_1_932' title='bbox 400 5922 549 5978; x_wconf 89' lang='lat' dir='ltr'><strong>Urbe</strong></span> <span class='ocrx_word' id='word_1_933' title='bbox 570 5922 965 5993; x_wconf 75' lang='lat' dir='ltr'><strong>interiacente,</strong></span> <span class='ocrx_word' id='word_1_934' title='bbox 992 5922 1167 5991; x_wconf 86' lang='lat' dir='ltr'><strong>hujus</strong></span> <span class='ocrx_word' id='word_1_935' title='bbox 1194 5923 1517 5981; x_wconf 89' lang='lat' dir='ltr'><strong>innumeris</strong></span> <span class='ocrx_word' id='word_1_936' title='bbox 1539 5922 1729 5993; x_wconf 87' lang='lat' dir='ltr'><strong>parti-</strong></span> 
     </span>
    </p>
   </div>
   <div class='ocr_carea' id='block_1_138' title="bbox 404 6010 961 6070">
    <p class='ocr_par' dir='ltr' id='par_1_138' title="bbox 404 6010 961 6070">
     <span class='ocr_line' id='line_1_140' title="bbox 404 6010 961 6070; baseline -0.002 -5"><span class='ocrx_word' id='word_1_937' title='bbox 404 6011 639 6069; x_wconf 78' lang='lat' dir='ltr'><strong>PATROL.</strong></span> <span class='ocrx_word' id='word_1_938' title='bbox 692 6010 961 6070; x_wconf 79' lang='lat' dir='ltr'><strong>CXXVII.</strong></span> 
     </span>
    </p>
   </div>
   <div class='ocr_carea' id='block_1_139' title="bbox 1851 4704 3508 4776">
    <p class='ocr_par' dir='ltr' id='par_1_139' title="bbox 1851 4704 3508 4776">
     <span class='ocr_line' id='line_1_141' title="bbox 1851 4704 3508 4776; baseline 0.002 -18"><span class='ocrx_word' id='word_1_939' title='bbox 1851 4704 2041 4760; x_wconf 75' lang='lat' dir='ltr'><strong>olesite</strong></span> <span class='ocrx_word' id='word_1_940' title='bbox 2084 4705 2411 4761; x_wconf 90' lang='lat' dir='ltr'><strong>hierarchia</strong></span> <span class='ocrx_word' id='word_1_941' title='bbox 2449 4705 2640 4761; x_wconf 86' lang='lat' dir='ltr'><strong>tribus</strong></span> <span class='ocrx_word' id='word_1_942' title='bbox 2679 4707 2834 4761; x_wconf 85' lang='lat' dir='ltr'><strong>hisce</strong></span> <span class='ocrx_word' id='word_1_943' title='bbox 2878 4704 3154 4776; x_wconf 86' lang='lat' dir='ltr'><strong>gradibus</strong></span> <span class='ocrx_word' id='word_1_944' title='bbox 3191 4706 3508 4761; x_wconf 89' lang='lat' dir='ltr'><strong>constituta</strong></span> 
     </span>
    </p>
   </div>
   <div class='ocr_carea' id='block_1_140' title="bbox 1852 4777 3507 4833">
    <p class='ocr_par' dir='ltr' id='par_1_140' title="bbox 1852 4777 3507 4833">
     <span class='ocr_line' id='line_1_142' title="bbox 1852 4777 3507 4833; baseline 0.002 -3"><span class='ocrx_word' id='word_1_945' title='bbox 1852 4783 2025 4831; x_wconf 88' lang='lat' dir='ltr'><strong>testes</strong></span> <span class='ocrx_word' id='word_1_946' title='bbox 2048 4784 2185 4831; x_wconf 90' lang='lat' dir='ltr'><strong>sunt</strong></span> <span class='ocrx_word' id='word_1_947' title='bbox 2213 4779 2418 4831; x_wconf 65' lang='lat' dir='ltr'><strong>litterae</strong></span> <span class='ocrx_word' id='word_1_948' title='bbox 2441 4777 2607 4833; x_wconf 90' lang='lat' dir='ltr'><strong>illius</strong></span> <span class='ocrx_word' id='word_1_949' title='bbox 2636 4778 2903 4833; x_wconf 66' lang='lat' dir='ltr'><strong>Ecclesiae</strong></span> <span class='ocrx_word' id='word_1_950' title='bbox 2928 4778 3256 4832; x_wconf 89' lang='lat' dir='ltr'><strong>antistitum</strong></span> <span class='ocrx_word' id='word_1_951' title='bbox 3283 4790 3316 4831; x_wconf 91' lang='lat' dir='ltr'><strong>a</strong></span> <span class='ocrx_word' id='word_1_952' title='bbox 3347 4777 3507 4833; x_wconf 90' lang='lat' dir='ltr'><strong>Petro</strong></span> 
     </span>
    </p>
   </div>
   <div class='ocr_carea' id='block_1_141' title="bbox 1851 4848 3503 4919">
    <p class='ocr_par' dir='ltr' id='par_1_141' title="bbox 1851 4848 3503 4919">
     <span class='ocr_line' id='line_1_143' title="bbox 1851 4848 3503 4919; baseline 0.001 -18"><span class='ocrx_word' id='word_1_953' title='bbox 1851 4850 2267 4917; x_wconf 86' lang='lat' dir='ltr'><strong>proximorum,</strong></span> <span class='ocrx_word' id='word_1_954' title='bbox 2298 4851 2610 4915; x_wconf 73' lang='lat' dir='ltr'><strong>praesertim</strong></span> <span class='ocrx_word' id='word_1_955' title='bbox 2653 4850 2860 4919; x_wconf 81' lang='lat' dir='ltr'><strong>lgnatii</strong></span> <span class='ocrx_word' id='word_1_956' title='bbox 2891 4850 3180 4918; x_wconf 88' lang='lat' dir='ltr'><strong>martyris,</strong></span> <span class='ocrx_word' id='word_1_957' title='bbox 3214 4848 3316 4917; x_wconf 89' lang='lat' dir='ltr'><strong>qui</strong></span> <span class='ocrx_word' id='word_1_958' title='bbox 3365 4863 3503 4918; x_wconf 91' lang='lat' dir='ltr'><strong>pro-</strong></span> 
     </span>
    </p>
   </div>
   <div class='ocr_carea' id='block_1_142' title="bbox 1848 4920 3508 4990">
    <p class='ocr_par' dir='ltr' id='par_1_142' title="bbox 1848 4920 3508 4990">
     <span class='ocr_line' id='line_1_144' title="bbox 1848 4920 3508 4990; baseline 0.001 -17"><span class='ocrx_word' id='word_1_959' title='bbox 1848 4921 2042 4974; x_wconf 86' lang='lat' dir='ltr'><strong>ximus</strong></span> <span class='ocrx_word' id='word_1_960' title='bbox 2071 4920 2142 4975; x_wconf 90' lang='lat' dir='ltr'><strong>ab</strong></span> <span class='ocrx_word' id='word_1_961' title='bbox 2169 4920 2379 4975; x_wconf 90' lang='lat' dir='ltr'><strong>Evodio</strong></span> <span class='ocrx_word' id='word_1_962' title='bbox 2409 4921 2690 4974; x_wconf 88' lang='lat' dir='ltr'><strong>successit</strong></span> <span class='ocrx_word' id='word_1_963' title='bbox 2718 4922 2899 4986; x_wconf 90' lang='lat' dir='ltr'><strong>Petro,</strong></span> <span class='ocrx_word' id='word_1_964' title='bbox 2927 4921 3153 4990; x_wconf 86' lang='lat' dir='ltr'><strong>eosdem</strong></span> <span class='ocrx_word' id='word_1_965' title='bbox 3180 4920 3395 4990; x_wconf 85' lang='lat' dir='ltr'><strong>gradus</strong></span> <span class='ocrx_word' id='word_1_966' title='bbox 3418 4920 3508 4975; x_wconf 84' lang='lat' dir='ltr'><strong>di-</strong></span> 
     </span>
    </p>
   </div>
   <div class='ocr_carea' id='block_1_143' title="bbox 1848 4989 3503 5047">
    <p class='ocr_par' dir='ltr' id='par_1_143' title="bbox 1848 4989 3503 5047">
     <span class='ocr_line' id='line_1_145' title="bbox 1848 4989 3503 5047; baseline 0.002 -3"><span class='ocrx_word' id='word_1_967' title='bbox 1848 4999 1997 5045; x_wconf 90' lang='lat' dir='ltr'><strong>serte</strong></span> <span class='ocrx_word' id='word_1_968' title='bbox 2032 4998 2428 5046; x_wconf 89' lang='lat' dir='ltr'><strong>memorantes.</strong></span> <span class='ocrx_word' id='word_1_969' title='bbox 2464 4993 2538 5045; x_wconf 88' lang='lat' dir='ltr'><strong>De</strong></span> <span class='ocrx_word' id='word_1_970' title='bbox 2583 4991 2833 5045; x_wconf 85' lang='lat' dir='ltr'><strong>Romana</strong></span> <span class='ocrx_word' id='word_1_971' title='bbox 2864 5003 2994 5044; x_wconf 88' lang='lat' dir='ltr'><strong>vero</strong></span> <span class='ocrx_word' id='word_1_972' title='bbox 3029 4989 3327 5045; x_wconf 39' lang='lat' dir='ltr'><strong>nulla’non</strong></span> <span class='ocrx_word' id='word_1_973' title='bbox 3365 4998 3503 5047; x_wconf 67' lang='lat' dir='ltr'><strong>aetas</strong></span> 
     </span>
    </p>
   </div>
   <div class='ocr_carea' id='block_1_144' title="bbox 1847 5059 3498 5129">
    <p class='ocr_par' dir='ltr' id='par_1_144' title="bbox 1847 5059 3498 5129">
     <span class='ocr_line' id='line_1_146' title="bbox 1847 5059 3498 5129; baseline 0.001 -12"><span class='ocrx_word' id='word_1_974' title='bbox 1847 5062 2244 5117; x_wconf 87' lang='lat' dir='ltr'><strong>testimonium</strong></span> <span class='ocrx_word' id='word_1_975' title='bbox 2277 5062 2487 5129; x_wconf 84' lang='lat' dir='ltr'><strong>reddit,</strong></span> <span class='ocrx_word' id='word_1_976' title='bbox 2517 5069 2570 5115; x_wconf 92' lang='lat' dir='ltr'><strong>et</strong></span> <span class='ocrx_word' id='word_1_977' title='bbox 2607 5062 2919 5129; x_wconf 65' lang='lat' dir='ltr'><strong>praesertim</strong></span> <span class='ocrx_word' id='word_1_978' title='bbox 2956 5060 3049 5115; x_wconf 92' lang='lat' dir='ltr'><strong>hic</strong></span> <span class='ocrx_word' id='word_1_979' title='bbox 3088 5059 3237 5115; x_wconf 91' lang='lat' dir='ltr'><strong>liber</strong></span> <span class='ocrx_word' id='word_1_980' title='bbox 3265 5062 3498 5118; x_wconf 82' lang='lat' dir='ltr'><strong>Pontiﬁ-</strong></span> 
     </span>
    </p>
   </div>
   <div class='ocr_carea' id='block_1_145' title="bbox 1844 5132 3501 5203">
    <p class='ocr_par' dir='ltr' id='par_1_145' title="bbox 1844 5132 3501 5203">
     <span class='ocr_line' id='line_1_147' title="bbox 1844 5132 3501 5203; baseline 0.001 -15"><span class='ocrx_word' id='word_1_981' title='bbox 1844 5135 2009 5199; x_wconf 89' lang='lat' dir='ltr'><strong>calis,</strong></span> <span class='ocrx_word' id='word_1_982' title='bbox 2042 5134 2100 5187; x_wconf 90' lang='lat' dir='ltr'><strong>in</strong></span> <span class='ocrx_word' id='word_1_983' title='bbox 2124 5132 2378 5202; x_wconf 87' lang='lat' dir='ltr'><strong>singulis</strong></span> <span class='ocrx_word' id='word_1_984' title='bbox 2402 5132 2776 5200; x_wconf 81' lang='lat' dir='ltr'><strong>pontiﬁcibus</strong></span> <span class='ocrx_word' id='word_1_985' title='bbox 2795 5144 3115 5203; x_wconf 88' lang='lat' dir='ltr'><strong>memorans</strong></span> <span class='ocrx_word' id='word_1_986' title='bbox 3142 5132 3501 5203; x_wconf 89' lang='lat' dir='ltr'><strong>presbyteros</strong></span> 
     </span>
    </p>
   </div>
   <div class='ocr_carea' id='block_1_146' title="bbox 1844 5202 3498 5272">
    <p class='ocr_par' dir='ltr' id='par_1_146' title="bbox 1844 5202 3498 5272">
     <span class='ocr_line' id='line_1_148' title="bbox 1844 5202 3498 5272; baseline 0.002 -15"><span class='ocrx_word' id='word_1_987' title='bbox 1844 5212 1898 5260; x_wconf 81' lang='lat' dir='ltr'><strong>et</strong></span> <span class='ocrx_word' id='word_1_988' title='bbox 1943 5206 2218 5259; x_wconf 89' lang='lat' dir='ltr'><strong>diaconos</strong></span> <span class='ocrx_word' id='word_1_989' title='bbox 2270 5203 2535 5258; x_wconf 63' lang='lat' dir='ltr'><strong>Ecclesia:</strong></span> <span class='ocrx_word' id='word_1_990' title='bbox 2590 5203 2853 5257; x_wconf 67' lang='lat' dir='ltr'><strong>Romana:</strong></span> <span class='ocrx_word' id='word_1_991' title='bbox 2897 5202 2967 5256; x_wconf 89' lang='lat' dir='ltr'><strong>ab</strong></span> <span class='ocrx_word' id='word_1_992' title='bbox 3020 5203 3165 5271; x_wconf 87' lang='lat' dir='ltr'><strong>ipsis</strong></span> <span class='ocrx_word' id='word_1_993' title='bbox 3209 5202 3395 5272; x_wconf 81' lang='lat' dir='ltr'><strong>dates,</strong></span> <span class='ocrx_word' id='word_1_994' title='bbox 3442 5212 3498 5260; x_wconf 87' lang='lat' dir='ltr'><strong>et</strong></span> 
     </span>
    </p>
   </div>
   <div class='ocr_carea' id='block_1_147' title="bbox 1843 5274 3498 5346">
    <p class='ocr_par' dir='ltr' id='par_1_147' title="bbox 1843 5274 3498 5346">
     <span class='ocr_line' id='line_1_149' title="bbox 1843 5274 3498 5346; baseline 0 -15"><span class='ocrx_word' id='word_1_995' title='bbox 1843 5278 2141 5346; x_wconf 89' lang='lat' dir='ltr'><strong>episcopos</strong></span> <span class='ocrx_word' id='word_1_996' title='bbox 2172 5275 2487 5344; x_wconf 88' lang='lat' dir='ltr'><strong>aliquando</strong></span> <span class='ocrx_word' id='word_1_997' title='bbox 2520 5281 2736 5346; x_wconf 87' lang='lat' dir='ltr'><strong>tantum</strong></span> <span class='ocrx_word' id='word_1_998' title='bbox 2767 5274 3224 5342; x_wconf 91' lang='lat' dir='ltr'><strong>suburbicarios,</strong></span> <span class='ocrx_word' id='word_1_999' title='bbox 3246 5277 3498 5345; x_wconf 87' lang='lat' dir='ltr'><strong>quando-</strong></span> 
     </span>
    </p>
   </div>
   <div class='ocr_carea' id='block_1_148' title="bbox 1843 5345 3494 5418">
    <p class='ocr_par' dir='ltr' id='par_1_148' title="bbox 1843 5345 3494 5418">
     <span class='ocr_line' id='line_1_150' title="bbox 1843 5345 3494 5418; baseline 0 -17"><span class='ocrx_word' id='word_1_1000' title='bbox 1843 5345 1953 5418; x_wconf 86' lang='lat' dir='ltr'><strong>que</strong></span> <span class='ocrx_word' id='word_1_1001' title='bbox 1983 5348 2153 5401; x_wconf 90' lang='lat' dir='ltr'><strong>etiam</strong></span> <span class='ocrx_word' id='word_1_1002' title='bbox 2181 5348 2240 5400; x_wconf 93' lang='lat' dir='ltr'><strong>in</strong></span> <span class='ocrx_word' id='word_1_1003' title='bbox 2274 5346 2410 5418; x_wconf 85' lang='lat' dir='ltr'><strong>aliis</strong></span> <span class='ocrx_word' id='word_1_1004' title='bbox 2445 5345 2784 5418; x_wconf 87' lang='lat' dir='ltr'><strong>civitatibus</strong></span> <span class='ocrx_word' id='word_1_1005' title='bbox 2812 5359 2909 5414; x_wconf 89' lang='lat' dir='ltr'><strong>per</strong></span> <span class='ocrx_word' id='word_1_1006' title='bbox 2936 5352 3177 5400; x_wconf 91' lang='lat' dir='ltr'><strong>tractum</strong></span> <span class='ocrx_word' id='word_1_1007' title='bbox 3206 5345 3494 5418; x_wconf 83' lang='lat' dir='ltr'><strong>Occiden—</strong></span> 
     </span>
    </p>
   </div>
   <div class='ocr_carea' id='block_1_149' title="bbox 1841 5417 3491 5487">
    <p class='ocr_par' dir='ltr' id='par_1_149' title="bbox 1841 5417 3491 5487">
     <span class='ocr_line' id='line_1_151' title="bbox 1841 5417 3491 5487; baseline -0.001 -14"><span class='ocrx_word' id='word_1_1008' title='bbox 1841 5417 1979 5473; x_wconf 82' lang='lat' dir='ltr'><strong>talis</strong></span> <span class='ocrx_word' id='word_1_1009' title='bbox 2018 5417 2444 5487; x_wconf 88' lang='lat' dir='ltr'><strong>patriarchatus</strong></span> <span class='ocrx_word' id='word_1_1010' title='bbox 2489 5417 2829 5472; x_wconf 89' lang='lat' dir='ltr'><strong>institutos:</strong></span> <span class='ocrx_word' id='word_1_1011' title='bbox 2886 5417 3140 5485; x_wconf 85' lang='lat' dir='ltr'><strong>quarein</strong></span> <span class='ocrx_word' id='word_1_1012' title='bbox 3181 5417 3256 5472; x_wconf 91' lang='lat' dir='ltr'><strong>iis</strong></span> <span class='ocrx_word' id='word_1_1013' title='bbox 3288 5431 3491 5472; x_wconf 90' lang='lat' dir='ltr'><strong>recen-</strong></span> 
     </span>
    </p>
   </div>
   <div class='ocr_carea' id='block_1_150' title="bbox 1841 5488 3491 5558">
    <p class='ocr_par' dir='ltr' id='par_1_150' title="bbox 1841 5488 3491 5558">
     <span class='ocr_line' id='line_1_152' title="bbox 1841 5488 3491 5558; baseline -0.002 -13"><span class='ocrx_word' id='word_1_1014' title='bbox 1841 5490 2036 5545; x_wconf 85' lang='lat' dir='ltr'><strong>sendis</strong></span> <span class='ocrx_word' id='word_1_1015' title='bbox 2087 5490 2423 5558; x_wconf 84' lang='lat' dir='ltr'><strong>plerumque</strong></span> <span class='ocrx_word' id='word_1_1016' title='bbox 2448 5489 2685 5543; x_wconf 81' lang='lat' dir='ltr'><strong>additur</strong></span> <span class='ocrx_word' id='word_1_1017' title='bbox 2709 5490 2981 5556; x_wconf 68' lang='grc' dir='ltr'><strong>εζρίευοροδ</strong></span> <span class='ocrx_word' id='word_1_1018' title='bbox 3006 5503 3107 5556; x_wconf 85' lang='lat' dir='ltr'><strong>per</strong></span> <span class='ocrx_word' id='word_1_1019' title='bbox 3130 5488 3349 5542; x_wconf 78' lang='lat' dir='ltr'><strong>diuersa</strong></span> <span class='ocrx_word' id='word_1_1020' title='bbox 3375 5489 3491 5543; x_wconf 82' lang='lat' dir='ltr'><strong>loca</strong></span> 
     </span>
    </p>
   </div>
   <div class='ocr_carea' id='block_1_151' title="bbox 1841 5559 3491 5628">
    <p class='ocr_par' dir='ltr' id='par_1_151' title="bbox 1841 5559 3491 5628">
     <span class='ocr_line' id='line_1_153' title="bbox 1841 5559 3491 5628; baseline 0.001 -14"><span class='ocrx_word' id='word_1_1021' title='bbox 1841 5578 2062 5616; x_wconf 79' lang='lat' dir='ltr'><strong>munero</strong></span> <span class='ocrx_word' id='word_1_1022' title='bbox 2102 5562 2168 5614; x_wconf 91' lang='lat' dir='ltr'><strong>N.</strong></span> <span class='ocrx_word' id='word_1_1023' title='bbox 2220 5562 2296 5614; x_wconf 91' lang='lat' dir='ltr'><strong>De</strong></span> <span class='ocrx_word' id='word_1_1024' title='bbox 2339 5573 2575 5614; x_wconf 87' lang='lat' dir='ltr'><strong>numero</strong></span> <span class='ocrx_word' id='word_1_1025' title='bbox 2616 5559 3073 5628; x_wconf 86' lang='lat' dir='ltr'><strong>presbyterorum</strong></span> <span class='ocrx_word' id='word_1_1026' title='bbox 3123 5565 3179 5613; x_wconf 90' lang='lat' dir='ltr'><strong>et</strong></span> <span class='ocrx_word' id='word_1_1027' title='bbox 3208 5560 3491 5616; x_wconf 62' lang='lat' dir='ltr'><strong>diacon0«</strong></span> 
     </span>
    </p>
   </div>
   <div class='ocr_carea' id='block_1_152' title="bbox 1842 5629 3489 5688">
    <p class='ocr_par' dir='ltr' id='par_1_152' title="bbox 1842 5629 3489 5688">
     <span class='ocr_line' id='line_1_154' title="bbox 1842 5629 3489 5688; baseline -0.001 0"><span class='ocrx_word' id='word_1_1028' title='bbox 1842 5648 1967 5688; x_wconf 92' lang='lat' dir='ltr'><strong>rum</strong></span> <span class='ocrx_word' id='word_1_1029' title='bbox 2020 5635 2283 5687; x_wconf 79' lang='lat' dir='ltr'><strong>Romana:</strong></span> <span class='ocrx_word' id='word_1_1030' title='bbox 2327 5631 2595 5685; x_wconf 71' lang='lat' dir='ltr'><strong>Ecclesia:</strong></span> <span class='ocrx_word' id='word_1_1031' title='bbox 2633 5631 2747 5685; x_wconf 88' lang='lat' dir='ltr'><strong>erit</strong></span> <span class='ocrx_word' id='word_1_1032' title='bbox 2776 5630 2925 5685; x_wconf 82' lang='lat' dir='ltr'><strong>infra</strong></span> <span class='ocrx_word' id='word_1_1033' title='bbox 2950 5629 3181 5684; x_wconf 88' lang='lat' dir='ltr'><strong>dicendi</strong></span> <span class='ocrx_word' id='word_1_1034' title='bbox 3233 5629 3396 5687; x_wconf 89' lang='lat' dir='ltr'><strong>locus</strong></span> <span class='ocrx_word' id='word_1_1035' title='bbox 3431 5633 3489 5688; x_wconf 92' lang='lat' dir='ltr'><strong>in</strong></span> 
     </span>
    </p>
   </div>
   <div class='ocr_carea' id='block_1_153' title="bbox 1838 5701 3494 5771">
    <p class='ocr_par' dir='ltr' id='par_1_153' title="bbox 1838 5701 3494 5771">
     <span class='ocr_line' id='line_1_155' title="bbox 1838 5701 3494 5771; baseline 0 -12"><span class='ocrx_word' id='word_1_1036' title='bbox 1838 5703 1968 5759; x_wconf 86' lang='lat' dir='ltr'><strong>Vita</strong></span> <span class='ocrx_word' id='word_1_1037' title='bbox 1998 5706 2050 5759; x_wconf 89' lang='lat' dir='ltr'><strong>S.</strong></span> <span class='ocrx_word' id='word_1_1038' title='bbox 2077 5703 2243 5758; x_wconf 89' lang='lat' dir='ltr'><strong>Cleti.</strong></span> <span class='ocrx_word' id='word_1_1039' title='bbox 2277 5703 2379 5757; x_wconf 84' lang='lat' dir='ltr'><strong>Hic</strong></span> <span class='ocrx_word' id='word_1_1040' title='bbox 2407 5703 2649 5758; x_wconf 85' lang='lat' dir='ltr'><strong>observo</strong></span> <span class='ocrx_word' id='word_1_1041' title='bbox 2701 5702 3001 5771; x_wconf 84' lang='lat' dir='ltr'><strong>episcopos</strong></span> <span class='ocrx_word' id='word_1_1042' title='bbox 3041 5701 3336 5769; x_wconf 88' lang='lat' dir='ltr'><strong>adjutores</strong></span> <span class='ocrx_word' id='word_1_1043' title='bbox 3379 5709 3494 5759; x_wconf 89' lang='lat' dir='ltr'><strong>tres</strong></span> 
     </span>
    </p>
   </div>
   <div class='ocr_carea' id='block_1_154' title="bbox 1838 5772 3493 5842">
    <p class='ocr_par' dir='ltr' id='par_1_154' title="bbox 1838 5772 3493 5842">
     <span class='ocr_line' id='line_1_156' title="bbox 1838 5772 3493 5842; baseline -0.001 -11"><span class='ocrx_word' id='word_1_1044' title='bbox 1838 5790 1870 5831; x_wconf 88' lang='lat' dir='ltr'><strong>a</strong></span> <span class='ocrx_word' id='word_1_1045' title='bbox 1924 5778 2085 5831; x_wconf 91' lang='lat' dir='ltr'><strong>Petro</strong></span> <span class='ocrx_word' id='word_1_1046' title='bbox 2118 5776 2422 5830; x_wconf 88' lang='lat' dir='ltr'><strong>institutos</strong></span> <span class='ocrx_word' id='word_1_1047' title='bbox 2465 5774 2620 5829; x_wconf 91' lang='lat' dir='ltr'><strong>circa</strong></span> <span class='ocrx_word' id='word_1_1048' title='bbox 2675 5773 2900 5837; x_wconf 90' lang='lat' dir='ltr'><strong>Urbem,</strong></span> <span class='ocrx_word' id='word_1_1049' title='bbox 2962 5772 3189 5839; x_wconf 89' lang='lat' dir='ltr'><strong>Linum,</strong></span> <span class='ocrx_word' id='word_1_1050' title='bbox 3244 5773 3493 5842; x_wconf 91' lang='lat' dir='ltr'><strong>Cletum,</strong></span> 
     </span>
    </p>
   </div>
   <div class='ocr_carea' id='block_1_155' title="bbox 1835 5844 3491 5915">
    <p class='ocr_par' dir='ltr' id='par_1_155' title="bbox 1835 5844 3491 5915">
     <span class='ocr_line' id='line_1_157' title="bbox 1835 5844 3491 5915; baseline -0.002 -14"><span class='ocrx_word' id='word_1_1051' title='bbox 1835 5847 2201 5910; x_wconf 90' lang='lat' dir='ltr'><strong>Clementem,</strong></span> <span class='ocrx_word' id='word_1_1052' title='bbox 2232 5851 2296 5902; x_wconf 92' lang='lat' dir='ltr'><strong>ut</strong></span> <span class='ocrx_word' id='word_1_1053' title='bbox 2333 5859 2528 5900; x_wconf 92' lang='lat' dir='ltr'><strong>eorum</strong></span> <span class='ocrx_word' id='word_1_1054' title='bbox 2558 5845 2784 5900; x_wconf 89' lang='lat' dir='ltr'><strong>scilicet</strong></span> <span class='ocrx_word' id='word_1_1055' title='bbox 2830 5844 3157 5899; x_wconf 91' lang='lat' dir='ltr'><strong>ministerio</strong></span> <span class='ocrx_word' id='word_1_1056' title='bbox 3189 5846 3379 5915; x_wconf 84' lang='lat' dir='ltr'><strong>peragi</strong></span> <span class='ocrx_word' id='word_1_1057' title='bbox 3432 5847 3491 5899; x_wconf 91' lang='lat' dir='ltr'><strong>in</strong></span> 
     </span>
    </p>
   </div>
   <div class='ocr_carea' id='block_1_156' title="bbox 1835 5916 3490 5991">
    <p class='ocr_par' dir='ltr' id='par_1_156' title="bbox 1835 5916 3490 5991">
     <span class='ocr_line' id='line_1_158' title="bbox 1835 5916 3490 5991; baseline -0.002 -18"><span class='ocrx_word' id='word_1_1058' title='bbox 1835 5919 1985 5975; x_wconf 89' lang='lat' dir='ltr'><strong>Urbe</strong></span> <span class='ocrx_word' id='word_1_1059' title='bbox 2016 5925 2205 5991; x_wconf 89' lang='lat' dir='ltr'><strong>posset</strong></span> <span class='ocrx_word' id='word_1_1060' title='bbox 2230 5918 2632 5989; x_wconf 85' lang='lat' dir='ltr'><strong>episcoporum</strong></span> <span class='ocrx_word' id='word_1_1061' title='bbox 2658 5916 3035 5987; x_wconf 85' lang='lat' dir='ltr'><strong>consecratio,</strong></span> <span class='ocrx_word' id='word_1_1062' title='bbox 3069 5929 3197 5986; x_wconf 74' lang='lat' dir='ltr'><strong>quae</strong></span> <span class='ocrx_word' id='word_1_1063' title='bbox 3216 5928 3286 5971; x_wconf 84' lang='lat' dir='ltr'><strong>ex</strong></span> <span class='ocrx_word' id='word_1_1064' title='bbox 3311 5916 3490 5970; x_wconf 78' lang='lat' dir='ltr'><strong>insit-</strong></span> 
     </span>
    </p>
   </div>
   <div class='ocr_carea' id='block_1_157' title="bbox 3067 6001 3139 6060">
    <p class='ocr_par' dir='ltr' id='par_1_157' title="bbox 3067 6001 3139 6060">
     <span class='ocr_line' id='line_1_159' title="bbox 3067 6001 3139 6060; baseline 0.014 -1"><span class='ocrx_word' id='word_1_1065' title='bbox 3067 6001 3139 6060; x_wconf 89' lang='lat'><strong>33</strong></span> 
     </span>
    </p>
   </div>
  </div>
