3912 6462
375 357 517 416 4035

1601 349 1960 406 ANASTASII
2000 347 2544 404 BIBLIOTHECARII

3658 354 3791 413 4036

378 449 605 537 tutione
630 492 697 533 ac
733 475 1048 533 traditione
1079 473 1396 545 apostolica
1427 480 1542 528 tres
1567 472 1767 528 saltem
1795 472 2027 545 episco-
2055 473 2111 532 A
2144 484 2294 545 anno
2321 466 2410 526 40.
2445 473 2573 526 Mox
2596 469 2776 545 'Lydaa
2820 477 2986 545 sanat
3008 471 3260 545 (lineam,
3301 480 3359 529 et
3390 473 3448 528 in
3477 475 3656 544 JOppe
3678 475 3791 530 Ta-

377 564 479 621 pos
515 549 786 621 requirit.
817 548 950 603 Sive
997 547 1047 602 is
1088 544 1365 621 numerus
1411 559 1459 621 a_
1491 551 1650 621 Petro
1691 544 2028 621 duplicatus

371 616 706 689 deinde—sit,
743 619 864 675 sive
911 632 945 674 a
972 617 1408 674 successoribus
1445 617 1566 689 (qui
1597 616 2029 681 explicaverunt

375 692 593 761 pariter
617 688 918 747 numerum
951 690 1410 759 presbyterorum
1437 695 1494 744 et
1511 688 1886 761 diaconorum
1908 698 2030 740 car-

372 759 664 818 dinalium
709 762 976 818 Romanae
1017 761 1300 826 Ecclesia},
1333 759 1707 814 extendentes
1743 769 2024 812 summam

371 831 445 890 25
475 833 932 904 presbyterorum
957 833 1035 904 ad
1063 830 1154 904 50,
1191 840 1246 887 et
1269 832 1544 888 diaconos
1576 827 1614 904 7
1656 831 1725 886 ad
1760 826 1863 896 14),
1905 841 2026 882 cer-

374 911 498 960 tum
525 913 612 960 est
648 903 814 960 aetate
855 903 1094 960 concilii
1125 903 1342 959 Nicaani
1368 917 1468 958 sex
1497 903 1799 970 episcopos
1831 912 2031 954 recen—

375 977 490 1102 aeri
513 989 582 1032 ex
603 978 777 1032 veteri
803 975 1224 1032 consuetudine
1257 975 1504 1030 Romano
1527 973 1786 1043 pontiﬁci
1825 975 2030 1041 praesto

403 1061 586 1102 uisse.

403 1061 586 1104 111888.

373 1157 689 1218 ANNALES
703 1154 1158 1234 pontiﬁcatus
1184 1154 1266 1214 Β.
1289 1151 1492 1234 Petri
1519 1149 1598 1212 ab
1628 1149 2032 1234 Ascensione

456 1231 734 1299 Domini
754 1235 846 1298 ad
853 1231 1180 1316 fundatio
1189 1250 1332 1316 nent
1349 1232 1564 1316 trium
1574 1231 1714 1316 sedi
1724 1247 1839 1316 arma
1843 1245 2032 1316 pra:—

455 1309 1194 1392 cipaammykomanae,
1218 1311 1702 1392 Alexandrinae
1720 1315 1784 1372 et
1801 1309 2032 1370 Antio-

459 1335 521 1380 οι
573 1335 842 1392 uarum,
861 1335 1068 1378 “ama
1078 1335 1194 1390 me,
1218 1335 1702 1374 Atewanarznw
1720 1335 1782 1372 et
1801 1335 1922 1370 Ani

459 1335 696 1474 cliens,
721 1396 937 1474 juxta
968 1410 1170 1455 aram
1194 1391 1462 1456 Christi
1492 1407 1922 1454 communem.

377 1513 544 1568 Anno
573 1511 664 1583 28,
691 1510 1007 1568 bissextili.
1034 1540 1104 1549 —
1128 1508 1367 1564 Duobus
1387 1507 1650 1563 Geminis
1666 1505 2027 1563 consulibus.

450 1603 718 1660 Christus
745 1600 1026 1657 Dominus
1049 1613 1149 1654 vui
1184 1597 1314 1654 Kal.
1352 1595 1538 1667 April.
1567 1595 1712 1652 feria
1745 1611 1796 1661 v,
1821 1595 2034 1651 Pascha

381 1689 514 1730 cum
550 1673 863 1743 discipulis
892 1671 1160 1743 celebrat,
1197 1677 1259 1743 et
1289 1670 1617 1743 Passionem
1652 1669 1710 1723 in
1741 1667 1906 1743 horto
1935 1667 2034 1720 in-

383 1747 585 1802 choat:
623 1739 723 1800 die
766 1739 902 1800 vero
933 1757 1010 1797 vn
1058 1742 1176 1796 Kal.
1234 1741 1444 1811 April.,
1497 1739 1640 1811 feria
1667 1753 1742 1797 vi.
1774 1740 1830 1811 in
1865 1751 2034 1811 cruce

2141 542 2359 597 bitham
2394 556 2425 596 a
2467 543 2710 598 mortuis
2744 543 2996 609 excitat;
3028 543 3228 613 ibique
3278 542 3790 602 moratus’diebus

2143 613 2342 688 multis
2363 615 2513 688 apud
2545 613 2831 688 Simonem
2859 615 3185 688 Coriarium
3217 615 3360 686 (Act.
3381 630 3474 672 ιχ.
3508 615 3620 688 43,)
3643 625 3700 674 et
3723 618 3792 674 de

2138 685 2433 740 vocatione
2448 686 2715 740 Gentium
2743 685 3096 752 admonitus,
3115 685 3434 743 accersitur
3459 685 3790 755 Caesaream,

2141 756 2239 811 ubi
2269 755 2521 826 baptizat
2535 756 2860 812 Cornelium
2879 759 3274 814 centurionem
3296 759 3554 815 cohortis
3581 761 3792 816 Italica

2141 829 2286 894 (Act.
2347 830 2416 895 x).
2471 829 2684 884 Paulus
2727 828 3040 898 disputans
3081 843 3212 884 cum
3242 831 3462 886 Graecis
3513 833 3789 888 invidiam

2142 898 2414 971 incurrit,
2443 900 2589 971 etad
2625 901 3208 971 mortemappetitur.
3243 902 3490 971 Fratres,
3522 912 3585 959 ut
3626 904 3788 959 illum

2142 969 2468 1026 subducant
2498 970 2755 1038 insidiis,
2782 969 3079 1027 deducunt
3107 985 3236 1028 eum
3261 969 3594 1040 Caesaream,
3627 982 3684 1030 et
3710 976 3794 1030 di-

2146 1042 2386 1097 mittunt
2408 1043 2647 1098 Tarsum
2668 1041 2820 1114 (Act.
2856 1057 2935 1113 ιχ,
2966 1041 3077 1114 30).

2141 1149 2306 1203 Anno
2333 1146 2422 1205 34.
2449 1180 2524 1190 -
2546 1149 2702 1226 Gallo
2737 1155 2788 1226 et
2828 1152 3101 1226 Nonianoi
3131 1169 3267 1206 coss.
3293 1172 3311 1218 ;
3338 1155 3488 1208 Petri
3514 1169 3566 1210 γι
3601 1161 3653 1210 ct
3691 1170 3794 1226 vn,

2568 1226 2620 1275 et
2640 1223 2990 1278 Antiochenw
3006 1225 3152 1278 sedis
3182 1239 3198 1279 ι
3224 1231 3276 1280 ct
3301 1239 3364 1280 ιι.

2214 1329 2436 1393 Petrus,
2483 1313 2772 1396 baptizato
2823 1328 3111 1397 Cornelio,
3151 1333 3468 1388 ascendens
3519 1334 3798 1390 Hieroso-

2143 1399 2372 1476 lymam,
2407 1400 2742 1476 mysterium
2772 1401 2962 1476 aperit
2985 1403 3205 1473 gratiae,
3244 1404 3306 1458 in
3337 1411 3532 1475 gentes
3568 1419 3799 1476 quoque

2142 1469 2388 1527 diﬁ'usaa.
2420 1469 2566 1541 (Act.
2598 1485 2678 1534 ιιι,
2709 1469 2746 1525 2
2777 1469 2934 1542 seq.).

2143 1582 2308 1635 Anno
2335 1576 2502 1634 35.-
2518 1581 2720 1656 Papiro
2750 1585 2799 1634 et
2827 1582 3044 1656 Plaut-io
3075 1598 3206 1636 coss.
3231 1599 3246 1650 ;
3287 1585 3436 1638 Pctri
3461 1598 3558 1640 vm
3590 1591 3642 1640 et
3673 1601 3798 1656 vm,

2573 1658 2624 1706 et
2653 1653 2908 1707 Antioch.
2937 1655 3082 1708 scdis
3115 1669 3151 1709 ιι
3200 1661 3250 1708 et
3281 1669 3364 1709 ιιι.

2215 1759 2428 1835 Exhis
2458 1760 2559 1830 qui
2580 1759 2842 1835 dispersi
2864 1758 3099 1835 fuerant
3143 1770 3271 1832 post
3303 1765 3637 1835 martyrium
3665 1767 3804 1822 Ste-

425 1809 1644 1905 snﬂsnasat‘ivizﬁsssrsihdisﬁeri???
1669 1809 2032 1905 ilia-Aer}:
2066 1844 2113 1904 B
2147 1809 2887 1905 phﬁiii'é'r'ar‘niii‘ri'éiﬁ'ii
2898 1809 3278 1904 ἒῖᾶὶιῖθιῖρὲῑῐ
3304 1809 3410 1905 Filii
3429 1809 3805 1894 ῖιὶὶιῖῖεῖέῐξε

414 1889 463 1944 is
487 1889 800 1958 (Victorius
826 1887 1106 1958 Aquitrain
1129 1889 1260 1958 t'an.
1293 1882 1650 1958 PaschxetAS.
1691 1882 2033 1952 Hippolytus

383 1963 447 2014 in
488 1954 618 2014 Ταῦ.
671 1954 961 2029 paschali).
996 1957 1184 2012 Mense
1205 1954 1412 2029 Aprili
1441 1954 1509 2010 ad
1560 1955 1738 2029 ﬁnemi
1773 1959 2035 2029 vergente

384 2045 582 2088 curam
641 2025 898 2086 universi
929 2025 1138 2099 gregis
1193 2026 1451 2082 ﬁdelium
1499 2029 1660 2080 Petro
1707 2025 2032 2091 demandat,

385 2103 762 2172 eumdemque
792 2113 1082 2157 summum
1116 2099 1440 2170 pontiﬁcem
1467 2105 1642 2154 creat.

387 2209 523 2258 Hinc
553 2207 735 2271 incipit
765 2207 967 2270 epocba
989 2205 1318 2268 pontiﬁcatus
1355 2204 1492 2254 beati
1513 2203 1654 2252 Petri
1686 2203 1739 2252 in
1775 2200 2030 2254 Ecclesia.

453 2305 1152 2380 ChristusiDominusin
1193 2303 1402 2380 omlum
1440 2301 1700 2380 ascendit
1731 2301 1832 2358 fer.
1864 2317 1914 2372 v,
1942 2302 2039 2358 die

385 2379 421 2436 6
449 2381 609 2436 Maii.
636 2377 957 2434 Ordinatur
977 2377 1029 2432 S.
1057 2375 1351 2431 Matthias.

454 2451 770 2523 Eliguntur
793 2454 1009 2518 septem
1030 2447 1282 2502 diaconi.

387 2556 556 2610 Anno
595 2552 690 2609 29.
712 2583 787 2594 —
839 2553 1150 2675 Viniciotet
1177 2551 1424 2674 Lotngino
1453 2565 1588 2606 coss.
1617 2569 1635 2616 ;
1685 2549 1892 2615 Pontif.
1943 2549 2036 2602 Pe-

1089 2635 1180 2675 rii
1212 2637 1239 2674 e
1292 2635 1352 2675 ιι.

1089 2635 1180 2675 ΠΙ
1212 2635 1262 2674 et
1292 2635 1352 2675 ll.

459 2713 652 2770 Primo
675 2711 1048 2781 pontiﬁcatus
1068 2723 1220 2781 anno
1247 2710 1498 2781 nondum
1522 2708 1805 2778 completo
1825 2709 2040 2781 Pascha

387 2799 518 2841 cum
545 2779 793 2840 celebret
812 2783 871 2837 Β.
902 2783 1139 2843 Petrus;
1163 2780 1221 2834 hi
1248 2780 1516 2835 consules
1545 2781 1728 2848 primo
1751 2779 2044 2849 pontiﬁca-

389 2863 555 2912 catus
583 2855 773 2924 ipsius
801 2867 954 2908 anno
983 2851 1330 2906 tribuuntur
1353 2851 1410 2905 in
1437 2851 1736 2924 catalogis,
1769 2851 2045 2906 Orienta-

388 2927 533 2983 lium
563 2922 719 2981 m'ore
747 2938 846 2994 per
868 2936 1054 2978 annos
1082 2936 1298 2986 sacros,
1336 2936 1438 2978 seu
1472 2922 1770 2990 paschales
1803 2927 2044 2977 contex—

387 2999 486 3054 tis.
527 2997 718 3054 Prima
746 2995 1014 3052 Ecclesiae
1058 2994 1404 3063 persecutio,
1453 2994 1511 3048 in
1561 3008 1671 3062 qua
1720 2994 2044 3061 Stephanus

387 3075 716 3126 coronatur.
749 3071 1016 3122 Actorum
1049 3078 1171 3118 vni.
1217 3064 1525 3134 Philippus
1556 3065 1908 3135 evangelizat
1935 3066 2043 3118 Sa-

391 3141 605 3196 marize.
629 3139 770 3196 Ibid.
797 3140 999 3193 Petrus
1014 3137 1332 3192 etJoannes
1361 3135 1777 3206 Hierosolymis
1807 3136 2044 3192 mittun-

387 3219 486 3268 tur
504 3211 840 3267 Samariam.

387 3320 552 3374 Anno
572 3315 662 3374 30.
691 3346 766 3356 —
792 3314 1292 3442 TiberioPAtugustot
1316 3318 1366 3368 et
1399 3313 1601 3382 Scjano
1629 3331 1764 3369 coss.
1788 3333 1806 3382 ;
1830 3317 2038 3384 pontif.

616 3399 620 3403 '
1047 3403 1073 3440 e
1100 3403 1149 3438 ri
1179 3399 1219 3440 ιι
1243 3402 1269 3439 e
1325 3399 1412 3440 ιιι.

616 3399 620 3403 ’
1003 3399 1149 3440 Ρεῑη
1179 3399 1219 3440 II
1243 3399 1292 3439 et
1325 3399 1412 3440 Ill.

455 3479 765 3536 Conversio
807 3474 972 3532 Pauli
1015 3473 1160 3546 (Act.
1213 3473 1310 3546 ix),
1351 3474 1452 3544 qui
1498 3476 1758 3547 Damasci
1789 3476 1848 3531 in
1895 3490 2038 3547 syn-

383 3553 582 3625 agogis
611 3549 884 3625 praedicat
902 3545 1423 3625 Christum._Ibid.,
1454 3563 1597 3601 vers.
1647 3545 1742 3625 22.
1792 3545 1944 3625 .Abit
1976 3548 2034 3602 in

381 3619 674 3688 Arabiam,
704 3620 854 3676 unde
885 3632 1180 3688 regressus
1222 3619 1557 3674 Damascum
1591 3619 1846 3674 triennio
1887 3626 2033 3688 post,

381 3708 417 3750 a
437 3693 688 3750 Barnaba
715 3689 1056 3761 perducitur
1085 3689 1154 3744 ad
1181 3689 1407 3761 Petrum
1435 3691 1781 3761 etJacobum
1814 3697 2038 3760 aposto-

387 3767 476 3823 los
503 3759 916 3834 Hierosolymis
935 3768 1189 3832 agentes.
1213 3759 1364 3816 Infra
1383 3761 1452 3816 ad
1480 3760 1607 3817 Gal.
1637 3776 1674 3816 ι.

383 3875 550 3928 Αηηο
571 3869 657 3928 31.
685 3899 758 3911 -—-
783 3868 880 3924 Cn.
914 3868 1149 3922 Domitio
1178 3871 1230 3921 et
1254 3868 1328 3920 M.
1374 3869 1536 3923 Furio
1581 3866 1808 3923 Camillo
1855 3884 1991 3924 coss.
2019 3888 2037 3936 ;

993 3941 1143 3992 Petri
1175 3952 1234 3993 ιιι
1268 3944 1319 3992 et
1353 3952 1426 3993 tv.

458 4034 664 4088 Petrus
697 4036 756 4086 et
779 4031 1024 4085 Joannes
1056 4028 1359 4100 redeuntes
1386 4028 1836 4100 Hierosolymam
1863 4044 2043 4086 evan—

390 4103 641 4236 gelizarii
705 4100 909 4156 multis
960 4099 1300 4171 regionibus
1349 4099 1845 4157 Samaritanorum
1894 4102 2038 4172 (Act.

390 4188 514 4236 VIII,
542 4189 614 4230 go
643 4213 655 4226 .

501 4216 514 4244 ν
542 4213 632 4242 δυ]
643 4213 655 4226 ο

387 4283 551 4337 Anno
573 4277 669 4336 32.
711 4280 841 4333 biss.
864 4308 940 4318 —
979 4277 1158 4332 Galba
1180 4281 1234 4330 et
1277 4276 1435 4331 Sulla
1461 4292 1594 4331 coss.
1621 4279 1771 4332 Petri
1794 4293 1848 4333 Iv
1882 4285 1933 4334 et
1962 4293 2044 4334 Vl.

462 4387 572 4456 Qui
613 4385 864 4456 dispersi
907 4384 1138 4440 fuerant
1188 4395 1219 4437 a
1278 4382 1676 4456 tribulatione,
1723 4400 1849 4456 qua:
1901 4386 2048 4445 facta

396 4453 728 4516 [ιιᾱι-δῐειώ
745 4456 1053 4525 Stephano,
1083 4453 1624 4526 peramhiilaverunt
1657 4453 1838 4526 usque
1879 4459 2051 4514 Phoe—

395 4533 604 4598 nicem,
627 4533 684 4583 et
709 4523 977 4598 Cyprum,
1005 4531 1062 4580 et
1083 4523 1468 4598 Antiochiam,
1503 4527 1720 4598 nemini
1745 4523 2051 4597 loquentes

2147 1910 2274 1957 sent
2298 1902 2666 1958 Antiochiam
2696 1902 3099 1973 loquebantur.
3132 1913 3190 1960 et
3208 1908 3276 1961 ad
3306 1902 3535 1964 Grauios
3557 1922 3806 1966 annun—

2148 1975 2359 2028 tiantes
2407 1975 2710 2030 Dominum
2753 1976 2942 2030 Jesum
2992 1977 3137 2050 (Act.
3183 1991 3264 2046 ιι,
3304 1977 3414 2049 20).
3466 1981 3808 2050 multusque

2149 2059 2426 2121 numerus
2468 2059 2783 2102 conversus
2813 2056 2900 2121 est
2945 2049 3014 2104 ad
3061 2049 3368 2121 Dominum
3414 2051 3620 2121 (Ibid).
3661 2049 3811 2108 Per—

2149 2117 2311 2193 venii
2335 2123 2526 2193 autem
2558 2132 2744 2193 sermo
2769 2119 2838 2193 ad
2865 2133 3035 2175 aures
3065 2120 3354 2188 Ecclesize,
3383 2117 3512 2193 quae
3536 2131 3660 2178 erat
3679 2125 3814 2180 Hie-

2149 2188 2476 2266 rosolymis,
2505 2202 2695 2266 super
2707 2190 2862 2266 istis,
2895 2199 2952 2246 et
2974 2193 3256 2266 misi-unt
3283 2188 3812 2266 Barnahampsque

2147 2259 2218 2314 ad
2250 2260 2618 2316 Antiochiam
2648 2261 2839 2331 (Ibid.,
2870 2278 3012 2316 vers.
3043 2260 3155 2330 22).

2149 2367 2310 2421 Anno
2362 2366 2452 2433 36,
2510 2369 2637 2423 biss.
2685 2399 2761 2409 -—
2805 2371 3032 2424 Proculo
3073 2375 3123 2425 et
3173 2373 3408 2439 Nigrino
3453 2389 3643 2440 coss.;
3695 2375 3815 2428 Pe—

2361 2442 2439 2493 tri
2461 2453 2562 2494 vm
2603 2446 2652 2494 et
2675 2455 2754 2507 Ix,
2785 2446 2835 2494 et
2866 2442 3119 2496 Antioch.
3162 2445 3306 2498 sedis
3338 2457 3400 2500 ιιι
3429 2451 3478 2498 ct
3509 2459 3584 2499 iv.

2215 2547 2486 2604 Tiberius
2508 2548 2820 2617 imperator
2855 2549 3006 2604 diem
3039 2547 3164 2604 obit
3189 2550 3312 2606 Kal.
3347 2552 3590 2619 Aprilis,
3621 2553 3714 2608 uti
3740 2567 3820 2609 ex

2147 2619 2327 2674 Dione
2351 2619 2596 2681 corrigit
2623 2619 2908 2674 Usserius.
2935 2619 3110 2690 Caius
3134 2621 3192 2675 in
3223 2622 3464 2690 imperio
3504 2637 3821 2681 successor

2147 2690 2459 2764 Agrippam
2489 2690 2734 2764 Heeodis
2755 2689 3060 2764 AMagniAex
3091 2689 3426 2764 Aristobulo
3468 2693 3588 2748 ﬁlio
3621 2708 3825 2764 nepo-

2154 2768 2288 2826 tem,
2311 2763 2502 2816 Itomae
2520 2776 2550 2832 a
2576 2761 2808 2817 Tiberio
2835 2761 3114 2818 moriente
3137 2763 3196 2817 in
3227 2763 3481 2819 vinculis
3513 2761 3820 2832 relictum,

2155 2846 2338 2906 regem
2367 2831 2638 2906 appellat,
2683 2832 2993 2906 tetrarchia
3027 2832 3305 2906 Philippi,
3333 2842 3389 2890 et
3423 2837 3679 2906 Lysaniaa
3716 2840 3778 2893 ei
3800 2831 3825 2876 έ-

2153 2904 2280 2959 dem
2311 2904 2614 2978 attributa.
2643 2905 2891 2978 Herodes
2919 2903 3477 2978 (Antipas'Galiheaa‘
3503 2908 3826 2978 tetrarchn)

2154 2975 2416 3031 ascendit
2453 2975 2900 3046 Hierosolymam
2931 2977 3000 3030 ad
3029 2977 3377 3035 sacriﬁcium
3411 2981 3523 3035 Deo
3560 2975 3826 3035 oﬁ'eren-é

2154 3046 2620 3174 dvilgenuuémephus,
2675 3047 2778 3102 lib.
2828 3061 2991 3112 xvm,
3042 3061 3166 3118 cap.
3213 3047 3286 3122 7).
3337 3051 3580 3106 Prmside
3627 3052 3824 3122 Syria:

2204 3134 2218 3173 ι
2336 3134 2350 3173 ι
2398 3159 2409 3173 .

2204 3120 2409 3174 itellio.

2071 3210 2120 3270 (ς
2224 3190 2533 3246 Barnabas.
2578 3196 2644 3246 ut
2693 3190 2966 3270 pervenit
3013 3191 3416 3270 Antiochiam,
3471 3193 3826 3270 hortabatur

2152 3274 2370 3404 ἓιηιέἳῗ,
2407 3269 2462 3317 et
2506 3263 2772 3332 apposita
2819 3268 2906 3317 est
2960 3265 3141 3318 multa
3170 3263 3341 3320 turba
3385 3265 3628 3322 Domino
3658 3267 3821 3336 (Act.

2195 3349 2235 3402 ι,
2354 3375 2366 3387 .

2195 3349 2235 3402 ι,
2259 3349 2366 3402 24).

2147 3443 2312 3498 Αηηο
2341 3438 2432 3497 37.
2455 3471 2530 3482 —-
2547 3443 2772 3496 Juliano
2793 3447 2844 3496 et
2871 3442 3180 3512 Asprenate
3200 3460 3331 3499 coss.
3360 3463 3378 3512 ;
3409 3445 3558 3499 Petri
3579 3457 3636 3498 Ix
3659 3449 3713 3499 et
3749 3459 3820 3512 x,

2615 3519 2666 3568 ct
2689 3515 2947 3569 Antioch.
2976 3516 3120 3570 sedis
3145 3529 3202 3570 ιν
3217 3523 3270 3572 ct
3287 3530 3344 3570 ν.

2221 3603 2470 3660 Herodes
2498 3602 2750 3672 Agrippa
2778 3615 2811 3658 a
2834 3602 2972 3660 Caio
3005 3603 3272 3675 impetrat
3301 3607 3426 3676 ejus
3453 3603 3684 3676 imperii
3715 3619 3827 3660 an-

2150 3688 2222 3749 no
2255 3676 2760 3749 seciundo_veniam
2781 3676 3011 3749 d_omum
3042 3677 3318 3734 redeundi
3345 3679 3412 3733 ad
3445 3691 3678 3749 regnum
3706 3690 3824 3732 or-

2146 3747 2488 3829 dinandum.
2503 3745 2748 3829 flaccua
2772 3747 2998 3829 Egypti
3029 3749 3494 3829 praesesiJudteos
3512 3745 3830 3829 persequi:

2148 3817 2648 3890 turAlexandriaa.
2693 3818 2823 3873 Mox
2851 3817 2975 3889 ipse
3003 3821 3450 3890 comprehensus
3474 3817 3644 3890 jussu
3685 3817 3821 3874 Caii

2153 3889 2434 3946 multatur
2463 3889 2699 3946 exsilio.

2231 3959 2518 4016 Barnabas
2537 3960 2845 4016 Antiochia
2871 3959 3162 4028 profectus
3181 3962 3418 4018 Tarsum
3444 3962 3654 4032 quaerit
3678 3963 3832 4018 Pau-

2155 4033 2273 4090 lum
2301 4051 2314 4087 :
2341 4046 2506 4103 quem
2531 4046 2660 4086 cum
2697 4031 3011 4103 invenisset
3038 4031 3728 4103 perduxitAntiochiam.
3752 4035 3833 4089 Et

2157 4101 2373 4160 annum
2407 4109 2587 4158 totum
2611 4101 2932 4158 conversati
2956 4110 3094 4156 sunt
3116 4102 3197 4157 ibi
3224 4103 3282 4156 in
3311 4102 3602 4157 Ecclesia:
3639 4113 3697 4159 et
3723 4107 3836 4161 do—

2159 4181 2405 4232 cuerunt
2449 4169 2970 4244 turbamimultam,
3016 4173 3208 4244 itaut
3255 4175 3829 4244 cognominarentur

2159 4249 2408 4318 primum
2434 4243 2756 4318 Antiochiae
2775 4241 3058 4318 discipuli
3077 4241 3398 4318 Christiani
3422 4245 3546 4314 (Act
3591 4259 3672 4318 xi,
3701 4245 3828 4318 26).

2232 4316 2536 4389 Matthteus
2588 4315 2745 4389 circa
2805 4311 2957 4368 hunc
3001 4327 3214 4389 annum
3267 4311 3484 4389 scripto
3510 4311 3832 4389 consignat

2159 4387 2552 4458 Evangelium.
2573 4385 2645 4458 _Id_
2675 4383 2886 4458 factum
2909 4386 3128 4458 asserit
3151 4383 3435 4458 Eusebius
3459 4386 3626 4458 (Hist.
3660 4383 3827 4453 εἰει,

2161 4459 2268 4514 lib.
2293 4455 2382 4527 ιιι,
2405 4455 2530 4526 cap.
2564 4455 2653 4526 24)
2675 4469 2804 4512 cum
2827 4455 3078 4530 Hebraeis
3108 4457 3356 4527 primum
3398 4455 3564 4514 ﬁdem
3600 4461 3830 4530 prtedi-

2161 4537 2364 4594 casset,
2420 4536 2476 4584 et
2522 4535 2827 4598 antequam
2853 4529 2922 4583 ad
2955 4529 3102 4584 alias
3139 4542 3369 4599 quoque
3401 4529 3609 4599 gentes
3636 4531 3830 4600 proﬁ-

397 4595 656 4668 verbum,
685 4595 802 4654 nisi
837 4599 983 4653 solis
1007 4597 1221 4652 Iudaeis
1257 4598 1403 4665 (Act.
1436 4595 1648 4669 x1,7l9).
1685 4595 1904 4655 Interea
1939 4603 2047 4655 Ec-
2081 4605 2136 4664 D
2164 4600 2628 4669 cisceretur(hoc
2656 4595 2742 4655 est
2762 4606 2892 4654 ante
2920 4611 3137 4656 annum
3157 4595 3583 4658 duodecimum
3606 4595 3829 4657 a‘Pas—

397 4673 577 4730 clesia
604 4685 702 4740 per
744 4675 920 4726 totam
966 4669 1239 4734 Iudaeam,
1295 4668 1710 4740 et_Galilaaam,
1755 4677 1812 4726 et
1849 4672 2053 4727 Sama-

397 4745 566 4814 riam,
592 4737 836 4798 habebat
865 4753 1054 4810 pacem
1075 4740 1221 4811 (Act.
1246 4752 1326 4810 ιχ,
1349 4737 1460 4810 31).

397 4851 562 4907 Anno
609 4847 700 4906 33.
751 4877 826 4888 —-
857 4847 1066 4900 Persico
1090 4850 1140 4899 et
1182 4847 1404 4901 Vitellio
1445 4861 1580 4900 coss.
1607 4865 1624 4912 ;
1651 4850 1803 4903 Petri
1841 4863 1874 4904 ν
1899 4855 1951 4904 et
1974 4863 2048 4905 γι.

916 4923 967 4972 et
989 4918 1343 4972 Antiocheam
1363 4918 1529 4971 sedis.

469 5011 682 5068 Paulus
702 5023 770 5065 ex
791 5007 1030 5064 insidiis
1043 5006 1368 5079 iudaeorum
1386 5007 1648 5079 Damasci
1670 5015 1901 5079 ereptus
1929 5010 2056 5067 Hie-

403 5084 746 5154 rosolymam
778 5080 936 5135 venit
969 5098 987 5154 ε.
1011 5078 1283 5154 υιιὶιίᾼσι.
1329 5093 1404 5145 1x,
1441 5077 1534 5154 2?)
1559 5093 1588 5134 a
1619 5077 1886 5154 ABarn‘aba
1918 5096 2053 5152 per.

404 5151 642 5211 ducitur
673 5153 742 5208 ad
771 5151 1357 5222 apostolos_g(Petrum
1389 5157 1456 5222 et
1479 5151 1803 5222 Iacobum):
1840 5160 2048 5209 etcum

400 5227 568 5280 Petro
600 5230 788 5278 manet
809 5218 1036 5278 ‘diebus
1063 5218 1130 5276 45
1157 5223 1280 5290 (Gal
1324 5235 1364 5288 ι,
1406 5220 1506 5292 19).
1550 5224 1618 5276 Et
1659 5218 1926 5278 eratcum
1971 5227 2053 5278 il-

407 5299 477 5350 lis
501 5299 721 5349 intrans
769 5302 818 5346 et
848 5295 1052 5354 earinis,
1098 5299 1148 5345 et
1171 5294 1506 5361 ﬁducialitcr
1534 5309 1699 5361 agens
1755 5311 1812 5348 ιη
1837 5299 2054 5350 nomine

403 5368 643 5424 Domini.
701 5365 1047 5436 Loqucbatur
1093 5379 1308 5436 quoque
1335 5366 1606 5430 gentibus,
1641 5372 1691 5419 et
1733 5366 2056 5436 disputabat

405 5454 526 5492 cum
575 5436 774 5491 Graecis
825 5435 951 5502 (Act
991 5449 1069 5504 ix,
1100 5433 1206 5502 29).
1263 5436 1461 5490 Petrus
1494 5437 1709 5504 pariter
1761 5433 1926 5494 mbdo
1955 5440 2052 5493 in-

406 5515 567 5562 trans
591 5506 1060 5575 Hierosolymam,
1095 5505 1260 5559 modo
1302 5507 1525 5571 exiens,
1555 5514 1612 5562 et
1634 5507 1880 5562 visitans
1909 5509 2054 5564 iide-

407 5576 510 5643 les,
544 5576 928 5648 pertransibat
959 5576 1258 5648 universos
1294 5577 1482 5648 (Ibid,
1517 5593 1656 5632 vers.
1703 5577 1812 5648 32).
1843 5579 2051 5634 Eodem

409 5656 559 5716 anno
585 5647 784 5716 Petrus
800 5645 1084 5716 dicendus
1112 5653 1196 5700 est
1231 5645 1593 5702 Antiochiam
1631 5645 1874 5716 veniSse,
1905 5657 1962 5704 et
1992 5651 2054 5705 in

408 5712 906 5785 Ecclesiaibidem
932 5716 1170 5770 collecta
1199 5730 1265 5772 ex
1291 5717 1504 5772 Judmis
1534 5718 1804 5785 (nondum
1829 5712 2056 5774 admis-

414 5782 828 5858 sisgeniibus)
873 5785 1060 5858 sedem
1115 5785 1422 5858 fundasse;
1474 5782 1602 5842 eum
1638 5797 1902 5844 narretur
1929 5805 2049 5845 eam

413 5853 714 5916 septenuio
738 5853 990 5905 tenuisse
1009 5860 1313 5922 antequam
1343 5853 1652 5914 Romanam
1678 5861 2055 5917 constitueret

2165 4673 2329 4728 sione
2348 4671 2600 4733 Domini,
2633 4671 2730 4726 cui
2764 4670 3169 4740 profectionem
3196 4673 3588 4741 apostolorum
3611 4675 3670 4728 in
3695 4688 3832 4742 pro-

2165 4743 2388 4798 vincias
2437 4742 2730 4812 attribuit,
2781 4751 2836 4798 et
2905 4743 3212 4798 adventum
3269 4745 3416 4799 Petri
3465 4745 3697 4800 Romam
3755 4745 3826 4802 in

2162 4813 2488 4887 Chronico),
2531 4820 2587 4870 et
2615 4821 2922 4884 antequam
2953 4816 3180 4870 Marcus
3231 4829 3401 4870 suum
3445 4815 3826 4887 Evangelium

2165 4886 2463 4950 scriberet,
2523 4893 3047 4958 eoqueiassumpto
3080 4887 3138 4941 in
3186 4887 3488 4958 Egyptum
3537 4886 3826 4955 tenderet,

2167 4957 2316 5029 quod
2344 4959 2558 5028 pariter
2572 4957 2856 5013 Eusebius
2874 4957 3154 5014 retulitad
3175 4957 3388 5014 annum
3409 4959 3827 5014 duodecimum

2161 5044 2193 5085 a
2226 5031 2492 5099 passione
2527 5030 2766 5084 Christi.

2162 5138 2326 5192 Anno
2381 5135 2470 5192 38.
2530 5167 2600 5177 —
2647 5139 2776 5194 Caio
2828 5138 2940 5191 Caes
2994 5142 3045 5190 et
3092 5137 3334 5191 Cassiano
3374 5151 3549 5202 coss.;
3600 5138 3750 5190 Petri
3783 5153 3825 5192 χ

2518 5215 2570 5263 et
2593 5221 2672 5279 xI,
2699 5215 2750 5262 et
2785 5209 3037 5262 Antioch.
3067 5209 3212 5262 sedis
3242 5222 3275 5260 v
3303 5215 3354 5262 et
3382 5221 3461 5262 vx.

2236 5297 2485 5353 Herodes
2509 5297 2796 5353 tetrarcha
2841 5296 2903 5352 in
2943 5296 3166 5351 Italiam
3197 5297 3436 5352 veniens
3482 5309 3512 5350 a
3543 5295 3678 5350 Caio
3709 5309 3828 5364 po-

2166 5372 2346 5424 stulat
2397 5382 2633 5439 regnum
2685 5369 2974 5439 Agrippae.
3021 5369 3196 5424 Caius
3253 5368 3420 5424 illum
3472 5365 3826 5423 defectionis

2165 5453 2324 5494 reum
2351 5441 2682 5509 suspicatus
2715 5439 2880 5509 pellit
2901 5440 2960 5494 in
2991 5439 3288 5509 exsilium,
3311 5445 3368 5495 et
3399 5439 3601 5494 multat
3623 5443 3827 5492 tetrar-

2163 5511 2296 5566 chia
2327 5511 2578 5566 Galilzeze
2607 5516 2663 5566 et
2691 5512 2888 5566 Penes:
2915 5532 2928 5566 :
2959 5524 3130 5581 quam
3155 5511 3361 5580 adjicit
3406 5509 3822 5581 regnoAgrip-

2167 5596 2249 5652 pte
2279 5583 2406 5651 ejus
2434 5582 2650 5645 aemuli,
2685 5582 2822 5637 licet
2844 5580 3046 5640 uxoris
3067 5580 3286 5637 fratris.
3321 5585 3377 5637 ί..
3407 5580 3640 5636 Vitellio
3665 5581 3824 5652 eaSy-

2167 5651 2254 5706 ria
2285 5655 2564 5709 accersito
2605 5667 2904 5710 successor
2949 5655 3126 5708 datur
3167 5653 3470 5708 Petronius
3515 5651 3821 5721 (Joscphus,

2165 5723 2266 5795 lib.
2297 5738 2413 5788 xix,
2448 5739 2572 5793 cap.
2605 5725 2684 5786 6).
2720 5727 3012 5795 Propheta:
3043 5726 3456 5794 superveniunt
3513 5723 3585 5778 ab
3611 5723 3827 5795 Hiero-

2161 5794 2398 5867 solymis
2436 5793 3008 5853 Antiochiamilnter
3031 5793 3129 5853 eos
3154 5797 3402 5867 Agabus,
3424 5797 3524 5864 qui
3555 5793 3828 5867 praedixit

2125 5912 2130 5916 .
2161 5862 2386 5936 famem,
2420 5881 2547 5936 quae
2573 5867 2769 5922 futura
2795 5877 2918 5924 erat
2952 5869 3062 5926 sub
3086 5862 3329 5924 Claudio
3359 5862 3500 5936 (Act.
3539 5862 3638 5934 xi).
