3912 6454
84 346 206 406 1037

968 344 1287 398 HISTORIA
1324 345 1424 415 DE
1466 342 1636 395 VITIS
1680 342 1839 396 ΝΟΜ.
1890 343 2084 395 ιιυΝικ
2117 372 2180 378 -—
2221 345 2275 396 S.
2329 343 2589 396 I’ETRUS

3365 339 3505 396 4038

81 476 226 526 Anno
251 467 339 523 39.
373 500 445 507 —
490 470 616 524 Caio
648 469 782 522 Crrs.
813 471 882 522 III
916 471 1027 522 solo
1050 486 1184 530 cos.;
1207 470 1355 522 Petri
1382 481 1439 521 ιιι
1468 473 1517 520 et
1539 480 1640 535 xu,
1672 469 1722 518 ct
1748 467 1802 524 Α
1833 466 1921 533 (ex
1947 482 2060 536 quo
2089 466 2291 520 Malala
2336 465 2603 522 formavit
2628 467 2913 528 Cassium)
2944 471 2992 518 rt
3031 467 3261 519 Publius
3301 466 3503 518 (lamel-

527 541 784 593 Antioch.
820 542 936 593 sed.
967 555 1018 593 VI
1071 547 1120 593 et
1152 555 1253 593 vn.

144 651 325 712 Caius,
359 648 591 702 divinos
626 643 868 702 honoies
913 652 1206 716 appetens.
1267 647 1550 701 colossnm
1609 643 1722 696 sibi

86 722 392 789 erigendum
443 719 855 787 Hierosolymis
902 721 1178 774 decernit.
1211 719 1461 787 Agrippa
1497 719 1722 789 Romam

90 786 410 847 revertitur:
452 792 547 845 cui
584 786 758 844 Caius
807 793 1012 858 adjicit
1065 786 1433 845 tetrarchiam
1489 786 1727 841 Herodis

85 866 286 931 Antime
319 878 443 928 ejus
477 863 690 930 patrui,
746 863 802 915 in
853 864 1124 917 exsilium
1176 861 1324 930 pulsi
1363 861 1724 926 Lugdunum.

91 937 266 990 Eodem
299 948 449 988 anno
475 942 670 988 exorta
700 934 910 988 seditio
942 935 1300 988 Alexandrize
1326 933 1549 986 Juda-os
1582 931 1732 984 inter

91 1016 133 1060 et
154 1009 387 1068 GNPCOS,
419 1020 615 1059 ansam
654 1005 864 1071 przebet
909 1007 1138 1060 Philoni
1194 1004 1501 1070 legationis
1535 1002 1731 1056 susci—

92 1079 285 1144 piendae
315 1080 382 1131 ad
417 1079 476 1131 C.
509 1079 805 1130 Cgesarem.
839 1078 1014 1130 Caius
1041 1078 1108 1131 ad
1154 1076 1366 1130 bellum
1423 1073 1735 1127 Germani—

90 1165 202 1203 cum
246 1159 294 1203 et
345 1149 766 1206 Britannicum,
813 1149 962 1217 quod
1015 1149 1423 1202 meditabatur.
1483 1147 1735 1217 legiones

97 1221 327 1289 undique
373 1221 686 1274 exciverat.
726 1215 998 1284 Legiones
1052 1221 1296 1288 aliquot,
1335 1219 1612 1271 hactenus
1676 1215 1731 1289 in

90 1287 252 1360 Syria,
309 1293 523 1354 .ludzea,
559 1301 611 1345 et
660 1292 941 1357 proximis
1002 1287 1318 1359 provinciis
1350 1287 1733 1360 (legente-,in

90 1358 424 1417 (.lccidentem
457 1362 913 1424 transferuntur;
940 1358 1190 1430 etpaqu
1218 1369 1340 1430 post
1369 1361 1478 1413 sub
1498 1358 1738 1412 Claudio

93 1434 324 1487 militant
363 1436 419 1487 in
457 1435 770 1487 Britannia.
812 1429 1074 1487 Fortasse
1104 1429 1274 1487 etiam
1301 1434 1506 1485 cohors
1541 1429 1736 1483 Italica

90 1506 321 1560 Cornelii
346 1507 729 1562 centurionis,
762 1514 862 1558 aut
897 1507 1112 1559 milites
1140 1504 1463 1558 Christiani
1489 1516 1553 1555 ex
1590 1515 1740 1569 prie-

91 1577 226 1631 SIIIIO
251 1580 533 1642 Catsareae,
571 1579 628 1630 in
665 1577 886 1631 Italiam
933 1579 1186 1645 migrant
1215 1590 1342 1631 cum
1392 1588 1453 1627 ea
1495 1575 1736 1643 legione.

87 1649 197 1701 Hch
224 1650 413 1703 omnia
447 1650 935 1718 Opportunitatem
968 1650 1219 1712 itineris,
1263 1655 1317 1700 et
1354 1645 1596 1718 hospitii
1633 1645 1739 1696 Ro-

92 1735 179 1772 mre
201 1720 467 1776 tribuunt
511 1721 675 1774 beato
710 1722 909 1774 Petro:
946 1721 1040 1774 cui
1080 1720 1444 1788 providenter
1478 1717 1738 1788 migran—

85 1791 207 1844 dum
239 1801 361 1846 erat
405 1795 638 1846 Romam
680 1792 852 1845 etiam
888 1806 1060 1846 causa
1085 1787 1359 1844 Ecclesiae
1397 1787 1733 1851 Orientalis,

87 1863 137 1914 in
182 1876 243 1917 ea
295 1866 612 1918 mutatione
662 1878 858 1933 regum
911 1865 1239 1918 Judzeorum
1291 1876 1356 1916 ac
1410 1858 1736 1914 tetrarcha—

92 1947 223 1987 rum.

86 2042 237 2093 Anno
292 2039 383 2096 40.
435 2073 504 2080 —-
541 2043 667 2097 Caio
723 2042 853 2095 Cms.
895 2043 965 2097 IV
1009 2046 1057 2094 et
1106 2043 1406 2095 Saturnino
1456 2055 1584 2107 (303.,
1637 2039 1744 2090 Pc—

397 2117 475 2167 tri
505 2127 585 2168 xii
614 2119 664 2166 rt
685 2127 813 2174 xui,
842 2118 892 2166 ct
931 2117 1188 2167 Roman
1212 2115 1354 2165 scalis
1387 2127 1422 2174 1,

144 2221 347 2275 Petrus
381 2219 683 2288 apostolus
713 2220 865 2272 circa
897 2219 1136 2272 initium
1163 2220 1300 2273 anni
1337 2220 1396 2274 in
1432 2218 1630 2272 Urbem
1663 2229 1748 2269 ve-

87 2291 237 2345 niens
266 2293 579 2346 Romanam
612 2291 930 2345 Ecclesiam
963 2290 1183 2345 fundat.
1223 2293 1300 2344 Ex
1337 2290 1590 2358 paschali
1616 2301 1746 2341 vero

89 2377 285 2427 mense,
314 2376 432 2431 quo
451 2362 848 2429 complebatur
867 2363 1122 2430 ejusdem
1145 2364 1354 2417 summi
1378 2362 1748 2430 pontiﬁcatus

89 2448 262 2488 annus
293 2434 701 2497 duodecimus,
731 2435 994 2501 aperitur
1027 2434 1263 2487 initium
1324 2435 1552 2502 epochi'e
1600 2445 1748 2500 pon—

91 2507 341 2559 tiﬁcatus
379 2506 626 2557 Romana
663 2506 719 2558 in
755 2507 886 2558 sede
915 2506 1235 2559 exercendi.
1271 2507 1490 2574 Epocha
1517 2504 1750 2572 pascha.

94 2577 171 2640 lis,
200 2591 304 2630 seu
334 2576 475 2628 anni
511 2577 682 2638 sacri,
721 2590 875 2629 more
903 2574 1287 2630 Orientalium
1317 2584 1373 2630 et
1396 2577 1744 2640 .ludzeorum,

91 2662 202 2700 cum
239 2648 530 2701 incideret
559 2649 616 2700 in
655 2661 904 2701 mensem
932 2647 1173 2714 Aprilis,
1204 2655 1258 2701 et
1300 2647 1358 2700 in
1391 2648 1541 2701 diem
1581 2646 1750 2712 Apri-

94 2719 156 2771 lis
187 2716 245 2771 ‘21
302 2719 630 2772 incurreret
678 2728 891 2785 epocna
937 2732 1219 2773 annorum
1261 2719 1434 2773 Urbis
1481 2719 1745 2776 conditae,

98 2791 269 2842 [tenue
299 2797 580 2856 usurpata
613 2804 678 2842 ex
715 2788 1024 2852 Parilibus,
1075 2796 1131 2842 et
1176 2790 1406 2844 Claudii
1457 2796 1622 2843 a'tate
1674 2789 1751 2841 ita

104 2865 428 2929 consignata
469 2862 640 2914 etiam
671 2862 728 2914 in
779 2860 948 2914 fastis
991 2861 1447 2916 sacerdotalibus
1486 2860 1758 2913 ethnico—

106 2947 214 2985 rum
266 2934 420 3000 apud
475 2936 783 2987 Gruterum
819 2930 1090 2995 l'ol.3()0;
1147 2934 1387 2988 Romani
1438 2932 1757 3000 alligarunt

104 3005 269 3057 eidem
300 3005 553 3057 termino
609 3005 845 3058 initium
875 3005 1244 3071 pontiﬁcatus
1269 3006 1502 3058 maximi
1536 3020 1566 3056 a
1597 3005 1757 3055 Petro

108 3074 154 3126 in
188 3075 388 3129 Urbem
431 3090 561 3129 cum
592 3077 721 3129 sede
770 3076 1034 3130 translati
1072 3094 1084 3140 ;
1123 3077 1271 3131 unde
1313 3078 1381 3130 ad
1419 3075 1758 3144 martyrium

106 3147 260 3215 Petri,
283 3147 354 3200 '2‘.)
377 3148 538 3214 junii
563 3149 699 3200 anni
732 3146 801 3202 65
830 3162 954 3201 terte
982 3147 1199 3201 Christi
1233 3148 1576 3208 communis,
1611 3152 1760 3199 recte

107 3228 477 3272 numerantur
507 3219 646 3272 anni
692 3217 782 3287 255,
837 3233 1056 3273 menses
1172 3220 1299 3273 dies
1333 3219 1388 3272 8.
1434 3219 1616 3272 Aitate
1646 3230 1757 3270 au—
1789 3224 1837 3284 ί]

104 3296 198 3343 tem
236 3291 612 3344 Constantini
667 3293 876 3360 Magni,
929 3304 1040 3358 qua
1098 3292 1391 3344 I’aschatis
1438 3289 1758 3343 Christiani

107 3364 238 3415 ratio
264 3363 593 3416 constituta
618 3373 849 3416 estcum
885 3363 1171 3415 terminus
1195 3361 1485 3430 paschalis
1517 3361 1762 3416 ultimus

107 3436 315 3488 caderet
349 3435 408 3487 in
443 3435 599 3488 diem
632 3432 702 3487 ‘25
729 3435 970 3502 Aprilis,
1006 3448 1067 3486 ea
1115 3434 1212 3487 die
1255 3433 1474 3500 placuit
1525 3431 1760 3486 institui

108 3503 357 3558 litaniam
423 3507 716 3573 majorem,
773 3513 830 3559 et
885 3505 1179 3572 publicum
1232 3519 1560 3572 processum
1635 3517 1763 3557 om—

108 3576 254 3630 nium
290 3578 571 3631 ordinum
606 3579 673 3631 ad
697 3578 966 3630 Sanctum
1013 3579 1236 3630 Petrum
1295 3577 1480 3643 Quare
1519 3575 1588 3628 ad
1621 3575 1764 3627 hanc

105 3646 239 3717 diem
295 3647 617 3704 referentes
672 3649 858 3717 aliqui
914 3656 1180 3702 auctores
1229 3661 1441 3701 annum
1517 3646 1766 3715 pascha—-

108 3716 202 3789 lem
255 3727 310 3773 et
363 3716 1120 3789 pontiﬁcium.’numerant
1159 3733 1224 3772 ex
1275 3733 1337 3773 ea
1387 3719 1482 3771 die
1511 3718 1766 3789 addiem

108 3788 167 3840 ‘29
193 3788 525 3846 Junii’anni
557 3792 645 3859 65,
675 3805 859 3845 annos
1017 3804 1237 3845 menses
1330 3797 1386 3844 et
1415 3791 1540 3842 dies
1570 3788 1619 3842 3.

170 3862 337 3918 Caius
362 3864 635 3926 Caligula
680 3871 840 3933 urget
869 3863 1288 3916 dedicationem
1323 3862 1534 3915 colossi
1565 3861 1769 3933 Hiero:

111 3933 352 3999 solymis.
390 3929 918 3988 liesistuntJuilzci.
947 3936 1000 3988 Id
1034 3934 1537 4002 exprobratCaius
1563 3929 1768 3985 llerodi

110 4004 380 4075 Agrippa},
417 4007 576 4076 apud
622 4021 680 4060 se
723 4007 936 4076 agenti.
989 4008 1239 4074 Agrippa
1301 4006 1642 4072 deprecatur
1674 4004 1772 4076 iii--

109 4076 306 4148 iuriam
362 4075 582 4146 patriis
629 4075 874 4148 legibus.
921 4078 1096 4131 Caius
1128 4078 1427 4147 mitigatus
1471 4075 1776 4144 respondet

111 4146 465 4205 clementius.

176 4219 333 4275 Philo
361 4223 510 4277 dum
549 4236 761 4276 moram
793 4222 1204 4286 trahitRomte,
1235 4235 1364 4275 cum
1399 4221 1561 4274 Petro
1589 4217 1778 4272 collo—

117 4291 323 4355 quitur,
355 4301 412 4347 et
444 4294 769 4348 amicitiam
801 4296 1093 4348 contrahit
1125 4312 1135 4346 :
1171 4307 1282 4362 qua
1309 4293 1482 4346 etiam
1514 4293 1583 4345 de
1605 4303 1777 4343 causa

117 4363 355 4418 traditur
386 4366 596 4426 Marci;
645 4366 925 4433 discipuli
979 4367 1154 4428 Petri,
1188 4366 1336 4432 apud
1373 4362 1774 4417 Alexandriam

116 4440 412 4491 sectatores
459 4450 701 4492 ornasse
764 4437 1062 4491 laudibus.
1134 4437 1210 4505 (S.
1265 4435 1663 4504 Hieronymus,
1719 4433 1783 4484 de

116 4506 297 4572 δον-ιρι.
322 4510 496 4567 Eccl..
533 4511 594 4561 in
623 4509 888 4579 Philone.)

1837 540 1943 590 lius
1975 557 1989 594 :
2027 553 2150 591 nam
2178 539 2295 591 haec
2320 537 2542 592 familia
2577 538 2912 593 consulares
2937 537 3160 600 habuit,
3196 550 3262 589 ex
3291 537 3506 604 quibus

1834 611 1893 662 C.
1926 610 2248 663 Cit-rellium
2287 611 2686 678 proconsulem
2734 610 3080 663 Macedonize
3105 608 3279 676 (apud
3308 610 3508 661 Reine—

1838 683 1997 741 siam,
2036 695 2160 750 pag.
2217 679 2357 750 402),
2402 683 2516 735 nisi
2574 689 2629 735 et
2691 683 2746 734 P.
2802 681 2979 734 Cieler
3023 695 3086 734 ex
3147 679 3509 750 ignobilibus

1839 752 2045 805 amicis
2076 749 2196 805 Caii
2256 753 2661 807 t'ueritconsul
2707 762 2934 806 creatus
2985 751 3176 805 eadem
3230 749 3508 805 facilitate

1841 837 1952 892 qua
1988 827 2282 891 preprium
2316 839 2526 892 equum
2555 824 2828 890 collegam
2862 823 2973 876 sibi
3000 824 3320 876 destinasse
3347 825 3512 879 dici—

1843 903 1938 948 tur
1967 896 2140 948 Caius
2191 896 2248 947 in
2304 897 2497 949 eodem
2545 895 2908 964 magistratu.
2969 896 3178 948 Horum
3239 896 3505 951 alterutri

1845 966 2118 1020 suffectus
2155 966 2394 1020 fortasse
2429 974 2554 1035 post
2605 969 2731 1020 dies
2764 981 2974 1034 paucos
3037 966 3134 1020 ille
3185 968 3510 1035 Pomponius

1845 1039 2112 1088 sta-mulus
2163 1041 2385 1102 consul,
2445 1053 2609 1107 quem
2666 1047 2942 1091 memorat
2991 1039 3096 1091 Dio
3150 1038 3251 1091 lib.
3305 1053 3373 1094 Lx
3404 1040 3510 1094 sub

1849 1111 2106 1166 initium.
2137 1111 2256 1162 sive
2285 1112 2342 1173 ρ.
2381 1112 2682 1176 I-‘omprius,
2729 1109 2805 1162 ita
2842 1111 3173 1164 nominatus
3213 1124 3240 1163 a
3268 1112 3511 1180 Josepho

1849 1181 1952 1234 lib.
1981 1194 2036 1239 x,
2071 1195 2194 1248 cap.
2229 1185 2280 1231 Α.
2315 1181 2449 1234 Ulut
2481 1183 2578 1242 sit,
2613 1186 2837 1234 («instat
2867 1181 3170 1236 Claudium
3205 1185 3346 1234 nihil
3376 1188 3517 1236 anti-

1851 1255 2012 1319 quius
2035 1254 2258 1303 dumissr
2287 1255 2508 1318 imperio
2543 1254 2802 1304 stabilito.
2835 1269 2998 1319 quam
3029 1255 3086 1304 id
3129 1254 3377 1321 biduum,
3407 1273 3512 1323 quo

1852 1324 1916 1373 (ἰν
1948 1325 2207 1375 mutamlo
2237 1325 2546 1390 reipublicw
2598 1329 2744 1375 statu
2791 1324 3104 1376 haesitatum
3139 1332 3276 1388 erat,
3308 1344 3509 1379 memo-

1852 1398 1938 1446 ria.
1969 1398 2199 1447 (uritur/‘0
2236 1397 2482 1449 iSueton.
2519 1398 2572 1446 in
2603 1395 2822 1457 Clr'uul.,
2848 1409 2952 1462 cap
2986 1393 3061 1447 II
3091 1413 3106 1453 :
3136 1403 3190 1449 et
3232 1399 3514 1465 Josephus

1853 1466 2015 1519 addit
2044 1467 2162 1519 loco
2195 1467 2450 1520 indicato
2480 1484 2491 1517 :
2520 1468 2782 1518 Senatum.
2821 1466 3094 1518 desertum
3140 1469 3312 1532 fuisse
3338 1486 3370 1521 ει
3400 1474 3514 1523 suis

1846 1539 2375 1605 Ili-optimmtoribus,
2412 1542 2461 1588 et
2491 1538 2735 1589 consules
2756 1540 2933 1601 ferme
2966 1540 3022 1589 in
3052 1540 3393 1605 privatorum
3419 1558 3517 1593 or—

1853 1610 2032 1660 ilincm
2062 1611 2328 1673 redactos,
2366 1612 2639 1666 mmstitia,
2702 1615 3027 1677 stupm'cque
3079 1615 3352 1680 occupatis
3395 1629 3518 1667 om—

1849 1682 2034 1738 nibus,
2086 1697 2180 1732 ure
2210 1682 2503 1733 scientibus
2537 1681 2804 1748 quidnam
2847 1681 3118 1746 agendum
3156 1689 3277 1750 post
3314 1687 3516 1738 irrita—

1851 1754 2049 1803 tumin
2081 1768 2134 1804 se
2171 1753 2483 1805 Claudium.
2533 1752 2720 1820 Quare
2750 1752 2925 1820 hujus
2970 1755 3106 1807 anni
3157 1756 3428 1811 consules
3455 1758 3514 1811 in

1769 1849 1822 1908 Β
1853 1824 2038 1908 Fastis
2069 1824 2495 1908 (lesiderantur,
2524 1823 2744 1908 utalibi
2771 1822 2962 1878 fusius
2991 1826 3440 1908 demonstratur.

1924 1895 2203 1949 Claudius
2239 1895 2544 1963 imperium
2563 1896 2808 1964 adeptus
2840 1909 2951 1949 non
2977 1897 3102 1951 sine
3133 1899 3517 1965 prudentibus

1854 1966 2094 2020 Herodis
2124 1967 2391 2035 Agrippae
2417 1967 2704 2030 consiliis,
2732 1981 2964 2036 regnum
2991 1968 3080 2022 illi
3113 1970 3432 2037 conﬁrmat,
3464 1980 3521 2027 et

1856 2044 2028 2113 auget
2055 2039 2510 2113 ditionedudaam
2557 2053 2620 2113 ac
2661 2039 2953 2113 Samarire,
2995 2047 3275 2110 ornatque
3331 2057 3514 2113 regem

1862 2108 2076 2163 honore
2105 2110 2443 2165 consulatus
2473 2129 2484 2164 :
2523 2111 2622 2179 qui
2659 2110 2906 2165 subinde
2933 2108 3244 2167 revertitur
3298 2115 3359 2169 in
3396 2108 3515 2170 Ῥει-

1860 2180 2164 2236 Ιέὲδῐίηἱὶῐῐι.

1931 2254 2176 2313 Marcus.
2214 2254 2497 2322 interpres
2528 2254 2700 2313 Petri,
2755 2260 2956 2323 regatu
3017 2254 3261 2311 fratrum
3312 2259 3522 2314 scribit

1863 2325 2255 2393 Evangelium.
2288 2327 2438 2394 quod
2475 2327 2637 2379 Petro
2686 2326 3039 2394 probandum
3073 2328 3256 2384 offert.
3289 2331 3374 2384 Ab
3417 2346 3522 2386 eo.

1860 2396 1986 2449 dem
2018 2397 2708 2473 apostolorumprincipe
2733 2399 2923 2473 Roma»
2954 2400 3210 2473 mittitur
3251 2402 3310 2456 in
3349 2403 3523 2473 Egy-

1863 2474 2042 2535 ptum,
2076 2475 2138 2521 ut
2174 2469 2402 2522 nomine
2426 2469 2572 2522 Petri
2604 2469 2806 2524 fundet
2831 2471 3017 2523 sedem
3042 2469 3518 2540 Alexandrinam,

1860 2546 1924 2614 et
1958 2540 2264 2593 annuntiet
2322 2540 2688 2614 Evangelium
2725 2542 2881 2614 quod
2947 2545 3389 2611 conscripserat.
3445 2545 3519 2614 (S.

1861 2611 2262 2678 Hieronymus,
2297 2612 2363 2663 (lc
2386 2613 2586 2679 Script.
2609 2612 2779 2670 Eccl”
2805 2614 2862 2663 in
2888 2615 3094 2665 Marco.
3122 2614 3140 2680 )

1863 2718 2026 2768 Anno
2059 2715 2144 2769 42.
2178 2749 2248 2756 —
2280 2718 2509 2771 Claudio
2537 2719 2794 2783 Augusto
2842 2733 2878 2770 ιι
2903 2724 2952 2772 ct
3001 2721 3178 2787 Largo
3219 2740 3378 2784 (3038.:
3423 2727 3527 2778 Per--

1937 2791 2010 2841 tri.
2038 2795 2192 2842 δεινοί
2226 2805 2294 2844 xv
2321 2795 2574 2845 Romana;
2615 2791 2760 2842 sellis
2790 2804 2826 2843 ιι
2875 2796 2923 2843 (τε
2971 2805 3055 2859 Ιιι,
3122 2795 3526 2849 Alcaeinulrinw

1935 2878 2058 2912 ’Μ’Υο
2084 2874 2116 2912 Ι.

1938 2966 2117 3044 .ludtei
2151 2967 2356 3035 Romae,
2390 2967 2803 3044 cuminimium
2839 2969 3164 3044 frequentes
3199 2974 3416 3044 ﬁerent,
3451 2991 3535 3030 ve-

1870 3039 1965 3116 ti_t_i
1987 3045 2136 3116 sunt
2165 3039 2470 3116 convenire
2494 3043 2649 3116 _(I)io,
2684 3055 2807 3111 pag,
2843 3041 2986 3116 669).
3020 3044 3174 3098 Alibi
3214 3060 3312 3113 per
3344 3039 3533 3116 impe—

1873 3111 1947 3164 rii
1985 3112 2219 3162 Romani
2252 3111 2575 3177 provincias
2596 3120 2844 3180 potestas
2870 3115 2992 3168 illis
3011 3116 3142 3169 data
3167 3111 3230 3171 ut
3252 3119 3378 3172 suis
3405 3111 3535 3174 nio-

1874 3183 2038 3236 ribus
2070 3189 2387 3236 uterentur.

1946 3256 2146 3308 Petrus
2197 3255 2370 3307 ltoma
2418 3255 2746 3322 regreditur
2806 3256 2864 3309 in
2899 3257 3280 3323 Palmstinam,
3317 3267 3438 3315 tum
3473 3270 3538 3316 ut

1877 3325 1991 3401 illi-
2017 3325 2283 3401 Ecclesia).
2333 3326 2619 3401 consulat,
2671 3327 2766 3379 cui
2795 3327 3090 3401 subn‘ovo
3116 3343 3244 3398 rege
3279 3332 3537 3401 Agrippa

1875 3396 2197 3466 periculum
2230 3396 2599 3449 imminebat:
2632 3401 2754 3450 tum
2789 3405 2851 3451 ut
2882 3399 3078 3453 visitet
3112 3396 3392 3456 Ecclesias
3423 3396 3533 3457 ca:-

1877 3477 2025 3543 teras
2051 3466 2392 3543 Orientales,
2427 3467 2608 3535 Ponti,
2643 3468 3034 3537 Cappadocize,
3066 3471 3216 3526 Asia:
3253 3481 3310 3528 et
3335 3473 3540 3543 Bithy—

1877 3542 2006 3596 nite,
2040 3552 2104 3591 ac
2137 3539 2411 3605 reliquas.

1949 3610 2195 3664 Herodes
2253 3609 2505 3677 Agrippa
2577 3610 2645 3664 ad
2700 3610 3071 3666 demerendos
3142 3613 3258 3669 sibi
3315 3618 3542 3674 Judzeos

1879 3683 2078 3737 saevire
2135 3683 2191 3734 in
2238 3681 2549 3752 Ecclesiam
2598 3683 2793 3748 cmpit.
2839 3684 2914 3735 Ac
2965 3685 3213 3752 primum
3270 3689 3539 3744 Jacobum

1881 3753 2114 3809 occidit.
2157 3751 2366 3806 deinde
2411 3753 2638 3824 Petrum
2680 3755 2735 3805 in
2761 3751 3044 3808 carcerem
3073 3758 3354 3824 conjecit:
3395 3763 3546 3817 unde

1883 3827 1934 3879 is
1964 3826 2034 3879 ab
2060 3825 2262 3901 angelo
2294 3829 2554 3901 servatas
2579 3823 2703 3901 abit
2730 3825 2788 3878 in
2810 3826 2989 3901 alium
3010 3823 3212 3901 locum
3256 3829 3399 3897 (Act.
3423 3834 3544 3901 xu),

1883 3911 2088 3959 nempe
2117 3895 2504 3961 Antiochiam,
2567 3901 2621 3948 et
2672 3897 2729 3950 in
2765 3897 3094 3964 provincias
3123 3895 3273 3955 Asiae
3305 3895 3550 3959 Minoris

1886 3970 2056 4038 paulo
2103 3973 2234 4020 ante
2260 3972 2615 4019 memoratas.

1956 4040 2255 4119 Claudius,
2287 4039 2750 4119 Britannicamex
2765 4040 3110 4109 peditiouem
3131 4059 3356 4119 parans,
3381 4048 3555 4119 legio-

1890 4126 2015 4165 nem
2051 4117 2309 4178 quartam
2349 4124 2415 4164 ex
2439 4109 2602 4178 Syria
2632 4111 2893 4181 aliasque
2921 4121 3117 4169 evocat
3149 4118 3208 4171 in
3265 4109 3554 4176 Occidim—

1891 4191 2022 4238 tem.
2059 4183 2197 4264 Vide
2243 4188 2406 4235 notas
2436 4183 2765 4249 superiores
2797 4190 3024 4240 nostras
3054 4188 3120 4241 ad
3158 4188 3264 4243 lin.
3382 4192 3556 4260 hujus

1893 4269 2139 4310 numeri.

1897 4366 2057 4418 Anno
2089 4361 2175 4416 43.
2205 4393 2275 4402 -
2327 4363 2556 4416 Claudio
2600 4363 2747 4430 Aug.
2809 4365 2881 4418 III
2925 4371 2974 4418 et
3030 4367 3250 4420 Vitellio
3294 4371 3342 4423 II
3391 4387 3553 4436 coss.;

2113 4439 2257 4490 Petri
2285 4451 2352 4490 xv
2380 4442 2430 4488 ct
2450 4449 2566 4493 xvx,
2593 4441 2640 4488 et
2663 4438 2916 4490 Romana:
2936 4439 3078 4491 sedis
3114 4453 3173 4493 ιιι
3200 4445 3249 4493 ct
3278 4453 3353 4494 Iv.

1967 4545 2246 4599 Claudius
2302 4545 2358 4597 in
2419 4543 2775 4598 Britanniam
2829 4546 3145 4601 accersitus
3187 4561 3218 4602 a
3286 4548 3561 4605 Suetonio

117 4613 264 4666 Anno
301 4612 387 4688 41.
424 4646 496 4655 -
559 4617 750 4669 Annus
780 4618 1001 4672 Caianre
1032 4619 1196 4670 credis
1245 4631 1320 4683 ix,
1361 4616 1488 4668 Kal.
1537 4615 1786 4669 Fcbrua—
1822 4605 1872 4664 D
1897 4616 2434 4674 Paulino.eamdem
2470 4615 2717 4669 insulam
2745 4617 3040 4686 ejusquem
3067 4633 3224 4688 reges
3251 4621 3562 4676 nonnullos

216 4688 304 4738 rii.
334 4687 390 4741 S.
426 4689 710 4742 Pctl‘ixul
768 4695 816 4742 et
839 4703 958 4758 x1v,
995 4693 1254 4744 Romian
1296 4689 1439 4741 sedis
1483 4701 1495 4741 ι
1531 4693 1579 4739 et
1615 4701 1674 4740 ιι.

181 4794 459 4850 Consules
491 4809 626 4868 cum
660 4795 838 4852 biduo
871 4797 1186 4868 interregni
1222 4796 1560 4850 retulissent
1585 4796 1642 4848 in
1690 4808 1790 4868 se—

122 4871 245 4937 natu
262 4868 332 4919 de
351 4866 655 4934 republica
686 4871 1062 4937 restituenda,
1088 4866 1144 4922 et
1161 4868 1490 4933 abrogando
1518 4867 1783 4935 imperio,

122 4934 325 4991 efastis
351 4938 578 5007 abrasi,
616 4943 676 4992 ut
707 4942 897 4994 omnis
929 4934 1200 4995 memoria
1236 4940 1474 5007 hujusce
1509 4934 1786 5006 temporis

125 5007 430 5080 tolleretur.
459 5011 547 5063 .lo.
609 5012 810 5066 Malala
867 5014 921 5065 in
974 5013 1429 5080 chroni‘igraphia
1452 5011 1631 5064 tradit
1675 5010 1788 5062 Ca—

127 5078 234 5132 ium
295 5079 691 5150 interfertum,
752 5092 807 5138 et
845 5085 1150 5138 Claudium
1196 5078 1594 5150 imperatorem
1664 5081 1787 5133 ele—

125 5157 266 5204 clum
299 5152 488 5205 Cassio
521 5160 572 5205 et
603 5154 796 5207 Solone
835 5172 994 5214 (:o.~:s.,
1039 5157 1136 5224 qui
1171 5156 1436 5220 nuspiam
1490 5154 1548 5205 in
1601 5151 1787 5224 Fastis

127 5232 416 5288 apparent.
443 5227 1012 5292 Supersuntnomina
1033 5222 1334 5280 consulum
1355 5222 1783 5277 ordinariorum

128 5295 328 5368 {utpote
352 5296 476 5368 Kal.
512 5298 776 5352 Januarii
809 5298 1192 5368 signatorum)
1225 5297 1282 5349 in
1313 5301 1525 5368 tessera
1555 5294 1786 5368 gladia—

131 5366 286 5431 toria,
318 5367 472 5435 apud
514 5368 843 5423 Fabrettum
869 5362 1313 5438 Inscriptq'cap.
1365 5365 1414 5432 I,
1467 5362 1623 5420 num.
1661 5362 1782 5434 491,

135 5438 221 5500 qui
255 5438 310 5490 in
353 5438 547 5492 Fastis
579 5454 691 5496 non
743 5442 1150 5510 reperiuntur.

781 5550 1043 5605 MARTIA
1052 5551 1150 5604 LIS

844 5639 996 5692 MAN
1007 5640 1091 5692 LII

788 5731 886 5784 SP.
913 5727 979 5781 K.
1019 5729 1136 5781 IAN

590 5821 672 5872 TI.
704 5819 927 5873 CATIO.
963 5819 1019 5870 P.
1053 5817 1338 5870 CAELER.

202 5909 462 5964 Fortasse
490 5909 762 5964 consules
789 5905 1081 5964 ordinarii
1106 5905 1278 5975 hujus
1305 5903 1464 5959 anni.
1500 5904 1581 5956 Ti.
1617 5903 1799 5957 Catius

1899 4690 1959 4744 in
2013 4688 2365 4742 deditionem
2420 4688 2647 4755 recipit,
2697 4688 2768 4742 de
2832 4703 2942 4758 qua
3004 4691 3329 4759 triumphat
3372 4693 3562 4747 Romae

1896 4774 2046 4816 anno
2108 4760 2387 4827 proximo.
2447 4760 2690 4813 Senatus
2738 4760 2980 4815 Claudio
3035 4763 3297 4817 decernit
3361 4777 3555 4818 arcum

1897 4832 2307 4899 triumphalem
2359 4830 2429 4884 oh
2465 4846 2588 4904 gres
2632 4831 2804 4904 bene,
2837 4832 2896 4886 in
2972 4833 3267 4888 Britannia
3324 4841 3554 4904 gestas:

1898 4905 2068 4970 cujus
2125 4902 2478 4956 monumenti
2543 4903 2848 4970 inscriptio
2927 4904 3175 4958 dimidia
3223 4902 3344 4960 sui‘
3379 4913 3554 4971 parte,

1897 4976 2087 5028 adhuc
2141 4981 2432 5040 superstes
2488 4973 2546 5026 in
2605 4973 2827 5027 :edibus
2879 4974 3212 5029 Barberinis
3241 4977 3396 5031 edita
3444 4976 3560 5033 fuit

1902 5047 2052 5170 igter
2077 5045 2349 5180 gntiquas
2385 5045 2649 5111 inscript.
2678 5043 2958 5112 (Fabi-citi,
2986 5063 3118 5114 pag.
3152 5044 3278 5115 7‘28,
3326 5055 3381 5102 et
3413 5064 3558 5118 sup-

1902 5133 1932 5180 p
1961 5125 2066 5170 eta.

1902 5117 2066 5185 pleta.

1971 5188 2266 5242 Perductis
2292 5185 2612 5239 Annalibus
2643 5186 2793 5240 Petri
2825 5187 2892 5240 ad
2937 5186 3331 5244 fundationem
3377 5191 3556 5246 trium

1897 5260 2121 5316 sedium
2173 5259 2609 5326 praecipuarum.
2658 5272 2838 5330 eoque
2885 5259 2944 5311 in
3003 5261 3251 5314 Judieam
3308 5278 3553 5330 reverso,

1899 5331 1996 5386 ubi
2024 5337 2145 5398 post
2165 5330 2475 5384 concilium
2498 5327 2885 5396 apostolorum
2904 5331 2973 5382 de
2994 5330 3276 5399 legalibus
3295 5327 3556 5389 habitum

1899 5403 2047 5473 quod
2085 5404 2422 5474 interpretes
2453 5401 2860 5474 communiter
2894 5400 3149 5455 referunt
3181 5405 3265 5472 (ea:
3309 5407 3559 5474 Epistola

1901 5470 1976 5528 dtl
2006 5475 2188 5529 Galat.
2227 5485 2286 5526 ll.
2323 5470 2369 5539 il)
2399 5471 2468 5544 ad
2491 5485 2704 5544 annum
2736 5471 2806 5524 ab
2830 5470 3434 5544 Ast-.ensione'Domini
3468 5474 3552 5544 48,

1903 5553 1958 5601 et
1989 5546 2122 5599 inde
2151 5544 2398 5617 profecto
2437 5542 2801 5617 Antiochiam
2848 5544 2966 5617 libi,
3007 5561 3148 5617 versi
3181 5543 3265 5615 Η)
3313 5553 3375 5602 ut
3421 5542 3562 5617 pro-4

1904 5617 2128 5671 vincias
2156 5616 2444 5684 proximas
2477 5615 2759 5674 visitaret,
2796 5614 2861 5668 ad
2896 5628 3038 5682 quas
3061 5614 3270 5671 deinde
3324 5614 3558 5674 Romam

1906 5703 2167 5743 reversus
2211 5687 2449 5754 primam
2477 5686 2638 5739 dedit
2665 5686 2976 5752 Epistolam
3009 5687 3115 5741 sub
3157 5689 3392 5744 Nerone.
3454 5693 3561 5746 Pe-

1907 5761 1983 5814 tri
2019 5766 2173 5830 gesta
2237 5772 2331 5826 per
2378 5771 2558 5830 annos
2605 5756 2955 5811 distribuere
3028 5763 3392 5826 supersedeo,
3433 5777 3565 5819 cum

1910 5829 2252 5886 documenta
2284 5829 2647 5898 singulorum
2695 5837 2802 5882 non
2832 5836 3154 5898 suppetant.
3207 5835 3360 5888 Satis
3391 5832 3569 5890 fuerit

1915 5904 2202 5957 indicasse
2253 5902 2418 5956 illum
2462 5901 2521 5956 in
2565 5900 2798 5957 Oriente
2836 5908 3124 5958 versatum
3167 5905 3348 5960 videri
3383 5919 3564 5972 usque
