  <div class='ocr_page' id='page_1' title='image "/cluster/home/n/w/nwhite01/storage/ocr_20150623/127-128/uc1.31175010226572/527.png"; bbox 0 0 3912 6482; ppageno 0'>
   <div class='ocr_carea' id='block_1_1' title="bbox 399 347 541 405">
    <p class='ocr_par' dir='ltr' id='par_1_1' title="bbox 399 347 541 405">
     <span class='ocr_line' id='line_1_1' title="bbox 399 347 541 405; baseline -0.007 0"><span class='ocrx_word' id='word_1_1' title='bbox 399 347 541 405; x_wconf 86' lang='grc'><strong>4039</strong></span> 
     </span>
    </p>
   </div>
   <div class='ocr_carea' id='block_1_2' title="bbox 1628 344 2567 402">
    <p class='ocr_par' dir='ltr' id='par_1_2' title="bbox 1628 344 2567 402">
     <span class='ocr_line' id='line_1_2' title="bbox 1628 344 2567 402; baseline -0.001 0"><span class='ocrx_word' id='word_1_2' title='bbox 1628 347 1987 402; x_wconf 81' lang='lat' dir='ltr'><strong>ANASTASII</strong></span> <span class='ocrx_word' id='word_1_3' title='bbox 2023 344 2567 401; x_wconf 77' lang='lat' dir='ltr'><strong>BlBLlOTllECARH</strong></span> 
     </span>
    </p>
   </div>
   <div class='ocr_carea' id='block_1_3' title="bbox 3694 350 3824 412">
    <p class='ocr_par' dir='ltr' id='par_1_3' title="bbox 3694 350 3824 412">
     <span class='ocr_line' id='line_1_3' title="bbox 3694 350 3824 412; baseline 0.038 -6"><span class='ocrx_word' id='word_1_4' title='bbox 3694 350 3824 412; x_wconf 84' lang='grc'>4040</span> 
     </span>
    </p>
   </div>
   <div class='ocr_carea' id='block_1_4' title="bbox 397 474 3825 542">
    <p class='ocr_par' dir='ltr' id='par_1_4' title="bbox 397 474 3825 542">
     <span class='ocr_line' id='line_1_4' title="bbox 397 474 3825 542; baseline 0.001 -13"><span class='ocrx_word' id='word_1_5' title='bbox 397 477 464 529; x_wconf 88' lang='lat' dir='ltr'><strong>ad</strong></span> <span class='ocrx_word' id='word_1_6' title='bbox 498 476 715 529; x_wconf 81' lang='lat' dir='ltr'><strong>exitum</strong></span> <span class='ocrx_word' id='word_1_7' title='bbox 744 474 996 541; x_wconf 82' lang='lat' dir='ltr'><strong>Claudii,</strong></span> <span class='ocrx_word' id='word_1_8' title='bbox 1025 487 1224 542; x_wconf 82' lang='lat' dir='ltr'><strong>nempe</strong></span> <span class='ocrx_word' id='word_1_9' title='bbox 1262 474 1329 529; x_wconf 93' lang='lat' dir='ltr'><strong>ad</strong></span> <span class='ocrx_word' id='word_1_10' title='bbox 1351 490 1477 529; x_wconf 85' lang='lat' dir='ltr'><strong>coss</strong></span> <span class='ocrx_word' id='word_1_11' title='bbox 1523 477 1594 529; x_wconf 86' lang='grc' dir='ltr'><strong>Μ.</strong></span> <span class='ocrx_word' id='word_1_12' title='bbox 1627 474 1891 529; x_wconf 83' lang='lat' dir='ltr'><strong>Asinium</strong></span> <span class='ocrx_word' id='word_1_13' title='bbox 1920 475 2061 527; x_wconf 84' lang='lat' dir='ltr'><strong>Mar-</strong></span> <span class='ocrx_word' id='word_1_14' title='bbox 2088 480 2146 539; x_wconf 83' lang='lat' dir='ltr'><strong>A</strong></span> <span class='ocrx_word' id='word_1_15' title='bbox 2175 476 2337 528; x_wconf 67' lang='lat' dir='ltr'><strong>Anno</strong></span> <span class='ocrx_word' id='word_1_16' title='bbox 2367 474 2454 531; x_wconf 75' lang='lat'><strong>633.</strong></span> <span class='ocrx_word' id='word_1_17' title='bbox 2488 506 2554 513; x_wconf 92' lang='lat'><strong>—</strong></span> <span class='ocrx_word' id='word_1_18' title='bbox 2592 476 2773 530; x_wconf 76' lang='lat' dir='ltr'><strong>Nerva.</strong></span> <span class='ocrx_word' id='word_1_19' title='bbox 2824 480 2873 528; x_wconf 88' lang='lat' dir='ltr'><strong>et</strong></span> <span class='ocrx_word' id='word_1_20' title='bbox 2929 476 3151 528; x_wconf 80' lang='lat' dir='ltr'><strong>Vestino</strong></span> <span class='ocrx_word' id='word_1_21' title='bbox 3189 492 3321 529; x_wconf 89' lang='lat' dir='ltr'><strong>coss.</strong></span> <span class='ocrx_word' id='word_1_22' title='bbox 3372 476 3606 531; x_wconf 78' lang='lat' dir='ltr'><strong>Neronis</strong></span> <span class='ocrx_word' id='word_1_23' title='bbox 3653 494 3825 533; x_wconf 84' lang='lat' dir='ltr'><strong>annus</strong></span> 
     </span>
    </p>
   </div>
   <div class='ocr_carea' id='block_1_5' title="bbox 400 545 2055 613">
    <p class='ocr_par' dir='ltr' id='par_1_5' title="bbox 400 545 2055 613">
     <span class='ocr_line' id='line_1_5' title="bbox 400 545 2055 613; baseline -0.001 -14"><span class='ocrx_word' id='word_1_24' title='bbox 400 547 631 609; x_wconf 91' lang='lat' dir='ltr'><strong>cellum,</strong></span> <span class='ocrx_word' id='word_1_25' title='bbox 669 546 739 598; x_wconf 92' lang='lat' dir='ltr'><strong>M.</strong></span> <span class='ocrx_word' id='word_1_26' title='bbox 773 545 1026 600; x_wconf 87' lang='lat' dir='ltr'><strong>Acilium</strong></span> <span class='ocrx_word' id='word_1_27' title='bbox 1057 545 1312 600; x_wconf 89' lang='lat' dir='ltr'><strong>Aviolam</strong></span> <span class='ocrx_word' id='word_1_28' title='bbox 1350 546 1565 600; x_wconf 76' lang='lat' dir='ltr'><strong>Christi</strong></span> <span class='ocrx_word' id='word_1_29' title='bbox 1595 545 1683 601; x_wconf 78' lang='grc'><strong>54.</strong></span> <span class='ocrx_word' id='word_1_30' title='bbox 1719 554 2055 613; x_wconf 85' lang='lat' dir='ltr'><strong>occupatum</strong></span> 
     </span>
    </p>
   </div>
   <div class='ocr_carea' id='block_1_6' title="bbox 399 614 2062 685">
    <p class='ocr_par' dir='ltr' id='par_1_6' title="bbox 399 614 2062 685">
     <span class='ocr_line' id='line_1_6' title="bbox 399 614 2062 685; baseline 0 -16"><span class='ocrx_word' id='word_1_31' title='bbox 399 614 723 671; x_wconf 88' lang='lat' dir='ltr'><strong>fundandis</strong></span> <span class='ocrx_word' id='word_1_32' title='bbox 749 624 805 671; x_wconf 88' lang='lat' dir='ltr'><strong>et</strong></span> <span class='ocrx_word' id='word_1_33' title='bbox 845 617 1158 671; x_wconf 90' lang='lat' dir='ltr'><strong>visitandis</strong></span> <span class='ocrx_word' id='word_1_34' title='bbox 1195 617 1480 679; x_wconf 86' lang='lat' dir='ltr'><strong>ecclesiis,</strong></span> <span class='ocrx_word' id='word_1_35' title='bbox 1531 619 1588 672; x_wconf 91' lang='lat' dir='ltr'><strong>in</strong></span> <span class='ocrx_word' id='word_1_36' title='bbox 1633 618 1766 672; x_wconf 84' lang='lat' dir='ltr'><strong>Asia</strong></span> <span class='ocrx_word' id='word_1_37' title='bbox 1818 630 2062 685; x_wconf 81' lang='lat' dir='ltr'><strong>praeser-</strong></span> 
     </span>
    </p>
   </div>
   <div class='ocr_carea' id='block_1_7' title="bbox 399 687 1733 758">
    <p class='ocr_par' dir='ltr' id='par_1_7' title="bbox 399 687 1733 758">
     <span class='ocr_line' id='line_1_7' title="bbox 399 687 1733 758; baseline 0.001 -17"><span class='ocrx_word' id='word_1_38' title='bbox 399 689 505 741; x_wconf 90' lang='lat' dir='ltr'><strong>tim</strong></span> <span class='ocrx_word' id='word_1_39' title='bbox 528 687 684 742; x_wconf 89' lang='lat' dir='ltr'><strong>sitis.</strong></span> <span class='ocrx_word' id='word_1_40' title='bbox 712 687 989 757; x_wconf 82' lang='lat' dir='ltr'><strong>Reliquos</strong></span> <span class='ocrx_word' id='word_1_41' title='bbox 1017 702 1202 743; x_wconf 91' lang='lat' dir='ltr'><strong>annos</strong></span> <span class='ocrx_word' id='word_1_42' title='bbox 1235 689 1313 742; x_wconf 89' lang='lat' dir='ltr'><strong>ita</strong></span> <span class='ocrx_word' id='word_1_43' title='bbox 1345 690 1733 758; x_wconf 85' lang='lat' dir='ltr'><strong>disponimus.</strong></span> 
     </span>
    </p>
   </div>
   <div class='ocr_carea' id='block_1_8' title="bbox 397 793 2059 861">
    <p class='ocr_par' dir='ltr' id='par_1_8' title="bbox 397 793 2059 861">
     <span class='ocr_line' id='line_1_8' title="bbox 397 793 2059 861; baseline -0.003 -10"><span class='ocrx_word' id='word_1_44' title='bbox 397 797 563 851; x_wconf 79' lang='lat' dir='ltr'><strong>Anno</strong></span> <span class='ocrx_word' id='word_1_45' title='bbox 591 793 682 851; x_wconf 80' lang='grc'><strong>55.</strong></span> <span class='ocrx_word' id='word_1_46' title='bbox 715 825 789 834; x_wconf 95' lang='lat'><strong>—</strong></span> <span class='ocrx_word' id='word_1_47' title='bbox 816 798 1026 851; x_wconf 80' lang='lat' dir='ltr'><strong>Nerone</strong></span> <span class='ocrx_word' id='word_1_48' title='bbox 1072 801 1122 849; x_wconf 80' lang='lat' dir='ltr'><strong>et</strong></span> <span class='ocrx_word' id='word_1_49' title='bbox 1166 798 1352 851; x_wconf 84' lang='lat' dir='ltr'><strong>Vetere</strong></span> <span class='ocrx_word' id='word_1_50' title='bbox 1382 814 1541 861; x_wconf 72' lang='lat' dir='ltr'><strong>coss;</strong></span> <span class='ocrx_word' id='word_1_51' title='bbox 1595 799 1653 851; x_wconf 91' lang='lat' dir='ltr'><strong>B.</strong></span> <span class='ocrx_word' id='word_1_52' title='bbox 1712 799 1860 851; x_wconf 77' lang='lat' dir='ltr'><strong>Petri</strong></span> <span class='ocrx_word' id='word_1_53' title='bbox 1902 809 2059 852; x_wconf 85' lang='lat' dir='ltr'><strong>xxvn</strong></span> 
     </span>
    </p>
   </div>
   <div class='ocr_carea' id='block_1_9' title="bbox 651 870 1809 934">
    <p class='ocr_par' dir='ltr' id='par_1_9' title="bbox 651 870 1809 934">
     <span class='ocr_line' id='line_1_9' title="bbox 651 870 1809 934; baseline 0.002 -14"><span class='ocrx_word' id='word_1_54' title='bbox 651 873 701 920; x_wconf 84' lang='lat' dir='ltr'><strong>et</strong></span> <span class='ocrx_word' id='word_1_55' title='bbox 743 882 949 934; x_wconf 83' lang='lat' dir='ltr'><strong>xxvm,</strong></span> <span class='ocrx_word' id='word_1_56' title='bbox 977 878 1025 922; x_wconf 84' lang='lat' dir='ltr'><strong>ct</strong></span> <span class='ocrx_word' id='word_1_57' title='bbox 1064 870 1313 922; x_wconf 73' lang='lat' dir='ltr'><strong>Romanae</strong></span> <span class='ocrx_word' id='word_1_58' title='bbox 1350 870 1494 923; x_wconf 75' lang='lat' dir='ltr'><strong>sedis</strong></span> <span class='ocrx_word' id='word_1_59' title='bbox 1522 882 1594 923; x_wconf 83' lang='lat' dir='ltr'><strong>xv</strong></span> <span class='ocrx_word' id='word_1_60' title='bbox 1617 875 1665 923; x_wconf 85' lang='lat' dir='ltr'><strong>ct</strong></span> <span class='ocrx_word' id='word_1_61' title='bbox 1693 882 1809 924; x_wconf 85' lang='lat' dir='ltr'><strong>xVI.</strong></span> 
     </span>
    </p>
   </div>
   <div class='ocr_carea' id='block_1_10' title="bbox 406 973 2060 1101">
    <p class='ocr_par' dir='ltr' id='par_1_10' title="bbox 406 973 2060 1101">
     <span class='ocr_line' id='line_1_10' title="bbox 406 973 2060 1101; baseline 0.003 -75"><span class='ocrx_word' id='word_1_62' title='bbox 406 976 640 1101; x_wconf 59' lang='lat' dir='ltr'><strong>_tJuxta</strong></span> <span class='ocrx_word' id='word_1_63' title='bbox 678 973 1002 1099; x_wconf 66' lang='lat' dir='ltr'><strong>catulogum</strong></span> <span class='ocrx_word' id='word_1_64' title='bbox 1055 974 1446 1044; x_wconf 88' lang='lat' dir='ltr'><strong>Liberianum,</strong></span> <span class='ocrx_word' id='word_1_65' title='bbox 1482 976 1538 1029; x_wconf 89' lang='grc' dir='ltr'><strong>Β.</strong></span> <span class='ocrx_word' id='word_1_66' title='bbox 1590 977 1792 1030; x_wconf 84' lang='lat' dir='ltr'><strong>Petrus</strong></span> <span class='ocrx_word' id='word_1_67' title='bbox 1829 976 2060 1031; x_wconf 80' lang='lat' dir='ltr'><strong>Romam</strong></span> 
     </span>
     <span class='ocr_line' id='line_1_11' title="bbox 406 1058 823 1100; baseline -0.007 0"><span class='ocrx_word' id='word_1_68' title='bbox 406 1061 418 1100; x_wconf 87' lang='grc' dir='ltr'><strong>ι</strong></span> <span class='ocrx_word' id='word_1_69' title='bbox 455 1060 617 1100; x_wconf 91' lang='lat' dir='ltr'><strong>erum</strong></span> <span class='ocrx_word' id='word_1_70' title='bbox 646 1058 773 1100; x_wconf 81' lang='lat' dir='ltr'><strong>veni</strong></span> <span class='ocrx_word' id='word_1_71' title='bbox 810 1084 823 1097; x_wconf 93' lang='lat'><strong>.</strong></span> 
     </span>
    </p>
   </div>
   <div class='ocr_carea' id='block_1_11' title="bbox 403 1058 823 1100">
    <p class='ocr_par' dir='ltr' id='par_1_11' title="bbox 403 1058 823 1100">
     <span class='ocr_line' id='line_1_12' title="bbox 403 1058 823 1100; baseline -0.005 0"><span class='ocrx_word' id='word_1_72' title='bbox 403 1058 617 1100; x_wconf 84' lang='lat' dir='ltr'><strong>iterum</strong></span> <span class='ocrx_word' id='word_1_73' title='bbox 646 1058 823 1100; x_wconf 76' lang='grc' dir='ltr'><strong>νθιιιι.</strong></span> 
     </span>
    </p>
   </div>
   <div class='ocr_carea' id='block_1_12' title="bbox 399 1151 2063 1222">
    <p class='ocr_par' dir='ltr' id='par_1_12' title="bbox 399 1151 2063 1222">
     <span class='ocr_line' id='line_1_13' title="bbox 399 1151 2063 1222; baseline -0.001 -14"><span class='ocrx_word' id='word_1_74' title='bbox 399 1155 564 1208; x_wconf 82' lang='grc' dir='ltr'><strong>Ληηο</strong></span> <span class='ocrx_word' id='word_1_75' title='bbox 615 1151 706 1208; x_wconf 91' lang='grc'><strong>66.</strong></span> <span class='ocrx_word' id='word_1_76' title='bbox 757 1182 832 1192; x_wconf 91' lang='grc'><strong><em>-</em></strong></span> <span class='ocrx_word' id='word_1_77' title='bbox 876 1153 1179 1207; x_wconf 81' lang='lat' dir='ltr'><strong>Saturnino</strong></span> <span class='ocrx_word' id='word_1_78' title='bbox 1225 1159 1276 1206; x_wconf 83' lang='lat' dir='ltr'><strong>et</strong></span> <span class='ocrx_word' id='word_1_79' title='bbox 1319 1154 1569 1222; x_wconf 81' lang='lat' dir='ltr'><strong>Scipione</strong></span> <span class='ocrx_word' id='word_1_80' title='bbox 1615 1170 1774 1217; x_wconf 86' lang='lat' dir='ltr'><strong>coss.;</strong></span> <span class='ocrx_word' id='word_1_81' title='bbox 1834 1156 1896 1207; x_wconf 91' lang='lat' dir='ltr'><strong>B.</strong></span> <span class='ocrx_word' id='word_1_82' title='bbox 1961 1156 2063 1207; x_wconf 81' lang='lat' dir='ltr'><strong>Pe-</strong></span> 
     </span>
    </p>
   </div>
   <div class='ocr_carea' id='block_1_13' title="bbox 471 1226 1986 1280">
    <p class='ocr_par' dir='ltr' id='par_1_13' title="bbox 471 1226 1986 1280">
     <span class='ocr_line' id='line_1_14' title="bbox 471 1226 1986 1280; baseline 0.001 -3"><span class='ocrx_word' id='word_1_83' title='bbox 471 1227 545 1279; x_wconf 77' lang='lat' dir='ltr'><strong>tri</strong></span> <span class='ocrx_word' id='word_1_84' title='bbox 582 1239 759 1280; x_wconf 87' lang='lat' dir='ltr'><strong>xxvm</strong></span> <span class='ocrx_word' id='word_1_85' title='bbox 807 1229 857 1277; x_wconf 82' lang='lat' dir='ltr'><strong>et</strong></span> <span class='ocrx_word' id='word_1_86' title='bbox 893 1238 1030 1279; x_wconf 71' lang='lat' dir='ltr'><strong>xxxx</strong></span> <span class='ocrx_word' id='word_1_87' title='bbox 1074 1230 1123 1277; x_wconf 85' lang='lat' dir='ltr'><strong>et</strong></span> <span class='ocrx_word' id='word_1_88' title='bbox 1157 1226 1411 1279; x_wconf 71' lang='lat' dir='ltr'><strong>Romana:</strong></span> <span class='ocrx_word' id='word_1_89' title='bbox 1456 1226 1601 1279; x_wconf 81' lang='lat' dir='ltr'><strong>sedis</strong></span> <span class='ocrx_word' id='word_1_90' title='bbox 1630 1240 1721 1278; x_wconf 82' lang='grc' dir='ltr'><strong>χγι</strong></span> <span class='ocrx_word' id='word_1_91' title='bbox 1765 1229 1815 1277; x_wconf 86' lang='lat' dir='ltr'><strong>et</strong></span> <span class='ocrx_word' id='word_1_92' title='bbox 1850 1240 1986 1279; x_wconf 82' lang='lat' dir='ltr'><strong>xvu.</strong></span> 
     </span>
    </p>
   </div>
   <div class='ocr_carea' id='block_1_14' title="bbox 470 1313 2058 1382">
    <p class='ocr_par' dir='ltr' id='par_1_14' title="bbox 470 1313 2058 1382">
     <span class='ocr_line' id='line_1_15' title="bbox 470 1313 2058 1382; baseline 0.001 -14"><span class='ocrx_word' id='word_1_93' title='bbox 470 1315 530 1368; x_wconf 91' lang='lat' dir='ltr'><strong>B.</strong></span> <span class='ocrx_word' id='word_1_94' title='bbox 583 1316 786 1369; x_wconf 86' lang='lat' dir='ltr'><strong>Petrus</strong></span> <span class='ocrx_word' id='word_1_95' title='bbox 816 1313 1047 1367; x_wconf 82' lang='lat' dir='ltr'><strong>ordinat</strong></span> <span class='ocrx_word' id='word_1_96' title='bbox 1096 1313 1301 1369; x_wconf 90' lang='lat' dir='ltr'><strong>Linum</strong></span> <span class='ocrx_word' id='word_1_97' title='bbox 1355 1313 1687 1382; x_wconf 86' lang='lat' dir='ltr'><strong>episcopum</strong></span> <span class='ocrx_word' id='word_1_98' title='bbox 1722 1317 1809 1381; x_wconf 83' lang='lat' dir='ltr'><strong>(ex</strong></span> <span class='ocrx_word' id='word_1_99' title='bbox 1864 1316 2058 1369; x_wconf 90' lang='lat' dir='ltr'><strong>eodem</strong></span> 
     </span>
    </p>
   </div>
   <div class='ocr_carea' id='block_1_15' title="bbox 398 1384 2062 1468">
    <p class='ocr_par' dir='ltr' id='par_1_15' title="bbox 398 1384 2062 1468">
     <span class='ocr_line' id='line_1_16' title="bbox 398 1384 2062 1468; baseline -0.001 -27"><span class='ocrx_word' id='word_1_100' title='bbox 398 1386 660 1468; x_wconf 73' lang='lat' dir='ltr'><strong>catalogo</strong></span> <span class='ocrx_word' id='word_1_101' title='bbox 692 1384 1016 1468; x_wconf 75' lang='lat' dir='ltr'><strong>Liberiano)</strong></span> <span class='ocrx_word' id='word_1_102' title='bbox 1062 1391 1127 1439; x_wconf 87' lang='lat' dir='ltr'><strong>ut</strong></span> <span class='ocrx_word' id='word_1_103' title='bbox 1158 1384 1549 1467; x_wconf 72' lang='lat' dir='ltr'><strong>ministerium</strong></span> <span class='ocrx_word' id='word_1_104' title='bbox 1580 1386 1931 1468; x_wconf 63' lang='lat' dir='ltr'><strong>sacerdotale</strong></span> <span class='ocrx_word' id='word_1_105' title='bbox 1967 1399 2062 1468; x_wconf 82' lang='lat' dir='ltr'><strong>per</strong></span> 
     </span>
    </p>
   </div>
   <div class='ocr_carea' id='block_1_16' title="bbox 396 1456 2055 1525">
    <p class='ocr_par' dir='ltr' id='par_1_16' title="bbox 396 1456 2055 1525">
     <span class='ocr_line' id='line_1_17' title="bbox 396 1456 2055 1525; baseline 0 -14"><span class='ocrx_word' id='word_1_106' title='bbox 396 1456 715 1513; x_wconf 85' lang='lat' dir='ltr'><strong>absentiam</strong></span> <span class='ocrx_word' id='word_1_107' title='bbox 739 1456 1130 1524; x_wconf 78' lang='lat' dir='ltr'><strong>apostolorum</strong></span> <span class='ocrx_word' id='word_1_108' title='bbox 1168 1456 1452 1525; x_wconf 81' lang='lat' dir='ltr'><strong>principis</strong></span> <span class='ocrx_word' id='word_1_109' title='bbox 1498 1456 1557 1510; x_wconf 92' lang='lat' dir='ltr'><strong>in</strong></span> <span class='ocrx_word' id='word_1_110' title='bbox 1604 1456 1750 1511; x_wconf 87' lang='lat' dir='ltr'><strong>Urbe</strong></span> <span class='ocrx_word' id='word_1_111' title='bbox 1778 1464 2055 1525; x_wconf 80' lang='lat' dir='ltr'><strong>exerceat,</strong></span> 
     </span>
    </p>
   </div>
   <div class='ocr_carea' id='block_1_17' title="bbox 396 1526 2055 1599">
    <p class='ocr_par' dir='ltr' id='par_1_17' title="bbox 396 1526 2055 1599">
     <span class='ocr_line' id='line_1_18' title="bbox 396 1526 2055 1599; baseline -0.002 -16"><span class='ocrx_word' id='word_1_112' title='bbox 396 1529 631 1599; x_wconf 87' lang='lat' dir='ltr'><strong>sibique</strong></span> <span class='ocrx_word' id='word_1_113' title='bbox 652 1529 915 1593; x_wconf 81' lang='lat' dir='ltr'><strong>praesenti</strong></span> <span class='ocrx_word' id='word_1_114' title='bbox 935 1528 1273 1599; x_wconf 76' lang='lat' dir='ltr'><strong>opituletur,</strong></span> <span class='ocrx_word' id='word_1_115' title='bbox 1296 1534 1359 1582; x_wconf 90' lang='lat' dir='ltr'><strong>ut</strong></span> <span class='ocrx_word' id='word_1_116' title='bbox 1379 1526 1529 1581; x_wconf 82' lang='lat' dir='ltr'><strong>infra</strong></span> <span class='ocrx_word' id='word_1_117' title='bbox 1552 1528 1805 1582; x_wconf 85' lang='lat' dir='ltr'><strong>dicimus</strong></span> <span class='ocrx_word' id='word_1_118' title='bbox 1823 1542 1973 1582; x_wconf 91' lang='lat' dir='ltr'><strong>num.</strong></span> <span class='ocrx_word' id='word_1_119' title='bbox 2002 1526 2055 1581; x_wconf 73' lang='grc'><strong>2.</strong></span> 
     </span>
    </p>
   </div>
   <div class='ocr_carea' id='block_1_18' title="bbox 395 1597 2054 1667">
    <p class='ocr_par' dir='ltr' id='par_1_18' title="bbox 395 1597 2054 1667">
     <span class='ocr_line' id='line_1_19' title="bbox 395 1597 2054 1667; baseline -0.003 -12"><span class='ocrx_word' id='word_1_120' title='bbox 395 1597 561 1655; x_wconf 78' lang='lat' dir='ltr'><strong>Circa</strong></span> <span class='ocrx_word' id='word_1_121' title='bbox 598 1601 748 1655; x_wconf 87' lang='lat' dir='ltr'><strong>hunc</strong></span> <span class='ocrx_word' id='word_1_122' title='bbox 781 1612 995 1653; x_wconf 91' lang='lat' dir='ltr'><strong>annum</strong></span> <span class='ocrx_word' id='word_1_123' title='bbox 1043 1597 1262 1653; x_wconf 53' lang='lat' dir='ltr'><strong>56am:-</strong></span> <span class='ocrx_word' id='word_1_124' title='bbox 1314 1600 1639 1653; x_wconf 85' lang='lat' dir='ltr'><strong>communis</strong></span> <span class='ocrx_word' id='word_1_125' title='bbox 1687 1600 2054 1667; x_wconf 57' lang='lat' dir='ltr'><strong>Christianas,</strong></span> 
     </span>
    </p>
   </div>
   <div class='ocr_carea' id='block_1_19' title="bbox 396 1671 2053 1740">
    <p class='ocr_par' dir='ltr' id='par_1_19' title="bbox 396 1671 2053 1740">
     <span class='ocr_line' id='line_1_20' title="bbox 396 1671 2053 1740; baseline -0.001 -15"><span class='ocrx_word' id='word_1_126' title='bbox 396 1672 483 1727; x_wconf 90' lang='lat' dir='ltr'><strong>vel</strong></span> <span class='ocrx_word' id='word_1_127' title='bbox 519 1672 690 1740; x_wconf 86' lang='lat' dir='ltr'><strong>paulo</strong></span> <span class='ocrx_word' id='word_1_128' title='bbox 716 1677 848 1724; x_wconf 82' lang='lat' dir='ltr'><strong>ante</strong></span> <span class='ocrx_word' id='word_1_129' title='bbox 872 1671 1111 1739; x_wconf 85' lang='lat' dir='ltr'><strong>scripsit</strong></span> <span class='ocrx_word' id='word_1_130' title='bbox 1132 1672 1189 1723; x_wconf 94' lang='lat' dir='ltr'><strong>B.</strong></span> <span class='ocrx_word' id='word_1_131' title='bbox 1216 1672 1416 1725; x_wconf 81' lang='lat' dir='ltr'><strong>Petrus</strong></span> <span class='ocrx_word' id='word_1_132' title='bbox 1441 1671 1683 1739; x_wconf 89' lang='lat' dir='ltr'><strong>primam</strong></span> <span class='ocrx_word' id='word_1_133' title='bbox 1712 1671 2053 1739; x_wconf 76' lang='lat' dir='ltr'><strong>Epistulam;</strong></span> 
     </span>
    </p>
   </div>
   <div class='ocr_carea' id='block_1_20' title="bbox 397 1741 2058 1813">
    <p class='ocr_par' dir='ltr' id='par_1_20' title="bbox 397 1741 2058 1813">
     <span class='ocr_line' id='line_1_21' title="bbox 397 1741 2058 1813; baseline -0.002 -16"><span class='ocrx_word' id='word_1_134' title='bbox 397 1756 569 1813; x_wconf 90' lang='lat' dir='ltr'><strong>quam</strong></span> <span class='ocrx_word' id='word_1_135' title='bbox 603 1742 1038 1813; x_wconf 88' lang='lat' dir='ltr'><strong>constatdatam</strong></span> <span class='ocrx_word' id='word_1_136' title='bbox 1070 1751 1367 1810; x_wconf 88' lang='lat' dir='ltr'><strong>postquam</strong></span> <span class='ocrx_word' id='word_1_137' title='bbox 1420 1741 1702 1810; x_wconf 87' lang='lat' dir='ltr'><strong>discipuli</strong></span> <span class='ocrx_word' id='word_1_138' title='bbox 1755 1744 2058 1796; x_wconf 73' lang='lat' dir='ltr'><strong>Christiani</strong></span> 
     </span>
    </p>
   </div>
   <div class='ocr_carea' id='block_1_21' title="bbox 395 1812 2057 1882">
    <p class='ocr_par' dir='ltr' id='par_1_21' title="bbox 395 1812 2057 1882">
     <span class='ocr_line' id='line_1_22' title="bbox 395 1812 2057 1882; baseline -0.001 -14"><span class='ocrx_word' id='word_1_139' title='bbox 395 1815 645 1880; x_wconf 81' lang='lat' dir='ltr'><strong>fuerant,</strong></span> <span class='ocrx_word' id='word_1_140' title='bbox 690 1821 747 1868; x_wconf 91' lang='lat' dir='ltr'><strong>et</strong></span> <span class='ocrx_word' id='word_1_141' title='bbox 798 1812 1149 1882; x_wconf 86' lang='lat' dir='ltr'><strong>senioribus,</strong></span> <span class='ocrx_word' id='word_1_142' title='bbox 1198 1828 1297 1868; x_wconf 89' lang='lat' dir='ltr'><strong>seu</strong></span> <span class='ocrx_word' id='word_1_143' title='bbox 1344 1813 1693 1882; x_wconf 74' lang='lat' dir='ltr'><strong>presbyteris</strong></span> <span class='ocrx_word' id='word_1_144' title='bbox 1742 1820 1944 1873; x_wconf 65' lang='lat' dir='ltr'><strong>auctae.</strong></span> <span class='ocrx_word' id='word_1_145' title='bbox 2002 1821 2057 1867; x_wconf 88' lang='lat' dir='ltr'><strong>et</strong></span> 
     </span>
    </p>
   </div>
   <div class='ocr_carea' id='block_1_22' title="bbox 2248 546 3827 605">
    <p class='ocr_par' dir='ltr' id='par_1_22' title="bbox 2248 546 3827 605">
     <span class='ocr_line' id='line_1_23' title="bbox 2248 546 3827 605; baseline 0.003 -6"><span class='ocrx_word' id='word_1_146' title='bbox 2248 546 2313 599; x_wconf 63' lang='lat'><strong>49</strong></span> <span class='ocrx_word' id='word_1_147' title='bbox 2351 564 2418 600; x_wconf 71' lang='lat' dir='ltr'><strong>ea:</strong></span> <span class='ocrx_word' id='word_1_148' title='bbox 2447 548 2533 599; x_wconf 77' lang='lat' dir='ltr'><strong>die</strong></span> <span class='ocrx_word' id='word_1_149' title='bbox 2573 560 2637 600; x_wconf 89' lang='grc' dir='ltr'><strong>ιιι</strong></span> <span class='ocrx_word' id='word_1_150' title='bbox 2687 548 2817 601; x_wconf 78' lang='lat' dir='ltr'><strong>Idus</strong></span> <span class='ocrx_word' id='word_1_151' title='bbox 2849 546 3113 600; x_wconf 69' lang='lat' dir='ltr'><strong>Octobris.</strong></span> <span class='ocrx_word' id='word_1_152' title='bbox 3154 546 3210 600; x_wconf 91' lang='lat' dir='ltr'><strong>S.</strong></span> <span class='ocrx_word' id='word_1_153' title='bbox 3244 549 3390 601; x_wconf 79' lang='lat' dir='ltr'><strong>Petri</strong></span> <span class='ocrx_word' id='word_1_154' title='bbox 3420 563 3619 604; x_wconf 82' lang='lat' dir='ltr'><strong>xxxvu</strong></span> <span class='ocrx_word' id='word_1_155' title='bbox 3649 558 3699 605; x_wconf 86' lang='lat' dir='ltr'><strong>et</strong></span> <span class='ocrx_word' id='word_1_156' title='bbox 3721 555 3827 605; x_wconf 72' lang='lat' dir='ltr'><strong>mi-</strong></span> 
     </span>
    </p>
   </div>
   <div class='ocr_carea' id='block_1_23' title="bbox 2242 619 3822 685">
    <p class='ocr_par' dir='ltr' id='par_1_23' title="bbox 2242 619 3822 685">
     <span class='ocr_line' id='line_1_24' title="bbox 2242 619 3822 685; baseline 0.004 -15"><span class='ocrx_word' id='word_1_157' title='bbox 2242 621 2377 670; x_wconf 82' lang='lat' dir='ltr'><strong>tium</strong></span> <span class='ocrx_word' id='word_1_158' title='bbox 2423 631 2665 683; x_wconf 82' lang='lat' dir='ltr'><strong>xxxvut,</strong></span> <span class='ocrx_word' id='word_1_159' title='bbox 2711 622 2761 670; x_wconf 85' lang='lat' dir='ltr'><strong>et</strong></span> <span class='ocrx_word' id='word_1_160' title='bbox 2798 621 2857 669; x_wconf 84' lang='lat' dir='ltr'><strong>in</strong></span> <span class='ocrx_word' id='word_1_161' title='bbox 2896 619 3141 671; x_wconf 64' lang='lat' dir='ltr'><strong>Romam;</strong></span> <span class='ocrx_word' id='word_1_162' title='bbox 3189 620 3312 673; x_wconf 80' lang='lat' dir='ltr'><strong>sede</strong></span> <span class='ocrx_word' id='word_1_163' title='bbox 3341 634 3477 685; x_wconf 89' lang='lat' dir='ltr'><strong>xxv,</strong></span> <span class='ocrx_word' id='word_1_164' title='bbox 3523 638 3732 676; x_wconf 81' lang='lat' dir='ltr'><strong>menses</strong></span> <span class='ocrx_word' id='word_1_165' title='bbox 3775 622 3822 684; x_wconf 67' lang='grc' dir='ltr'><strong>ει,</strong></span> 
     </span>
    </p>
   </div>
   <div class='ocr_carea' id='block_1_24' title="bbox 2243 686 3183 757">
    <p class='ocr_par' dir='ltr' id='par_1_24' title="bbox 2243 686 3183 757">
     <span class='ocr_line' id='line_1_25' title="bbox 2243 686 3183 757; baseline 0.001 -16"><span class='ocrx_word' id='word_1_166' title='bbox 2243 690 2357 742; x_wconf 78' lang='lat' dir='ltr'><strong>dies</strong></span> <span class='ocrx_word' id='word_1_167' title='bbox 2384 686 2439 756; x_wconf 88' lang='grc'><strong>7,</strong></span> <span class='ocrx_word' id='word_1_168' title='bbox 2482 706 2547 742; x_wconf 76' lang='lat' dir='ltr'><strong>ea:</strong></span> <span class='ocrx_word' id='word_1_169' title='bbox 2574 688 2636 744; x_wconf 73' lang='lat'><strong>‘21</strong></span> <span class='ocrx_word' id='word_1_170' title='bbox 2673 691 2888 757; x_wconf 78' lang='lat' dir='ltr'><strong>Aprilis</strong></span> <span class='ocrx_word' id='word_1_171' title='bbox 2918 706 3051 743; x_wconf 86' lang='lat' dir='ltr'><strong>ann.</strong></span> <span class='ocrx_word' id='word_1_172' title='bbox 3095 688 3183 744; x_wconf 89' lang='grc'><strong>40.</strong></span> 
     </span>
    </p>
   </div>
   <div class='ocr_carea' id='block_1_25' title="bbox 2244 797 3827 868">
    <p class='ocr_par' dir='ltr' id='par_1_25' title="bbox 2244 797 3827 868">
     <span class='ocr_line' id='line_1_26' title="bbox 2244 797 3827 868; baseline 0.003 -16"><span class='ocrx_word' id='word_1_173' title='bbox 2244 799 2579 868; x_wconf 81' lang='lat' dir='ltr'><strong>Martyrium</strong></span> <span class='ocrx_word' id='word_1_174' title='bbox 2612 797 2702 868; x_wconf 69' lang='lat' dir='ltr'><strong>SS.</strong></span> <span class='ocrx_word' id='word_1_175' title='bbox 2737 797 3143 866; x_wconf 82' lang='lat' dir='ltr'><strong>Apostolorum</strong></span> <span class='ocrx_word' id='word_1_176' title='bbox 3180 799 3331 853; x_wconf 90' lang='lat' dir='ltr'><strong>Petri</strong></span> <span class='ocrx_word' id='word_1_177' title='bbox 3366 806 3421 855; x_wconf 89' lang='lat' dir='ltr'><strong>et</strong></span> <span class='ocrx_word' id='word_1_178' title='bbox 3447 801 3607 856; x_wconf 89' lang='lat' dir='ltr'><strong>Pauli</strong></span> <span class='ocrx_word' id='word_1_179' title='bbox 3640 803 3734 857; x_wconf 90' lang='lat' dir='ltr'><strong>die</strong></span> <span class='ocrx_word' id='word_1_180' title='bbox 3762 801 3827 857; x_wconf 72' lang='lat'><strong>‘29</strong></span> 
     </span>
    </p>
   </div>
   <div class='ocr_carea' id='block_1_26' title="bbox 2172 866 3821 941">
    <p class='ocr_par' dir='ltr' id='par_1_26' title="bbox 2172 866 3821 941">
     <span class='ocr_line' id='line_1_27' title="bbox 2172 866 3821 941; baseline 0.004 -21"><span class='ocrx_word' id='word_1_181' title='bbox 2172 870 2353 937; x_wconf 73' lang='lat' dir='ltr'><strong>Jttl‘il,</strong></span> <span class='ocrx_word' id='word_1_182' title='bbox 2395 866 2571 923; x_wconf 79' lang='lat' dir='ltr'><strong>annis</strong></span> <span class='ocrx_word' id='word_1_183' title='bbox 2603 866 2671 923; x_wconf 85' lang='lat'><strong>37</strong></span> <span class='ocrx_word' id='word_1_184' title='bbox 2720 868 3007 941; x_wconf 85' lang='lat' dir='ltr'><strong>absolutis</strong></span> <span class='ocrx_word' id='word_1_185' title='bbox 3046 884 3075 923; x_wconf 91' lang='lat' dir='ltr'><strong>a</strong></span> <span class='ocrx_word' id='word_1_186' title='bbox 3132 871 3400 926; x_wconf 85' lang='lat' dir='ltr'><strong>Passione</strong></span> <span class='ocrx_word' id='word_1_187' title='bbox 3449 873 3703 927; x_wconf 78' lang='lat' dir='ltr'><strong>Domini.</strong></span> <span class='ocrx_word' id='word_1_188' title='bbox 3751 876 3821 941; x_wconf 84' lang='lat' dir='ltr'><strong>(S.</strong></span> 
     </span>
    </p>
   </div>
   <div class='ocr_carea' id='block_1_27' title="bbox 2173 940 3826 1009">
    <p class='ocr_par' dir='ltr' id='par_1_27' title="bbox 2173 940 3826 1009">
     <span class='ocr_line' id='line_1_28' title="bbox 2173 940 3826 1009; baseline 0.004 -16"><span class='ocrx_word' id='word_1_189' title='bbox 2173 941 2553 1009; x_wconf 83' lang='lat' dir='ltr'><strong>liieronymus</strong></span> <span class='ocrx_word' id='word_1_190' title='bbox 2584 941 2640 994; x_wconf 94' lang='lat' dir='ltr'><strong>in</strong></span> <span class='ocrx_word' id='word_1_191' title='bbox 2669 940 2876 1009; x_wconf 89' lang='lat' dir='ltr'><strong>Petro.)</strong></span> <span class='ocrx_word' id='word_1_192' title='bbox 2920 941 3256 1009; x_wconf 87' lang='lat' dir='ltr'><strong>Epiphanus</strong></span> <span class='ocrx_word' id='word_1_193' title='bbox 3289 943 3486 997; x_wconf 88' lang='lat' dir='ltr'><strong>retulit</strong></span> <span class='ocrx_word' id='word_1_194' title='bbox 3515 946 3581 997; x_wconf 88' lang='lat' dir='ltr'><strong>ad</strong></span> <span class='ocrx_word' id='word_1_195' title='bbox 3616 940 3826 1000; x_wconf 90' lang='lat' dir='ltr'><strong>annum</strong></span> 
     </span>
    </p>
   </div>
   <div class='ocr_carea' id='block_1_28' title="bbox 2174 1012 3830 1075">
    <p class='ocr_par' dir='ltr' id='par_1_28' title="bbox 2174 1012 3830 1075">
     <span class='ocr_line' id='line_1_29' title="bbox 2174 1012 3830 1075; baseline 0 -10"><span class='ocrx_word' id='word_1_196' title='bbox 2174 1013 2417 1066; x_wconf 81' lang='lat' dir='ltr'><strong>Neronis</strong></span> <span class='ocrx_word' id='word_1_197' title='bbox 2450 1027 2551 1066; x_wconf 85' lang='grc' dir='ltr'><strong>χιι.</strong></span> <span class='ocrx_word' id='word_1_198' title='bbox 2586 1012 2726 1066; x_wconf 75' lang='lat' dir='ltr'><strong>Vide</strong></span> <span class='ocrx_word' id='word_1_199' title='bbox 2753 1012 2955 1065; x_wconf 87' lang='lat' dir='ltr'><strong>Baron.</strong></span> <span class='ocrx_word' id='word_1_200' title='bbox 2985 1013 3051 1066; x_wconf 93' lang='lat' dir='ltr'><strong>ad</strong></span> <span class='ocrx_word' id='word_1_201' title='bbox 3088 1026 3220 1066; x_wconf 89' lang='lat' dir='ltr'><strong>ann.</strong></span> <span class='ocrx_word' id='word_1_202' title='bbox 3278 1012 3371 1075; x_wconf 81' lang='grc'><strong>69,</strong></span> <span class='ocrx_word' id='word_1_203' title='bbox 3406 1029 3564 1069; x_wconf 92' lang='lat' dir='ltr'><strong>num.</strong></span> <span class='ocrx_word' id='word_1_204' title='bbox 3593 1012 3648 1068; x_wconf 70' lang='lat'><strong>2.</strong></span> <span class='ocrx_word' id='word_1_205' title='bbox 3682 1017 3830 1071; x_wconf 86' lang='lat' dir='ltr'><strong>Suc—</strong></span> 
     </span>
    </p>
   </div>
   <div class='ocr_carea' id='block_1_29' title="bbox 2172 1084 3827 1142">
    <p class='ocr_par' dir='ltr' id='par_1_29' title="bbox 2172 1084 3827 1142">
     <span class='ocr_line' id='line_1_30' title="bbox 2172 1084 3827 1142; baseline 0.004 -6"><span class='ocrx_word' id='word_1_206' title='bbox 2172 1084 2326 1137; x_wconf 88' lang='lat' dir='ltr'><strong>cedit</strong></span> <span class='ocrx_word' id='word_1_207' title='bbox 2355 1085 2409 1137; x_wconf 92' lang='lat' dir='ltr'><strong>in</strong></span> <span class='ocrx_word' id='word_1_208' title='bbox 2448 1085 2694 1138; x_wconf 74' lang='lat' dir='ltr'><strong>Romana</strong></span> <span class='ocrx_word' id='word_1_209' title='bbox 2726 1084 2857 1137; x_wconf 88' lang='lat' dir='ltr'><strong>sede</strong></span> <span class='ocrx_word' id='word_1_210' title='bbox 2887 1090 2943 1137; x_wconf 90' lang='lat' dir='ltr'><strong>et</strong></span> <span class='ocrx_word' id='word_1_211' title='bbox 2974 1084 3290 1138; x_wconf 85' lang='lat' dir='ltr'><strong>universali</strong></span> <span class='ocrx_word' id='word_1_212' title='bbox 3336 1086 3517 1141; x_wconf 89' lang='lat' dir='ltr'><strong>totius</strong></span> <span class='ocrx_word' id='word_1_213' title='bbox 3560 1087 3827 1142; x_wconf 78' lang='lat' dir='ltr'><strong>Ecclesiae</strong></span> 
     </span>
    </p>
   </div>
   <div class='ocr_carea' id='block_1_30' title="bbox 2170 1155 3218 1224">
    <p class='ocr_par' dir='ltr' id='par_1_30' title="bbox 2170 1155 3218 1224">
     <span class='ocr_line' id='line_1_31' title="bbox 2170 1155 3218 1224; baseline 0 -15"><span class='ocrx_word' id='word_1_214' title='bbox 2170 1156 2225 1209; x_wconf 86' lang='lat' dir='ltr'><strong>S.</strong></span> <span class='ocrx_word' id='word_1_215' title='bbox 2270 1156 2467 1219; x_wconf 88' lang='lat' dir='ltr'><strong>Linus,</strong></span> <span class='ocrx_word' id='word_1_216' title='bbox 2500 1155 2571 1209; x_wconf 91' lang='lat' dir='ltr'><strong>de</strong></span> <span class='ocrx_word' id='word_1_217' title='bbox 2596 1167 2709 1224; x_wconf 88' lang='lat' dir='ltr'><strong>quo</strong></span> <span class='ocrx_word' id='word_1_218' title='bbox 2742 1168 2901 1209; x_wconf 92' lang='lat' dir='ltr'><strong>num.</strong></span> <span class='ocrx_word' id='word_1_219' title='bbox 2932 1156 3218 1224; x_wconf 78' lang='lat' dir='ltr'><strong>sequenti.</strong></span> 
     </span>
    </p>
   </div>
   <div class='ocr_carea' id='block_1_31' title="bbox 2822 1297 3143 1351">
    <p class='ocr_par' dir='ltr' id='par_1_31' title="bbox 2822 1297 3143 1351">
     <span class='ocr_line' id='line_1_32' title="bbox 2822 1297 3143 1351; baseline -0.003 0"><span class='ocrx_word' id='word_1_220' title='bbox 2822 1297 3143 1351; x_wconf 81' lang='lat' dir='ltr'><strong>ClACONll.</strong></span> 
     </span>
    </p>
   </div>
   <div class='ocr_carea' id='block_1_32' title="bbox 2244 1401 3829 1477">
    <p class='ocr_par' dir='ltr' id='par_1_32' title="bbox 2244 1401 3829 1477">
     <span class='ocr_line' id='line_1_33' title="bbox 2244 1401 3829 1477; baseline 0.002 -18"><span class='ocrx_word' id='word_1_221' title='bbox 2244 1407 2415 1460; x_wconf 80' lang='lat' dir='ltr'><strong>Linea</strong></span> <span class='ocrx_word' id='word_1_222' title='bbox 2474 1401 2523 1457; x_wconf 98' lang='grc'><strong>4.</strong></span> <span class='ocrx_word' id='word_1_223' title='bbox 2584 1433 2657 1443; x_wconf 91' lang='lat'>-</span> <span class='ocrx_word' id='word_1_224' title='bbox 2705 1405 2903 1457; x_wconf 84' lang='lat' dir='ltr'><strong>Beatus</strong></span> <span class='ocrx_word' id='word_1_225' title='bbox 2952 1406 3145 1477; x_wconf 74' lang='lat' dir='ltr'><strong>Petrus</strong></span> <span class='ocrx_word' id='word_1_226' title='bbox 3190 1407 3488 1474; x_wconf 80' lang='lat' dir='ltr'><strong>apostolus.</strong></span> <span class='ocrx_word' id='word_1_227' title='bbox 3558 1414 3609 1461; x_wconf 82' lang='lat' dir='ltr'><strong>et</strong></span> <span class='ocrx_word' id='word_1_228' title='bbox 3662 1412 3829 1477; x_wconf 76' lang='lat' dir='ltr'><strong>prin-</strong></span> 
     </span>
    </p>
   </div>
   <div class='ocr_carea' id='block_1_33' title="bbox 2173 1476 3829 1548">
    <p class='ocr_par' dir='ltr' id='par_1_33' title="bbox 2173 1476 3829 1548">
     <span class='ocr_line' id='line_1_34' title="bbox 2173 1476 3829 1548; baseline 0.001 -15"><span class='ocrx_word' id='word_1_229' title='bbox 2173 1494 2293 1548; x_wconf 84' lang='lat' dir='ltr'><strong>ceps</strong></span> <span class='ocrx_word' id='word_1_230' title='bbox 2368 1477 2751 1544; x_wconf 76' lang='lat' dir='ltr'><strong>apostolorum.</strong></span> <span class='ocrx_word' id='word_1_231' title='bbox 2834 1478 2878 1529; x_wconf 86' lang='lat' dir='ltr'><strong>A</strong></span> <span class='ocrx_word' id='word_1_232' title='bbox 2953 1476 3183 1531; x_wconf 81' lang='lat' dir='ltr'><strong>Christo</strong></span> <span class='ocrx_word' id='word_1_233' title='bbox 3259 1480 3483 1545; x_wconf 71' lang='lat' dir='ltr'><strong>Cephtts,</strong></span> <span class='ocrx_word' id='word_1_234' title='bbox 3561 1476 3675 1533; x_wconf 14' lang='lat' dir='ltr'><strong>seu,</strong></span> <span class='ocrx_word' id='word_1_235' title='bbox 3730 1483 3829 1534; x_wconf 78' lang='lat' dir='ltr'><strong>Pr-</strong></span> 
     </span>
    </p>
   </div>
   <div class='ocr_carea' id='block_1_34' title="bbox 2171 1548 3831 1616">
    <p class='ocr_par' dir='ltr' id='par_1_34' title="bbox 2171 1548 3831 1616">
     <span class='ocr_line' id='line_1_35' title="bbox 2171 1548 3831 1616; baseline 0.001 -12"><span class='ocrx_word' id='word_1_236' title='bbox 2171 1558 2287 1604; x_wconf 86' lang='lat' dir='ltr'><strong>trus</strong></span> <span class='ocrx_word' id='word_1_237' title='bbox 2336 1556 2597 1613; x_wconf 82' lang='lat' dir='ltr'><strong>vocatus,</strong></span> <span class='ocrx_word' id='word_1_238' title='bbox 2653 1561 2763 1601; x_wconf 84' lang='lat' dir='ltr'><strong>non</strong></span> <span class='ocrx_word' id='word_1_239' title='bbox 2825 1548 2973 1616; x_wconf 91' lang='lat' dir='ltr'><strong>quod</strong></span> <span class='ocrx_word' id='word_1_240' title='bbox 3025 1548 3185 1602; x_wconf 88' lang='lat' dir='ltr'><strong>aliud</strong></span> <span class='ocrx_word' id='word_1_241' title='bbox 3244 1551 3470 1616; x_wconf 77' lang='lat' dir='ltr'><strong>Cephos,</strong></span> <span class='ocrx_word' id='word_1_242' title='bbox 3521 1550 3682 1606; x_wconf 90' lang='lat' dir='ltr'><strong>aliud</strong></span> <span class='ocrx_word' id='word_1_243' title='bbox 3743 1554 3831 1606; x_wconf 92' lang='lat' dir='ltr'><strong>si-</strong></span> 
     </span>
    </p>
   </div>
   <div class='ocr_carea' id='block_1_35' title="bbox 2172 1618 3831 1692">
    <p class='ocr_par' dir='ltr' id='par_1_35' title="bbox 2172 1618 3831 1692">
     <span class='ocr_line' id='line_1_36' title="bbox 2172 1618 3831 1692; baseline 0.001 -16"><span class='ocrx_word' id='word_1_244' title='bbox 2172 1622 2405 1692; x_wconf 74' lang='lat' dir='ltr'><strong>gniﬁcet</strong></span> <span class='ocrx_word' id='word_1_245' title='bbox 2434 1623 2646 1680; x_wconf 83' lang='lat' dir='ltr'><strong>Petrus,</strong></span> <span class='ocrx_word' id='word_1_246' title='bbox 2691 1618 2955 1692; x_wconf 75' lang='lat' dir='ltr'><strong>sedquod</strong></span> <span class='ocrx_word' id='word_1_247' title='bbox 2991 1633 3160 1692; x_wconf 80' lang='lat' dir='ltr'><strong>quam</strong></span> <span class='ocrx_word' id='word_1_248' title='bbox 3196 1634 3299 1674; x_wconf 90' lang='lat' dir='ltr'><strong>nos</strong></span> <span class='ocrx_word' id='word_1_249' title='bbox 3331 1624 3527 1675; x_wconf 88' lang='lat' dir='ltr'><strong>Latine</strong></span> <span class='ocrx_word' id='word_1_250' title='bbox 3550 1631 3608 1675; x_wconf 87' lang='lat' dir='ltr'><strong>et</strong></span> <span class='ocrx_word' id='word_1_251' title='bbox 3638 1624 3831 1679; x_wconf 79' lang='lat' dir='ltr'><strong>Graece</strong></span> 
     </span>
    </p>
   </div>
   <div class='ocr_carea' id='block_1_36' title="bbox 2162 1690 3833 1763">
    <p class='ocr_par' dir='ltr' id='par_1_36' title="bbox 2162 1690 3833 1763">
     <span class='ocr_line' id='line_1_37' title="bbox 2162 1690 3833 1763; baseline 0.005 -23"><span class='ocrx_word' id='word_1_252' title='bbox 2162 1690 2376 1763; x_wconf 65' lang='lat' dir='ltr'><strong>petram</strong></span> <span class='ocrx_word' id='word_1_253' title='bbox 2411 1705 2708 1763; x_wconf 71' lang='lat' dir='ltr'><strong>vocamus,</strong></span> <span class='ocrx_word' id='word_1_254' title='bbox 2737 1690 2879 1742; x_wconf 86' lang='lat' dir='ltr'><strong>hanc</strong></span> <span class='ocrx_word' id='word_1_255' title='bbox 2910 1690 3126 1743; x_wconf 79' lang='lat' dir='ltr'><strong>Hebraei</strong></span> <span class='ocrx_word' id='word_1_256' title='bbox 3177 1697 3233 1744; x_wconf 87' lang='lat' dir='ltr'><strong>et</strong></span> <span class='ocrx_word' id='word_1_257' title='bbox 3261 1694 3387 1760; x_wconf 82' lang='lat' dir='ltr'><strong>Syri</strong></span> <span class='ocrx_word' id='word_1_258' title='bbox 3437 1702 3669 1761; x_wconf 87' lang='lat' dir='ltr'><strong>propter</strong></span> <span class='ocrx_word' id='word_1_259' title='bbox 3709 1696 3833 1749; x_wconf 89' lang='lat' dir='ltr'><strong>lin-</strong></span> 
     </span>
    </p>
   </div>
   <div class='ocr_carea' id='block_1_37' title="bbox 2169 1761 3834 1834">
    <p class='ocr_par' dir='ltr' id='par_1_37' title="bbox 2169 1761 3834 1834">
     <span class='ocr_line' id='line_1_38' title="bbox 2169 1761 3834 1834; baseline 0 -15"><span class='ocrx_word' id='word_1_260' title='bbox 2169 1761 2293 1834; x_wconf 69' lang='lat' dir='ltr'><strong>guae</strong></span> <span class='ocrx_word' id='word_1_261' title='bbox 2322 1765 2473 1817; x_wconf 91' lang='lat' dir='ltr'><strong>inter</strong></span> <span class='ocrx_word' id='word_1_262' title='bbox 2500 1776 2558 1815; x_wconf 87' lang='lat' dir='ltr'><strong>se</strong></span> <span class='ocrx_word' id='word_1_263' title='bbox 2603 1761 2871 1834; x_wconf 77' lang='lat' dir='ltr'><strong>vicinam,</strong></span> <span class='ocrx_word' id='word_1_264' title='bbox 2932 1764 3164 1834; x_wconf 45' lang='lat' dir='ltr'><strong>(dep/tam</strong></span> <span class='ocrx_word' id='word_1_265' title='bbox 3198 1770 3551 1829; x_wconf 86' lang='lat' dir='ltr'><strong>nuncupent.</strong></span> <span class='ocrx_word' id='word_1_266' title='bbox 3587 1771 3652 1818; x_wconf 92' lang='lat' dir='ltr'><strong>ut</strong></span> <span class='ocrx_word' id='word_1_267' title='bbox 3692 1767 3834 1819; x_wconf 86' lang='lat' dir='ltr'><strong>Hie-</strong></span> 
     </span>
    </p>
   </div>
   <div class='ocr_carea' id='block_1_38' title="bbox 2172 1831 3834 1905">
    <p class='ocr_par' dir='ltr' id='par_1_38' title="bbox 2172 1831 3834 1905">
     <span class='ocr_line' id='line_1_39' title="bbox 2172 1831 3834 1905; baseline 0.002 -16"><span class='ocrx_word' id='word_1_268' title='bbox 2172 1831 2444 1903; x_wconf 73' lang='lat' dir='ltr'><strong>ronymus</strong></span> <span class='ocrx_word' id='word_1_269' title='bbox 2476 1840 2721 1887; x_wconf 89' lang='lat' dir='ltr'><strong>testatur</strong></span> <span class='ocrx_word' id='word_1_270' title='bbox 2754 1831 2855 1897; x_wconf 91' lang='lat' dir='ltr'><strong>lib,</strong></span> <span class='ocrx_word' id='word_1_271' title='bbox 2894 1857 2917 1905; x_wconf 74' lang='lat' dir='ltr'><strong>t_</strong></span> <span class='ocrx_word' id='word_1_272' title='bbox 2940 1833 2995 1885; x_wconf 92' lang='lat' dir='ltr'><strong>in</strong></span> <span class='ocrx_word' id='word_1_273' title='bbox 3041 1847 3077 1887; x_wconf 92' lang='grc' dir='ltr'><strong>ιι</strong></span> <span class='ocrx_word' id='word_1_274' title='bbox 3111 1848 3162 1887; x_wconf 90' lang='lat' dir='ltr'><strong>c.</strong></span> <span class='ocrx_word' id='word_1_275' title='bbox 3199 1835 3265 1887; x_wconf 88' lang='lat' dir='ltr'><strong>ad</strong></span> <span class='ocrx_word' id='word_1_276' title='bbox 3300 1835 3486 1889; x_wconf 86' lang='lat' dir='ltr'><strong>Galat.</strong></span> <span class='ocrx_word' id='word_1_277' title='bbox 3530 1836 3834 1905; x_wconf 84' lang='lat' dir='ltr'><strong>Signiﬁcat</strong></span> 
     </span>
    </p>
   </div>
   <div class='ocr_carea' id='block_1_39' title="bbox 397 1874 3835 1974">
    <p class='ocr_par' dir='ltr' id='par_1_39' title="bbox 397 1874 3835 1974">
     <span class='ocr_line' id='line_1_40' title="bbox 397 1874 3835 1974; baseline 0 -13"><span class='ocrx_word' id='word_1_278' title='bbox 397 1885 1414 1974; x_wconf 26' lang='lat' dir='ltr'><strong>3mg_99§axeej§[931i8,3911195311</strong></span> <span class='ocrx_word' id='word_1_279' title='bbox 1455 1885 1641 1974; x_wconf 27' lang='lat' dir='ltr'><strong>Messi,</strong></span> <span class='ocrx_word' id='word_1_280' title='bbox 1659 1885 2057 1974; x_wconf 54' lang='grc' dir='ltr'><strong>,εγέξιιξςέίξεεε</strong></span> <span class='ocrx_word' id='word_1_281' title='bbox 2091 1874 2140 1932; x_wconf 77' lang='grc' dir='ltr'>Β</span> <span class='ocrx_word' id='word_1_282' title='bbox 2168 1874 2618 1972; x_wconf 60' lang='grc' dir='ltr'><strong>ἐιῖίίέιὲἵέἒιὶῑτὶῖἔ</strong></span> <span class='ocrx_word' id='word_1_283' title='bbox 2630 1874 2766 1958; x_wconf 66' lang='grc' dir='ltr'><strong>Ἶὶὸιὶ</strong></span> <span class='ocrx_word' id='word_1_284' title='bbox 2781 1874 3835 1974; x_wconf 56' lang='grc' dir='ltr'><strong>ἰῖιέειίέτὶιέίιιῖἀυΐιὲἵὲἕῖἡ,ἒ’ἕά’ὲέ“ι’ἑ“ὶ</strong></span> 
     </span>
    </p>
   </div>
   <div class='ocr_carea' id='block_1_40' title="bbox 398 1955 2058 2026">
    <p class='ocr_par' dir='ltr' id='par_1_40' title="bbox 398 1955 2058 2026">
     <span class='ocr_line' id='line_1_41' title="bbox 398 1955 2058 2026; baseline -0.002 -15"><span class='ocrx_word' id='word_1_285' title='bbox 398 1957 673 2026; x_wconf 88' lang='lat' dir='ltr'><strong>martyrio</strong></span> <span class='ocrx_word' id='word_1_286' title='bbox 702 1955 1045 2025; x_wconf 81' lang='lat' dir='ltr'><strong>insignitum</strong></span> <span class='ocrx_word' id='word_1_287' title='bbox 1075 1998 1088 2019; x_wconf 91' lang='lat'><strong>,</strong></span> <span class='ocrx_word' id='word_1_288' title='bbox 1118 1970 1247 2011; x_wconf 91' lang='lat' dir='ltr'><strong>cum</strong></span> <span class='ocrx_word' id='word_1_289' title='bbox 1293 1959 1419 2023; x_wconf 84' lang='lat' dir='ltr'><strong>ejus</strong></span> <span class='ocrx_word' id='word_1_290' title='bbox 1452 1957 1683 2010; x_wconf 85' lang='lat' dir='ltr'><strong>nomine</strong></span> <span class='ocrx_word' id='word_1_291' title='bbox 1728 1957 1927 2010; x_wconf 86' lang='lat' dir='ltr'><strong>Petrus</strong></span> <span class='ocrx_word' id='word_1_292' title='bbox 1959 1970 2058 2009; x_wconf 89' lang='lat' dir='ltr'><strong>sa-</strong></span> 
     </span>
    </p>
   </div>
   <div class='ocr_carea' id='block_1_41' title="bbox 389 2027 2052 2096">
    <p class='ocr_par' dir='ltr' id='par_1_41' title="bbox 389 2027 2052 2096">
     <span class='ocr_line' id='line_1_42' title="bbox 389 2027 2052 2096; baseline -0.002 -13"><span class='ocrx_word' id='word_1_293' title='bbox 389 2027 533 2083; x_wconf 90' lang='lat' dir='ltr'><strong>lulet</strong></span> <span class='ocrx_word' id='word_1_294' title='bbox 566 2028 822 2082; x_wconf 90' lang='lat' dir='ltr'><strong>ﬁdelium</strong></span> <span class='ocrx_word' id='word_1_295' title='bbox 854 2027 1159 2095; x_wconf 88' lang='lat' dir='ltr'><strong>Ecclesias,</strong></span> <span class='ocrx_word' id='word_1_296' title='bbox 1179 2028 1247 2082; x_wconf 87' lang='lat' dir='ltr'><strong>ad</strong></span> <span class='ocrx_word' id='word_1_297' title='bbox 1269 2041 1411 2096; x_wconf 88' lang='lat' dir='ltr'><strong>quas</strong></span> <span class='ocrx_word' id='word_1_298' title='bbox 1472 2027 1801 2095; x_wconf 87' lang='lat' dir='ltr'><strong>perscribit.</strong></span> <span class='ocrx_word' id='word_1_299' title='bbox 1832 2029 1965 2082; x_wconf 90' lang='lat' dir='ltr'><strong>Inde</strong></span> <span class='ocrx_word' id='word_1_300' title='bbox 1986 2028 2052 2080; x_wconf 88' lang='lat' dir='ltr'><strong>ad</strong></span> 
     </span>
    </p>
   </div>
   <div class='ocr_carea' id='block_1_42' title="bbox 391 2097 2055 2165">
    <p class='ocr_par' dir='ltr' id='par_1_42' title="bbox 391 2097 2055 2165">
     <span class='ocr_line' id='line_1_43' title="bbox 391 2097 2055 2165; baseline -0.001 -12"><span class='ocrx_word' id='word_1_301' title='bbox 391 2112 607 2153; x_wconf 75' lang='lat' dir='ltr'><strong>annum</strong></span> <span class='ocrx_word' id='word_1_302' title='bbox 662 2097 734 2154; x_wconf 80' lang='grc'><strong>65</strong></span> <span class='ocrx_word' id='word_1_303' title='bbox 790 2112 915 2152; x_wconf 67' lang='lat' dir='ltr'><strong>aurae</strong></span> <span class='ocrx_word' id='word_1_304' title='bbox 968 2099 1291 2154; x_wconf 90' lang='lat' dir='ltr'><strong>communis</strong></span> <span class='ocrx_word' id='word_1_305' title='bbox 1337 2098 1683 2152; x_wconf 79' lang='lat' dir='ltr'><strong>ChriStianac</strong></span> <span class='ocrx_word' id='word_1_306' title='bbox 1737 2100 1942 2165; x_wconf 87' lang='lat' dir='ltr'><strong>partim</strong></span> <span class='ocrx_word' id='word_1_307' title='bbox 1995 2098 2055 2152; x_wconf 92' lang='lat' dir='ltr'><strong>in</strong></span> 
     </span>
    </p>
   </div>
   <div class='ocr_carea' id='block_1_43' title="bbox 387 2169 2058 2239">
    <p class='ocr_par' dir='ltr' id='par_1_43' title="bbox 387 2169 2058 2239">
     <span class='ocr_line' id='line_1_44' title="bbox 387 2169 2058 2239; baseline -0.001 -15"><span class='ocrx_word' id='word_1_308' title='bbox 387 2169 555 2237; x_wconf 89' lang='lat' dir='ltr'><strong>Urbe,</strong></span> <span class='ocrx_word' id='word_1_309' title='bbox 590 2172 795 2238; x_wconf 87' lang='lat' dir='ltr'><strong>partim</strong></span> <span class='ocrx_word' id='word_1_310' title='bbox 821 2184 919 2239; x_wconf 89' lang='lat' dir='ltr'><strong>per</strong></span> <span class='ocrx_word' id='word_1_311' title='bbox 950 2172 1280 2237; x_wconf 85' lang='lat' dir='ltr'><strong>provincias</strong></span> <span class='ocrx_word' id='word_1_312' title='bbox 1306 2170 1637 2224; x_wconf 83' lang='lat' dir='ltr'><strong>Occidentis</strong></span> <span class='ocrx_word' id='word_1_313' title='bbox 1668 2177 1930 2223; x_wconf 88' lang='lat' dir='ltr'><strong>versatus</strong></span> <span class='ocrx_word' id='word_1_314' title='bbox 1960 2187 1975 2235; x_wconf 73' lang='grc' dir='ltr'>ς</span> <span class='ocrx_word' id='word_1_315' title='bbox 2003 2182 2058 2222; x_wconf 76' lang='lat' dir='ltr'><strong>et</strong></span> 
     </span>
    </p>
   </div>
   <div class='ocr_carea' id='block_1_44' title="bbox 386 2240 2062 2311">
    <p class='ocr_par' dir='ltr' id='par_1_44' title="bbox 386 2240 2062 2311">
     <span class='ocr_line' id='line_1_45' title="bbox 386 2240 2062 2311; baseline -0.001 -16"><span class='ocrx_word' id='word_1_316' title='bbox 386 2248 705 2311; x_wconf 87' lang='lat' dir='ltr'><strong>occupatus</strong></span> <span class='ocrx_word' id='word_1_317' title='bbox 733 2241 1160 2309; x_wconf 88' lang='lat' dir='ltr'><strong>ampliﬁcandis</strong></span> <span class='ocrx_word' id='word_1_318' title='bbox 1206 2240 1474 2295; x_wconf 76' lang='lat' dir='ltr'><strong>Ecclesiae</strong></span> <span class='ocrx_word' id='word_1_319' title='bbox 1502 2240 1737 2311; x_wconf 87' lang='lat' dir='ltr'><strong>ﬁnibus,</strong></span> <span class='ocrx_word' id='word_1_320' title='bbox 1772 2254 1868 2295; x_wconf 84' lang='lat' dir='ltr'><strong>eas</strong></span> <span class='ocrx_word' id='word_1_321' title='bbox 1906 2254 2062 2309; x_wconf 73' lang='lat' dir='ltr'><strong>pra:-</strong></span> 
     </span>
    </p>
   </div>
   <div class='ocr_carea' id='block_1_45' title="bbox 385 2310 2057 2382">
    <p class='ocr_par' dir='ltr' id='par_1_45' title="bbox 385 2310 2057 2382">
     <span class='ocr_line' id='line_1_46' title="bbox 385 2310 2057 2382; baseline -0.001 -16"><span class='ocrx_word' id='word_1_322' title='bbox 385 2313 557 2382; x_wconf 90' lang='lat' dir='ltr'><strong>cipue</strong></span> <span class='ocrx_word' id='word_1_323' title='bbox 587 2314 748 2368; x_wconf 89' lang='lat' dir='ltr'><strong>sedes</strong></span> <span class='ocrx_word' id='word_1_324' title='bbox 777 2313 1068 2381; x_wconf 89' lang='lat' dir='ltr'><strong>episcopis</strong></span> <span class='ocrx_word' id='word_1_325' title='bbox 1101 2313 1348 2382; x_wconf 85' lang='lat' dir='ltr'><strong>ornavit,</strong></span> <span class='ocrx_word' id='word_1_326' title='bbox 1371 2326 1515 2382; x_wconf 89' lang='lat' dir='ltr'><strong>quas</strong></span> <span class='ocrx_word' id='word_1_327' title='bbox 1542 2310 1693 2366; x_wconf 91' lang='lat' dir='ltr'><strong>infra</strong></span> <span class='ocrx_word' id='word_1_328' title='bbox 1721 2317 2057 2366; x_wconf 84' lang='lat' dir='ltr'><strong>enumerant</strong></span> 
     </span>
    </p>
   </div>
   <div class='ocr_carea' id='block_1_46' title="bbox 392 2384 1194 2440">
    <p class='ocr_par' dir='ltr' id='par_1_46' title="bbox 392 2384 1194 2440">
     <span class='ocr_line' id='line_1_47' title="bbox 392 2384 1194 2440; baseline -0.002 -2"><span class='ocrx_word' id='word_1_329' title='bbox 392 2393 543 2439; x_wconf 80' lang='lat' dir='ltr'><strong>notae</strong></span> <span class='ocrx_word' id='word_1_330' title='bbox 569 2386 790 2440; x_wconf 88' lang='lat' dir='ltr'><strong>Somier</strong></span> <span class='ocrx_word' id='word_1_331' title='bbox 819 2384 972 2439; x_wconf 89' lang='lat' dir='ltr'><strong>circa</strong></span> <span class='ocrx_word' id='word_1_332' title='bbox 1005 2385 1194 2439; x_wconf 90' lang='lat' dir='ltr'><strong>ﬁnem.</strong></span> 
     </span>
    </p>
   </div>
   <div class='ocr_carea' id='block_1_47' title="bbox 385 2506 2055 2571">
    <p class='ocr_par' dir='ltr' id='par_1_47' title="bbox 385 2506 2055 2571">
     <span class='ocr_line' id='line_1_48' title="bbox 385 2506 2055 2571; baseline -0.002 -8"><span class='ocrx_word' id='word_1_333' title='bbox 385 2510 552 2563; x_wconf 85' lang='lat' dir='ltr'><strong>Anno</strong></span> <span class='ocrx_word' id='word_1_334' title='bbox 599 2506 687 2564; x_wconf 76' lang='grc'><strong>58.</strong></span> <span class='ocrx_word' id='word_1_335' title='bbox 741 2540 810 2548; x_wconf 95' lang='grc'><strong>-</strong></span> <span class='ocrx_word' id='word_1_336' title='bbox 855 2513 1061 2565; x_wconf 73' lang='lat' dir='ltr'><strong>Nerone</strong></span> <span class='ocrx_word' id='word_1_337' title='bbox 1107 2510 1181 2563; x_wconf 82' lang='lat' dir='ltr'><strong>IlI</strong></span> <span class='ocrx_word' id='word_1_338' title='bbox 1237 2514 1287 2562; x_wconf 83' lang='lat' dir='ltr'><strong>et</strong></span> <span class='ocrx_word' id='word_1_339' title='bbox 1336 2509 1572 2561; x_wconf 70' lang='lat' dir='ltr'><strong>Mess/ila</strong></span> <span class='ocrx_word' id='word_1_340' title='bbox 1632 2523 1791 2571; x_wconf 76' lang='lat' dir='ltr'><strong>coss;</strong></span> <span class='ocrx_word' id='word_1_341' title='bbox 1840 2508 1896 2560; x_wconf 92' lang='lat' dir='ltr'><strong>S.</strong></span> <span class='ocrx_word' id='word_1_342' title='bbox 1944 2508 2055 2560; x_wconf 84' lang='lat' dir='ltr'><strong>Pe-</strong></span> 
     </span>
    </p>
   </div>
   <div class='ocr_carea' id='block_1_48' title="bbox 492 2579 1966 2642">
    <p class='ocr_par' dir='ltr' id='par_1_48' title="bbox 492 2579 1966 2642">
     <span class='ocr_line' id='line_1_49' title="bbox 492 2579 1966 2642; baseline -0.003 -8"><span class='ocrx_word' id='word_1_343' title='bbox 492 2583 692 2634; x_wconf 80' lang='lat' dir='ltr'><strong>trixxx</strong></span> <span class='ocrx_word' id='word_1_344' title='bbox 719 2587 956 2642; x_wconf 79' lang='lat' dir='ltr'><strong>ctxxx1,</strong></span> <span class='ocrx_word' id='word_1_345' title='bbox 1007 2587 1055 2633; x_wconf 82' lang='lat' dir='ltr'><strong>et</strong></span> <span class='ocrx_word' id='word_1_346' title='bbox 1085 2582 1343 2634; x_wconf 72' lang='lat' dir='ltr'><strong>Romanae</strong></span> <span class='ocrx_word' id='word_1_347' title='bbox 1381 2580 1537 2631; x_wconf 78' lang='lat' dir='ltr'><strong>Sedis</strong></span> <span class='ocrx_word' id='word_1_348' title='bbox 1568 2592 1712 2632; x_wconf 78' lang='lat' dir='ltr'><strong>xvui</strong></span> <span class='ocrx_word' id='word_1_349' title='bbox 1747 2584 1795 2631; x_wconf 81' lang='lat' dir='ltr'><strong>et</strong></span> <span class='ocrx_word' id='word_1_350' title='bbox 1843 2579 1966 2631; x_wconf 85' lang='lat' dir='ltr'><strong>xix.</strong></span> 
     </span>
    </p>
   </div>
   <div class='ocr_carea' id='block_1_49' title="bbox 454 2684 2043 2754">
    <p class='ocr_par' dir='ltr' id='par_1_49' title="bbox 454 2684 2043 2754">
     <span class='ocr_line' id='line_1_50' title="bbox 454 2684 2043 2754; baseline -0.001 -17"><span class='ocrx_word' id='word_1_351' title='bbox 454 2684 627 2740; x_wconf 84' lang='lat' dir='ltr'><strong>Felici</strong></span> <span class='ocrx_word' id='word_1_352' title='bbox 663 2687 923 2742; x_wconf 87' lang='lat' dir='ltr'><strong>succedit</strong></span> <span class='ocrx_word' id='word_1_353' title='bbox 944 2688 1145 2741; x_wconf 85' lang='lat' dir='ltr'><strong>Festus</strong></span> <span class='ocrx_word' id='word_1_354' title='bbox 1176 2687 1232 2739; x_wconf 92' lang='lat' dir='ltr'><strong>in</strong></span> <span class='ocrx_word' id='word_1_355' title='bbox 1265 2686 1457 2739; x_wconf 72' lang='lat' dir='ltr'><strong>Judzea</strong></span> <span class='ocrx_word' id='word_1_356' title='bbox 1490 2685 1867 2753; x_wconf 86' lang='lat' dir='ltr'><strong>procuranda.</strong></span> <span class='ocrx_word' id='word_1_357' title='bbox 1901 2685 2043 2754; x_wconf 78' lang='lat' dir='ltr'><strong>(Act.</strong></span> 
     </span>
    </p>
   </div>
   <div class='ocr_carea' id='block_1_50' title="bbox 388 2754 2049 2896">
    <p class='ocr_par' dir='ltr' id='par_1_50' title="bbox 388 2754 2049 2896">
     <span class='ocr_line' id='line_1_51' title="bbox 388 2754 2049 2896; baseline -0.001 -15"><span class='ocrx_word' id='word_1_358' title='bbox 388 2770 543 2881; x_wconf 38' lang='lat' dir='ltr'><strong>ngf,</strong></span> <span class='ocrx_word' id='word_1_359' title='bbox 574 2754 789 2882; x_wconf 55' lang='lat' dir='ltr'><strong>Ig’Ziilus</strong></span> <span class='ocrx_word' id='word_1_360' title='bbox 838 2828 1114 2882; x_wconf 74' lang='lat' dir='ltr'><strong>Caesarem</strong></span> <span class='ocrx_word' id='word_1_361' title='bbox 1164 2825 1463 2896; x_wconf 89' lang='lat' dir='ltr'><strong>appellans</strong></span> <span class='ocrx_word' id='word_1_362' title='bbox 1506 2828 1736 2880; x_wconf 81' lang='lat' dir='ltr'><strong>Romam</strong></span> <span class='ocrx_word' id='word_1_363' title='bbox 1791 2826 2049 2880; x_wconf 88' lang='lat' dir='ltr'><strong>mittitur</strong></span> 
     </span>
    </p>
   </div>
   <div class='ocr_carea' id='block_1_51' title="bbox 383 2898 2042 2969">
    <p class='ocr_par' dir='ltr' id='par_1_51' title="bbox 383 2898 2042 2969">
     <span class='ocr_line' id='line_1_52' title="bbox 383 2898 2042 2969; baseline 0 -18"><span class='ocrx_word' id='word_1_364' title='bbox 383 2898 525 2967; x_wconf 82' lang='lat' dir='ltr'><strong>(Act.</strong></span> <span class='ocrx_word' id='word_1_365' title='bbox 564 2898 743 2969; x_wconf 80' lang='lat' dir='ltr'><strong>xxvii)</strong></span> <span class='ocrx_word' id='word_1_366' title='bbox 785 2912 937 2953; x_wconf 90' lang='lat' dir='ltr'><strong>anno</strong></span> <span class='ocrx_word' id='word_1_367' title='bbox 989 2899 1234 2954; x_wconf 86' lang='lat' dir='ltr'><strong>Neronis</strong></span> <span class='ocrx_word' id='word_1_368' title='bbox 1281 2905 1488 2967; x_wconf 86' lang='lat' dir='ltr'><strong>quarto</strong></span> <span class='ocrx_word' id='word_1_369' title='bbox 1518 2898 1588 2967; x_wconf 83' lang='lat' dir='ltr'><strong>(S.</strong></span> <span class='ocrx_word' id='word_1_370' title='bbox 1643 2899 2042 2967; x_wconf 80' lang='lat' dir='ltr'><strong>Hieronymus,</strong></span> 
     </span>
    </p>
   </div>
   <div class='ocr_carea' id='block_1_52' title="bbox 380 2969 1194 3041">
    <p class='ocr_par' dir='ltr' id='par_1_52' title="bbox 380 2969 1194 3041">
     <span class='ocr_line' id='line_1_53' title="bbox 380 2969 1194 3041; baseline 0.001 -20"><span class='ocrx_word' id='word_1_371' title='bbox 380 2969 447 3022; x_wconf 82' lang='lat' dir='ltr'><strong>de</strong></span> <span class='ocrx_word' id='word_1_372' title='bbox 484 2970 689 3039; x_wconf 85' lang='lat' dir='ltr'><strong>Script.</strong></span> <span class='ocrx_word' id='word_1_373' title='bbox 723 2972 892 3033; x_wconf 88' lang='lat' dir='ltr'><strong>Eccl.,</strong></span> <span class='ocrx_word' id='word_1_374' title='bbox 921 2972 979 3023; x_wconf 82' lang='lat' dir='ltr'><strong>in</strong></span> <span class='ocrx_word' id='word_1_375' title='bbox 1010 2970 1194 3041; x_wconf 87' lang='lat' dir='ltr'><strong>Luca).</strong></span> 
     </span>
    </p>
   </div>
   <div class='ocr_carea' id='block_1_53' title="bbox 377 3075 2046 3143">
    <p class='ocr_par' dir='ltr' id='par_1_53' title="bbox 377 3075 2046 3143">
     <span class='ocr_line' id='line_1_54' title="bbox 377 3075 2046 3143; baseline -0.001 -12"><span class='ocrx_word' id='word_1_376' title='bbox 377 3078 542 3131; x_wconf 77' lang='lat' dir='ltr'><strong>Anno</strong></span> <span class='ocrx_word' id='word_1_377' title='bbox 581 3075 667 3133; x_wconf 89' lang='lat'><strong>60.</strong></span> <span class='ocrx_word' id='word_1_378' title='bbox 721 3108 788 3116; x_wconf 87' lang='lat'><strong><em>—</em></strong></span> <span class='ocrx_word' id='word_1_379' title='bbox 852 3080 1061 3133; x_wconf 77' lang='lat' dir='ltr'><strong>Nerone</strong></span> <span class='ocrx_word' id='word_1_380' title='bbox 1110 3079 1178 3131; x_wconf 88' lang='lat' dir='ltr'><strong>IV</strong></span> <span class='ocrx_word' id='word_1_381' title='bbox 1230 3083 1279 3131; x_wconf 85' lang='lat' dir='ltr'><strong>et</strong></span> <span class='ocrx_word' id='word_1_382' title='bbox 1331 3079 1533 3130; x_wconf 84' lang='lat' dir='ltr'><strong>lentulo</strong></span> <span class='ocrx_word' id='word_1_383' title='bbox 1582 3094 1741 3143; x_wconf 83' lang='lat' dir='ltr'><strong>coss.;</strong></span> <span class='ocrx_word' id='word_1_384' title='bbox 1789 3080 1845 3132; x_wconf 93' lang='lat' dir='ltr'><strong>S.</strong></span> <span class='ocrx_word' id='word_1_385' title='bbox 1900 3079 2046 3132; x_wconf 83' lang='lat' dir='ltr'><strong>Petri</strong></span> 
     </span>
    </p>
   </div>
   <div class='ocr_carea' id='block_1_54' title="bbox 517 3152 1899 3217">
    <p class='ocr_par' dir='ltr' id='par_1_54' title="bbox 517 3152 1899 3217">
     <span class='ocr_line' id='line_1_55' title="bbox 517 3152 1899 3217; baseline -0.001 -14"><span class='ocrx_word' id='word_1_386' title='bbox 517 3154 751 3203; x_wconf 83' lang='lat' dir='ltr'><strong>xxxuct</strong></span> <span class='ocrx_word' id='word_1_387' title='bbox 787 3164 995 3217; x_wconf 77' lang='grc' dir='ltr'><strong>χχχιιι,</strong></span> <span class='ocrx_word' id='word_1_388' title='bbox 1027 3157 1078 3203; x_wconf 85' lang='lat' dir='ltr'><strong>et</strong></span> <span class='ocrx_word' id='word_1_389' title='bbox 1104 3154 1362 3205; x_wconf 75' lang='lat' dir='ltr'><strong>Romana:</strong></span> <span class='ocrx_word' id='word_1_390' title='bbox 1406 3152 1550 3203; x_wconf 84' lang='lat' dir='ltr'><strong>sedis</strong></span> <span class='ocrx_word' id='word_1_391' title='bbox 1590 3165 1664 3204; x_wconf 90' lang='lat' dir='ltr'><strong>xx</strong></span> <span class='ocrx_word' id='word_1_392' title='bbox 1704 3156 1755 3204; x_wconf 89' lang='lat' dir='ltr'><strong>et</strong></span> <span class='ocrx_word' id='word_1_393' title='bbox 1779 3164 1899 3204; x_wconf 88' lang='grc' dir='ltr'><strong>χχι.</strong></span> 
     </span>
    </p>
   </div>
   <div class='ocr_carea' id='block_1_55' title="bbox 2168 1976 3835 2045">
    <p class='ocr_par' dir='ltr' id='par_1_55' title="bbox 2168 1976 3835 2045">
     <span class='ocr_line' id='line_1_56' title="bbox 2168 1976 3835 2045; baseline 0.001 -13"><span class='ocrx_word' id='word_1_394' title='bbox 2168 1979 2493 2037; x_wconf 86' lang='lat' dir='ltr'><strong>dissimam,</strong></span> <span class='ocrx_word' id='word_1_395' title='bbox 2526 1984 2587 2029; x_wconf 90' lang='lat' dir='ltr'><strong>ut</strong></span> <span class='ocrx_word' id='word_1_396' title='bbox 2611 1988 2830 2043; x_wconf 84' lang='lat' dir='ltr'><strong>rupem.</strong></span> <span class='ocrx_word' id='word_1_397' title='bbox 2866 1982 2967 2028; x_wconf 90' lang='lat' dir='ltr'><strong>aut</strong></span> <span class='ocrx_word' id='word_1_398' title='bbox 2997 1983 3242 2041; x_wconf 87' lang='lat' dir='ltr'><strong>cantem,</strong></span> <span class='ocrx_word' id='word_1_399' title='bbox 3274 1992 3400 2045; x_wconf 80' lang='lat' dir='ltr'><strong>quae</strong></span> <span class='ocrx_word' id='word_1_400' title='bbox 3435 1976 3835 2034; x_wconf 86' lang='lat' dir='ltr'><strong>fundamentis</strong></span> 
     </span>
    </p>
   </div>
   <div class='ocr_carea' id='block_1_56' title="bbox 2169 2046 3833 2117">
    <p class='ocr_par' dir='ltr' id='par_1_56' title="bbox 2169 2046 3833 2117">
     <span class='ocr_line' id='line_1_57' title="bbox 2169 2046 3833 2117; baseline 0.001 -14"><span class='ocrx_word' id='word_1_401' title='bbox 2169 2049 2427 2117; x_wconf 86' lang='lat' dir='ltr'><strong>subjecta</strong></span> <span class='ocrx_word' id='word_1_402' title='bbox 2467 2046 2756 2100; x_wconf 80' lang='lat' dir='ltr'><strong>soletesse</strong></span> <span class='ocrx_word' id='word_1_403' title='bbox 2783 2046 3133 2101; x_wconf 86' lang='lat' dir='ltr'><strong>ﬁrmissima.</strong></span> <span class='ocrx_word' id='word_1_404' title='bbox 3172 2049 3365 2115; x_wconf 80' lang='lat' dir='ltr'><strong>Neque</strong></span> <span class='ocrx_word' id='word_1_405' title='bbox 3396 2047 3467 2101; x_wconf 93' lang='lat' dir='ltr'><strong>ob</strong></span> <span class='ocrx_word' id='word_1_406' title='bbox 3494 2048 3833 2104; x_wconf 78' lang='lat' dir='ltr'><strong>afﬁnitatem</strong></span> 
     </span>
    </p>
   </div>
   <div class='ocr_carea' id='block_1_57' title="bbox 2169 2118 3837 2190">
    <p class='ocr_par' dir='ltr' id='par_1_57' title="bbox 2169 2118 3837 2190">
     <span class='ocr_line' id='line_1_58' title="bbox 2169 2118 3837 2190; baseline 0.001 -17"><span class='ocrx_word' id='word_1_407' title='bbox 2169 2135 2336 2187; x_wconf 89' lang='lat' dir='ltr'><strong>quam</strong></span> <span class='ocrx_word' id='word_1_408' title='bbox 2376 2118 2696 2173; x_wconf 88' lang='lat' dir='ltr'><strong>habetcum</strong></span> <span class='ocrx_word' id='word_1_409' title='bbox 2725 2118 3081 2190; x_wconf 81' lang='lat' dir='ltr'><strong>Graccavoce</strong></span> <span class='ocrx_word' id='word_1_410' title='bbox 3122 2119 3361 2190; x_wconf 61' lang='grc' dir='ltr'><strong>Κεςιαλὶς,</strong></span> <span class='ocrx_word' id='word_1_411' title='bbox 3396 2122 3837 2190; x_wconf 77' lang='lat' dir='ltr'><strong>caputsigniﬁ-</strong></span> 
     </span>
    </p>
   </div>
   <div class='ocr_carea' id='block_1_58' title="bbox 2166 2188 3831 2260">
    <p class='ocr_par' dir='ltr' id='par_1_58' title="bbox 2166 2188 3831 2260">
     <span class='ocr_line' id='line_1_59' title="bbox 2166 2188 3831 2260; baseline 0.001 -15"><span class='ocrx_word' id='word_1_412' title='bbox 2166 2198 2280 2260; x_wconf 70' lang='lat' dir='ltr'><strong>cat,</strong></span> <span class='ocrx_word' id='word_1_413' title='bbox 2313 2197 2373 2244; x_wconf 88' lang='lat' dir='ltr'><strong>ut</strong></span> <span class='ocrx_word' id='word_1_414' title='bbox 2404 2189 2646 2243; x_wconf 89' lang='lat' dir='ltr'><strong>[sidoris</strong></span> <span class='ocrx_word' id='word_1_415' title='bbox 2686 2190 2870 2243; x_wconf 88' lang='lat' dir='ltr'><strong>sensit</strong></span> <span class='ocrx_word' id='word_1_416' title='bbox 2909 2189 3067 2255; x_wconf 72' lang='lat' dir='ltr'><strong>Orig.</strong></span> <span class='ocrx_word' id='word_1_417' title='bbox 3104 2204 3207 2248; x_wconf 86' lang='lat' dir='ltr'><strong>vit.</strong></span> <span class='ocrx_word' id='word_1_418' title='bbox 3247 2205 3295 2244; x_wconf 92' lang='lat' dir='ltr'><strong>c.</strong></span> <span class='ocrx_word' id='word_1_419' title='bbox 3340 2188 3392 2243; x_wconf 90' lang='lat'><strong>9.</strong></span> <span class='ocrx_word' id='word_1_420' title='bbox 3439 2191 3611 2246; x_wconf 93' lang='lat' dir='ltr'><strong>Aliud</strong></span> <span class='ocrx_word' id='word_1_421' title='bbox 3657 2188 3831 2247; x_wconf 51' lang='lat' dir='ltr'><strong>&#39;enim</strong></span> 
     </span>
    </p>
   </div>
   <div class='ocr_carea' id='block_1_59' title="bbox 2165 2260 3832 2332">
    <p class='ocr_par' dir='ltr' id='par_1_59' title="bbox 2165 2260 3832 2332">
     <span class='ocr_line' id='line_1_60' title="bbox 2165 2260 3832 2332; baseline 0.001 -16"><span class='ocrx_word' id='word_1_422' title='bbox 2165 2271 2253 2317; x_wconf 89' lang='lat' dir='ltr'><strong>est</strong></span> <span class='ocrx_word' id='word_1_423' title='bbox 2279 2263 2499 2329; x_wconf 89' lang='lat' dir='ltr'><strong>Cephas</strong></span> <span class='ocrx_word' id='word_1_424' title='bbox 2515 2261 2697 2315; x_wconf 88' lang='lat' dir='ltr'><strong>dictio</strong></span> <span class='ocrx_word' id='word_1_425' title='bbox 2718 2260 2969 2329; x_wconf 88' lang='lat' dir='ltr'><strong>Syriaca,</strong></span> <span class='ocrx_word' id='word_1_426' title='bbox 2994 2260 3153 2316; x_wconf 86' lang='lat' dir='ltr'><strong>aliud</strong></span> <span class='ocrx_word' id='word_1_427' title='bbox 3186 2262 3424 2329; x_wconf 63' lang='grc' dir='ltr'><strong>Κεφαλὶς,</strong></span> <span class='ocrx_word' id='word_1_428' title='bbox 3449 2262 3503 2315; x_wconf 92' lang='lat' dir='ltr'><strong>id</strong></span> <span class='ocrx_word' id='word_1_429' title='bbox 3533 2269 3619 2316; x_wconf 90' lang='lat' dir='ltr'><strong>est</strong></span> <span class='ocrx_word' id='word_1_430' title='bbox 3640 2272 3832 2332; x_wconf 80' lang='lat' dir='ltr'><strong>caput.</strong></span> 
     </span>
    </p>
   </div>
   <div class='ocr_carea' id='block_1_60' title="bbox 2165 2332 3833 2402">
    <p class='ocr_par' dir='ltr' id='par_1_60' title="bbox 2165 2332 3833 2402">
     <span class='ocr_line' id='line_1_61' title="bbox 2165 2332 3833 2402; baseline 0.001 -14"><span class='ocrx_word' id='word_1_431' title='bbox 2165 2334 2300 2388; x_wconf 87' lang='lat' dir='ltr'><strong>Fuit</strong></span> <span class='ocrx_word' id='word_1_432' title='bbox 2322 2343 2507 2387; x_wconf 88' lang='lat' dir='ltr'><strong>autem</strong></span> <span class='ocrx_word' id='word_1_433' title='bbox 2555 2332 2659 2386; x_wconf 84' lang='lat' dir='ltr'><strong>hoc</strong></span> <span class='ocrx_word' id='word_1_434' title='bbox 2687 2345 2889 2385; x_wconf 84' lang='lat' dir='ltr'><strong>nomen</strong></span> <span class='ocrx_word' id='word_1_435' title='bbox 2923 2333 3140 2385; x_wconf 76' lang='lat' dir='ltr'><strong>Simoni</strong></span> <span class='ocrx_word' id='word_1_436' title='bbox 3169 2350 3195 2385; x_wconf 72' lang='grc' dir='ltr'><strong>ει</strong></span> <span class='ocrx_word' id='word_1_437' title='bbox 3229 2334 3460 2386; x_wconf 84' lang='lat' dir='ltr'><strong>Christo</strong></span> <span class='ocrx_word' id='word_1_438' title='bbox 3490 2333 3833 2402; x_wconf 88' lang='lat' dir='ltr'><strong>impositum</strong></span> 
     </span>
    </p>
   </div>
   <div class='ocr_carea' id='block_1_61' title="bbox 2169 2404 3833 2471">
    <p class='ocr_par' dir='ltr' id='par_1_61' title="bbox 2169 2404 3833 2471">
     <span class='ocr_line' id='line_1_62' title="bbox 2169 2404 3833 2471; baseline 0.002 -13"><span class='ocrx_word' id='word_1_439' title='bbox 2169 2419 2279 2459; x_wconf 93' lang='lat' dir='ltr'><strong>non</strong></span> <span class='ocrx_word' id='word_1_440' title='bbox 2310 2406 2457 2458; x_wconf 87' lang='lat' dir='ltr'><strong>citra</strong></span> <span class='ocrx_word' id='word_1_441' title='bbox 2502 2417 2768 2470; x_wconf 67' lang='lat' dir='ltr'><strong>magnum</strong></span> <span class='ocrx_word' id='word_1_442' title='bbox 2804 2404 3158 2471; x_wconf 79' lang='lat' dir='ltr'><strong>mysterium,</strong></span> <span class='ocrx_word' id='word_1_443' title='bbox 3213 2410 3268 2457; x_wconf 89' lang='lat' dir='ltr'><strong>et</strong></span> <span class='ocrx_word' id='word_1_444' title='bbox 3312 2404 3602 2471; x_wconf 83' lang='lat' dir='ltr'><strong>judicium</strong></span> <span class='ocrx_word' id='word_1_445' title='bbox 3635 2420 3833 2461; x_wconf 89' lang='lat' dir='ltr'><strong>rerum</strong></span> 
     </span>
    </p>
   </div>
   <div class='ocr_carea' id='block_1_62' title="bbox 2165 2474 3835 2543">
    <p class='ocr_par' dir='ltr' id='par_1_62' title="bbox 2165 2474 3835 2543">
     <span class='ocr_line' id='line_1_63' title="bbox 2165 2474 3835 2543; baseline 0.002 -15"><span class='ocrx_word' id='word_1_446' title='bbox 2165 2476 2491 2529; x_wconf 82' lang='lat' dir='ltr'><strong>clarissime</strong></span> <span class='ocrx_word' id='word_1_447' title='bbox 2518 2474 2894 2543; x_wconf 76' lang='lat' dir='ltr'><strong>gerendarum</strong></span> <span class='ocrx_word' id='word_1_448' title='bbox 2929 2490 2943 2540; x_wconf 81' lang='grc'>;</span> <span class='ocrx_word' id='word_1_449' title='bbox 2993 2474 3147 2527; x_wconf 87' lang='lat' dir='ltr'><strong>sicut</strong></span> <span class='ocrx_word' id='word_1_450' title='bbox 3180 2474 3236 2527; x_wconf 91' lang='lat' dir='ltr'><strong>in</strong></span> <span class='ocrx_word' id='word_1_451' title='bbox 3268 2475 3475 2529; x_wconf 81' lang='lat' dir='ltr'><strong>Jacobo</strong></span> <span class='ocrx_word' id='word_1_452' title='bbox 3508 2487 3561 2528; x_wconf 83' lang='lat' dir='ltr'><strong>et</strong></span> <span class='ocrx_word' id='word_1_453' title='bbox 3587 2477 3835 2542; x_wconf 72' lang='lat' dir='ltr'><strong>Joanne:</strong></span> 
     </span>
    </p>
   </div>
   <div class='ocr_carea' id='block_1_63' title="bbox 2163 2543 3836 2611">
    <p class='ocr_par' dir='ltr' id='par_1_63' title="bbox 2163 2543 3836 2611">
     <span class='ocr_line' id='line_1_64' title="bbox 2163 2543 3836 2611; baseline -0.001 -12"><span class='ocrx_word' id='word_1_454' title='bbox 2163 2546 2412 2599; x_wconf 82' lang='lat' dir='ltr'><strong>Zebedaei</strong></span> <span class='ocrx_word' id='word_1_455' title='bbox 2448 2545 2607 2597; x_wconf 88' lang='lat' dir='ltr'><strong>ﬁliis.</strong></span> <span class='ocrx_word' id='word_1_456' title='bbox 2642 2543 2876 2603; x_wconf 85' lang='lat' dir='ltr'><strong>accidit,</strong></span> <span class='ocrx_word' id='word_1_457' title='bbox 2928 2544 3024 2611; x_wconf 90' lang='lat' dir='ltr'><strong>qui</strong></span> <span class='ocrx_word' id='word_1_458' title='bbox 3077 2545 3402 2608; x_wconf 76' lang='lat' dir='ltr'><strong>Bouncrges,</strong></span> <span class='ocrx_word' id='word_1_459' title='bbox 3438 2546 3545 2598; x_wconf 89' lang='lat' dir='ltr'><strong>hoc</strong></span> <span class='ocrx_word' id='word_1_460' title='bbox 3594 2558 3683 2600; x_wconf 91' lang='lat' dir='ltr'><strong>est</strong></span> <span class='ocrx_word' id='word_1_461' title='bbox 3719 2551 3836 2601; x_wconf 86' lang='lat' dir='ltr'><strong>To—</strong></span> 
     </span>
    </p>
   </div>
   <div class='ocr_carea' id='block_1_64' title="bbox 2163 2614 3835 2683">
    <p class='ocr_par' dir='ltr' id='par_1_64' title="bbox 2163 2614 3835 2683">
     <span class='ocr_line' id='line_1_65' title="bbox 2163 2614 3835 2683; baseline 0.003 -14"><span class='ocrx_word' id='word_1_462' title='bbox 2163 2618 2340 2669; x_wconf 80' lang='lat' dir='ltr'><strong>nitrui.</strong></span> <span class='ocrx_word' id='word_1_463' title='bbox 2387 2616 2510 2683; x_wconf 80' lang='lat' dir='ltr'><strong>ﬁlii,</strong></span> <span class='ocrx_word' id='word_1_464' title='bbox 2562 2614 2812 2681; x_wconf 76' lang='lat' dir='ltr'><strong>fulgura,</strong></span> <span class='ocrx_word' id='word_1_465' title='bbox 2864 2615 3098 2681; x_wconf 90' lang='lat' dir='ltr'><strong>inquam</strong></span> <span class='ocrx_word' id='word_1_466' title='bbox 3149 2614 3220 2667; x_wconf 90' lang='lat' dir='ltr'><strong>ab</strong></span> <span class='ocrx_word' id='word_1_467' title='bbox 3285 2614 3477 2667; x_wconf 89' lang='lat' dir='ltr'><strong>eodem</strong></span> <span class='ocrx_word' id='word_1_468' title='bbox 3531 2616 3835 2673; x_wconf 81' lang='lat' dir='ltr'><strong>Salvatore</strong></span> 
     </span>
    </p>
   </div>
   <div class='ocr_carea' id='block_1_65' title="bbox 2165 2684 3833 2753">
    <p class='ocr_par' dir='ltr' id='par_1_65' title="bbox 2165 2684 3833 2753">
     <span class='ocr_line' id='line_1_66' title="bbox 2165 2684 3833 2753; baseline 0.002 -12"><span class='ocrx_word' id='word_1_469' title='bbox 2165 2686 2469 2748; x_wconf 89' lang='lat' dir='ltr'><strong>nominati,</strong></span> <span class='ocrx_word' id='word_1_470' title='bbox 2521 2686 2670 2753; x_wconf 91' lang='lat' dir='ltr'><strong>quod</strong></span> <span class='ocrx_word' id='word_1_471' title='bbox 2712 2685 2858 2737; x_wconf 90' lang='lat' dir='ltr'><strong>alter</strong></span> <span class='ocrx_word' id='word_1_472' title='bbox 2902 2685 3223 2753; x_wconf 86' lang='lat' dir='ltr'><strong>occiduam,</strong></span> <span class='ocrx_word' id='word_1_473' title='bbox 3279 2684 3425 2739; x_wconf 80' lang='lat' dir='ltr'><strong>alter</strong></span> <span class='ocrx_word' id='word_1_474' title='bbox 3481 2687 3833 2745; x_wconf 83' lang='lat' dir='ltr'><strong>orientalem</strong></span> 
     </span>
    </p>
   </div>
   <div class='ocr_carea' id='block_1_66' title="bbox 2158 2755 3030 2824">
    <p class='ocr_par' dir='ltr' id='par_1_66' title="bbox 2158 2755 3030 2824">
     <span class='ocr_line' id='line_1_67' title="bbox 2158 2755 3030 2824; baseline -0.006 -12"><span class='ocrx_word' id='word_1_475' title='bbox 2158 2758 2391 2813; x_wconf 87' lang='lat' dir='ltr'><strong>deberet</strong></span> <span class='ocrx_word' id='word_1_476' title='bbox 2425 2757 2645 2824; x_wconf 81' lang='lat' dir='ltr'><strong>plagam</strong></span> <span class='ocrx_word' id='word_1_477' title='bbox 2677 2755 3030 2809; x_wconf 85' lang='lat' dir='ltr'><strong>illuminare.</strong></span> 
     </span>
    </p>
   </div>
   <div class='ocr_carea' id='block_1_67' title="bbox 2234 2827 3838 2896">
    <p class='ocr_par' dir='ltr' id='par_1_67' title="bbox 2234 2827 3838 2896">
     <span class='ocr_line' id='line_1_68' title="bbox 2234 2827 3838 2896; baseline 0.003 -13"><span class='ocrx_word' id='word_1_478' title='bbox 2234 2830 2401 2883; x_wconf 86' lang='lat' dir='ltr'><strong>Linea</strong></span> <span class='ocrx_word' id='word_1_479' title='bbox 2428 2827 2479 2883; x_wconf 67' lang='grc'><strong>2.</strong></span> <span class='ocrx_word' id='word_1_480' title='bbox 2527 2856 2600 2865; x_wconf 91' lang='lat'><strong>—</strong></span> <span class='ocrx_word' id='word_1_481' title='bbox 2648 2828 2774 2879; x_wconf 77' lang='lat' dir='ltr'><strong>Vico</strong></span> <span class='ocrx_word' id='word_1_482' title='bbox 2808 2827 3131 2879; x_wconf 68' lang='lat' dir='ltr'><strong>Bethsoidar.</strong></span> <span class='ocrx_word' id='word_1_483' title='bbox 3178 2827 3478 2881; x_wconf 85' lang='lat' dir='ltr'><strong>Bethsaida</strong></span> <span class='ocrx_word' id='word_1_484' title='bbox 3522 2843 3716 2896; x_wconf 85' lang='lat' dir='ltr'><strong>parva.</strong></span> <span class='ocrx_word' id='word_1_485' title='bbox 3780 2840 3838 2887; x_wconf 88' lang='lat' dir='ltr'><strong>et</strong></span> 
     </span>
    </p>
   </div>
   <div class='ocr_carea' id='block_1_68' title="bbox 2163 2898 3831 2973">
    <p class='ocr_par' dir='ltr' id='par_1_68' title="bbox 2163 2898 3831 2973">
     <span class='ocr_line' id='line_1_69' title="bbox 2163 2898 3831 2973; baseline 0.002 -19"><span class='ocrx_word' id='word_1_486' title='bbox 2163 2900 2445 2973; x_wconf 78' lang='lat' dir='ltr'><strong>ignobilis</strong></span> <span class='ocrx_word' id='word_1_487' title='bbox 2464 2898 2918 2973; x_wconf 83' lang='lat' dir='ltr'><strong>Capharnactani</strong></span> <span class='ocrx_word' id='word_1_488' title='bbox 2943 2900 3069 2973; x_wconf 80' lang='lat' dir='ltr'><strong>agri</strong></span> <span class='ocrx_word' id='word_1_489' title='bbox 3092 2898 3317 2973; x_wconf 75' lang='lat' dir='ltr'><strong>civitas.</strong></span> <span class='ocrx_word' id='word_1_490' title='bbox 3341 2899 3405 2973; x_wconf 86' lang='lat' dir='ltr'><strong>ad</strong></span> <span class='ocrx_word' id='word_1_491' title='bbox 3435 2899 3604 2973; x_wconf 89' lang='lat' dir='ltr'><strong>littus</strong></span> <span class='ocrx_word' id='word_1_492' title='bbox 3631 2906 3831 2973; x_wconf 79' lang='lat' dir='ltr'><strong>magni</strong></span> 
     </span>
    </p>
   </div>
   <div class='ocr_carea' id='block_1_69' title="bbox 2164 2970 3598 3031">
    <p class='ocr_par' dir='ltr' id='par_1_69' title="bbox 2164 2970 3598 3031">
     <span class='ocr_line' id='line_1_70' title="bbox 2164 2970 3598 3031; baseline -0.002 -5"><span class='ocrx_word' id='word_1_493' title='bbox 2164 2972 2323 3027; x_wconf 90' lang='lat' dir='ltr'><strong>lacus</strong></span> <span class='ocrx_word' id='word_1_494' title='bbox 2349 2970 2720 3031; x_wconf 83' lang='lat' dir='ltr'><strong>Genesareth,</strong></span> <span class='ocrx_word' id='word_1_495' title='bbox 2750 2971 2871 3023; x_wconf 91' lang='lat' dir='ltr'><strong>sive</strong></span> <span class='ocrx_word' id='word_1_496' title='bbox 2904 2970 3081 3023; x_wconf 89' lang='lat' dir='ltr'><strong>maris</strong></span> <span class='ocrx_word' id='word_1_497' title='bbox 3110 2970 3437 3024; x_wconf 87' lang='lat' dir='ltr'><strong>&#39;l‘iberiadis</strong></span> <span class='ocrx_word' id='word_1_498' title='bbox 3464 2972 3598 3025; x_wconf 88' lang='lat' dir='ltr'><strong>sita.</strong></span> 
     </span>
    </p>
   </div>
   <div class='ocr_carea' id='block_1_70' title="bbox 2234 3042 3830 3112">
    <p class='ocr_par' dir='ltr' id='par_1_70' title="bbox 2234 3042 3830 3112">
     <span class='ocr_line' id='line_1_71' title="bbox 2234 3042 3830 3112; baseline 0.001 -15"><span class='ocrx_word' id='word_1_499' title='bbox 2234 3045 2404 3097; x_wconf 84' lang='lat' dir='ltr'><strong>Linea</strong></span> <span class='ocrx_word' id='word_1_500' title='bbox 2417 3043 2632 3097; x_wconf 88' lang='lat' dir='ltr'><strong>eadem.</strong></span> <span class='ocrx_word' id='word_1_501' title='bbox 2662 3070 2724 3079; x_wconf 85' lang='lat'><strong>-——</strong></span> <span class='ocrx_word' id='word_1_502' title='bbox 2752 3042 2965 3093; x_wconf 81' lang='lat' dir='ltr'><strong>Primus</strong></span> <span class='ocrx_word' id='word_1_503' title='bbox 2987 3043 3127 3094; x_wconf 74' lang='lat' dir='ltr'><strong>sedit</strong></span> <span class='ocrx_word' id='word_1_504' title='bbox 3144 3044 3459 3094; x_wconf 71' lang='lat' dir='ltr'><strong>cathedram</strong></span> <span class='ocrx_word' id='word_1_505' title='bbox 3477 3045 3830 3112; x_wconf 76' lang='lat' dir='ltr'><strong>episcopatus</strong></span> 
     </span>
    </p>
   </div>
   <div class='ocr_carea' id='block_1_71' title="bbox 2157 3112 3830 3183">
    <p class='ocr_par' dir='ltr' id='par_1_71' title="bbox 2157 3112 3830 3183">
     <span class='ocr_line' id='line_1_72' title="bbox 2157 3112 3830 3183; baseline 0.002 -17"><span class='ocrx_word' id='word_1_506' title='bbox 2157 3120 2215 3167; x_wconf 86' lang='lat' dir='ltr'><strong>in</strong></span> <span class='ocrx_word' id='word_1_507' title='bbox 2238 3115 2551 3167; x_wconf 79' lang='lat' dir='ltr'><strong>Antiochia.</strong></span> <span class='ocrx_word' id='word_1_508' title='bbox 2582 3112 2752 3166; x_wconf 86' lang='lat' dir='ltr'><strong>Sexto</strong></span> <span class='ocrx_word' id='word_1_509' title='bbox 2773 3114 3144 3180; x_wconf 89' lang='lat' dir='ltr'><strong>pontiﬁcatus</strong></span> <span class='ocrx_word' id='word_1_510' title='bbox 3168 3113 3258 3166; x_wconf 90' lang='lat' dir='ltr'><strong>sui</strong></span> <span class='ocrx_word' id='word_1_511' title='bbox 3283 3126 3433 3166; x_wconf 91' lang='lat' dir='ltr'><strong>anno</strong></span> <span class='ocrx_word' id='word_1_512' title='bbox 3460 3118 3830 3183; x_wconf 85' lang='lat' dir='ltr'><strong>procedente,</strong></span> 
     </span>
    </p>
   </div>
   <div class='ocr_carea' id='block_1_72' title="bbox 2157 3184 3834 3255">
    <p class='ocr_par' dir='ltr' id='par_1_72' title="bbox 2157 3184 3834 3255">
     <span class='ocr_line' id='line_1_73' title="bbox 2157 3184 3834 3255; baseline 0.002 -16"><span class='ocrx_word' id='word_1_513' title='bbox 2157 3186 2546 3247; x_wconf 83' lang='lat' dir='ltr'><strong>Antiochiam,</strong></span> <span class='ocrx_word' id='word_1_514' title='bbox 2573 3184 2749 3251; x_wconf 73' lang='lat' dir='ltr'><strong>Syriae</strong></span> <span class='ocrx_word' id='word_1_515' title='bbox 2778 3185 3161 3251; x_wconf 88' lang='lat' dir='ltr'><strong>metropolim,</strong></span> <span class='ocrx_word' id='word_1_516' title='bbox 3187 3184 3463 3251; x_wconf 83' lang='lat' dir='ltr'><strong>pervenit,</strong></span> <span class='ocrx_word' id='word_1_517' title='bbox 3493 3184 3834 3255; x_wconf 87' lang='lat' dir='ltr'><strong>ibidemque</strong></span> 
     </span>
    </p>
   </div>
   <div class='ocr_carea' id='block_1_73' title="bbox 445 3253 3829 3326">
    <p class='ocr_par' dir='ltr' id='par_1_73' title="bbox 445 3253 3829 3326">
     <span class='ocr_line' id='line_1_74' title="bbox 445 3253 3829 3326; baseline 0.001 -16"><span class='ocrx_word' id='word_1_518' title='bbox 445 3258 527 3312; x_wconf 87' lang='lat' dir='ltr'><strong>.lo.</strong></span> <span class='ocrx_word' id='word_1_519' title='bbox 557 3256 761 3311; x_wconf 86' lang='lat' dir='ltr'><strong>Malala</strong></span> <span class='ocrx_word' id='word_1_520' title='bbox 782 3256 1177 3312; x_wconf 89' lang='lat' dir='ltr'><strong>Antiochenus</strong></span> <span class='ocrx_word' id='word_1_521' title='bbox 1207 3257 1264 3311; x_wconf 92' lang='lat' dir='ltr'><strong>in</strong></span> <span class='ocrx_word' id='word_1_522' title='bbox 1310 3270 1414 3310; x_wconf 92' lang='lat' dir='ltr'><strong>sua</strong></span> <span class='ocrx_word' id='word_1_523' title='bbox 1446 3256 1908 3326; x_wconf 78' lang='lat' dir='ltr'><strong>chrmmgraphia</strong></span> <span class='ocrx_word' id='word_1_524' title='bbox 1954 3257 2049 3311; x_wconf 91' lang='lat' dir='ltr'><strong>his</strong></span> <span class='ocrx_word' id='word_1_525' title='bbox 2079 3253 2123 3311; x_wconf 86' lang='lat' dir='ltr'><strong>C</strong></span> <span class='ocrx_word' id='word_1_526' title='bbox 2155 3258 2372 3311; x_wconf 87' lang='lat' dir='ltr'><strong>Christi</strong></span> <span class='ocrx_word' id='word_1_527' title='bbox 2401 3256 2530 3310; x_wconf 91' lang='lat' dir='ltr'><strong>ﬁdei</strong></span> <span class='ocrx_word' id='word_1_528' title='bbox 2554 3256 2823 3323; x_wconf 86' lang='lat' dir='ltr'><strong>mysteria</strong></span> <span class='ocrx_word' id='word_1_529' title='bbox 2839 3255 3057 3323; x_wconf 85' lang='lat' dir='ltr'><strong>docuit,</strong></span> <span class='ocrx_word' id='word_1_530' title='bbox 3084 3262 3139 3309; x_wconf 89' lang='lat' dir='ltr'><strong>et</strong></span> <span class='ocrx_word' id='word_1_531' title='bbox 3159 3256 3381 3323; x_wconf 89' lang='lat' dir='ltr'><strong>primus</strong></span> <span class='ocrx_word' id='word_1_532' title='bbox 3404 3253 3829 3313; x_wconf 81' lang='lat' dir='ltr'><strong>Antiochenam</strong></span> 
     </span>
    </p>
   </div>
   <div class='ocr_carea' id='block_1_74' title="bbox 371 3328 2037 3398">
    <p class='ocr_par' dir='ltr' id='par_1_74' title="bbox 371 3328 2037 3398">
     <span class='ocr_line' id='line_1_75' title="bbox 371 3328 2037 3398; baseline -0.002 -14"><span class='ocrx_word' id='word_1_533' title='bbox 371 3343 520 3384; x_wconf 87' lang='lat' dir='ltr'><strong>coss.</strong></span> <span class='ocrx_word' id='word_1_534' title='bbox 561 3329 821 3398; x_wconf 76' lang='lat' dir='ltr'><strong>assignat</strong></span> <span class='ocrx_word' id='word_1_535' title='bbox 876 3331 1213 3397; x_wconf 83' lang='lat' dir='ltr'><strong>martyrium</strong></span> <span class='ocrx_word' id='word_1_536' title='bbox 1242 3328 1333 3382; x_wconf 83' lang='lat' dir='ltr'><strong>SS.</strong></span> <span class='ocrx_word' id='word_1_537' title='bbox 1364 3329 1510 3381; x_wconf 86' lang='lat' dir='ltr'><strong>Petri</strong></span> <span class='ocrx_word' id='word_1_538' title='bbox 1544 3336 1600 3382; x_wconf 90' lang='lat' dir='ltr'><strong>et</strong></span> <span class='ocrx_word' id='word_1_539' title='bbox 1634 3328 1792 3381; x_wconf 85' lang='lat' dir='ltr'><strong>Pauli</strong></span> <span class='ocrx_word' id='word_1_540' title='bbox 1831 3330 2037 3382; x_wconf 81' lang='lat' dir='ltr'><strong>Romae.</strong></span> 
     </span>
    </p>
   </div>
   <div class='ocr_carea' id='block_1_75' title="bbox 370 3399 2042 3467">
    <p class='ocr_par' dir='ltr' id='par_1_75' title="bbox 370 3399 2042 3467">
     <span class='ocr_line' id='line_1_76' title="bbox 370 3399 2042 3467; baseline -0.001 -13"><span class='ocrx_word' id='word_1_541' title='bbox 370 3399 688 3455; x_wconf 88' lang='lat' dir='ltr'><strong>Confundit</strong></span> <span class='ocrx_word' id='word_1_542' title='bbox 712 3400 895 3467; x_wconf 87' lang='lat' dir='ltr'><strong>prima</strong></span> <span class='ocrx_word' id='word_1_543' title='bbox 914 3399 1143 3454; x_wconf 82' lang='lat' dir='ltr'><strong>vincula</strong></span> <span class='ocrx_word' id='word_1_544' title='bbox 1170 3399 1329 3453; x_wconf 90' lang='lat' dir='ltr'><strong>Pauli</strong></span> <span class='ocrx_word' id='word_1_545' title='bbox 1360 3414 1486 3453; x_wconf 88' lang='lat' dir='ltr'><strong>cum</strong></span> <span class='ocrx_word' id='word_1_546' title='bbox 1508 3400 1800 3453; x_wconf 89' lang='lat' dir='ltr'><strong>secundis.</strong></span> <span class='ocrx_word' id='word_1_547' title='bbox 1830 3400 2042 3453; x_wconf 82' lang='lat' dir='ltr'><strong>Paulus</strong></span> 
     </span>
    </p>
   </div>
   <div class='ocr_carea' id='block_1_76' title="bbox 372 3470 2043 3538">
    <p class='ocr_par' dir='ltr' id='par_1_76' title="bbox 372 3470 2043 3538">
     <span class='ocr_line' id='line_1_77' title="bbox 372 3470 2043 3538; baseline -0.002 -12"><span class='ocrx_word' id='word_1_548' title='bbox 372 3486 403 3526; x_wconf 92' lang='lat' dir='ltr'><strong>e</strong></span> <span class='ocrx_word' id='word_1_549' title='bbox 441 3485 545 3527; x_wconf 89' lang='lat' dir='ltr'><strong>sua</strong></span> <span class='ocrx_word' id='word_1_550' title='bbox 578 3472 843 3525; x_wconf 88' lang='lat' dir='ltr'><strong>custodia</strong></span> <span class='ocrx_word' id='word_1_551' title='bbox 879 3473 1183 3526; x_wconf 89' lang='lat' dir='ltr'><strong>secundam</strong></span> <span class='ocrx_word' id='word_1_552' title='bbox 1222 3470 1534 3538; x_wconf 85' lang='lat' dir='ltr'><strong>Epistolam</strong></span> <span class='ocrx_word' id='word_1_553' title='bbox 1571 3471 1780 3525; x_wconf 89' lang='lat' dir='ltr'><strong>scribit</strong></span> <span class='ocrx_word' id='word_1_554' title='bbox 1820 3471 1886 3524; x_wconf 88' lang='lat' dir='ltr'><strong>ad</strong></span> <span class='ocrx_word' id='word_1_555' title='bbox 1940 3473 2043 3523; x_wconf 78' lang='grc' dir='ltr'><strong>Ἰἰ-</strong></span> 
     </span>
    </p>
   </div>
   <div class='ocr_carea' id='block_1_77' title="bbox 376 3542 2042 3611">
    <p class='ocr_par' dir='ltr' id='par_1_77' title="bbox 376 3542 2042 3611">
     <span class='ocr_line' id='line_1_78' title="bbox 376 3542 2042 3611; baseline -0.001 -14"><span class='ocrx_word' id='word_1_556' title='bbox 376 3545 688 3611; x_wconf 87' lang='lat' dir='ltr'><strong>motheum,</strong></span> <span class='ocrx_word' id='word_1_557' title='bbox 737 3542 993 3597; x_wconf 85' lang='lat' dir='ltr'><strong>eumdem</strong></span> <span class='ocrx_word' id='word_1_558' title='bbox 1044 3542 1333 3596; x_wconf 87' lang='lat' dir='ltr'><strong>advocans</strong></span> <span class='ocrx_word' id='word_1_559' title='bbox 1379 3542 1498 3595; x_wconf 91' lang='lat' dir='ltr'><strong>cito</strong></span> <span class='ocrx_word' id='word_1_560' title='bbox 1548 3543 1602 3594; x_wconf 92' lang='lat' dir='ltr'><strong>in</strong></span> <span class='ocrx_word' id='word_1_561' title='bbox 1657 3542 1877 3595; x_wconf 86' lang='lat' dir='ltr'><strong>Urbem.</strong></span> <span class='ocrx_word' id='word_1_562' title='bbox 1916 3542 2042 3609; x_wconf 87' lang='lat' dir='ltr'><strong>Quo</strong></span> 
     </span>
    </p>
   </div>
   <div class='ocr_carea' id='block_1_78' title="bbox 371 3613 2041 3682">
    <p class='ocr_par' dir='ltr' id='par_1_78' title="bbox 371 3613 2041 3682">
     <span class='ocr_line' id='line_1_79' title="bbox 371 3613 2041 3682; baseline 0 -15"><span class='ocrx_word' id='word_1_563' title='bbox 371 3614 709 3669; x_wconf 88' lang='lat' dir='ltr'><strong>adveniente</strong></span> <span class='ocrx_word' id='word_1_564' title='bbox 734 3613 881 3668; x_wconf 86' lang='lat' dir='ltr'><strong>alias</strong></span> <span class='ocrx_word' id='word_1_565' title='bbox 924 3614 1201 3682; x_wconf 88' lang='lat' dir='ltr'><strong>epistolas</strong></span> <span class='ocrx_word' id='word_1_566' title='bbox 1232 3613 1432 3676; x_wconf 91' lang='lat' dir='ltr'><strong>mittit,</strong></span> <span class='ocrx_word' id='word_1_567' title='bbox 1469 3628 1500 3668; x_wconf 92' lang='lat' dir='ltr'><strong>a</strong></span> <span class='ocrx_word' id='word_1_568' title='bbox 1522 3614 1767 3668; x_wconf 90' lang='lat' dir='ltr'><strong>Baronio</strong></span> <span class='ocrx_word' id='word_1_569' title='bbox 1798 3627 2041 3668; x_wconf 86' lang='lat' dir='ltr'><strong>enume—</strong></span> 
     </span>
    </p>
   </div>
   <div class='ocr_carea' id='block_1_79' title="bbox 373 3682 1093 3741">
    <p class='ocr_par' dir='ltr' id='par_1_79' title="bbox 373 3682 1093 3741">
     <span class='ocr_line' id='line_1_80' title="bbox 373 3682 1093 3741; baseline -0.004 -1"><span class='ocrx_word' id='word_1_570' title='bbox 373 3693 530 3740; x_wconf 87' lang='lat' dir='ltr'><strong>ratas</strong></span> <span class='ocrx_word' id='word_1_571' title='bbox 553 3685 623 3740; x_wconf 87' lang='lat' dir='ltr'><strong>ad</strong></span> <span class='ocrx_word' id='word_1_572' title='bbox 652 3699 785 3740; x_wconf 91' lang='lat' dir='ltr'><strong>ann.</strong></span> <span class='ocrx_word' id='word_1_573' title='bbox 819 3682 890 3740; x_wconf 78' lang='grc'><strong>59</strong></span> <span class='ocrx_word' id='word_1_574' title='bbox 923 3693 979 3739; x_wconf 91' lang='lat' dir='ltr'><strong>et</strong></span> <span class='ocrx_word' id='word_1_575' title='bbox 1003 3683 1093 3741; x_wconf 89' lang='lat'><strong>60.</strong></span> 
     </span>
    </p>
   </div>
   <div class='ocr_carea' id='block_1_80' title="bbox 374 3791 2043 3859">
    <p class='ocr_par' dir='ltr' id='par_1_80' title="bbox 374 3791 2043 3859">
     <span class='ocr_line' id='line_1_81' title="bbox 374 3791 2043 3859; baseline -0.003 -10"><span class='ocrx_word' id='word_1_576' title='bbox 374 3795 536 3849; x_wconf 80' lang='lat' dir='ltr'><strong>Anno</strong></span> <span class='ocrx_word' id='word_1_577' title='bbox 563 3791 652 3847; x_wconf 90' lang='grc'><strong>64.</strong></span> <span class='ocrx_word' id='word_1_578' title='bbox 686 3824 754 3831; x_wconf 89' lang='lat'><strong><em>—</em></strong></span> <span class='ocrx_word' id='word_1_579' title='bbox 784 3793 932 3845; x_wconf 67' lang='lat' dir='ltr'><strong>Paeto</strong></span> <span class='ocrx_word' id='word_1_580' title='bbox 954 3798 1003 3845; x_wconf 83' lang='lat' dir='ltr'><strong>et</strong></span> <span class='ocrx_word' id='word_1_581' title='bbox 1037 3793 1359 3859; x_wconf 75' lang='lat' dir='ltr'><strong>Turpiliano</strong></span> <span class='ocrx_word' id='word_1_582' title='bbox 1398 3807 1558 3857; x_wconf 75' lang='lat' dir='ltr'><strong>coss;</strong></span> <span class='ocrx_word' id='word_1_583' title='bbox 1588 3792 1640 3845; x_wconf 88' lang='lat' dir='ltr'><strong>S.</strong></span> <span class='ocrx_word' id='word_1_584' title='bbox 1676 3792 1826 3844; x_wconf 68' lang='lat' dir='ltr'><strong>Petra?</strong></span> <span class='ocrx_word' id='word_1_585' title='bbox 1861 3805 2043 3845; x_wconf 85' lang='lat' dir='ltr'><strong>xxxm</strong></span> 
     </span>
    </p>
   </div>
   <div class='ocr_carea' id='block_1_81' title="bbox 604 3864 1807 3931">
    <p class='ocr_par' dir='ltr' id='par_1_81' title="bbox 604 3864 1807 3931">
     <span class='ocr_line' id='line_1_82' title="bbox 604 3864 1807 3931; baseline -0.002 -13"><span class='ocrx_word' id='word_1_586' title='bbox 604 3871 653 3918; x_wconf 71' lang='lat' dir='ltr'><strong>et</strong></span> <span class='ocrx_word' id='word_1_587' title='bbox 686 3877 887 3931; x_wconf 77' lang='lat' dir='ltr'><strong>xxxw,</strong></span> <span class='ocrx_word' id='word_1_588' title='bbox 918 3872 965 3917; x_wconf 83' lang='lat' dir='ltr'><strong>et</strong></span> <span class='ocrx_word' id='word_1_589' title='bbox 998 3865 1251 3917; x_wconf 75' lang='lat' dir='ltr'><strong>Romana;</strong></span> <span class='ocrx_word' id='word_1_590' title='bbox 1281 3864 1424 3916; x_wconf 76' lang='lat' dir='ltr'><strong>sedis</strong></span> <span class='ocrx_word' id='word_1_591' title='bbox 1456 3876 1554 3917; x_wconf 84' lang='grc' dir='ltr'><strong>χχι</strong></span> <span class='ocrx_word' id='word_1_592' title='bbox 1587 3869 1635 3916; x_wconf 84' lang='lat' dir='ltr'><strong>et</strong></span> <span class='ocrx_word' id='word_1_593' title='bbox 1664 3877 1807 3917; x_wconf 83' lang='grc' dir='ltr'><strong>χχιι.</strong></span> 
     </span>
    </p>
   </div>
   <div class='ocr_carea' id='block_1_82' title="bbox 442 3968 2044 4026">
    <p class='ocr_par' dir='ltr' id='par_1_82' title="bbox 442 3968 2044 4026">
     <span class='ocr_line' id='line_1_83' title="bbox 442 3968 2044 4026; baseline -0.001 0"><span class='ocrx_word' id='word_1_594' title='bbox 442 3973 499 4026; x_wconf 81' lang='lat' dir='ltr'><strong>S.</strong></span> <span class='ocrx_word' id='word_1_595' title='bbox 527 3969 744 4025; x_wconf 88' lang='lat' dir='ltr'><strong>Paulus</strong></span> <span class='ocrx_word' id='word_1_596' title='bbox 772 3982 802 4023; x_wconf 90' lang='lat' dir='ltr'><strong>e</strong></span> <span class='ocrx_word' id='word_1_597' title='bbox 842 3969 1103 4023; x_wconf 85' lang='lat' dir='ltr'><strong>custodia</strong></span> <span class='ocrx_word' id='word_1_598' title='bbox 1149 3968 1297 4022; x_wconf 87' lang='lat' dir='ltr'><strong>liber</strong></span> <span class='ocrx_word' id='word_1_599' title='bbox 1335 3968 1679 4023; x_wconf 91' lang='lat' dir='ltr'><strong>dimittitur.</strong></span> <span class='ocrx_word' id='word_1_600' title='bbox 1736 3970 1791 4024; x_wconf 83' lang='lat' dir='ltr'><strong>S.</strong></span> <span class='ocrx_word' id='word_1_601' title='bbox 1844 3971 2044 4024; x_wconf 89' lang='lat' dir='ltr'><strong>Petrus</strong></span> 
     </span>
    </p>
   </div>
   <div class='ocr_carea' id='block_1_83' title="bbox 376 4040 2043 4111">
    <p class='ocr_par' dir='ltr' id='par_1_83' title="bbox 376 4040 2043 4111">
     <span class='ocr_line' id='line_1_84' title="bbox 376 4040 2043 4111; baseline -0.001 -14"><span class='ocrx_word' id='word_1_602' title='bbox 376 4041 777 4097; x_wconf 88' lang='lat' dir='ltr'><strong>Occidentales</strong></span> <span class='ocrx_word' id='word_1_603' title='bbox 811 4042 1138 4108; x_wconf 80' lang='lat' dir='ltr'><strong>provincias</strong></span> <span class='ocrx_word' id='word_1_604' title='bbox 1164 4040 1365 4093; x_wconf 89' lang='lat' dir='ltr'><strong>visitat</strong></span> <span class='ocrx_word' id='word_1_605' title='bbox 1395 4048 1447 4093; x_wconf 89' lang='lat' dir='ltr'><strong>et</strong></span> <span class='ocrx_word' id='word_1_606' title='bbox 1478 4042 1642 4095; x_wconf 89' lang='lat' dir='ltr'><strong>docet</strong></span> <span class='ocrx_word' id='word_1_607' title='bbox 1663 4042 1764 4111; x_wconf 83' lang='lat' dir='ltr'><strong>(Ex</strong></span> <span class='ocrx_word' id='word_1_608' title='bbox 1790 4043 1846 4095; x_wconf 82' lang='lat' dir='ltr'><strong>S.</strong></span> <span class='ocrx_word' id='word_1_609' title='bbox 1868 4043 2043 4095; x_wconf 88' lang='lat' dir='ltr'><strong>luno—</strong></span> 
     </span>
    </p>
   </div>
   <div class='ocr_carea' id='block_1_84' title="bbox 375 4112 2043 4179">
    <p class='ocr_par' dir='ltr' id='par_1_84' title="bbox 375 4112 2043 4179">
     <span class='ocr_line' id='line_1_85' title="bbox 375 4112 2043 4179; baseline -0.001 -12"><span class='ocrx_word' id='word_1_610' title='bbox 375 4114 568 4167; x_wconf 90' lang='lat' dir='ltr'><strong>centio</strong></span> <span class='ocrx_word' id='word_1_611' title='bbox 616 4114 658 4168; x_wconf 92' lang='grc' dir='ltr'><strong>Ι.</strong></span> <span class='ocrx_word' id='word_1_612' title='bbox 710 4112 939 4179; x_wconf 83' lang='lat' dir='ltr'><strong>epistola</strong></span> <span class='ocrx_word' id='word_1_613' title='bbox 990 4112 1066 4164; x_wconf 82' lang='lat' dir='ltr'><strong>od</strong></span> <span class='ocrx_word' id='word_1_614' title='bbox 1116 4112 1470 4177; x_wconf 72' lang='lat' dir='ltr'><strong>Decentium).</strong></span> <span class='ocrx_word' id='word_1_615' title='bbox 1514 4114 1566 4166; x_wconf 83' lang='lat' dir='ltr'><strong>S.</strong></span> <span class='ocrx_word' id='word_1_616' title='bbox 1624 4114 1803 4167; x_wconf 86' lang='lat' dir='ltr'><strong>Lucas</strong></span> <span class='ocrx_word' id='word_1_617' title='bbox 1854 4114 2043 4167; x_wconf 78' lang='lat' dir='ltr'><strong>Romae</strong></span> 
     </span>
    </p>
   </div>
   <div class='ocr_carea' id='block_1_85' title="bbox 374 4182 2037 4310">
    <p class='ocr_par' dir='ltr' id='par_1_85' title="bbox 374 4182 2037 4310">
     <span class='ocr_line' id='line_1_86' title="bbox 374 4182 2037 4310; baseline -0.002 -72"><span class='ocrx_word' id='word_1_618' title='bbox 374 4187 515 4310; x_wconf 47' lang='grc' dir='ltr'><strong>ἔξω</strong></span> <span class='ocrx_word' id='word_1_619' title='bbox 558 4184 950 4309; x_wconf 54' lang='grc' dir='ltr'><strong>ῖιβῡεὲοιοιδυιη</strong></span> <span class='ocrx_word' id='word_1_620' title='bbox 985 4182 1320 4238; x_wconf 89' lang='lat' dir='ltr'><strong>conscribit.</strong></span> <span class='ocrx_word' id='word_1_621' title='bbox 1356 4182 1495 4238; x_wconf 79' lang='lat' dir='ltr'><strong>Vide</strong></span> <span class='ocrx_word' id='word_1_622' title='bbox 1542 4184 1747 4239; x_wconf 86' lang='lat' dir='ltr'><strong>Baron.</strong></span> <span class='ocrx_word' id='word_1_623' title='bbox 1786 4184 1855 4238; x_wconf 91' lang='lat' dir='ltr'><strong>ad</strong></span> <span class='ocrx_word' id='word_1_624' title='bbox 1906 4198 2037 4238; x_wconf 88' lang='lat' dir='ltr'><strong>ann.</strong></span> 
     </span>
     <span class='ocr_line' id='line_1_87' title="bbox 447 4268 731 4310; baseline -0.007 0"><span class='ocrx_word' id='word_1_625' title='bbox 447 4297 462 4310; x_wconf 91' lang='lat'><strong>.</strong></span> <span class='ocrx_word' id='word_1_626' title='bbox 494 4268 650 4310; x_wconf 89' lang='lat' dir='ltr'><strong>num.</strong></span> <span class='ocrx_word' id='word_1_627' title='bbox 719 4295 731 4309; x_wconf 98' lang='lat'><strong>.</strong></span> 
     </span>
    </p>
   </div>
   <div class='ocr_carea' id='block_1_86' title="bbox 370 4254 731 4325">
    <p class='ocr_par' dir='ltr' id='par_1_86' title="bbox 370 4254 731 4325">
     <span class='ocr_line' id='line_1_88' title="bbox 370 4254 731 4325; baseline -0.006 -14"><span class='ocrx_word' id='word_1_628' title='bbox 370 4254 462 4325; x_wconf 86' lang='grc'><strong>64,</strong></span> <span class='ocrx_word' id='word_1_629' title='bbox 494 4268 650 4310; x_wconf 88' lang='lat' dir='ltr'><strong>num.</strong></span> <span class='ocrx_word' id='word_1_630' title='bbox 680 4254 731 4309; x_wconf 84' lang='grc'><strong>6.</strong></span> 
     </span>
    </p>
   </div>
   <div class='ocr_carea' id='block_1_87' title="bbox 374 4360 2046 4425">
    <p class='ocr_par' dir='ltr' id='par_1_87' title="bbox 374 4360 2046 4425">
     <span class='ocr_line' id='line_1_89' title="bbox 374 4360 2046 4425; baseline 0.001 -8"><span class='ocrx_word' id='word_1_631' title='bbox 374 4365 540 4417; x_wconf 85' lang='lat' dir='ltr'><strong>Anno</strong></span> <span class='ocrx_word' id='word_1_632' title='bbox 581 4360 671 4416; x_wconf 79' lang='grc'><strong>62.</strong></span> <span class='ocrx_word' id='word_1_633' title='bbox 712 4391 785 4401; x_wconf 89' lang='grc'><strong>-</strong></span> <span class='ocrx_word' id='word_1_634' title='bbox 832 4363 975 4417; x_wconf 87' lang='lat' dir='ltr'><strong>Celso</strong></span> <span class='ocrx_word' id='word_1_635' title='bbox 1005 4370 1056 4415; x_wconf 81' lang='lat' dir='ltr'><strong>et</strong></span> <span class='ocrx_word' id='word_1_636' title='bbox 1096 4361 1250 4415; x_wconf 85' lang='lat' dir='ltr'><strong>Gallo</strong></span> <span class='ocrx_word' id='word_1_637' title='bbox 1289 4377 1445 4425; x_wconf 71' lang='lat' dir='ltr'><strong>coss;</strong></span> <span class='ocrx_word' id='word_1_638' title='bbox 1479 4363 1536 4416; x_wconf 90' lang='lat' dir='ltr'><strong>S.</strong></span> <span class='ocrx_word' id='word_1_639' title='bbox 1570 4365 1719 4417; x_wconf 81' lang='lat' dir='ltr'><strong>Petri</strong></span> <span class='ocrx_word' id='word_1_640' title='bbox 1762 4375 1939 4418; x_wconf 69' lang='lat' dir='ltr'><strong>xxxxv</strong></span> <span class='ocrx_word' id='word_1_641' title='bbox 1996 4372 2046 4418; x_wconf 86' lang='lat' dir='ltr'><strong>et</strong></span> 
     </span>
    </p>
   </div>
   <div class='ocr_carea' id='block_1_88' title="bbox 624 4435 1799 4501">
    <p class='ocr_par' dir='ltr' id='par_1_88' title="bbox 624 4435 1799 4501">
     <span class='ocr_line' id='line_1_90' title="bbox 624 4435 1799 4501; baseline -0.003 -12"><span class='ocrx_word' id='word_1_642' title='bbox 624 4446 802 4501; x_wconf 83' lang='lat' dir='ltr'><strong>xxxv,</strong></span> <span class='ocrx_word' id='word_1_643' title='bbox 836 4440 885 4487; x_wconf 82' lang='lat' dir='ltr'><strong>et</strong></span> <span class='ocrx_word' id='word_1_644' title='bbox 911 4436 1166 4488; x_wconf 76' lang='lat' dir='ltr'><strong>Romanae</strong></span> <span class='ocrx_word' id='word_1_645' title='bbox 1211 4435 1352 4487; x_wconf 80' lang='lat' dir='ltr'><strong>sedis</strong></span> <span class='ocrx_word' id='word_1_646' title='bbox 1383 4447 1507 4488; x_wconf 82' lang='grc' dir='ltr'><strong>χχιι</strong></span> <span class='ocrx_word' id='word_1_647' title='bbox 1538 4440 1586 4487; x_wconf 86' lang='lat' dir='ltr'><strong>ct</strong></span> <span class='ocrx_word' id='word_1_648' title='bbox 1633 4447 1799 4488; x_wconf 84' lang='lat' dir='ltr'><strong>xxm.</strong></span> 
     </span>
    </p>
   </div>
   <div class='ocr_carea' id='block_1_89' title="bbox 447 4540 2046 4612">
    <p class='ocr_par' dir='ltr' id='par_1_89' title="bbox 447 4540 2046 4612">
     <span class='ocr_line' id='line_1_91' title="bbox 447 4540 2046 4612; baseline -0.003 -14"><span class='ocrx_word' id='word_1_649' title='bbox 447 4541 785 4612; x_wconf 86' lang='lat' dir='ltr'><strong>Martyrium</strong></span> <span class='ocrx_word' id='word_1_650' title='bbox 810 4541 865 4595; x_wconf 91' lang='lat' dir='ltr'><strong>S.</strong></span> <span class='ocrx_word' id='word_1_651' title='bbox 889 4541 1062 4596; x_wconf 88' lang='lat' dir='ltr'><strong>Marci</strong></span> <span class='ocrx_word' id='word_1_652' title='bbox 1091 4548 1286 4596; x_wconf 89' lang='lat' dir='ltr'><strong>octavo</strong></span> <span class='ocrx_word' id='word_1_653' title='bbox 1316 4542 1560 4596; x_wconf 82' lang='lat' dir='ltr'><strong>Neronis</strong></span> <span class='ocrx_word' id='word_1_654' title='bbox 1581 4554 1730 4595; x_wconf 91' lang='lat' dir='ltr'><strong>anno</strong></span> <span class='ocrx_word' id='word_1_655' title='bbox 1756 4541 1827 4609; x_wconf 79' lang='lat'><strong>(5.</strong></span> <span class='ocrx_word' id='word_1_656' title='bbox 1853 4540 2046 4612; x_wconf 81' lang='lat' dir='ltr'><strong>Hiero-</strong></span> 
     </span>
    </p>
   </div>
   <div class='ocr_carea' id='block_1_90' title="bbox 380 4611 2124 4702">
    <p class='ocr_par' dir='ltr' id='par_1_90' title="bbox 380 4611 2124 4702">
     <span class='ocr_line' id='line_1_92' title="bbox 380 4611 2124 4702; baseline -0.003 -33"><span class='ocrx_word' id='word_1_657' title='bbox 380 4611 610 4702; x_wconf 69' lang='lat' dir='ltr'><strong>nymus,</strong></span> <span class='ocrx_word' id='word_1_658' title='bbox 669 4614 980 4702; x_wconf 52' lang='lat' dir='ltr'><strong>(ieLSCi&#39;t&#39;pt.</strong></span> <span class='ocrx_word' id='word_1_659' title='bbox 1010 4615 1221 4702; x_wconf 39' lang='lat'><strong>415.001.,</strong></span> <span class='ocrx_word' id='word_1_660' title='bbox 1233 4686 1251 4702; x_wconf 38' lang='grc' dir='ltr'><em>ἴ</em></span> <span class='ocrx_word' id='word_1_661' title='bbox 1273 4616 1331 4702; x_wconf 62' lang='lat' dir='ltr'><strong>ip</strong></span> <span class='ocrx_word' id='word_1_662' title='bbox 1353 4684 1365 4702; x_wconf 54' lang='lat'><strong><em>‘</em></strong></span> <span class='ocrx_word' id='word_1_663' title='bbox 1393 4612 1613 4679; x_wconf 78' lang='lat' dir='ltr'><strong>Murco).</strong></span> <span class='ocrx_word' id='word_1_664' title='bbox 1685 4611 2041 4702; x_wconf 41' lang='lat' dir='ltr'><strong>fitemihilus</strong></span> <span class='ocrx_word' id='word_1_665' title='bbox 2072 4642 2124 4702; x_wconf 84' lang='lat' dir='ltr'>D</span> 
     </span>
    </p>
   </div>
   <div class='ocr_carea' id='block_1_91' title="bbox 378 4681 2035 4755">
    <p class='ocr_par' dir='ltr' id='par_1_91' title="bbox 378 4681 2035 4755">
     <span class='ocr_line' id='line_1_93' title="bbox 378 4681 2035 4755; baseline -0.003 -14"><span class='ocrx_word' id='word_1_666' title='bbox 378 4681 856 4755; x_wconf 71' lang='lat' dir='ltr'><strong>chronographus</strong></span> <span class='ocrx_word' id='word_1_667' title='bbox 887 4684 1037 4753; x_wconf 87' lang='lat' dir='ltr'><strong>apud</strong></span> <span class='ocrx_word' id='word_1_668' title='bbox 1082 4686 1163 4739; x_wconf 86' lang='lat' dir='ltr'><strong>J0.</strong></span> <span class='ocrx_word' id='word_1_669' title='bbox 1202 4684 1484 4755; x_wconf 84' lang='lat' dir='ltr'><strong>Malalam,</strong></span> <span class='ocrx_word' id='word_1_670' title='bbox 1514 4698 1639 4753; x_wconf 75' lang='lat' dir='ltr'><strong>pag.</strong></span> <span class='ocrx_word' id='word_1_671' title='bbox 1685 4681 1810 4755; x_wconf 70' lang='lat'><strong>3&#39;25,</strong></span> <span class='ocrx_word' id='word_1_672' title='bbox 1840 4684 2035 4736; x_wconf 87' lang='lat' dir='ltr'><strong>eodem</strong></span> 
     </span>
    </p>
   </div>
   <div class='ocr_carea' id='block_1_92' title="bbox 378 4753 2038 4812">
    <p class='ocr_par' dir='ltr' id='par_1_92' title="bbox 378 4753 2038 4812">
     <span class='ocr_line' id='line_1_94' title="bbox 378 4753 2038 4812; baseline -0.003 0"><span class='ocrx_word' id='word_1_673' title='bbox 378 4771 532 4812; x_wconf 91' lang='lat' dir='ltr'><strong>anno</strong></span> <span class='ocrx_word' id='word_1_674' title='bbox 558 4753 731 4812; x_wconf 82' lang='lat' dir='ltr'><strong>refert</strong></span> <span class='ocrx_word' id='word_1_675' title='bbox 754 4762 987 4810; x_wconf 88' lang='lat' dir='ltr'><strong>mortem</strong></span> <span class='ocrx_word' id='word_1_676' title='bbox 1048 4756 1108 4809; x_wconf 89' lang='lat' dir='ltr'><strong>S.</strong></span> <span class='ocrx_word' id='word_1_677' title='bbox 1168 4756 1341 4809; x_wconf 84' lang='lat' dir='ltr'><strong>Marci</strong></span> <span class='ocrx_word' id='word_1_678' title='bbox 1387 4753 1768 4809; x_wconf 70' lang='lat' dir='ltr'><strong>Alexandriae.</strong></span> <span class='ocrx_word' id='word_1_679' title='bbox 1832 4767 2038 4808; x_wconf 89' lang='lat' dir='ltr'><strong>succe-</strong></span> 
     </span>
    </p>
   </div>
   <div class='ocr_carea' id='block_1_93' title="bbox 376 4824 2039 4896">
    <p class='ocr_par' dir='ltr' id='par_1_93' title="bbox 376 4824 2039 4896">
     <span class='ocr_line' id='line_1_95' title="bbox 376 4824 2039 4896; baseline -0.002 -14"><span class='ocrx_word' id='word_1_680' title='bbox 376 4829 547 4884; x_wconf 92' lang='lat' dir='ltr'><strong>dente</strong></span> <span class='ocrx_word' id='word_1_681' title='bbox 595 4829 839 4896; x_wconf 86' lang='lat' dir='ltr'><strong>Aniano,</strong></span> <span class='ocrx_word' id='word_1_682' title='bbox 875 4835 929 4880; x_wconf 88' lang='lat' dir='ltr'><strong>et</strong></span> <span class='ocrx_word' id='word_1_683' title='bbox 972 4833 1208 4880; x_wconf 90' lang='lat' dir='ltr'><strong>mortem</strong></span> <span class='ocrx_word' id='word_1_684' title='bbox 1259 4826 1461 4879; x_wconf 75' lang='lat' dir='ltr'><strong>hvodii</strong></span> <span class='ocrx_word' id='word_1_685' title='bbox 1502 4824 1851 4893; x_wconf 57' lang='lat' dir='ltr'><strong>Antiochiae,</strong></span> <span class='ocrx_word' id='word_1_686' title='bbox 1897 4840 2039 4879; x_wconf 87' lang='lat' dir='ltr'><strong>suc-</strong></span> 
     </span>
    </p>
   </div>
   <div class='ocr_carea' id='block_1_94' title="bbox 376 4896 2037 4969">
    <p class='ocr_par' dir='ltr' id='par_1_94' title="bbox 376 4896 2037 4969">
     <span class='ocr_line' id='line_1_96' title="bbox 376 4896 2037 4969; baseline -0.003 -15"><span class='ocrx_word' id='word_1_687' title='bbox 376 4901 607 4955; x_wconf 88' lang='lat' dir='ltr'><strong>sedente</strong></span> <span class='ocrx_word' id='word_1_688' title='bbox 645 4900 903 4969; x_wconf 76' lang='lat' dir='ltr'><strong>Ignatio;</strong></span> <span class='ocrx_word' id='word_1_689' title='bbox 935 4904 993 4952; x_wconf 91' lang='lat' dir='ltr'><strong>et</strong></span> <span class='ocrx_word' id='word_1_690' title='bbox 1023 4898 1293 4969; x_wconf 85' lang='lat' dir='ltr'><strong>reditum.</strong></span> <span class='ocrx_word' id='word_1_691' title='bbox 1322 4898 1381 4949; x_wconf 90' lang='lat' dir='ltr'><strong>B.</strong></span> <span class='ocrx_word' id='word_1_692' title='bbox 1407 4897 1555 4950; x_wconf 88' lang='lat' dir='ltr'><strong>Petri</strong></span> <span class='ocrx_word' id='word_1_693' title='bbox 1590 4896 1842 4967; x_wconf 77' lang='lat' dir='ltr'><strong>Romam,</strong></span> <span class='ocrx_word' id='word_1_694' title='bbox 1875 4896 2037 4951; x_wconf 83' lang='lat' dir='ltr'><strong>utSi-</strong></span> 
     </span>
    </p>
   </div>
   <div class='ocr_carea' id='block_1_95' title="bbox 380 4968 1430 5040">
    <p class='ocr_par' dir='ltr' id='par_1_95' title="bbox 380 4968 1430 5040">
     <span class='ocr_line' id='line_1_97' title="bbox 380 4968 1430 5040; baseline -0.005 -14"><span class='ocrx_word' id='word_1_695' title='bbox 380 4973 569 5026; x_wconf 91' lang='lat' dir='ltr'><strong>monis</strong></span> <span class='ocrx_word' id='word_1_696' title='bbox 597 4968 744 5040; x_wconf 34' lang='lat' dir='ltr'><strong>Ma’gi</strong></span> <span class='ocrx_word' id='word_1_697' title='bbox 795 4969 1087 5039; x_wconf 70' lang='lat' dir='ltr'><strong>praestigia</strong></span> <span class='ocrx_word' id='word_1_698' title='bbox 1118 4968 1430 5023; x_wconf 78' lang='lat' dir='ltr'><strong>subvertat.</strong></span> 
     </span>
    </p>
   </div>
   <div class='ocr_carea' id='block_1_96' title="bbox 374 5074 2035 5141">
    <p class='ocr_par' dir='ltr' id='par_1_96' title="bbox 374 5074 2035 5141">
     <span class='ocr_line' id='line_1_98' title="bbox 374 5074 2035 5141; baseline -0.001 -10"><span class='ocrx_word' id='word_1_699' title='bbox 374 5080 535 5132; x_wconf 83' lang='lat' dir='ltr'><strong>Anno</strong></span> <span class='ocrx_word' id='word_1_700' title='bbox 565 5074 655 5131; x_wconf 88' lang='lat'><strong>63.</strong></span> <span class='ocrx_word' id='word_1_701' title='bbox 698 5105 765 5113; x_wconf 86' lang='lat'><strong>——</strong></span> <span class='ocrx_word' id='word_1_702' title='bbox 795 5076 996 5141; x_wconf 73' lang='lat' dir='ltr'><strong>Regulo</strong></span> <span class='ocrx_word' id='word_1_703' title='bbox 1049 5082 1100 5128; x_wconf 84' lang='lat' dir='ltr'><strong>et</strong></span> <span class='ocrx_word' id='word_1_704' title='bbox 1135 5078 1274 5141; x_wconf 82' lang='lat' dir='ltr'><strong>Rufo</strong></span> <span class='ocrx_word' id='word_1_705' title='bbox 1307 5091 1465 5140; x_wconf 67' lang='lat' dir='ltr'><strong>coss;</strong></span> <span class='ocrx_word' id='word_1_706' title='bbox 1509 5075 1566 5129; x_wconf 90' lang='lat' dir='ltr'><strong>S.</strong></span> <span class='ocrx_word' id='word_1_707' title='bbox 1599 5077 1745 5130; x_wconf 77' lang='lat' dir='ltr'><strong>Petri.</strong></span> <span class='ocrx_word' id='word_1_708' title='bbox 1799 5090 1953 5130; x_wconf 84' lang='lat' dir='ltr'><strong>xxxv</strong></span> <span class='ocrx_word' id='word_1_709' title='bbox 1985 5082 2035 5131; x_wconf 82' lang='lat' dir='ltr'><strong>et</strong></span> 
     </span>
    </p>
   </div>
   <div class='ocr_carea' id='block_1_97' title="bbox 580 5147 1818 5213">
    <p class='ocr_par' dir='ltr' id='par_1_97' title="bbox 580 5147 1818 5213">
     <span class='ocr_line' id='line_1_99' title="bbox 580 5147 1818 5213; baseline -0.002 -11"><span class='ocrx_word' id='word_1_710' title='bbox 580 5160 757 5202; x_wconf 74' lang='lat' dir='ltr'><strong>xxxvx</strong></span> <span class='ocrx_word' id='word_1_711' title='bbox 788 5154 839 5200; x_wconf 83' lang='lat' dir='ltr'><strong>et</strong></span> <span class='ocrx_word' id='word_1_712' title='bbox 866 5150 923 5199; x_wconf 76' lang='lat' dir='ltr'><strong>in</strong></span> <span class='ocrx_word' id='word_1_713' title='bbox 956 5150 1198 5201; x_wconf 80' lang='lat' dir='ltr'><strong>Romana</strong></span> <span class='ocrx_word' id='word_1_714' title='bbox 1230 5147 1352 5200; x_wconf 83' lang='lat' dir='ltr'><strong>sede</strong></span> <span class='ocrx_word' id='word_1_715' title='bbox 1386 5161 1556 5213; x_wconf 77' lang='grc' dir='ltr'><strong>χχιιι,</strong></span> <span class='ocrx_word' id='word_1_716' title='bbox 1584 5151 1633 5200; x_wconf 85' lang='lat' dir='ltr'><strong>et</strong></span> <span class='ocrx_word' id='word_1_717' title='bbox 1658 5160 1818 5201; x_wconf 74' lang='lat' dir='ltr'><strong>xxxv.</strong></span> 
     </span>
    </p>
   </div>
   <div class='ocr_carea' id='block_1_98' title="bbox 442 5253 2025 5322">
    <p class='ocr_par' dir='ltr' id='par_1_98' title="bbox 442 5253 2025 5322">
     <span class='ocr_line' id='line_1_100' title="bbox 442 5253 2025 5322; baseline -0.001 -14"><span class='ocrx_word' id='word_1_718' title='bbox 442 5254 638 5308; x_wconf 88' lang='lat' dir='ltr'><strong>Simon</strong></span> <span class='ocrx_word' id='word_1_719' title='bbox 686 5254 902 5321; x_wconf 78' lang='lat' dir='ltr'><strong>Magus,</strong></span> <span class='ocrx_word' id='word_1_720' title='bbox 963 5258 1162 5306; x_wconf 90' lang='lat' dir='ltr'><strong>orante</strong></span> <span class='ocrx_word' id='word_1_721' title='bbox 1207 5253 1263 5305; x_wconf 90' lang='lat' dir='ltr'><strong>B.</strong></span> <span class='ocrx_word' id='word_1_722' title='bbox 1316 5254 1499 5322; x_wconf 89' lang='lat' dir='ltr'><strong>Petro,</strong></span> <span class='ocrx_word' id='word_1_723' title='bbox 1554 5266 1803 5321; x_wconf 84' lang='lat' dir='ltr'><strong>praeceps</strong></span> <span class='ocrx_word' id='word_1_724' title='bbox 1851 5255 2025 5309; x_wconf 89' lang='lat' dir='ltr'><strong>cadit.</strong></span> 
     </span>
    </p>
   </div>
   <div class='ocr_carea' id='block_1_99' title="bbox 369 5324 2026 5391">
    <p class='ocr_par' dir='ltr' id='par_1_99' title="bbox 369 5324 2026 5391">
     <span class='ocr_line' id='line_1_101' title="bbox 369 5324 2026 5391; baseline 0.003 -15"><span class='ocrx_word' id='word_1_725' title='bbox 369 5325 510 5380; x_wconf 89' lang='lat' dir='ltr'><strong>Vide</strong></span> <span class='ocrx_word' id='word_1_726' title='bbox 541 5326 745 5379; x_wconf 84' lang='lat' dir='ltr'><strong>Baron.</strong></span> <span class='ocrx_word' id='word_1_727' title='bbox 780 5332 834 5378; x_wconf 89' lang='lat' dir='ltr'><strong>et</strong></span> <span class='ocrx_word' id='word_1_728' title='bbox 863 5332 1126 5378; x_wconf 88' lang='lat' dir='ltr'><strong>auctores</strong></span> <span class='ocrx_word' id='word_1_729' title='bbox 1151 5324 1222 5377; x_wconf 90' lang='lat' dir='ltr'><strong>ab</strong></span> <span class='ocrx_word' id='word_1_730' title='bbox 1243 5337 1307 5377; x_wconf 90' lang='lat' dir='ltr'><strong>eo</strong></span> <span class='ocrx_word' id='word_1_731' title='bbox 1338 5324 1647 5391; x_wconf 89' lang='lat' dir='ltr'><strong>productos</strong></span> <span class='ocrx_word' id='word_1_732' title='bbox 1676 5326 1742 5379; x_wconf 89' lang='lat' dir='ltr'><strong>ad</strong></span> <span class='ocrx_word' id='word_1_733' title='bbox 1775 5339 1908 5380; x_wconf 88' lang='lat' dir='ltr'><strong>ann.</strong></span> <span class='ocrx_word' id='word_1_734' title='bbox 1937 5327 2026 5390; x_wconf 73' lang='lat'><strong>(58,</strong></span> 
     </span>
    </p>
   </div>
   <div class='ocr_carea' id='block_1_100' title="bbox 368 5394 1772 5462">
    <p class='ocr_par' dir='ltr' id='par_1_100' title="bbox 368 5394 1772 5462">
     <span class='ocr_line' id='line_1_102' title="bbox 368 5394 1772 5462; baseline 0 -15"><span class='ocrx_word' id='word_1_735' title='bbox 368 5403 425 5449; x_wconf 90' lang='lat' dir='ltr'><strong>et</strong></span> <span class='ocrx_word' id='word_1_736' title='bbox 465 5402 627 5451; x_wconf 88' lang='lat' dir='ltr'><strong>notas</strong></span> <span class='ocrx_word' id='word_1_737' title='bbox 653 5396 952 5462; x_wconf 86' lang='lat' dir='ltr'><strong>Sommier,</strong></span> <span class='ocrx_word' id='word_1_738' title='bbox 997 5394 1144 5448; x_wconf 86' lang='lat' dir='ltr'><strong>infra</strong></span> <span class='ocrx_word' id='word_1_739' title='bbox 1173 5395 1241 5448; x_wconf 89' lang='lat' dir='ltr'><strong>ad</strong></span> <span class='ocrx_word' id='word_1_740' title='bbox 1273 5394 1427 5449; x_wconf 89' lang='lat' dir='ltr'><strong>hunc</strong></span> <span class='ocrx_word' id='word_1_741' title='bbox 1450 5409 1772 5450; x_wconf 90' lang='lat' dir='ltr'><strong>numerum.</strong></span> 
     </span>
    </p>
   </div>
   <div class='ocr_carea' id='block_1_101' title="bbox 366 5498 2022 5569">
    <p class='ocr_par' dir='ltr' id='par_1_101' title="bbox 366 5498 2022 5569">
     <span class='ocr_line' id='line_1_103' title="bbox 366 5498 2022 5569; baseline 0.003 -18"><span class='ocrx_word' id='word_1_742' title='bbox 366 5501 529 5555; x_wconf 87' lang='lat' dir='ltr'><strong>Anno</strong></span> <span class='ocrx_word' id='word_1_743' title='bbox 567 5498 656 5555; x_wconf 89' lang='grc'><strong>64.</strong></span> <span class='ocrx_word' id='word_1_744' title='bbox 684 5530 760 5539; x_wconf 89' lang='grc'><strong><em>-</em></strong></span> <span class='ocrx_word' id='word_1_745' title='bbox 795 5501 1027 5554; x_wconf 84' lang='lat' dir='ltr'><strong>Lecanio</strong></span> <span class='ocrx_word' id='word_1_746' title='bbox 1065 5501 1234 5553; x_wconf 82' lang='lat' dir='ltr'><strong>Basso</strong></span> <span class='ocrx_word' id='word_1_747' title='bbox 1286 5507 1336 5553; x_wconf 90' lang='lat' dir='ltr'><strong>et</strong></span> <span class='ocrx_word' id='word_1_748' title='bbox 1366 5502 1574 5554; x_wconf 81' lang='lat' dir='ltr'><strong>Licinio</strong></span> <span class='ocrx_word' id='word_1_749' title='bbox 1616 5503 1810 5555; x_wconf 81' lang='lat' dir='ltr'><strong>Crasso</strong></span> <span class='ocrx_word' id='word_1_750' title='bbox 1862 5520 2022 5569; x_wconf 88' lang='lat' dir='ltr'><strong>coss.;</strong></span> 
     </span>
    </p>
   </div>
   <div class='ocr_carea' id='block_1_102' title="bbox 437 5572 2018 5693">
    <p class='ocr_par' dir='ltr' id='par_1_102' title="bbox 437 5572 2018 5693">
     <span class='ocr_line' id='line_1_104' title="bbox 438 5572 2018 5691; baseline 0.003 -68"><span class='ocrx_word' id='word_1_751' title='bbox 438 5572 502 5691; x_wconf 63' lang='lat' dir='ltr'><strong>St.</strong></span> <span class='ocrx_word' id='word_1_752' title='bbox 550 5572 700 5624; x_wconf 79' lang='lat' dir='ltr'><strong>Petri</strong></span> <span class='ocrx_word' id='word_1_753' title='bbox 729 5584 902 5624; x_wconf 83' lang='lat' dir='ltr'><strong>xxxvi</strong></span> <span class='ocrx_word' id='word_1_754' title='bbox 937 5576 992 5623; x_wconf 88' lang='lat' dir='ltr'><strong>et</strong></span> <span class='ocrx_word' id='word_1_755' title='bbox 1020 5584 1244 5641; x_wconf 82' lang='lat' dir='ltr'><strong>xxxvii,</strong></span> <span class='ocrx_word' id='word_1_756' title='bbox 1277 5578 1327 5625; x_wconf 81' lang='lat' dir='ltr'><strong>et</strong></span> <span class='ocrx_word' id='word_1_757' title='bbox 1368 5575 1428 5625; x_wconf 82' lang='lat' dir='ltr'><strong>in</strong></span> <span class='ocrx_word' id='word_1_758' title='bbox 1456 5574 1700 5626; x_wconf 82' lang='lat' dir='ltr'><strong>Romana</strong></span> <span class='ocrx_word' id='word_1_759' title='bbox 1730 5573 1851 5626; x_wconf 85' lang='lat' dir='ltr'><strong>sede</strong></span> <span class='ocrx_word' id='word_1_760' title='bbox 1882 5587 2018 5627; x_wconf 74' lang='lat' dir='ltr'><strong>xxxv</strong></span> 
     </span>
     <span class='ocr_line' id='line_1_105' title="bbox 437 5652 644 5693; baseline 0.01 -2"><span class='ocrx_word' id='word_1_761' title='bbox 437 5655 461 5691; x_wconf 80' lang='grc' dir='ltr'><strong><em>ε</em></strong></span> <span class='ocrx_word' id='word_1_762' title='bbox 511 5652 644 5693; x_wconf 85' lang='lat' dir='ltr'><strong>xxv.</strong></span> 
     </span>
    </p>
   </div>
   <div class='ocr_carea' id='block_1_103' title="bbox 437 5741 2018 5819">
    <p class='ocr_par' dir='ltr' id='par_1_103' title="bbox 437 5741 2018 5819">
     <span class='ocr_line' id='line_1_106' title="bbox 437 5741 2018 5819; baseline 0.009 -29"><span class='ocrx_word' id='word_1_763' title='bbox 437 5741 769 5819; x_wconf 69' lang='lat' dir='ltr'><strong>lucepdium</strong></span> <span class='ocrx_word' id='word_1_764' title='bbox 787 5745 975 5819; x_wconf 74' lang='lat' dir='ltr'><strong>Romae</strong></span> <span class='ocrx_word' id='word_1_765' title='bbox 1002 5747 1110 5819; x_wconf 87' lang='lat' dir='ltr'><strong>sub</strong></span> <span class='ocrx_word' id='word_1_766' title='bbox 1135 5749 1373 5810; x_wconf 85' lang='lat' dir='ltr'><strong>Nerone,</strong></span> <span class='ocrx_word' id='word_1_767' title='bbox 1409 5754 1463 5803; x_wconf 90' lang='lat' dir='ltr'><strong>et</strong></span> <span class='ocrx_word' id='word_1_768' title='bbox 1487 5750 1811 5819; x_wconf 76' lang='lat' dir='ltr'><strong>persecutio</strong></span> <span class='ocrx_word' id='word_1_769' title='bbox 1835 5750 2018 5819; x_wconf 85' lang='lat' dir='ltr'><strong>prima</strong></span> 
     </span>
    </p>
   </div>
   <div class='ocr_carea' id='block_1_104' title="bbox 368 5807 2013 5890">
    <p class='ocr_par' dir='ltr' id='par_1_104' title="bbox 368 5807 2013 5890">
     <span class='ocr_line' id='line_1_107' title="bbox 368 5807 2013 5890; baseline 0.01 -32"><span class='ocrx_word' id='word_1_770' title='bbox 368 5807 827 5890; x_wconf 48' lang='lat' dir='ltr'><strong>Chpistiauorum</strong></span> <span class='ocrx_word' id='word_1_771' title='bbox 879 5816 1076 5890; x_wconf 43' lang='lat' dir='ltr'><strong>(Facit.</strong></span> <span class='ocrx_word' id='word_1_772' title='bbox 1108 5820 1314 5890; x_wconf 66' lang='lat' dir='ltr'><strong>Annal.</strong></span> <span class='ocrx_word' id='word_1_773' title='bbox 1367 5807 1460 5884; x_wconf 79' lang='lat' dir='ltr'><strong>xv,</strong></span> <span class='ocrx_word' id='word_1_774' title='bbox 1488 5807 1647 5875; x_wconf 59' lang='lat' dir='ltr'><strong>&#39;sect.</strong></span> <span class='ocrx_word' id='word_1_775' title='bbox 1699 5817 1769 5874; x_wconf 81' lang='lat'><strong>38</strong></span> <span class='ocrx_word' id='word_1_776' title='bbox 1811 5807 1867 5873; x_wconf 52' lang='lat' dir='ltr'><strong>e&#39;t.</strong></span> <span class='ocrx_word' id='word_1_777' title='bbox 1906 5817 2013 5890; x_wconf 86' lang='grc'><strong>44).</strong></span> 
     </span>
    </p>
   </div>
   <div class='ocr_carea' id='block_1_105' title="bbox 363 5876 1905 5953">
    <p class='ocr_par' dir='ltr' id='par_1_105' title="bbox 363 5876 1905 5953">
     <span class='ocr_line' id='line_1_108' title="bbox 363 5876 1905 5953; baseline 0.01 -25"><span class='ocrx_word' id='word_1_778' title='bbox 363 5878 421 5929; x_wconf 87' lang='lat' dir='ltr'><strong>S.</strong></span> <span class='ocrx_word' id='word_1_779' title='bbox 452 5876 655 5928; x_wconf 86' lang='lat' dir='ltr'><strong>Petrus</strong></span> <span class='ocrx_word' id='word_1_780' title='bbox 690 5876 993 5936; x_wconf 80' lang='lat' dir='ltr'><strong>secundum</strong></span> <span class='ocrx_word' id='word_1_781' title='bbox 1024 5886 1337 5953; x_wconf 77' lang='lat' dir='ltr'><strong>Epistulam</strong></span> <span class='ocrx_word' id='word_1_782' title='bbox 1375 5876 1510 5945; x_wconf 84' lang='lat' dir='ltr'><strong>hinc</strong></span> <span class='ocrx_word' id='word_1_783' title='bbox 1541 5891 1905 5945; x_wconf 87' lang='lat' dir='ltr'><strong>transmittit.</strong></span> 
     </span>
    </p>
   </div>
   <div class='ocr_carea' id='block_1_106' title="bbox 2157 3327 3833 3394">
    <p class='ocr_par' dir='ltr' id='par_1_106' title="bbox 2157 3327 3833 3394">
     <span class='ocr_line' id='line_1_109' title="bbox 2157 3327 3833 3394; baseline 0 -11"><span class='ocrx_word' id='word_1_784' title='bbox 2157 3328 2444 3393; x_wconf 87' lang='lat' dir='ltr'><strong>fundavit,</strong></span> <span class='ocrx_word' id='word_1_785' title='bbox 2498 3336 2760 3394; x_wconf 87' lang='lat' dir='ltr'><strong>rexttque</strong></span> <span class='ocrx_word' id='word_1_786' title='bbox 2808 3339 2904 3393; x_wconf 90' lang='lat' dir='ltr'><strong>per</strong></span> <span class='ocrx_word' id='word_1_787' title='bbox 2933 3340 2992 3380; x_wconf 90' lang='lat' dir='ltr'><strong>se</strong></span> <span class='ocrx_word' id='word_1_788' title='bbox 3027 3327 3213 3392; x_wconf 90' lang='lat' dir='ltr'><strong>ipsum</strong></span> <span class='ocrx_word' id='word_1_789' title='bbox 3258 3327 3579 3390; x_wconf 85' lang='lat' dir='ltr'><strong>ecclesiam,</strong></span> <span class='ocrx_word' id='word_1_790' title='bbox 3614 3330 3833 3383; x_wconf 82' lang='lat' dir='ltr'><strong>cathe-</strong></span> 
     </span>
    </p>
   </div>
   <div class='ocr_carea' id='block_1_107' title="bbox 2155 3398 3826 3469">
    <p class='ocr_par' dir='ltr' id='par_1_107' title="bbox 2155 3398 3826 3469">
     <span class='ocr_line' id='line_1_110' title="bbox 2155 3398 3826 3469; baseline 0 -15"><span class='ocrx_word' id='word_1_791' title='bbox 2155 3402 2314 3454; x_wconf 90' lang='lat' dir='ltr'><strong>dram</strong></span> <span class='ocrx_word' id='word_1_792' title='bbox 2352 3402 2476 3467; x_wconf 84' lang='lat' dir='ltr'><strong>ejus</strong></span> <span class='ocrx_word' id='word_1_793' title='bbox 2497 3399 2863 3469; x_wconf 62' lang='lat' dir='ltr'><strong>episcotiatus</strong></span> <span class='ocrx_word' id='word_1_794' title='bbox 2886 3398 3126 3466; x_wconf 88' lang='lat' dir='ltr'><strong>adeptus</strong></span> <span class='ocrx_word' id='word_1_795' title='bbox 3154 3412 3256 3451; x_wconf 79' lang='lat' dir='ltr'><strong>vni</strong></span> <span class='ocrx_word' id='word_1_796' title='bbox 3287 3399 3568 3453; x_wconf 82' lang='lat' dir='ltr'><strong>Kalendas</strong></span> <span class='ocrx_word' id='word_1_797' title='bbox 3598 3401 3826 3469; x_wconf 83' lang='lat' dir='ltr'><strong>Martii,</strong></span> 
     </span>
    </p>
   </div>
   <div class='ocr_carea' id='block_1_108' title="bbox 2161 3467 3827 3538">
    <p class='ocr_par' dir='ltr' id='par_1_108' title="bbox 2161 3467 3827 3538">
     <span class='ocr_line' id='line_1_111' title="bbox 2161 3467 3827 3538; baseline 0.002 -15"><span class='ocrx_word' id='word_1_798' title='bbox 2161 3472 2265 3525; x_wconf 87' lang='lat' dir='ltr'><strong>hoc</strong></span> <span class='ocrx_word' id='word_1_799' title='bbox 2291 3478 2375 3524; x_wconf 84' lang='lat' dir='ltr'><strong>est</strong></span> <span class='ocrx_word' id='word_1_800' title='bbox 2406 3472 2502 3525; x_wconf 92' lang='lat' dir='ltr'><strong>die</strong></span> <span class='ocrx_word' id='word_1_801' title='bbox 2544 3467 2614 3521; x_wconf 69' lang='lat'><strong>‘22</strong></span> <span class='ocrx_word' id='word_1_802' title='bbox 2646 3468 2968 3526; x_wconf 81' lang='lat' dir='ltr'><strong>Februarii.</strong></span> <span class='ocrx_word' id='word_1_803' title='bbox 3004 3484 3117 3538; x_wconf 83' lang='lat' dir='ltr'><strong>quo</strong></span> <span class='ocrx_word' id='word_1_804' title='bbox 3148 3470 3217 3524; x_wconf 88' lang='lat' dir='ltr'><strong>ab</strong></span> <span class='ocrx_word' id='word_1_805' title='bbox 3246 3469 3497 3524; x_wconf 90' lang='lat' dir='ltr'><strong>Ecclesia</strong></span> <span class='ocrx_word' id='word_1_806' title='bbox 3529 3467 3827 3526; x_wconf 82' lang='lat' dir='ltr'><strong>catholica</strong></span> 
     </span>
    </p>
   </div>
   <div class='ocr_carea' id='block_1_109' title="bbox 2156 3540 3824 3611">
    <p class='ocr_par' dir='ltr' id='par_1_109' title="bbox 2156 3540 3824 3611">
     <span class='ocr_line' id='line_1_112' title="bbox 2156 3540 3824 3611; baseline -0.001 -14"><span class='ocrx_word' id='word_1_807' title='bbox 2156 3543 2499 3602; x_wconf 85' lang='lat' dir='ltr'><strong>celebratur,</strong></span> <span class='ocrx_word' id='word_1_808' title='bbox 2534 3540 2799 3611; x_wconf 68' lang='lat' dir='ltr'><strong>sabbato,</strong></span> <span class='ocrx_word' id='word_1_809' title='bbox 2833 3554 2983 3594; x_wconf 91' lang='lat' dir='ltr'><strong>anno</strong></span> <span class='ocrx_word' id='word_1_810' title='bbox 3015 3554 3045 3594; x_wconf 89' lang='lat' dir='ltr'><strong>a</strong></span> <span class='ocrx_word' id='word_1_811' title='bbox 3090 3542 3400 3595; x_wconf 80' lang='lat' dir='ltr'><strong>Nativitate</strong></span> <span class='ocrx_word' id='word_1_812' title='bbox 3450 3541 3665 3595; x_wconf 85' lang='lat' dir='ltr'><strong>Christi</strong></span> <span class='ocrx_word' id='word_1_813' title='bbox 3725 3541 3824 3611; x_wconf 74' lang='lat'><strong>:37,</strong></span> 
     </span>
    </p>
   </div>
   <div class='ocr_carea' id='block_1_110' title="bbox 2155 3610 3821 3682">
    <p class='ocr_par' dir='ltr' id='par_1_110' title="bbox 2155 3610 3821 3682">
     <span class='ocr_line' id='line_1_113' title="bbox 2155 3610 3821 3682; baseline -0.001 -13"><span class='ocrx_word' id='word_1_814' title='bbox 2155 3614 2361 3669; x_wconf 86' lang='lat' dir='ltr'><strong>diebus</strong></span> <span class='ocrx_word' id='word_1_815' title='bbox 2385 3610 2592 3682; x_wconf 80' lang='lat' dir='ltr'><strong>viginti</strong></span> <span class='ocrx_word' id='word_1_816' title='bbox 2620 3611 2808 3665; x_wconf 83' lang='lat' dir='ltr'><strong>tribus</strong></span> <span class='ocrx_word' id='word_1_817' title='bbox 2828 3619 2959 3666; x_wconf 88' lang='lat' dir='ltr'><strong>ante</strong></span> <span class='ocrx_word' id='word_1_818' title='bbox 2984 3611 3205 3666; x_wconf 88' lang='lat' dir='ltr'><strong>obitum</strong></span> <span class='ocrx_word' id='word_1_819' title='bbox 3224 3612 3461 3666; x_wconf 87' lang='lat' dir='ltr'><strong>Tiberii.</strong></span> <span class='ocrx_word' id='word_1_820' title='bbox 3490 3613 3601 3666; x_wconf 85' lang='lat' dir='ltr'><strong>lloc</strong></span> <span class='ocrx_word' id='word_1_821' title='bbox 3622 3621 3821 3667; x_wconf 82' lang='lat' dir='ltr'><strong>autem</strong></span> 
     </span>
    </p>
   </div>
   <div class='ocr_carea' id='block_1_111' title="bbox 2156 3683 3822 3752">
    <p class='ocr_par' dir='ltr' id='par_1_111' title="bbox 2156 3683 3822 3752">
     <span class='ocr_line' id='line_1_114' title="bbox 2156 3683 3822 3752; baseline -0.001 -13"><span class='ocrx_word' id='word_1_822' title='bbox 2156 3700 2223 3739; x_wconf 90' lang='lat' dir='ltr'><strong>ex</strong></span> <span class='ocrx_word' id='word_1_823' title='bbox 2254 3686 2560 3741; x_wconf 83' lang='lat' dir='ltr'><strong>Clemente.</strong></span> <span class='ocrx_word' id='word_1_824' title='bbox 2606 3683 2874 3749; x_wconf 86' lang='lat' dir='ltr'><strong>Eusebio,</strong></span> <span class='ocrx_word' id='word_1_825' title='bbox 2921 3684 3269 3752; x_wconf 80' lang='lat' dir='ltr'><strong>Hieronymo</strong></span> <span class='ocrx_word' id='word_1_826' title='bbox 3316 3691 3372 3737; x_wconf 90' lang='lat' dir='ltr'><strong>et</strong></span> <span class='ocrx_word' id='word_1_827' title='bbox 3400 3683 3537 3737; x_wconf 89' lang='lat' dir='ltr'><strong>aliis</strong></span> <span class='ocrx_word' id='word_1_828' title='bbox 3568 3692 3822 3749; x_wconf 82' lang='lat' dir='ltr'><strong>constat,</strong></span> 
     </span>
    </p>
   </div>
   <div class='ocr_carea' id='block_1_112' title="bbox 2158 3754 3822 3825">
    <p class='ocr_par' dir='ltr' id='par_1_112' title="bbox 2158 3754 3822 3825">
     <span class='ocr_line' id='line_1_115' title="bbox 2158 3754 3822 3825; baseline -0.001 -15"><span class='ocrx_word' id='word_1_829' title='bbox 2158 3758 2257 3825; x_wconf 88' lang='lat' dir='ltr'><strong>qui</strong></span> <span class='ocrx_word' id='word_1_830' title='bbox 2294 3757 2347 3810; x_wconf 91' lang='lat' dir='ltr'><strong>id</strong></span> <span class='ocrx_word' id='word_1_831' title='bbox 2383 3769 2449 3809; x_wconf 85' lang='lat' dir='ltr'><strong>ex</strong></span> <span class='ocrx_word' id='word_1_832' title='bbox 2482 3754 2924 3823; x_wconf 85' lang='lat' dir='ltr'><strong>antiquioribus</strong></span> <span class='ocrx_word' id='word_1_833' title='bbox 2948 3755 3074 3822; x_wconf 90' lang='lat' dir='ltr'><strong>ejus</strong></span> <span class='ocrx_word' id='word_1_834' title='bbox 3108 3756 3373 3809; x_wconf 80' lang='lat' dir='ltr'><strong>Ecclesiae</strong></span> <span class='ocrx_word' id='word_1_835' title='bbox 3428 3757 3822 3809; x_wconf 88' lang='lat' dir='ltr'><strong>monumentis</strong></span> 
     </span>
    </p>
   </div>
   <div class='ocr_carea' id='block_1_113' title="bbox 2156 3826 3822 3897">
    <p class='ocr_par' dir='ltr' id='par_1_113' title="bbox 2156 3826 3822 3897">
     <span class='ocr_line' id='line_1_116' title="bbox 2156 3826 3822 3897; baseline -0.001 -16"><span class='ocrx_word' id='word_1_836' title='bbox 2156 3828 2531 3897; x_wconf 71' lang='lat' dir='ltr'><strong>collegerunt,</strong></span> <span class='ocrx_word' id='word_1_837' title='bbox 2575 3828 2746 3896; x_wconf 89' lang='lat' dir='ltr'><strong>eique</strong></span> <span class='ocrx_word' id='word_1_838' title='bbox 2774 3826 3494 3897; x_wconf 79' lang='lat' dir='ltr'><strong>septenuiumpraefuisse,</strong></span> <span class='ocrx_word' id='word_1_839' title='bbox 3533 3828 3822 3894; x_wconf 87' lang='lat' dir='ltr'><strong>proﬁten-</strong></span> 
     </span>
    </p>
   </div>
   <div class='ocr_carea' id='block_1_114' title="bbox 2157 3896 3821 3967">
    <p class='ocr_par' dir='ltr' id='par_1_114' title="bbox 2157 3896 3821 3967">
     <span class='ocr_line' id='line_1_117' title="bbox 2157 3896 3821 3967; baseline -0.001 -14"><span class='ocrx_word' id='word_1_840' title='bbox 2157 3908 2273 3960; x_wconf 84' lang='lat' dir='ltr'><strong>tur.</strong></span> <span class='ocrx_word' id='word_1_841' title='bbox 2302 3896 2611 3953; x_wconf 87' lang='lat' dir='ltr'><strong>nontamen</strong></span> <span class='ocrx_word' id='word_1_842' title='bbox 2642 3899 2946 3967; x_wconf 81' lang='lat' dir='ltr'><strong>integrum.</strong></span> <span class='ocrx_word' id='word_1_843' title='bbox 2975 3900 3049 3950; x_wconf 91' lang='lat' dir='ltr'><strong>lta</strong></span> <span class='ocrx_word' id='word_1_844' title='bbox 3077 3896 3285 3952; x_wconf 85' lang='lat' dir='ltr'><strong>habent</strong></span> <span class='ocrx_word' id='word_1_845' title='bbox 3305 3903 3555 3951; x_wconf 85' lang='lat' dir='ltr'><strong>veterum</strong></span> <span class='ocrx_word' id='word_1_846' title='bbox 3583 3898 3821 3951; x_wconf 87' lang='lat' dir='ltr'><strong>Patrum</strong></span> 
     </span>
    </p>
   </div>
   <div class='ocr_carea' id='block_1_115' title="bbox 2158 3968 3822 4036">
    <p class='ocr_par' dir='ltr' id='par_1_115' title="bbox 2158 3968 3822 4036">
     <span class='ocr_line' id='line_1_118' title="bbox 2158 3968 3822 4036; baseline -0.002 -10"><span class='ocrx_word' id='word_1_847' title='bbox 2158 3973 2476 4031; x_wconf 74' lang='lat' dir='ltr'><strong>sententiae,</strong></span> <span class='ocrx_word' id='word_1_848' title='bbox 2534 3972 2609 4023; x_wconf 86' lang='lat' dir='ltr'><strong>ita</strong></span> <span class='ocrx_word' id='word_1_849' title='bbox 2667 3972 2920 4036; x_wconf 80' lang='lat' dir='ltr'><strong>antiquae</strong></span> <span class='ocrx_word' id='word_1_850' title='bbox 2977 3968 3382 4022; x_wconf 74' lang='lat' dir='ltr'><strong>ecclesiasticae</strong></span> <span class='ocrx_word' id='word_1_851' title='bbox 3446 3968 3822 4031; x_wconf 85' lang='lat' dir='ltr'><strong>traditiones,</strong></span> 
     </span>
    </p>
   </div>
   <div class='ocr_carea' id='block_1_116' title="bbox 2156 4038 3820 4105">
    <p class='ocr_par' dir='ltr' id='par_1_116' title="bbox 2156 4038 3820 4105">
     <span class='ocr_line' id='line_1_119' title="bbox 2156 4038 3820 4105; baseline -0.001 -9"><span class='ocrx_word' id='word_1_852' title='bbox 2156 4045 2415 4097; x_wconf 90' lang='lat' dir='ltr'><strong>omnium</strong></span> <span class='ocrx_word' id='word_1_853' title='bbox 2437 4040 2712 4095; x_wconf 87' lang='lat' dir='ltr'><strong>stabilitae</strong></span> <span class='ocrx_word' id='word_1_854' title='bbox 2733 4051 3012 4091; x_wconf 88' lang='lat' dir='ltr'><strong>consensu</strong></span> <span class='ocrx_word' id='word_1_855' title='bbox 3037 4052 3052 4091; x_wconf 74' lang='grc' dir='ltr'>ε</span> <span class='ocrx_word' id='word_1_856' title='bbox 3080 4038 3294 4105; x_wconf 91' lang='lat' dir='ltr'><strong>quibus</strong></span> <span class='ocrx_word' id='word_1_857' title='bbox 3324 4038 3518 4101; x_wconf 86' lang='lat' dir='ltr'><strong>potius</strong></span> <span class='ocrx_word' id='word_1_858' title='bbox 3540 4040 3820 4095; x_wconf 85' lang='lat' dir='ltr'><strong>standum</strong></span> 
     </span>
    </p>
   </div>
   <div class='ocr_carea' id='block_1_117' title="bbox 2158 4107 3822 4182">
    <p class='ocr_par' dir='ltr' id='par_1_117' title="bbox 2158 4107 3822 4182">
     <span class='ocr_line' id='line_1_120' title="bbox 2158 4107 3822 4182; baseline -0.001 -14"><span class='ocrx_word' id='word_1_859' title='bbox 2158 4129 2325 4182; x_wconf 86' lang='lat' dir='ltr'><strong>quam</strong></span> <span class='ocrx_word' id='word_1_860' title='bbox 2357 4113 2602 4166; x_wconf 88' lang='lat' dir='ltr'><strong>aliorum</strong></span> <span class='ocrx_word' id='word_1_861' title='bbox 2629 4109 2869 4182; x_wconf 76' lang='lat' dir='ltr'><strong>novitiis</strong></span> <span class='ocrx_word' id='word_1_862' title='bbox 2890 4110 3248 4182; x_wconf 77' lang='lat' dir='ltr'><strong>commentis,</strong></span> <span class='ocrx_word' id='word_1_863' title='bbox 3270 4110 3366 4177; x_wconf 88' lang='lat' dir='ltr'><strong>qui</strong></span> <span class='ocrx_word' id='word_1_864' title='bbox 3392 4107 3822 4182; x_wconf 82' lang='lat' dir='ltr'><strong>Antiochenam</strong></span> 
     </span>
    </p>
   </div>
   <div class='ocr_carea' id='block_1_118' title="bbox 2156 4179 3825 4248">
    <p class='ocr_par' dir='ltr' id='par_1_118' title="bbox 2156 4179 3825 4248">
     <span class='ocr_line' id='line_1_121' title="bbox 2156 4179 3825 4248; baseline -0.001 -8"><span class='ocrx_word' id='word_1_865' title='bbox 2156 4179 2483 4239; x_wconf 84' lang='lat' dir='ltr'><strong>cathedram</strong></span> <span class='ocrx_word' id='word_1_866' title='bbox 2527 4186 2652 4248; x_wconf 90' lang='lat' dir='ltr'><strong>post</strong></span> <span class='ocrx_word' id='word_1_867' title='bbox 2682 4180 2985 4233; x_wconf 84' lang='lat' dir='ltr'><strong>Romanam</strong></span> <span class='ocrx_word' id='word_1_868' title='bbox 3019 4191 3049 4230; x_wconf 89' lang='lat' dir='ltr'><strong>a</strong></span> <span class='ocrx_word' id='word_1_869' title='bbox 3080 4179 3242 4233; x_wconf 90' lang='lat' dir='ltr'><strong>Petro</strong></span> <span class='ocrx_word' id='word_1_870' title='bbox 3273 4185 3596 4246; x_wconf 84' lang='lat' dir='ltr'><strong>susceptam</strong></span> <span class='ocrx_word' id='word_1_871' title='bbox 3630 4179 3825 4238; x_wconf 88' lang='lat' dir='ltr'><strong>fuisse</strong></span> 
     </span>
    </p>
   </div>
   <div class='ocr_carea' id='block_1_119' title="bbox 2156 4256 2530 4324">
    <p class='ocr_par' dir='ltr' id='par_1_119' title="bbox 2156 4256 2530 4324">
     <span class='ocr_line' id='line_1_122' title="bbox 2156 4256 2530 4324; baseline -0.019 -13"><span class='ocrx_word' id='word_1_872' title='bbox 2156 4256 2530 4324; x_wconf 85' lang='lat' dir='ltr'><strong>scripserunt.</strong></span> 
     </span>
    </p>
   </div>
   <div class='ocr_carea' id='block_1_120' title="bbox 2229 4320 3822 4384">
    <p class='ocr_par' dir='ltr' id='par_1_120' title="bbox 2229 4320 3822 4384">
     <span class='ocr_line' id='line_1_123' title="bbox 2229 4320 3822 4384; baseline -0.001 -4"><span class='ocrx_word' id='word_1_873' title='bbox 2229 4320 2398 4381; x_wconf 85' lang='lat' dir='ltr'><strong>Linea</strong></span> <span class='ocrx_word' id='word_1_874' title='bbox 2430 4320 2483 4377; x_wconf 91' lang='lat'><strong>3.</strong></span> <span class='ocrx_word' id='word_1_875' title='bbox 2512 4351 2587 4361; x_wconf 91' lang='lat'><strong>-—</strong></span> <span class='ocrx_word' id='word_1_876' title='bbox 2631 4321 2733 4374; x_wconf 80' lang='lat' dir='ltr'><strong>Hic</strong></span> <span class='ocrx_word' id='word_1_877' title='bbox 2771 4322 2961 4373; x_wconf 79' lang='lat' dir='ltr'><strong>Petrus</strong></span> <span class='ocrx_word' id='word_1_878' title='bbox 3014 4321 3294 4384; x_wconf 78' lang='lat' dir='ltr'><strong>ingressus</strong></span> <span class='ocrx_word' id='word_1_879' title='bbox 3350 4323 3408 4373; x_wconf 83' lang='lat' dir='ltr'><strong>in</strong></span> <span class='ocrx_word' id='word_1_880' title='bbox 3453 4323 3644 4376; x_wconf 82' lang='lat' dir='ltr'><strong>urbem</strong></span> <span class='ocrx_word' id='word_1_881' title='bbox 3698 4327 3822 4379; x_wconf 79' lang='lat' dir='ltr'><strong>Ito-</strong></span> 
     </span>
    </p>
   </div>
   <div class='ocr_carea' id='block_1_121' title="bbox 2152 4392 3815 4462">
    <p class='ocr_par' dir='ltr' id='par_1_121' title="bbox 2152 4392 3815 4462">
     <span class='ocr_line' id='line_1_124' title="bbox 2152 4392 3815 4462; baseline 0.001 -12"><span class='ocrx_word' id='word_1_882' title='bbox 2152 4414 2299 4450; x_wconf 84' lang='lat' dir='ltr'><strong>mam</strong></span> <span class='ocrx_word' id='word_1_883' title='bbox 2337 4395 2436 4447; x_wconf 84' lang='lat' dir='ltr'><strong>sub</strong></span> <span class='ocrx_word' id='word_1_884' title='bbox 2465 4396 2674 4447; x_wconf 79' lang='lat' dir='ltr'><strong>Nerone</strong></span> <span class='ocrx_word' id='word_1_885' title='bbox 2722 4392 2947 4443; x_wconf 74' lang='lat' dir='ltr'><strong>Caesare.</strong></span> <span class='ocrx_word' id='word_1_886' title='bbox 3000 4393 3163 4446; x_wconf 86' lang='lat' dir='ltr'><strong>Anno</strong></span> <span class='ocrx_word' id='word_1_887' title='bbox 3210 4393 3426 4446; x_wconf 88' lang='lat' dir='ltr'><strong>Christi</strong></span> <span class='ocrx_word' id='word_1_888' title='bbox 3494 4392 3580 4462; x_wconf 90' lang='grc'><strong>44,</strong></span> <span class='ocrx_word' id='word_1_889' title='bbox 3656 4396 3815 4453; x_wconf 86' lang='lat' dir='ltr'><strong>Petri</strong></span> 
     </span>
    </p>
   </div>
   <div class='ocr_carea' id='block_1_122' title="bbox 2156 4462 3815 4536">
    <p class='ocr_par' dir='ltr' id='par_1_122' title="bbox 2156 4462 3815 4536">
     <span class='ocr_line' id='line_1_125' title="bbox 2156 4462 3815 4536; baseline 0 -15"><span class='ocrx_word' id='word_1_890' title='bbox 2156 4467 2363 4536; x_wconf 86' lang='lat' dir='ltr'><strong>pontif.</strong></span> <span class='ocrx_word' id='word_1_891' title='bbox 2401 4463 2467 4518; x_wconf 72' lang='grc'>42</span> <span class='ocrx_word' id='word_1_892' title='bbox 2498 4483 2513 4533; x_wconf 83' lang='lat'><strong>;</strong></span> <span class='ocrx_word' id='word_1_893' title='bbox 2540 4463 2772 4536; x_wconf 82' lang='lat' dir='ltr'><strong>Claudii</strong></span> <span class='ocrx_word' id='word_1_894' title='bbox 2799 4463 3165 4536; x_wconf 84' lang='lat' dir='ltr'><strong>imperatoris</strong></span> <span class='ocrx_word' id='word_1_895' title='bbox 3189 4477 3281 4517; x_wconf 91' lang='lat' dir='ltr'><strong>an.</strong></span> <span class='ocrx_word' id='word_1_896' title='bbox 3306 4462 3361 4525; x_wconf 68' lang='lat'><strong>2,</strong></span> <span class='ocrx_word' id='word_1_897' title='bbox 3390 4464 3622 4520; x_wconf 82' lang='lat' dir='ltr'><strong>Tiberio</strong></span> <span class='ocrx_word' id='word_1_898' title='bbox 3643 4467 3815 4522; x_wconf 89' lang='lat' dir='ltr'><strong>Clau-</strong></span> 
     </span>
    </p>
   </div>
   <div class='ocr_carea' id='block_1_123' title="bbox 2152 4532 3815 4605">
    <p class='ocr_par' dir='ltr' id='par_1_123' title="bbox 2152 4532 3815 4605">
     <span class='ocr_line' id='line_1_126' title="bbox 2152 4532 3815 4605; baseline 0.001 -13"><span class='ocrx_word' id='word_1_899' title='bbox 2152 4532 2251 4592; x_wconf 83' lang='lat' dir='ltr'><strong>dio</strong></span> <span class='ocrx_word' id='word_1_900' title='bbox 2272 4532 2663 4604; x_wconf 43' lang='lat' dir='ltr'><strong>Caesare&#39;Aug.</strong></span> <span class='ocrx_word' id='word_1_901' title='bbox 2692 4532 3035 4589; x_wconf 88' lang='lat' dir='ltr'><strong>Germanico</strong></span> <span class='ocrx_word' id='word_1_902' title='bbox 3064 4548 3123 4603; x_wconf 86' lang='lat' dir='ltr'><strong>II,</strong></span> <span class='ocrx_word' id='word_1_903' title='bbox 3153 4542 3207 4589; x_wconf 87' lang='lat' dir='ltr'><strong>et</strong></span> <span class='ocrx_word' id='word_1_904' title='bbox 3238 4537 3294 4589; x_wconf 89' lang='lat' dir='ltr'><strong>L.</strong></span> <span class='ocrx_word' id='word_1_905' title='bbox 3332 4536 3562 4592; x_wconf 84' lang='lat' dir='ltr'><strong>Vitellio</strong></span> <span class='ocrx_word' id='word_1_906' title='bbox 3596 4539 3815 4605; x_wconf 83' lang='lat' dir='ltr'><strong>Nepote</strong></span> 
     </span>
    </p>
   </div>
   <div class='ocr_carea' id='block_1_124' title="bbox 2158 4607 3812 4675">
    <p class='ocr_par' dir='ltr' id='par_1_124' title="bbox 2158 4607 3812 4675">
     <span class='ocr_line' id='line_1_127' title="bbox 2158 4607 3812 4675; baseline 0.002 -13"><span class='ocrx_word' id='word_1_907' title='bbox 2158 4623 2193 4663; x_wconf 89' lang='lat' dir='ltr'><strong>Il</strong></span> <span class='ocrx_word' id='word_1_908' title='bbox 2224 4622 2369 4663; x_wconf 88' lang='lat' dir='ltr'><strong>coss.</strong></span> <span class='ocrx_word' id='word_1_909' title='bbox 2412 4609 2551 4660; x_wconf 89' lang='lat' dir='ltr'><strong>Cum</strong></span> <span class='ocrx_word' id='word_1_910' title='bbox 2580 4608 2781 4659; x_wconf 86' lang='lat' dir='ltr'><strong>Petrus</strong></span> <span class='ocrx_word' id='word_1_911' title='bbox 2814 4607 3075 4675; x_wconf 75' lang='grc' dir='ltr'><strong>ροιιιιιοδ,</strong></span> <span class='ocrx_word' id='word_1_912' title='bbox 3107 4608 3205 4674; x_wconf 93' lang='lat' dir='ltr'><strong>qui</strong></span> <span class='ocrx_word' id='word_1_913' title='bbox 3236 4621 3304 4662; x_wconf 90' lang='lat' dir='ltr'><strong>ex</strong></span> <span class='ocrx_word' id='word_1_914' title='bbox 3356 4609 3812 4665; x_wconf 90' lang='lat' dir='ltr'><strong>circumcisione</strong></span> 
     </span>
    </p>
   </div>
   <div class='ocr_carea' id='block_1_125' title="bbox 2152 4678 3806 4747">
    <p class='ocr_par' dir='ltr' id='par_1_125' title="bbox 2152 4678 3806 4747">
     <span class='ocr_line' id='line_1_128' title="bbox 2152 4678 3806 4747; baseline 0 -12"><span class='ocrx_word' id='word_1_915' title='bbox 2152 4686 2334 4747; x_wconf 84' lang='lat' dir='ltr'><strong>erant,</strong></span> <span class='ocrx_word' id='word_1_916' title='bbox 2372 4679 2658 4747; x_wconf 72' lang='lat' dir='ltr'><strong>praecipue</strong></span> <span class='ocrx_word' id='word_1_917' title='bbox 2686 4679 2995 4746; x_wconf 88' lang='lat' dir='ltr'><strong>erudisset,</strong></span> <span class='ocrx_word' id='word_1_918' title='bbox 3039 4678 3451 4732; x_wconf 87' lang='lat' dir='ltr'><strong>Antiochenam</strong></span> <span class='ocrx_word' id='word_1_919' title='bbox 3488 4679 3806 4736; x_wconf 82' lang='lat' dir='ltr'><strong>Ecclesium</strong></span> 
     </span>
    </p>
   </div>
   <div class='ocr_carea' id='block_1_126' title="bbox 2151 4749 3805 4819">
    <p class='ocr_par' dir='ltr' id='par_1_126' title="bbox 2151 4749 3805 4819">
     <span class='ocr_line' id='line_1_129' title="bbox 2151 4749 3805 4819; baseline 0 -13"><span class='ocrx_word' id='word_1_920' title='bbox 2151 4751 2467 4813; x_wconf 85' lang='lat' dir='ltr'><strong>fundasset,</strong></span> <span class='ocrx_word' id='word_1_921' title='bbox 2502 4752 2762 4815; x_wconf 90' lang='lat' dir='ltr'><strong>Pontum,</strong></span> <span class='ocrx_word' id='word_1_922' title='bbox 2785 4749 3090 4813; x_wconf 86' lang='lat' dir='ltr'><strong>Galatiam,</strong></span> <span class='ocrx_word' id='word_1_923' title='bbox 3114 4750 3551 4818; x_wconf 87' lang='lat' dir='ltr'><strong>Cappadociam.</strong></span> <span class='ocrx_word' id='word_1_924' title='bbox 3582 4753 3805 4819; x_wconf 89' lang='lat' dir='ltr'><strong>Asiam,</strong></span> 
     </span>
    </p>
   </div>
   <div class='ocr_carea' id='block_1_127' title="bbox 2148 4820 3807 4891">
    <p class='ocr_par' dir='ltr' id='par_1_127' title="bbox 2148 4820 3807 4891">
     <span class='ocr_line' id='line_1_130' title="bbox 2148 4820 3807 4891; baseline 0.001 -14"><span class='ocrx_word' id='word_1_925' title='bbox 2148 4832 2321 4891; x_wconf 86' lang='lat' dir='ltr'><strong>atque</strong></span> <span class='ocrx_word' id='word_1_926' title='bbox 2347 4821 2695 4890; x_wconf 84' lang='lat' dir='ltr'><strong>Bithyniam,</strong></span> <span class='ocrx_word' id='word_1_927' title='bbox 2732 4820 2957 4886; x_wconf 71' lang='lat' dir='ltr'><strong>legibus</strong></span> <span class='ocrx_word' id='word_1_928' title='bbox 2991 4822 3422 4889; x_wconf 61' lang='lat' dir='ltr'><strong>praedicationis</strong></span> <span class='ocrx_word' id='word_1_929' title='bbox 3461 4821 3807 4890; x_wconf 76' lang='lat' dir='ltr'><strong>evangelicae</strong></span> 
     </span>
    </p>
   </div>
   <div class='ocr_carea' id='block_1_128' title="bbox 2150 4892 3807 4960">
    <p class='ocr_par' dir='ltr' id='par_1_128' title="bbox 2150 4892 3807 4960">
     <span class='ocr_line' id='line_1_131' title="bbox 2150 4892 3807 4960; baseline 0.001 -12"><span class='ocrx_word' id='word_1_930' title='bbox 2150 4895 2474 4957; x_wconf 88' lang='lat' dir='ltr'><strong>imbuisset,</strong></span> <span class='ocrx_word' id='word_1_931' title='bbox 2526 4894 2707 4947; x_wconf 88' lang='lat' dir='ltr'><strong>totius</strong></span> <span class='ocrx_word' id='word_1_932' title='bbox 2761 4893 2959 4946; x_wconf 91' lang='lat' dir='ltr'><strong>mundi</strong></span> <span class='ocrx_word' id='word_1_933' title='bbox 3012 4893 3326 4960; x_wconf 88' lang='lat' dir='ltr'><strong>principem</strong></span> <span class='ocrx_word' id='word_1_934' title='bbox 3380 4892 3693 4959; x_wconf 87' lang='lat' dir='ltr'><strong>civitatem,</strong></span> <span class='ocrx_word' id='word_1_935' title='bbox 3748 4902 3807 4949; x_wconf 87' lang='lat' dir='ltr'><strong>et</strong></span> 
     </span>
    </p>
   </div>
   <div class='ocr_carea' id='block_1_129' title="bbox 2144 4963 3805 5031">
    <p class='ocr_par' dir='ltr' id='par_1_129' title="bbox 2144 4963 3805 5031">
     <span class='ocr_line' id='line_1_132' title="bbox 2144 4963 3805 5031; baseline -0.001 -10"><span class='ocrx_word' id='word_1_936' title='bbox 2144 4967 2457 5025; x_wconf 87' lang='lat' dir='ltr'><strong>dominam.</strong></span> <span class='ocrx_word' id='word_1_937' title='bbox 2479 4972 2534 5018; x_wconf 87' lang='lat' dir='ltr'><strong>et</strong></span> <span class='ocrx_word' id='word_1_938' title='bbox 2561 4964 2813 5017; x_wconf 90' lang='lat' dir='ltr'><strong>universi</strong></span> <span class='ocrx_word' id='word_1_939' title='bbox 2858 4963 3018 5017; x_wconf 91' lang='lat' dir='ltr'><strong>orbis</strong></span> <span class='ocrx_word' id='word_1_940' title='bbox 3056 4965 3384 5031; x_wconf 89' lang='lat' dir='ltr'><strong>primariam</strong></span> <span class='ocrx_word' id='word_1_941' title='bbox 3409 4977 3614 5027; x_wconf 89' lang='lat' dir='ltr'><strong>arcem,</strong></span> <span class='ocrx_word' id='word_1_942' title='bbox 3641 4966 3805 5019; x_wconf 89' lang='lat' dir='ltr'><strong>Prin-</strong></span> 
     </span>
    </p>
   </div>
   <div class='ocr_carea' id='block_1_130' title="bbox 2144 5035 3804 5106">
    <p class='ocr_par' dir='ltr' id='par_1_130' title="bbox 2144 5035 3804 5106">
     <span class='ocr_line' id='line_1_133' title="bbox 2144 5035 3804 5106; baseline -0.001 -14"><span class='ocrx_word' id='word_1_943' title='bbox 2144 5053 2277 5106; x_wconf 90' lang='lat' dir='ltr'><strong>ceps</strong></span> <span class='ocrx_word' id='word_1_944' title='bbox 2324 5035 2711 5105; x_wconf 86' lang='lat' dir='ltr'><strong>apostolorum</strong></span> <span class='ocrx_word' id='word_1_945' title='bbox 2762 5042 2818 5088; x_wconf 90' lang='lat' dir='ltr'><strong>et</strong></span> <span class='ocrx_word' id='word_1_946' title='bbox 2870 5036 3183 5103; x_wconf 87' lang='lat' dir='ltr'><strong>primarius</strong></span> <span class='ocrx_word' id='word_1_947' title='bbox 3212 5042 3490 5089; x_wconf 89' lang='lat' dir='ltr'><strong>terrarum</strong></span> <span class='ocrx_word' id='word_1_948' title='bbox 3524 5036 3641 5106; x_wconf 79' lang='lat' dir='ltr'><strong>dux</strong></span> <span class='ocrx_word' id='word_1_949' title='bbox 3702 5037 3804 5091; x_wconf 90' lang='lat' dir='ltr'><strong>in—</strong></span> 
     </span>
    </p>
   </div>
   <div class='ocr_carea' id='block_1_131' title="bbox 2143 5105 3803 5181">
    <p class='ocr_par' dir='ltr' id='par_1_131' title="bbox 2143 5105 3803 5181">
     <span class='ocr_line' id='line_1_134' title="bbox 2143 5105 3803 5181; baseline -0.002 -17"><span class='ocrx_word' id='word_1_950' title='bbox 2143 5105 2376 5181; x_wconf 75' lang='lat' dir='ltr'><strong>gressus</strong></span> <span class='ocrx_word' id='word_1_951' title='bbox 2423 5122 2491 5181; x_wconf 83' lang='lat' dir='ltr'><strong>xv</strong></span> <span class='ocrx_word' id='word_1_952' title='bbox 2524 5106 2806 5181; x_wconf 78' lang='lat' dir='ltr'><strong>Kalendas</strong></span> <span class='ocrx_word' id='word_1_953' title='bbox 2838 5107 3185 5181; x_wconf 76' lang='lat' dir='ltr'><strong>Februarii._</strong></span> <span class='ocrx_word' id='word_1_954' title='bbox 3209 5106 3314 5161; x_wconf 89' lang='lat' dir='ltr'><strong>hoc</strong></span> <span class='ocrx_word' id='word_1_955' title='bbox 3353 5113 3440 5160; x_wconf 91' lang='lat' dir='ltr'><strong>est</strong></span> <span class='ocrx_word' id='word_1_956' title='bbox 3480 5106 3574 5160; x_wconf 91' lang='lat' dir='ltr'><strong>die</strong></span> <span class='ocrx_word' id='word_1_957' title='bbox 3603 5105 3671 5181; x_wconf 60' lang='grc'><strong>46</strong></span> <span class='ocrx_word' id='word_1_958' title='bbox 3698 5108 3803 5181; x_wconf 80' lang='lat' dir='ltr'><strong>Ja-</strong></span> 
     </span>
    </p>
   </div>
   <div class='ocr_carea' id='block_1_132' title="bbox 2142 5176 3799 5248">
    <p class='ocr_par' dir='ltr' id='par_1_132' title="bbox 2142 5176 3799 5248">
     <span class='ocr_line' id='line_1_135' title="bbox 2142 5176 3799 5248; baseline -0.001 -13"><span class='ocrx_word' id='word_1_959' title='bbox 2142 5176 2360 5241; x_wconf 78' lang='lat' dir='ltr'><strong>nuarii,</strong></span> <span class='ocrx_word' id='word_1_960' title='bbox 2395 5179 2495 5248; x_wconf 91' lang='lat' dir='ltr'><strong>qui</strong></span> <span class='ocrx_word' id='word_1_961' title='bbox 2551 5179 2760 5232; x_wconf 90' lang='lat' dir='ltr'><strong>incidit</strong></span> <span class='ocrx_word' id='word_1_962' title='bbox 2800 5186 2935 5231; x_wconf 89' lang='lat' dir='ltr'><strong>tunc</strong></span> <span class='ocrx_word' id='word_1_963' title='bbox 2980 5179 3035 5231; x_wconf 91' lang='lat' dir='ltr'><strong>in</strong></span> <span class='ocrx_word' id='word_1_964' title='bbox 3084 5176 3282 5231; x_wconf 87' lang='lat' dir='ltr'><strong>feriam</strong></span> <span class='ocrx_word' id='word_1_965' title='bbox 3340 5183 3577 5237; x_wconf 86' lang='lat' dir='ltr'><strong>sextam,</strong></span> <span class='ocrx_word' id='word_1_966' title='bbox 3631 5177 3799 5234; x_wconf 87' lang='lat' dir='ltr'><strong>ﬁnito</strong></span> 
     </span>
    </p>
   </div>
   <div class='ocr_carea' id='block_1_133' title="bbox 2141 5248 3797 5317">
    <p class='ocr_par' dir='ltr' id='par_1_133' title="bbox 2141 5248 3797 5317">
     <span class='ocr_line' id='line_1_136' title="bbox 2141 5248 3797 5317; baseline -0.002 -10"><span class='ocrx_word' id='word_1_967' title='bbox 2141 5253 2392 5307; x_wconf 89' lang='lat' dir='ltr'><strong>secundo</strong></span> <span class='ocrx_word' id='word_1_968' title='bbox 2421 5264 2569 5304; x_wconf 80' lang='lat' dir='ltr'><strong>anno</strong></span> <span class='ocrx_word' id='word_1_969' title='bbox 2604 5248 2833 5317; x_wconf 90' lang='lat' dir='ltr'><strong>imperii</strong></span> <span class='ocrx_word' id='word_1_970' title='bbox 2861 5248 3115 5310; x_wconf 89' lang='lat' dir='ltr'><strong>Claudii,</strong></span> <span class='ocrx_word' id='word_1_971' title='bbox 3161 5255 3214 5302; x_wconf 89' lang='lat' dir='ltr'><strong>et</strong></span> <span class='ocrx_word' id='word_1_972' title='bbox 3247 5263 3344 5302; x_wconf 86' lang='lat' dir='ltr'><strong>sex</strong></span> <span class='ocrx_word' id='word_1_973' title='bbox 3376 5248 3579 5302; x_wconf 86' lang='lat' dir='ltr'><strong>diebus</strong></span> <span class='ocrx_word' id='word_1_974' title='bbox 3621 5252 3797 5304; x_wconf 88' lang='lat' dir='ltr'><strong>tertio</strong></span> 
     </span>
    </p>
   </div>
   <div class='ocr_carea' id='block_1_134' title="bbox 2142 5319 3794 5388">
    <p class='ocr_par' dir='ltr' id='par_1_134' title="bbox 2142 5319 3794 5388">
     <span class='ocr_line' id='line_1_137' title="bbox 2142 5319 3794 5388; baseline -0.002 -11"><span class='ocrx_word' id='word_1_975' title='bbox 2142 5324 2432 5387; x_wconf 86' lang='lat' dir='ltr'><strong>inchoato,</strong></span> <span class='ocrx_word' id='word_1_976' title='bbox 2493 5328 2549 5374; x_wconf 90' lang='lat' dir='ltr'><strong>et</strong></span> <span class='ocrx_word' id='word_1_977' title='bbox 2602 5321 2976 5388; x_wconf 89' lang='lat' dir='ltr'><strong>pontiﬁcatus</strong></span> <span class='ocrx_word' id='word_1_978' title='bbox 3029 5320 3121 5373; x_wconf 91' lang='lat' dir='ltr'><strong>sui</strong></span> <span class='ocrx_word' id='word_1_979' title='bbox 3181 5320 3546 5385; x_wconf 87' lang='lat' dir='ltr'><strong>duodecimo,</strong></span> <span class='ocrx_word' id='word_1_980' title='bbox 3599 5319 3794 5374; x_wconf 85' lang='lat' dir='ltr'><strong>tribus</strong></span> 
     </span>
    </p>
   </div>
   <div class='ocr_carea' id='block_1_135' title="bbox 2141 5390 3793 5458">
    <p class='ocr_par' dir='ltr' id='par_1_135' title="bbox 2141 5390 3793 5458">
     <span class='ocr_line' id='line_1_138' title="bbox 2141 5390 3793 5458; baseline -0.002 -10"><span class='ocrx_word' id='word_1_981' title='bbox 2141 5395 2436 5448; x_wconf 90' lang='lat' dir='ltr'><strong>mensibus</strong></span> <span class='ocrx_word' id='word_1_982' title='bbox 2462 5398 2517 5446; x_wconf 90' lang='lat' dir='ltr'><strong>et</strong></span> <span class='ocrx_word' id='word_1_983' title='bbox 2550 5393 2747 5458; x_wconf 89' lang='lat' dir='ltr'><strong>paucis</strong></span> <span class='ocrx_word' id='word_1_984' title='bbox 2784 5391 2920 5444; x_wconf 91' lang='lat' dir='ltr'><strong>aliis</strong></span> <span class='ocrx_word' id='word_1_985' title='bbox 2963 5390 3172 5446; x_wconf 91' lang='lat' dir='ltr'><strong>diebus</strong></span> <span class='ocrx_word' id='word_1_986' title='bbox 3206 5391 3416 5453; x_wconf 91' lang='lat' dir='ltr'><strong>minus,</strong></span> <span class='ocrx_word' id='word_1_987' title='bbox 3454 5391 3616 5445; x_wconf 85' lang='lat' dir='ltr'><strong>novis</strong></span> <span class='ocrx_word' id='word_1_988' title='bbox 3644 5405 3793 5445; x_wconf 90' lang='lat' dir='ltr'><strong>con—</strong></span> 
     </span>
    </p>
   </div>
   <div class='ocr_carea' id='block_1_136' title="bbox 2135 5462 3787 5530">
    <p class='ocr_par' dir='ltr' id='par_1_136' title="bbox 2135 5462 3787 5530">
     <span class='ocr_line' id='line_1_139' title="bbox 2135 5462 3787 5530; baseline -0.001 -11"><span class='ocrx_word' id='word_1_989' title='bbox 2135 5465 2368 5519; x_wconf 88' lang='lat' dir='ltr'><strong>sulibus</strong></span> <span class='ocrx_word' id='word_1_990' title='bbox 2396 5462 2517 5516; x_wconf 80' lang='lat' dir='ltr'><strong>Kal.</strong></span> <span class='ocrx_word' id='word_1_991' title='bbox 2538 5462 2799 5516; x_wconf 88' lang='lat' dir='ltr'><strong>Januarii</strong></span> <span class='ocrx_word' id='word_1_992' title='bbox 2825 5463 3109 5529; x_wconf 86' lang='lat' dir='ltr'><strong>proximis</strong></span> <span class='ocrx_word' id='word_1_993' title='bbox 3127 5462 3357 5526; x_wconf 89' lang='lat' dir='ltr'><strong>creatis,</strong></span> <span class='ocrx_word' id='word_1_994' title='bbox 3386 5462 3787 5530; x_wconf 87' lang='lat' dir='ltr'><strong>quinquennio</strong></span> 
     </span>
    </p>
   </div>
   <div class='ocr_carea' id='block_1_137' title="bbox 2133 5531 3788 5603">
    <p class='ocr_par' dir='ltr' id='par_1_137' title="bbox 2133 5531 3788 5603">
     <span class='ocr_line' id='line_1_140' title="bbox 2133 5531 3788 5603; baseline -0.004 -13"><span class='ocrx_word' id='word_1_995' title='bbox 2133 5535 2565 5603; x_wconf 83' lang='lat' dir='ltr'><strong>Hierosolymis,</strong></span> <span class='ocrx_word' id='word_1_996' title='bbox 2595 5539 2650 5587; x_wconf 91' lang='lat' dir='ltr'><strong>et</strong></span> <span class='ocrx_word' id='word_1_997' title='bbox 2682 5534 2981 5601; x_wconf 87' lang='lat' dir='ltr'><strong>septennio</strong></span> <span class='ocrx_word' id='word_1_998' title='bbox 3008 5531 3183 5587; x_wconf 89' lang='lat' dir='ltr'><strong>ferme</strong></span> <span class='ocrx_word' id='word_1_999' title='bbox 3217 5533 3277 5587; x_wconf 94' lang='lat' dir='ltr'><strong>in</strong></span> <span class='ocrx_word' id='word_1_1000' title='bbox 3305 5534 3434 5586; x_wconf 89' lang='lat' dir='ltr'><strong>sede</strong></span> <span class='ocrx_word' id='word_1_1001' title='bbox 3462 5532 3788 5586; x_wconf 67' lang='lat' dir='ltr'><strong>Antiochiae</strong></span> 
     </span>
    </p>
   </div>
   <div class='ocr_carea' id='block_1_138' title="bbox 2131 5604 3795 5673">
    <p class='ocr_par' dir='ltr' id='par_1_138' title="bbox 2131 5604 3795 5673">
     <span class='ocr_line' id='line_1_141' title="bbox 2131 5604 3795 5673; baseline -0.001 -12"><span class='ocrx_word' id='word_1_1002' title='bbox 2131 5614 2347 5673; x_wconf 88' lang='lat' dir='ltr'><strong>exacto,</strong></span> <span class='ocrx_word' id='word_1_1003' title='bbox 2408 5612 2796 5673; x_wconf 84' lang='lat' dir='ltr'><strong>perseverante</strong></span> <span class='ocrx_word' id='word_1_1004' title='bbox 2836 5606 3027 5658; x_wconf 89' lang='lat' dir='ltr'><strong>adhuc</strong></span> <span class='ocrx_word' id='word_1_1005' title='bbox 3067 5604 3232 5673; x_wconf 86' lang='lat' dir='ltr'><strong>fame,</strong></span> <span class='ocrx_word' id='word_1_1006' title='bbox 3285 5618 3409 5672; x_wconf 84' lang='lat' dir='ltr'><strong>quae</strong></span> <span class='ocrx_word' id='word_1_1007' title='bbox 3436 5612 3683 5671; x_wconf 73' lang='lat' dir='ltr'><strong>coeperat</strong></span> <span class='ocrx_word' id='word_1_1008' title='bbox 3712 5617 3795 5659; x_wconf 91' lang='lat' dir='ltr'><strong>se-</strong></span> 
     </span>
    </p>
   </div>
   <div class='ocr_carea' id='block_1_139' title="bbox 2130 5674 3794 5742">
    <p class='ocr_par' dir='ltr' id='par_1_139' title="bbox 2130 5674 3794 5742">
     <span class='ocr_line' id='line_1_142' title="bbox 2130 5674 3794 5742; baseline -0.001 -11"><span class='ocrx_word' id='word_1_1009' title='bbox 2130 5679 2318 5732; x_wconf 90' lang='lat' dir='ltr'><strong>cundo</strong></span> <span class='ocrx_word' id='word_1_1010' title='bbox 2335 5676 2562 5731; x_wconf 86' lang='lat' dir='ltr'><strong>Claudii</strong></span> <span class='ocrx_word' id='word_1_1011' title='bbox 2586 5688 2753 5730; x_wconf 90' lang='lat' dir='ltr'><strong>anno.</strong></span> <span class='ocrx_word' id='word_1_1012' title='bbox 2790 5675 2876 5729; x_wconf 91' lang='lat' dir='ltr'><strong>Ab</strong></span> <span class='ocrx_word' id='word_1_1013' title='bbox 2897 5676 3141 5729; x_wconf 87' lang='lat' dir='ltr'><strong>adventu</strong></span> <span class='ocrx_word' id='word_1_1014' title='bbox 3172 5676 3318 5728; x_wconf 89' lang='lat' dir='ltr'><strong>Petri</strong></span> <span class='ocrx_word' id='word_1_1015' title='bbox 3351 5676 3408 5728; x_wconf 88' lang='lat' dir='ltr'><strong>in</strong></span> <span class='ocrx_word' id='word_1_1016' title='bbox 3438 5674 3635 5727; x_wconf 90' lang='lat' dir='ltr'><strong>Urbem</strong></span> <span class='ocrx_word' id='word_1_1017' title='bbox 3660 5688 3794 5742; x_wconf 85' lang='lat' dir='ltr'><strong>pon-</strong></span> 
     </span>
    </p>
   </div>
   <div class='ocr_carea' id='block_1_140' title="bbox 2132 5743 3790 5815">
    <p class='ocr_par' dir='ltr' id='par_1_140' title="bbox 2132 5743 3790 5815">
     <span class='ocr_line' id='line_1_143' title="bbox 2132 5743 3790 5815; baseline -0.001 -13"><span class='ocrx_word' id='word_1_1018' title='bbox 2132 5748 2521 5815; x_wconf 87' lang='lat' dir='ltr'><strong>tiﬁcatusejus</strong></span> <span class='ocrx_word' id='word_1_1019' title='bbox 2539 5747 2776 5801; x_wconf 90' lang='lat' dir='ltr'><strong>initium</strong></span> <span class='ocrx_word' id='word_1_1020' title='bbox 2796 5748 3051 5814; x_wconf 88' lang='lat' dir='ltr'><strong>sumpsit</strong></span> <span class='ocrx_word' id='word_1_1021' title='bbox 3073 5747 3361 5801; x_wconf 87' lang='lat' dir='ltr'><strong>ineadem.</strong></span> <span class='ocrx_word' id='word_1_1022' title='bbox 3379 5745 3575 5799; x_wconf 90' lang='lat' dir='ltr'><strong>etdies</strong></span> <span class='ocrx_word' id='word_1_1023' title='bbox 3595 5743 3790 5800; x_wconf 85' lang='lat' dir='ltr'><strong>illece-</strong></span> 
     </span>
    </p>
   </div>
   <div class='ocr_carea' id='block_1_141' title="bbox 2129 5815 3791 5886">
    <p class='ocr_par' dir='ltr' id='par_1_141' title="bbox 2129 5815 3791 5886">
     <span class='ocr_line' id='line_1_144' title="bbox 2129 5815 3791 5886; baseline -0.001 -14"><span class='ocrx_word' id='word_1_1024' title='bbox 2129 5818 2309 5873; x_wconf 90' lang='lat' dir='ltr'><strong>lebris</strong></span> <span class='ocrx_word' id='word_1_1025' title='bbox 2343 5819 2400 5872; x_wconf 91' lang='lat' dir='ltr'><strong>in</strong></span> <span class='ocrx_word' id='word_1_1026' title='bbox 2451 5819 2656 5886; x_wconf 91' lang='lat' dir='ltr'><strong>primis</strong></span> <span class='ocrx_word' id='word_1_1027' title='bbox 2688 5826 2773 5871; x_wconf 90' lang='lat' dir='ltr'><strong>est</strong></span> <span class='ocrx_word' id='word_1_1028' title='bbox 2807 5817 3043 5872; x_wconf 90' lang='lat' dir='ltr'><strong>habitus</strong></span> <span class='ocrx_word' id='word_1_1029' title='bbox 3069 5816 3544 5872; x_wconf 84' lang='lat' dir='ltr'><strong>etanniversaria</strong></span> <span class='ocrx_word' id='word_1_1030' title='bbox 3573 5815 3791 5886; x_wconf 89' lang='lat' dir='ltr'><strong>ubique</strong></span> 
     </span>
    </p>
   </div>
   <div class='ocr_carea' id='block_1_142' title="bbox 2127 5886 3792 5959">
    <p class='ocr_par' dir='ltr' id='par_1_142' title="bbox 2127 5886 3792 5959">
     <span class='ocr_line' id='line_1_145' title="bbox 2127 5886 3792 5959; baseline -0.001 -15"><span class='ocrx_word' id='word_1_1031' title='bbox 2127 5888 2447 5944; x_wconf 87' lang='lat' dir='ltr'><strong>festivitate</strong></span> <span class='ocrx_word' id='word_1_1032' title='bbox 2470 5889 2747 5945; x_wconf 90' lang='lat' dir='ltr'><strong>recolitur</strong></span> <span class='ocrx_word' id='word_1_1033' title='bbox 2776 5906 2788 5941; x_wconf 93' lang='lat'>:</span> <span class='ocrx_word' id='word_1_1034' title='bbox 2815 5896 2871 5943; x_wconf 85' lang='lat' dir='ltr'><strong>et</strong></span> <span class='ocrx_word' id='word_1_1035' title='bbox 2892 5890 3185 5959; x_wconf 86' lang='lat' dir='ltr'><strong>cathedra,</strong></span> <span class='ocrx_word' id='word_1_1036' title='bbox 3209 5889 3267 5942; x_wconf 91' lang='lat' dir='ltr'><strong>in</strong></span> <span class='ocrx_word' id='word_1_1037' title='bbox 3293 5901 3403 5957; x_wconf 90' lang='lat' dir='ltr'><strong>qua</strong></span> <span class='ocrx_word' id='word_1_1038' title='bbox 3426 5886 3670 5958; x_wconf 91' lang='lat' dir='ltr'><strong>populos</strong></span> <span class='ocrx_word' id='word_1_1039' title='bbox 3695 5890 3792 5943; x_wconf 85' lang='lat' dir='ltr'><strong>do—</strong></span> 
     </span>
    </p>
   </div>
  </div>
