3912 6408
85 468 216 525 4041

988 481 1306 536 HISTORIA
1351 484 1437 536 DE
1480 483 1654 536 VlTlS
1694 483 1859 539 ROM.
1910 485 2102 539 PONT.
2140 515 2204 524 --
2345 485 2621 541 PETRUS.

3382 475 3522 535 4042

79 601 288 650 cturus
323 597 538 671 insedit
561 597 748 653 adhuc
783 599 1006 668 integra
1035 601 1091 656 iu
1119 603 1244 670 ejus
1273 602 1515 657 basilica
1547 616 1739 657 asser-
1770 607 1824 664 Α
1859 618 2008 668 nam,
2037 603 2204 658 tertio
2230 603 2301 657 ab
2333 604 2479 658 Urbe
2509 605 2806 658 milliario.
2841 604 3057 668 Petrus,
3084 601 3234 671 quod
3262 600 3520 669 plebeius

79 674 268 733 vatur,
300 677 356 723 et
387 669 675 732 singulari
727 672 783 725 in
828 669 1192 727 veneratione
1228 675 1490 727 habetur.
1523 674 1742 728 Christi

76 749 269 793 autem
305 755 456 794 anno
484 740 569 811 46,
601 743 747 796 Petri
794 746 1166 811 pontiﬁcatus
1211 746 1447 799 Romani
1482 749 1532 810 25,
1570 748 1747 799 Clau-

77 812 160 886 d_ii
187 813 557 886 principatus
580 828 729 886 anno
757 816 962 884 quinto
985 826 1200 881 exacto,
1234 820 1302 870 M.
1329 819 1553 871 Vinicio
1572 820 1746 886 Quar-

80 884 202 935 tino
238 897 274 937 ιι
318 893 372 938 et
420 888 490 938 M.
519 885 751 940 Statilio
782 888 1025 942 Corvino
1056 904 1230 955 coss.,
1264 903 1391 942 eum
1425 884 1742 944 triennium

83 955 373 1018 integrum
413 957 530 1021 jam
567 958 754 1011 Romae
791 959 990 1013 Petrus
1044 960 1453 1026 insuinpsisset
1509 961 1564 1013 in
1598 975 1746 1014 con—

80 1026 378 1100 stituenda
409 1028 870 1084 etconﬁrmanda
898 1045 958 1084 ea
990 1032 1312 1086 Ecclesiaet
1340 1032 1745 1100 pra-dicatione

81 1099 398 1169 Evangelii,
440 1101 674 1154 assidua
709 1101 1045 1156 sollicitudo
1075 1099 1739 1158 aliarumEcclesiarum

80 1171 465 1224 th-ientalium
506 1185 634 1225 eum
667 1174 909 1232 tenebat,
945 1182 1000 1227 et
1031 1175 1302 1229 avocabat
1334 1177 1405 1228 ab
1435 1176 1744 1229 Occidente

82 1242 554 1312 Hierosolymam.
590 1244 684 1297 ubi
717 1258 810 1311 per
835 1246 888 1299 id
927 1251 1150 1313 tempus
1182 1261 1287 1299 non
1326 1248 1470 1300 levis
1502 1253 1623 1300 erat
1646 1261 1745 1300 se—

77 1313 223 1366 ditio
246 1328 311 1367 ex
343 1316 789 1369 circumcisione
817 1325 1012 1372 exorta
1049 1319 1197 1371 inter
1223 1319 1454 1386 ﬁdeles;
1485 1332 1743 1387 quapro—

81 1395 199 1450 pter
224 1386 291 1438 ad
324 1387 744 1441 conciliandam
789 1389 1054 1442 Ecclesiai
1104 1386 1516 1450 concordiam,’
1547 1392 1743 1444 Petrus

76 1456 526 1526 Hierosolymam
574 1473 833 1512 reversus
882 1467 998 1514 est:
1051 1463 1234 1514 ilomie
1295 1463 1600 1526 vicarium,
1653 1462 1736 1515 vel

77 1529 328 1582 vicarios
358 1530 711 1599 relinquens,
746 1533 868 1600 qui,
904 1547 962 1585 se
989 1533 1241 1594 absente,
1286 1548 1508 1602 gregem
1540 1535 1741 1586 DOllli"

78 1603 270 1673 nicum
329 1615 668 1656 conservare
721 1613 773 1656 et.
829 1618 1139 1673 prOpagare
1197 1605 1251 1658 in
1300 1606 1425 1659 dies
1483 1612 1733 1672 possent.

74 1672 501 1727 Controversiis
533 1674 760 1727 interim
804 1672 1200 1730 Orientalibus
1232 1678 1287 1729 in
1317 1677 1567 1730 concilio
1600 1677 1737 1728 Hie—

74 1744 492 1813 rifisolymitano
512 1747 873 1813 Compositis,
900 1754 1080 1801 totum
1116 1749 1341 1801 Claudii
1369 1749 1736 1815 ii‘i’iperatoris

77 1820 306 1888 tempus
332 1819 530 1888 Petrus
567 1819 621 1870 in
657 1819 888 1871 Oriente
929 1832 988 1871 se
1021 1820 1333 1884 continuit,
1377 1822 1556 1873 donec
1583 1833 1734 1872 anno

69 1886 288 1941 Christi
338 1885 427 1952 5t},
465 1890 707 1942 Neronis
743 1891 1110 1958 imperatoris
1159 1894 1194 1951 Ι,
1229 1894 1446 1944 Nerone
1491 1891 1733 1944 Claudio

1858 683 1912 728 et
1945 676 2173 730 vilioris
2195 677 2553 730 conditionis
2580 677 2902 738 haberetur,
2938 673 3131 727 crucis
3157 680 3333 725 morte
3363 673 3517 726 dam-

1859 755 2031 801 natur
2052 749 2245 801 eodem
2271 744 2333 801 l3
2355 749 2599 802 Neronis
2622 762 2791 817 anno,
2813 748 3007 799 eodam
3027 746 3118 817 die
3141 757 3231 810 ιιι,
3258 744 3517 817 inquam”.

1862 818 1983 872 Kal.
2016 821 2197 872 Julii:
2250 834 2374 886 quae
2424 812 2940 874 ii'iciderunt'tuiic
2979 816 3074 869 die
3121 815 3412 886 Mercurii,
3446 812 3516 867 ’29

1856 889 2039 955 Junii,
2066 892 2124 943 C.
2178 885 2412 945 Fonteio
2463 891 2758 958 Capitone,
2818 896 2872 941 et
2903 891 2961 941 C.
2994 887 3150 940 Julio
3183 885 3331 958 itul‘o
3363 900 3512 958 co‘js.

1857 961 2013 1028 Quod
2052 976 2232 1031 genus
2265 965 2488 1022 mortis,
2511 957 2780 1016 Christus
2813 962 2975 1031 Petro
3007 971 3113 1012 non
3147 957 3332 1031 solum
3369 957 3513 1031 Urbe

1856 1029 2170 1100 excedenti,
2202 1035 2295 1086 sed
2319 1040 2455 1087 tunc
2481 1036 2676 1096 etiam,
2699 1047 2826 1086 cum
2853 1030 3162 1085 Ecclesiam
3195 1029 3280 1084 illi
3313 1029 3515 1099 guber-

1861 1117 1922 1154 na
1937 1105 2102 1158 ndam
2138 1104 2402 1171 tradidit,
2431 1106 2717 1172 praedixit.
2749 1107 2876 1157 Cum
2905 1103 3178 1157 statueris.
3218 1101 3511 1169 inquiens,

1855 1177 2108 1227 caftcnilcs
2135 1192 2330 1228 manus
2362 1183 2505 1236 tuus,
2549 1183 2596 1228 rt
2628 1179 2772 1227 alios
2806 1181 2853 1227 te
2889 1178 3086 1238 cinget.
3140 1181 3188 1225 et
3215 1174 3371 1225 ducet
3406 1189 3512 1239 quo

1857 1250 1916 1297 tu
1974 1264 2081 1298 non
2133 1251 2214 1299 isis
2264 1247 2417 1314 (Joioi
2479 1263 2593 1313 xxi,
2655 1247 2757 1315 1‘6).
2815 1247 2991 1298 Addit
3042 1245 3334 1298 Joannes:
3397 1245 3510 1295 Hoc

1856 1323 2036 1368 tuatim.
2066 1320 2230 1376 ilit'e'it,
2273 1321 2590 1384 signi/Frons
2613 1335 2720 1386 quo.
2759 1324 2928 1369 morie
2951 1318 3510 1383 esseteliirificiiturus

1853 1391 2022 1440 Di'mn
2063 1389 2251 1456 (lbid.,
2294 1407 2345 1441 υ.
2403 1387 2504 1456 49).
2559 1391 2798 1457 litigavit
2855 1391 3053 1441 Petrus
3098 1387 3400 1441 carniﬁces
3444 1399 3511 1439 ne

1854 1459 2130 1514 similiter
2161 1468 2332 1530 atque
2367 1463 2644 1514 Dominus
2674 1463 2833 1515 cruci
2867 1459 3210 1528 atiigeretur,
3237 1459 3332 1511 scd
3366 1471 3510 1530 con-

1856 1532 2035 1585 trario
2063 1541 2117 1586 et
2166 1529 2389 1586 inverso
2433 1533 2620 1603 modo,
2670 1534 2910 1598 veritus,
2951 1540 3008 1584 ut
3053 1538 3137 1584 est
3167 1529 3506 1603 verisimile,

1856 1615 1922 1654 ne
1947 1603 2137 1657 eadem
2167 1605 2357 1672 passio
2383 1601 2641 1658 eumdem
2667 1604 2780 1658 sibi
2805 1605 2874 1659 ab
2901 1601 3316 1670 insipientibus
3339 1602 3513 1672 bono-

1854 1688 1968 1728 rem
2002 1670 2358 1730 conciliaret.
2397 1678 2461 1729 lit
2505 1676 2632 1730 ideo
2668 1675 3000 1744 impetravit
3030 1684 3091 1730 ut
3123 1688 3327 1728 manus
3356 1670 3509 1726 infe—

1851 1746 1994 1799 rius.
2029 1762 2115 1810 su;
2142 1749 2302 1802 erius
2328 1753 2518 1801 autem
2558 1750 2726 1815 pedes
2757 1748 3142 1817 aﬁigerentur.

1920 1818 2091 1872 Linea
2138 1817 2222 1872 Μ.
2263 1823 2526 1872 —Ju.'ctn
2559 1820 2731 1873 lociun
2769 1820 2862 1871 ubi
2897 1823 3190 1887 cruciﬁgcus
3221 1821 3317 1869 est.
3353 1822 3499 1884 Sup-

1851 1889 2014 1956 plicii
2048 1891 2227 1945 locus.
2254 1892 2560 1945 summitas
2580 1891 2853 1956 Janiculi.
2880 1905 2980 1945 seu
3005 1890 3262 1944 Vaticani
3293 1888 3507 1942 montis

65 1959 286 2040 Cmsare
322 1962 602 2025 Augusto,
637 1968 692 2014 et
726 1963 782 2014 L.
827 1963 1080 2040 Antistio
1112 1964 1302 2040 i’etere
1334 1963 1730 2040 coss.,Ui-_l'iem
1766 1981 1816 2040 Β
1845 1959 1963 2040 fuit
2020 1963 2330 2040 imminens
2363 1963 2725 2040 naumachia:
2772 1964 3016 2040 Neronis
3046 1960 3295 2040 inferius
3336 1960 3501 2028 juxta

67 2029 235 2099 longo
259 2039 384 2098 post
411 2037 661 2099 tempore
686 2045 970 2100 reversus,
1004 2035 1248 2087 Ecclesia
1263 2049 1306 2086 in
1334 2035 1390 2087 in
1411 2049 1470 2087 ea
1503 2035 1726 2102 revisit,

63 2110 114 2152 et
146 2105 343 2156 denuo
373 2104 500 2156 suis
522 2105 741 2156 sanctis
768 2106 1150 2158 ιδοιιιιιιιιιιιιιις
1176 2105 1595 2159 confortavitet
1616 2119 1728 2158 am-

65 2172 275 2238 pliavit
302 2192 317 2239 ς
348 2188 472 2227 nam
509 2183 672 2228 antea
702 2189 808 2228 non
837 2176 1007 2229 licuit
1038 2190 1198 2229 suam
1235 2178 1419 2230 sedem
1452 2184 1724 2244 repetere,

62 2251 291 2298 vetante
323 2245 554 2299 Claudii
588 2246 796 2311 edicto,
829 2248 927 2316 qui
953 2248 1176 2301 Judaeos
1208 2262 1402 2301 omnes
1431 2249 1602 2303 Roma
1625 2262 1728 2302 ex—

61 2316 291 2382 pulerat
317 2318 512 2386 ,quod
547 2325 732 2370 tamen
772 2317 958 2384 ipsius
994 2319 1155 2372 obitu
1191 2320 1458 2386 spirarat.

132 2388 307 2440 Linea
340 2385 395 2439 5.3.
429 2417 499 2425 —
521 2390 621 2439 Ilic
651 2391 871 2456 scripsit
896 2391 1033 2441 diuis
1056 2385 1349 2458 Epistolas,
1377 2408 1497 2458 qua:
1535 2391 1718 2443 cut/io-

61 2459 170 2509 limo
217 2461 611 2511 nominantur.
667 2460 913 2528 Scripsit
965 2463 1160 2515 Petrus
1213 2463 1396 2515 lionite
1449 2463 1724 2526 existens,

60 2543 223 2595 quam
246 2528 322 2582 ob
344 2529 735 2582 idololatriam
760 2541 813 2584 et
837 2534 1110 2586 immensa
1129 2533 1365 2600 scelera,
1387 2534 1722 2602 Babylonem

60 2607 236 2662 vocat,
269 2601 421 2653 duas
455 2602 780 2667 Epistolas:
820 2604 1089 2669 priorem,
1130 2618 1224 2670 per
1253 2601 1546 2658 Silvanum
1582 2605 1728 2658 ﬁde—

66 2670 162 2723 lem
196 2670 435 2724 fratrem
494 2672 768 2726 licelesiis
796 2675 983 2741 Ponti,
1019 2675 1279 2739 Galatiie,
1331 2677 1722 2743 Caiqiadocite,

59 2745 205 2795 Asize
252 2749 308 2796 et
365 2743 672 2812 Bithynius,
723 2747 974 2798 secundo
1025 2747 1267 2800 Neronis
1321 2760 1491 2812 anno,
1539 2750 1725 2800 Marco

57 2814 413 2878 evangelista
453 2815 673 2885 in_ejus
699 2817 976 2870 comitatu
1008 2825 1300 2874 manente:
1352 2823 1720 2885 posteriorem

59 2898 187 2938 vero
217 2885 477 2953 ejusdem
516 2883 580 2939 12
613 2888 854 2940 Neronis
881 2902 1050 2946 anno,
1078 2903 1203 2942 cum
1229 2903 1258 2941 a
1293 2883 1400 2942 Deo
1429 2891 1541 2943 sibi
1573 2899 1726 2943 esset

58 2957 180 3029 ejus
214 2957 435 3018 Obitus,
463 2963 518 3010 et
545 2959 882 3027 martyrium
922 2962 1180 3027 proxime
1203 2960 1588 3027 subeundum,
1620 2975 1724 3029 pa—

59 3026 354 3080 tefactum.
396 3026 707 3083 Catholicai
755 3026 941 3084 autem
979 3046 1054 3085 eae
1101 3032 1370 3099 Epistola:
1419 3026 1718 3099 dicunt—ur,

54 3099 215 3172 quasi
252 3099 632 3172 universales,
681 3103 829 3172 quod
863 3117 972 3156 non
1021 3103 1119 3156 uni
1158 3105 1365 3170 populo
1408 3110 1509 3157 aut
1541 3106 1718 3172 genti,

53 3170 141 3243 sed
169 3170 379 3243 multis
399 3185 464 3224 ac
486 3172 734 3226 diversis
759 3171 978 3227 fuerint
999 3175 1246 3243 scriptio,
1281 3176 1435 3228 sicut
1461 3170 1720 3228 Isidorus

49 3242 205 3311 ()rig.
237 3241 341 3294 lib.
377 3255 454 3309 vi,
487 3257 516 3294 c
569 3243 622 3307 ‘2,
657 3251 937 3312 testatur;
985 3241 1134 3299 inter
1168 3246 1498 3313 Scripturas
1529 3253 1716 3301 autem

55 3327 265 3375 sacras,
304 3321 362 3367 et
396 3316 706 3369 canonicas
739 3316 822 3369 ha:
852 3318 979 3371 duae
1015 3317 1283 3384 lipistola:
1331 3324 1710 3384 reponuntur.

55 3385 184 3436 Nam
221 3384 328 3437 alii
365 3384 498 3438 libri
530 3400 658 3440 sex:
710 3388 1056 3447 Prawlicotio,
1097 3389 1477 3454 Evitngcliuin,
1524 3395 1713 3450 Actus,

54 3456 355 3513 Iit-relatio,
413 3459 690 3517 Doctrina,
769 3460 1071 3519 Judicium,
1130 3461 1360 3512 nomine
1409 3460 1554 3512 Petri
1615 3462 1714 3513 in-

53 3528 281 3595 scripti,
303 3530 641 3597 apocryphi,
667 3531 877 3598 spurii,
904 3539 959 3584 et
982 3529 1125 3584 falso
1144 3530 1533 3597 apostolorum
1559 3532 1717 3584 Prin-

52 3598 164 3665 cipi
201 3599 568 3655 tribuuntur.
617 3603 770 3660 Eam,
805 3617 929 3670 quae
960 3604 1181 3656 dicitur
1227 3601 1396 3654 Petri.
1431 3602 1716 3668 Apocaly—

51 3672 210 3735 psim,
239 3677 304 3723 ut
326 3671 693 3726 subdititiam
719 3681 771 3726 et
807 3674 1172 3743 illegitimam
1193 3687 1222 3726 a
1250 3672 1542 3726 veteribus
1568 3674 1713 3726 indi-

55 3751 254 3809 catam,
277 3745 430 3808 apud
455 3744 786 3798 Palzestinos
807 3751 990 3799 tamen
1011 3747 1065 3798 in
1087 3744 1349 3798 ecclesiis
1367 3743 1650 3813 quibusda
1666 3759 1714 3797 m

54 3813 220 3866 semel
274 3817 591 3882 quotannis
625 3817 680 3869 in
713 3817 808 3869 die
861 3819 1197 3870 Parasceves
1251 3817 1568 3884 aliquando
1605 3817 1712 3884 legi

58 3885 282 3938 solitam
321 3887 667 3941 invenimus.
705 3890 946 3957 (Niceph.
996 3889 1029 3942 l.
1068 3902 1170 3952 xii,
1203 3902 1248 3939 c.
1281 3885 1393 3950 34.)

126 3957 296 4009 Linea
351 3957 403 4010 6.
458 3989 517 3996 --
553 3961 623 4011 Et
672 3962 1028 4025 Evangeliith
1080 3960 1272 4015 Murri,
1320 3961 1453 4025 quid
1501 3961 1717 4011 Murcus

58 4029 280 4091 Iri/jittor
312 4029 432 4094 ejus
471 4033 603 4095 fuit,
651 4036 699 4083 et
728 4033 874 4097 [ilius
904 4033 1020 4097 ejus
1048 4032 1112 4083 (ιιι
1147 4032 1429 4097 baptismo.
1469 4032 1712 4096 Marcus,

61 4100 199 4153 Petri
229 4101 591 4168 discipulus,
627 4110 680 4156 et
723 4109 989 4168 sectator,
1023 4110 1078 4156 et
1121 4103 1176 4155 in
1212 4102 1498 4169 baptismo
1535 4101 1714 4161 ﬁlius,

63 4171 452 4238 Evaiigelium,
494 4175 643 4242 quod
691 4175 811 4242 ipse
837 4175 1227 4242 apostolorum
1270 4173 1538 4239 Princeps
1571 4187 1719 4240 prte—

59 4243 368 4301 dicaverat.
428 4246 812 4300 Romanorum
856 4248 1082 4301 hortatu
1129 4251 1183 4298 et
1230 4245 1496 4312 precibus
1527 4245 1718 4298 Graice

63 4314 250 4368 itidem
301 4318 678 4386 conscripsit,
743 4332 865 4383 seu,
930 4325 992 4372 ut
1049 4317 1150 4371 alii
1213 4317 1434 4374 volunt,
1500 4317 1715 4381 Latine,

62 4389 219 4458 cuius
287 4401 352 4440 ea
428 4388 627 4442 linaua
687 4389 1059 4458 archetypum
1133 4388 1424 4441 adversari
1517 4394 1719 4454 putant

64 4456 316 4513 Veiietiis
350 4461 410 4512 in
447 4461 757 4514 lllarcianis
801 4456 1132 4514 'l‘liesiitiris.
1176 4459 1300 4528 Syri
1344 4473 1540 4512 omnes
1583 4459 1719 4512 huic

67 4530 134 4582 rei
166 4531 274 4584 ﬁde
303 4548 330 4581 ii
362 4530 624 4588 faciunt;
657 4541 711 4586 et
736 4534 883 4586 ratio
913 4532 1116 4586 suadet
1146 4538 1206 4585 ut
1236 4543 1344 4584 non
1375 4532 1512 4595 alia,
1547 4546 1716 4600 quam

69 4600 251 4656 Latina
289 4603 494 4670 lingua
528 4603 892 4675 livangelium
932 4605 988 4657 in
1018 4618 1179 4658 usum
1207 4603 1424 4656 Latinis
1459 4603 1719 4657 futurum

66 4675 548 4729 conscriberetur.
585 4676 938 4730 Alterutrum
982 4677 1183 4730 horum
1216 4675 1328 4738 sit,
1362 4690 1430 4728 ex
1465 4675 1635 4742 Papia
1667 4682 1721 4729 et

1845 2032 2096 2086 Tiberim
2129 2035 2254 2088 sitio
2285 2053 2295 2087 :
2332 2034 2428 2088 ubi
2480 2048 2632 2088 nunc
2681 2034 3046 2103 magniﬁcum
3086 2032 3360 2101 templum
3396 2047 3501 2085 su-

1849 2111 2253 2171 perstructum,
2301 2107 2448 2159 Petri
2486 2107 2695 2159 Montis
2726 2106 2886 2159 aurei
2931 2105 3275 2173 insignitum
3306 2103 3500 2172 titulo,

1845 2175 1943 2228 tibi
1983 2191 2177 2243 puram
2209 2185 2263 2230 et
2296 2175 2719 2231 immaculatum
2746 2190 2905 2230 suam
2935 2179 3186 2230 animam
3216 2176 3273 2228 in
3301 2189 3503 2229 manus

1843 2246 1943 2300 Dei
1971 2249 2260 2316 deposuit.
2280 2249 2540 2302 Clemens
2565 2249 2690 2315 ejus
2710 2249 3065 2316 discipulus,
3091 2255 3145 2302 et
3172 2247 3500 2314 episcopus,

1842 2331 1967 2370 cum
2017 2321 2259 2373 maxime
2300 2320 2682 2374 venerandum
2727 2327 2781 2373 et
2825 2327 3083 2374 sanctum
3123 2320 3248 2386 ejus
3291 2331 3502 2385 corpus

1845 2391 2141 2458 magniﬁce
2161 2392 2580 2458 composuisset
2601 2391 2654 2444 in
2682 2393 2791 2445 ima
2817 2391 3072 2444 Vaticani
3103 2396 3277 2458 parte,
3309 2390 3364 2442 in
3389 2404 3498 2457 qua

1841 2462 2086 2515 Neronis
2123 2464 2269 2516 horti
2305 2470 2487 2526 erant,
2541 2468 2594 2515 et
2626 2463 2820 2516 circus
2851 2477 2977 2516 cum
3027 2461 3302 2524 obelisco,
3331 2461 3497 2528 juxta

1843 2533 2141 2597 Apollonis
2222 2534 2516 2600 templum,
2593 2535 2876 2600 sepelivit.
2941 2534 3042 2586 Ubi
3101 2547 3252 2586 nunc
3325 2532 3496 2584 etiam

1841 2604 2091 2670 quiescit
2113 2604 2352 2658 basilica
2379 2604 2782 2658 illustrissima
2806 2621 2834 2658 a
2856 2605 3232 2658 Constantino
3252 2601 3498 2656 Maximo

1843 2674 2186 2742 imperatore
2247 2677 2302 2728 in
2355 2676 2624 2730 honorem
2679 2676 2933 2740 ejusdem
2988 2675 3199 2728 ibidem
3236 2672 3494 2727 fundata.

1842 2751 2021 2825 totius
2054 2747 2368 2800 Christiani
2411 2746 2571 2800 orbis
2597 2747 2759 2801 cultu
2791 2755 2843 2800 et
2870 2745 3194 2817 frequentia
3240 2744 3500 2798 celeber-

1842 2830 2007 2870 rima.

1909 2888 2079 2942 Linea
2114 2887 2196 2941 '13.
2229 2919 2300 2927 —
2333 2891 2433 2942 llic
2452 2891 2586 2956 fecit
2612 2890 2990 2942 ordimziiones
3015 2906 3114 2957 per
3145 2903 3351 2941 menses
3382 2890 3495 2940 De—

1837 2960 2116 3012 cembrios.
2165 2961 2315 3015 Fecit
2359 2961 2414 3013 Β.
2463 2963 2661 3016 Petrus
2704 2961 3104 3016 ordinationes
3155 2960 3348 3027 plures
3401 2973 3498 3027 per

1838 3045 2082 3085 mensem
2146 3031 2528 3096 Decembrem,
2583 3033 2985 3101 EpiSCOpOl‘Ufn
3055 3047 3152 3100 per
3216 3031 3494 3086 diteceses

1835 3103 2260 3171 quiiiiipiaginta
2286 3104 2484 3171 trium,
2510 3110 2565 3158 et
2595 3105 2649 3158 in
2677 3105 2813 3157 urbe
2833 3105 3006 3157 Roma
3033 3101 3490 3171 presbyterorum

1833 3174 2045 3241 decem,
2093 3176 2469 3229 diaconorum
2504 3182 2760 3243 septem:
2818 3175 2872 3228 in
2913 3174 3004 3228 his
3047 3174 3204 3229 fuere
3234 3175 3490 3241 episcopi

1834 3245 2032 3308 Linus,
2081 3246 2298 3313 Cletus,
2329 3246 2610 3312 Clemens,
2650 3245 3026 3314 Apollinaris,
3062 3247 3308 3307 Marcus,
3346 3245 3492 3298 Her—

1770 3346 1790 3385 τ
1836 3329 2116 3385 magoras,
2148 3324 2202 3370 et
2223 3317 2325 3370 alii
2359 3335 2372 3384 ;
2400 3313 2714 3385 presbyteri
2739 3315 3068 3385 Anacletus,
3091 3323 3146 3370 et
3168 3313 3493 3385 Evaristus,

1833 3395 2028 3455 postea
2065 3387 2302 3442 Romani
2340 3387 2660 3455 pontiﬁces.

2557 3491 2711 3546 PAGI
2719 3495 2740 3547 Ι
2749 3533 2760 3544 .

1902 3600 2085 3680 [inea
2104 3598 2155 3654 6.
2189 3630 2262 3638 -
2290 3602 2439 3680 Ducis
2461 3601 2719 3680 epistolas
2746 3597 3201 3680 (PagiusJunior
3226 3613 3390 3680 _num.
3423 3597 3482 3654 Η

1828 3677 1883 3726 et
1913 3670 2024 3736 Η.)
2051 3673 2204 3726 Duas
2242 3677 2476 3724 sanctus
2524 3673 2721 3724 Petrus
2750 3670 2990 3737 scripsit
3021 3670 3329 3738 Epistolas,
3363 3686 3489 3740 quae

1828 3744 2129 3798 catholica:
2153 3743 2543 3796 nominantur.
2583 3744 2658 3795 De
2687 3743 2865 3810 priori
2904 3741 3064 3794 nulla
3096 3755 3350 3810 unquam
3377 3743 3486 3798 du-

1830 3816 2038 3869 bitatio
2062 3814 2174 3867 fuit
2198 3831 2211 3882 ;
2231 3815 2300 3867 de
2327 3813 2627 3881 posteriori
2656 3821 2884 3881 propter
2907 3812 3039 3880 styli
3066 3813 3486 3869 dissonantiam

1833 3887 2109 3940 nonnulla
2141 3885 2289 3952 apud
2341 3885 2572 3952 aliquos
2598 3884 2950 3953 ambiguitas
3001 3884 3269 3938 exstitit:
3310 3886 3405 3939 sed
3436 3887 3486 3940 si

1831 3961 1964 4027 quis
1994 3958 2209 4025 prioris
2245 3957 2508 4024 lipistolie
2541 3956 2751 4024 stylum
2790 3955 3020 4027 penitus
3049 3956 3345 4027 inspiciat,
3377 3972 3486 4011 non

1835 4025 2076 4083 multum
2103 4028 2393 4082 dissidere
2415 4043 2445 4081 a
2469 4028 2616 4096 stylo
2641 4025 3000 4095 posterioris,
3037 4026 3206 4082 facile
3233 4030 3498 4084 animad-

1832 4108 2034 4165 vertet,
2083 4109 2255 4168 atque
2309 4100 2361 4153 id
2419 4101 2590 4153 etiam
2648 4099 3161 4167 Magdeburgenses
3214 4099 3486 4156 fatentur.

1839 4174 2145 4240 Utramque
2172 4177 2322 4224 certe
2368 4169 2678 4239 Epistolam
2719 4179 2774 4223 et
2814 4171 3172 4237 canonicam,
3215 4177 3270 4224 et
3303 4174 3489 4227 sancti

1835 4246 1982 4298 Petri
2019 4258 2162 4298 esse.
2212 4243 2461 4296 Ecclesia
2495 4243 2695 4296 docuit
2729 4244 2784 4295 in
2841 4241 3113 4295 conciliis
3147 4243 3485 4310 Laodiceno,

1829 4316 2270 4381 Carthagineiisi
2331 4314 2522 4372 tertio.
2602 4313 2930 4368 Florentino
3001 4318 3057 4366 et
3126 4313 3488 4368 'l'rideiitino.

1830 4387 2199 4454 Evangelium
2231 4388 2413 4439 sancti
2453 4386 2620 4439 Marci
2656 4400 2686 4438 a
2734 4383 3080 4453 quibusdam
3119 4383 3302 4437 sancti
3342 4386 3489 4439 Petri

1831 4460 2072 4525 dicitur,
2090 4460 2248 4526 quia,
2278 4465 2336 4512 ut
2355 4457 2564 4512 scribit
2585 4467 2818 4511 sanctus
2840 4457 3236 4524 Hieronymus,
3265 4456 3491 4511 Marcus

1835 4531 2069 4584 auditor
2098 4525 2224 4596 ejus
2245 4537 2300 4582 et
2331 4532 2633 4595 interpres,
2665 4535 2900 4598 rogatus
2943 4542 2973 4580 a
3003 4525 3315 4598 fratribus.
3339 4527 3484 4582 illud

1836 4603 2092 4669 scripsit,
2125 4604 2289 4668 juxta
2340 4602 2489 4669 quod
2545 4597 2768 4656 Petrum
2805 4599 3137 4654 referentem
3185 4597 3486 4652 audierat:

1839 4675 1986 4742 quod
2036 4688 2163 4726 cum
2215 4674 2414 4727 Petrus
2457 4675 2735 4738 audisset,
2791 4671 3073 4742 probavit,
3115 4676 3170 4724 et
3223 4669 3492 4725 Ecclesiae

66 4744 364 4813 Clemente,
397 4745 500 4800 lib.
537 4760 613 4812 v1,
657 4748 861 4801 recitat
895 4747 1174 4801 Eusebius
1206 4735 1366 4813 (Hist.
1413 4747 1516 4799 lib.
1545 4735 1633 4808 ἰι,
1668 4763 1716 4799 c.
1757 4740 1803 4796 ι)
1843 4735 2138 4813 legendum
2175 4759 2280 4797 sua
2304 4745 2649 4798 auctoritate
2675 4735 2872 4798 dedit:
2914 4745 2991 4796 ita
3017 4741 3394 4809 Hieronymus
3429 4744 3487 4797 in

74 4811 160 4882 lsi,
194 4819 251 4870 Β.
289 4819 517 4871 Petrum
543 4811 766 4885 spiritu
797 4826 993 4873 sancto
1021 4811 1317 4878 revelaiitc,
1353 4825 1413 4872 ut
1439 4817 1726 4872 intellexit

67 4900 198 4954 opus
229 4890 459 4943 editum
487 4905 514 4943 a
569 4891 775 4946 Marco.
828 4892 1172 4944 auctoritate
1219 4889 1362 4943 illud
1399 4904 1504 4943 sua
1538 4899 1721 4943 ratum

69 4957 358 5015 habuisse.
396 4968 453 5014 et
498 4962 888 5027 conlirmasse,
922 4966 1069 5030 quod
1124 4964 1177 5013 in
1223 4962 1474 5014 Ecclesia
1511 4963 1720 5028 passim

72 5032 472 5098 perlegeretur.
509 5031 736 5098 Quibus
777 5034 990 5087 clarum
1032 5031 1296 5096 efﬁcitur,
1352 5035 1513 5084 Petro
1535 5031 1724 5085 adhuc

70 5106 397 5170 superstite.
450 5105 705 5159 Marcum
769 5118 876 5160 non
926 5112 1035 5158 tam
1095 5117 1287 5158 suum,
1341 5117 1510 5172 quam
1575 5104 1720 5156 Petri

77 5175 440 5244 iivangelium
475 5176 681 5231 Roma».
717 5190 771 5230 et
811 5177 1248 5244 conscripsisse,
1278 5181 1332 5226 et
1360 5172 1719 5236 publicasse:

74 5246 212 5300 sicut
239 5255 296 5299 et
325 5248 554 5315 Lucam,
581 5249 786 5316 quinto
815 5249 1056 5302 Neronis
1088 5259 1258 5311 anno,
1287 5245 1520 5312 ibidem,
1555 5246 1725 5313 paulo

78 5327 184 5381 ιιιιεῑ
222 5319 528 5372 biennium
564 5334 594 5372 a
648 5322 867 5373 Cmsare
898 5319 1248 5386 absolutum,
1312 5318 1523 5371 librum
1557 5321 1726 5370 Actus

75 5392 434 5454 apostolorum
469 5392 816 5458 inscriptum
845 5395 904 5444 ed
920 5393 972 5445 id
986 5392 1117 5444 isse.

139 5463 310 5516 Linea
357 5459 444 5516 10.
490 5493 557 5499 —
590 5466 690 5516 Ilio
720 5466 984 5529 martyrio
1030 5479 1148 5514 cum
1200 5462 1367 5514 Paulo
1416 5464 1726 5513 coronatur.

74 5530 254 5586 Tertio
288 5534 521 5588 decimo
547 5534 732 5602 igitur
764 5535 1006 5587 Neronis
1034 5541 1256 5587 annoet
1280 5533 1496 5586 Christi
1523 5531 1734 5598 68,ali-

78 5613 204 5669 (plot
240 5615 378 5660 ante
441 5605 767 5672 passionem
818 5606 1045 5672 diebus,
1107 5607 1304 5658 Petrus
1349 5605 1564 5658 carceri
1602 5617 1729 5656 cum

78 5674 262 5743 l’uulo,
293 5686 350 5732 et
380 5676 638 5729 vinculis
687 5679 1019 5744 mancipati,
1064 5673 1226 5730 faISIs
1261 5675 1734 5730 accusationibus

80 5747 269 5810 delati,
332 5749 568 5818 tyranni
627 5748 930 5816 capitalem
985 5749 1294 5801 toleravere
1349 5746 1730 5811 sententiam;

78 5821 291 5886 alligati
328 5824 517 5888 prius,
547 5825 602 5873 et
634 5821 816 5889 virgis
839 5818 992 5872 caesi.
1021 5830 1082 5871 ut
1105 5833 1223 5871 mos
1252 5820 1521 5872 Romanis
1545 5819 1736 5889 inole—

82 5903 246 5955 verat,
287 5892 614 5960 praisertim
651 5888 916 5950 crimine,
951 5890 1099 5957 quod
1139 5890 1257 5943 illis
1288 5889 1602 5956 impietatis
1626 5888 1736 5940 ob—

77 5963 400 6026 jiciebatur.
442 5963 678 6027 Paulus,
710 5964 859 6032 quod
897 5963 1181 6013 Romanus
1203 5969 1257 6014 et
1281 5961 1737 6032 nobilis,capite

84 6043 381 6092 truncatur
406 6037 477 6091 ad
515 6047 697 6102 aquas
724 6033 946 6087 Salvias
991 6037 1148 6084 extra
1184 6035 1400 6086 Portam
1448 6031 1737 6099 Trigemi—

1842 4817 1939 4870 lib.
1972 4818 2040 4869 de
2069 4817 2284 4882 Script.
2319 4816 2635 4870 ecclesiast.
2683 4817 2738 4868 in
2781 4817 2984 4869 Marco.

1909 4888 2151 4940 Sanctus
2173 4889 2372 4941 doctor
2394 4887 2602 4940 ibidem
2630 4888 2688 4941 in
2718 4888 2881 4939 Petro
2904 4883 3113 4938 multos
3139 4883 3287 4938 alios
3309 4883 3490 4940 libros

1837 4958 2086 5026 subejus
2102 4960 2331 5011 nomine
2358 4959 2608 5026 scriptos
2626 4956 2808 5012 fuisse
2831 4961 3264 5026 commemorat:
3293 4970 3492 5025 nempe

1842 5025 2037 5094 unum,
2064 5029 2163 5098 qiii
2199 5025 2533 5082 Auctarium
2559 5029 2683 5096 ejus
2709 5027 3054 5082 inscribitur
3077 5044 3092 5093 ς
3114 5025 3294 5080 alium
3318 5027 3494 5082 Evan-

1839 5102 1973 5170 gelii
1993 5119 2005 5160 ς
2025 5101 2250 5153 tertium
2276 5100 2425 5153 Prted
2440 5101 2738 5167 icationis;
2756 5106 3026 5168 quartum
3040 5098 3487 5167 Apocalypseos;

1840 5173 2106 5240 quintum
2139 5171 2394 5235 .ludicii;
2429 5172 2523 5225 sed
2572 5185 2666 5224 eos
2700 5184 2896 5224 omnes
2945 5170 3094 5223 inter
3136 5171 3494 5239 apocryphas

1839 5244 2168 5310 Scripturas
2224 5245 2477 5310 reputari
2541 5242 2751 5296 ibidem
2816 5242 3043 5294 asserit.
3112 5241 3385 5296 Prieterea
3435 5244 3493 5298 in

1843 5314 2116 5369 Auctario
2161 5313 2525 5367 bibliotheca:
2573 5314 2798 5366 Patrum
2851 5318 3034 5366 exstat
3085 5311 3346 5382 liturgia,
3392 5329 3494 5368 seu

1847 5388 2017 5439 missa
2043 5385 2378 5453 apOstolica,
2400 5399 2566 5454 quam
2595 5399 2660 5438 ex
2683 5384 2878 5438 codice
2901 5385 3292 5452 manuscripto
3314 5385 3500 5438 cardi-

1845 5458 1993 5510 nalis
2023 5457 2218 5510 Sirleti
2244 5458 2388 5509 Petri
2417 5456 2795 5524 inscriptione
2831 5456 3190 5522 insignitum.
3219 5455 3412 5510 Graece
3441 5464 3500 5511 et

1845 5529 2041 5582 Latine
2070 5528 2255 5582 edidit
2285 5529 2437 5582 circa
2467 5528 2631 5580 linem
2666 5527 2861 5580 Sicculi
2896 5526 3104 5580 decimi
3139 5526 3286 5580 sexti
3319 5528 3498 5582 Guil—

1847 5601 2054 5654 lelmus
2103 5599 2398 5654 Liudanus
2445 5599 2939 5652 lturemundensis
2993 5599 3344 5665 episcopus;
3398 5599 3490 5655 sed

1846 5686 1967 5726 eam
2018 5671 2454 5738 supposititiam
2503 5685 2628 5724 esse
2674 5671 2930 5724 ostendit
2970 5669 3288 5723 cardiiialis
3347 5670 3499 5726 Bona

1847 5743 1947 5797 lib.
2007 5757 2019 5795 i
2067 5743 2272 5796 Iterum
2327 5742 2754 5812 liturgicarum,
2790 5755 2913 5809 cap.
2945 5740 2999 5804 ὅ,
3034 5756 3160 5795 cum
3204 5742 3260 5795 in
3308 5755 3370 5796 ea
3407 5756 3500 5797 re—

1849 5817 2149 5882 periantur
2189 5815 2445 5882 quaedam
2480 5815 2770 5867 oiatioiies
2814 5826 2882 5866 ex
2917 5811 3065 5867 libro
3099 5817 3498 5868 Sacraniento—

1849 5900 1972 5941 rum
2004 5887 2183 5940 sancti
2214 5886 2474 5951 Gregorii
2525 5885 2736 5951 Magni,
2788 5891 2844 5938 et
2883 5884 3285 5940 consarcinata
3327 5887 3405 5938 sit
3433 5901 3498 5938 ex

1849 5959 2023 6012 missa
2055 5958 2273 6014 Latina.
2297 5965 2352 6010 et
2377 5972 2444 6011 ex
2477 5958 2736 6026 liturgiis
2769 5956 2984 6024 Jacobi,
3019 5957 3218 6010 Basilii
3256 5964 3310 6009 et
3336 5958 3501 6026 Chry-

1849 6030 2108 6084 sostomi.
2134 6028 2377 6096 Quibus,
2403 6025 2655 6098 aliisque
2693 6027 3020 6082 rationibus
3047 6030 3154 6082 rite
3185 6025 3497 6096 perpensis,
