3912 6390
421 488 562 547 4043

419 691 571 745 cimo
602 696 759 744 sexto
798 702 831 743 a
863 689 1108 759 quodam
1139 689 1430 743 sacerdote
1459 689 1597 744 Italo
1640 691 1856 745 Graeco.
1884 689 1981 758 qui
2011 688 2063 741 ei

418 760 571 815 Petri
631 773 834 814 nomen
887 760 1152 827 praeﬁxit,
1206 760 1292 814 vel
1359 761 1495 828 quia
1555 774 1735 815 canon
1803 762 2068 814 Romana:

423 832 712 895 Ecclesite,
769 832 937 900 cujus
993 832 1193 885 Petrus
1241 829 1515 886 fundator
1581 831 1714 890 fuit.
1778 844 2068 901 praecipua

424 904 552 972 ejus
576 911 828 972 parsest,
863 902 947 956 vel
983 903 1122 956 utei.
1146 903 1293 956 tanti
1320 903 1574 957 nominis
1603 904 2067 969 interpositione.

426 974 824 1029 auctoritatem
858 973 1217 1027 conciliaret.
1255 976 1329 1026 Dc
1363 975 1738 1029 translatione
1768 987 2072 1043 corporum

427 1047 518 1100 SS.
552 1046 701 1099 Petri
735 1051 789 1099 et
820 1045 981 1098 Pauli
1010 1044 1129 1112 lege
1155 1045 1395 1100 dicenda
1422 1046 1478 1098 in
1525 1048 1683 1100 Sixto
1721 1050 1785 1100 li.

501 1119 673 1172 Linea
694 1115 753 1170 6.
790 1148 853 1153 ——
885 1118 955 1169 Et
993 1118 1351 1180 Evtmgcttum
1384 1118 1579 1169 Marci.
1626 1118 1777 1189 (Pag.
1807 1120 1973 1171 Num.
2002 1115 2078 1187 6.)

432 1191 621 1243 Romze
646 1188 902 1242 existens
940 1194 1125 1241 sanet:
1150 1203 1177 1241 s
1214 1190 1413 1241 Petrus
1439 1196 1696 1243 sanctum
1734 1192 1983 1243 Marcum
2020 1189 2075 1240 in

431 1261 733 1330 ngyptum
770 1259 1103 1326 destinavit,
1143 1259 1238 1313 ubi
1288 1260 1597 1313 Ecclesiam
1631 1262 2079 1314 Alexandrinam

434 1331 980 1387 fundavit.Sanctus
998 1331 1211 1399 quippe
1232 1331 1595 1398 Epiphanius
1619 1333 1817 1385 haeresi
1846 1331 1906 1385 51
1937 1331 2081 1384 scri-

435 1403 556 1457 bit:
582 1404 714 1457 Post
745 1404 1030 1456 Mattmum
1054 1407 1286 1456 secutus
1302 1410 1387 1455 est
1410 1405 1647 1467 Marcus,
1667 1406 1869 1469 jussus
1892 1420 1921 1455 a
1942 1416 2081 1457 san—

433 1482 527 1529 cto
550 1476 712 1529 Petro
726 1474 913 1528 Romae
934 1473 1299 1539 Evangelium
1321 1474 1515 1528 edere:
1540 1481 1595 1527 et
1611 1474 1707 1529 ubi
1729 1476 2078 1543 scripsisset,

436 1548 696 1601 mittitur
721 1559 753 1599 a
781 1553 977 1599 sancto
1021 1546 1181 1599 Petro
1219 1545 1275 1599 in
1309 1545 1701 1614 Egyptiorum
1752 1550 2067 1617 regionem.

435 1619 691 1673 Primum
725 1616 1183 1670 Alexandrinum
1233 1617 1568 1686 episcopum
1604 1618 1784 1673 fuisse
1826 1621 2076 1672 Marcum

433 1691 645 1745 asserit
678 1689 961 1743 Eusebius
987 1687 1086 1741 lib.
1118 1701 1176 1741 ll.
1199 1702 1320 1756 cap.
1347 1685 1448 1751 94,7
1477 1689 1567 1743 his
1599 1691 1822 1744 verbis:
1862 1692 2079 1744 Interea

431 1763 656 1817 Nerone
713 1766 970 1815 octavum
1039 1759 1266 1831 imperii
1321 1772 1534 1815 annum
1593 1769 1813 1831 agente,
1861 1763 2082 1830 primus

438 1840 566 1903 post
614 1834 862 1886 Marcum
904 1830 1307 1900 evangelistam
1362 1830 1764 1887 Alexandrina:
1818 1833 2085 1887 Ecclesia:

436 1902 1000 1960 administrationem
1030 1903 1288 1970 suscepit
1313 1902 1595 1958 Anianus.
1620 1906 1770 1958 Idem
1801 1903 2086 1958 Eusebius

436 1976 710 2032 laudatus
737 1989 862 2043 cap,
885 1972 950 2028 46
975 1979 1031 2028 et
1072 1971 1157 2036 Π,
1192 1975 1311 2042 agit
1331 1975 1401 2029 de
1431 1976 1803 2030 institutione
1829 1977 2085 2030 Alexan-

337 2100 343 2107 .
434 2049 619 2103 drina:
668 2046 933 2101 Ecclesia:
982 2059 1014 2099 a
1073 2052 1272 2099 sancto
1323 2047 1530 2110 Marco,
1587 2054 1644 2100 et
1708 2049 1778 2101 de
1824 2048 2083 2101 moribus

430 2119 921 2181 Christianorum,
953 2130 1099 2187 quos
1118 2117 1241 2185 ipse
1259 2116 1602 2172 formaverat
1629 2125 1717 2183 :et
1740 2133 1862 2187 cap.
1891 2116 1956 2172 45
1975 2118 2081 2184 ait,

431 2199 696 2246 sanctum
726 2192 999 2255 Marcum,
1039 2188 1296 2242 ﬁdelium
1330 2189 1520 2243 Rorme
1549 2192 1922 2244 existentium
1957 2190 2085 2244 hor-

431 2270 574 2328 tatu,
602 2262 970 2332 Evangelium
1005 2259 1345 2332 scripsisse:
1393 2262 1543 2330 quod
1592 2276 1716 2316 cum
1754 2263 1955 2317 Petrus
1989 2275 2085 2329 per

429 2331 832 2389 revelationem
890 2331 1076 2385 sancti
1122 2332 1379 2399 Spiritus
1410 2335 1791 2403 cegnovisset,
1827 2334 2083 2387 delecta-

430 2412 526 2461 tus
563 2406 790 2459 ardenti
822 2404 1120 2458 hominum
1151 2404 1366 2459 studio.
1413 2403 1628 2458 librum
1678 2405 1840 2459 illum
1874 2409 2083 2457 aucto-

428 2478 600 2532 ritate
663 2488 766 2530 sua
816 2474 1219 2542 comprobasse
1265 2474 1506 2542 dicitur,
1567 2483 1629 2528 ut
1683 2476 1954 2543 deinceps
2022 2474 2080 2526 in

428 2546 705 2603 Ecclesiis
722 2546 1025 2615 legeretur.
1050 2544 1181 2599 Ideo
1203 2552 1391 2600 autem
1422 2546 1671 2599 Ecclesia
1688 2545 2083 2599 Alexandrina

431 2620 681 2687 primum
704 2617 891 2670 locum
917 2616 1368 2687 postBomanam
1383 2615 1662 2683 obtinuit,
1684 2617 1823 2684 quia
1856 2617 2082 2687 Marcus

426 2685 705 2752 eamdem,
752 2687 899 2739 Petri
936 2685 1168 2740 nomine
1200 2687 1257 2739 id
1292 2687 1626 2753 statuentis,
1671 2687 1876 2753 erexit,
1927 2685 2077 2755 quod

427 2765 674 2815 testatur
695 2756 966 2811 Gelasius
996 2769 1137 2823 papa
1171 2757 1227 2809 in
1255 2757 1483 2811 decreto
1521 2758 1591 2811 de
1633 2757 1802 2811 libris
1832 2771 2081 2826 apocry—

425 2830 594 2899 phis:
637 2828 886 2881 secunda
926 2834 1118 2899 autem
1162 2827 1347 2892 sedes,
1384 2828 1599 2897 inquit,
1633 2830 1784 2896 apud
1824 2830 2083 2899 Alexan—

424 2897 636 2966 driam,
669 2899 817 2969 beati
862 2897 1011 2951 Petri
1062 2899 1313 2963 nomine,
1342 2912 1374 2951 a
1406 2900 1596 2954 Marco
1635 2902 1759 2969 ejus
1785 2898 2080 2965 discipulo

423 2980 481 3027 et
527 2968 886 3039 Evangelista
935 2977 1266 3022 consecrata
1316 2978 1432 3023 est:
1490 2971 1612 3037 ipse
1650 2972 1803 3026 enim
1836 2986 1869 3025 a
1918 2971 2080 3024 Petro

423 3040 685 3113 apostolo
722 3039 793 3113 in
840 3039 1160 3113 zEgyptum
1193 3041 1452 3095 directus
1524 3042 1757 3097 verbum
1819 3043 2082 3097 veritatis

426 3111 785 3183 phedicav‘it,
832 3119 887 3165 et
929 3111 1267 3179 martyrium
1313 3115 1757 3169 consummavit.

496 3185 670 3255 Linea
702 3180 882 3255 4017
911 3185 1177 3255 Mqrtyrto
1204 3199 1322 3235 cum
1350 3185 1520 3236 Paulo
1567 3191 1879 3238 coronatur.
1927 3185 2077 3255 (Pag.

422 3258 591 3310 Num.
622 3252 656 3310 9
684 3261 740 3307 et
782 3250 890 3319 40.)
938 3254 1227 3307 Simonem
1286 3257 1514 3320 Magum
1560 3257 1750 3311 Romae
1782 3250 1984 3313 fuisse.
2028 3250 2083 3310 et

422 3327 494 3383 ob
523 3332 679 3380 artes
711 3325 966 3393 magicas
1007 3339 1234 3379 summo
1268 3327 1325 3378 in
1373 3327 1587 3381 honore
1634 3329 1894 3383 habitum
1932 3326 2081 3383 refe—

1650 487 2015 543 ANASTASII
2053 487 2599 561 BIBLIOTIIECARII

418 618 751 686 suspicatur
785 631 906 672 eam
939 619 1209 686 scriptam
1242 616 1424 672 fuisse
1466 618 1660 672 eodem
1709 617 1918 672 smculo
1956 617 2065 671 de—
2091 618 2141 674 Α
2175 632 2406 684 passum
2438 618 2705 672 arbitrati
2729 623 2898 687 sunt;
2925 630 2956 671 a

3699 487 3837 545 4044

2990 630 3103 686 quo
3133 629 3282 672 anno
3314 616 3381 670 ad
3414 617 3837 687 sexagesimum

2177 689 2444 757 quintum
2471 708 2487 753 ;
2523 691 2761 757 triginta
2784 703 2879 743 sex
2906 688 3198 743 efﬁnxere.
3221 688 3305 742 Ab
3335 702 3400 742 eo
3430 695 3702 756 computo
3730 701 3840 741 non

2178 761 2533 815 dissentiunt
2564 763 2943 829 Hieronymus
2967 760 3037 813 de
3065 760 3452 827 scriptoribus
3495 759 3842 813 ecclesiasti-

2181 834 2286 891 cis,
2318 840 2426 885 tam
2454 834 2512 886 in
2542 833 2739 902 Elogio
2775 833 2893 887 divi
2927 833 3100 892 Petri.
3130 844 3296 900 quam
3322 831 3440 886 divi
3462 830 3664 897 Pauli;
3704 832 3841 883 Pon-

2186 904 2395 957 tiiicale
2412 904 2816 967 Romanorum,
2838 903 3297 971 Chrysostomus,
3350 903 3629 969 Isidorus,
3670 902 3837 959 Beda.

2188 976 2473 1045 ltahauns,
2508 976 2884 1042 Nicephorus,
2914 975 3154 1042 aliique,
3190 974 3479 1027 tradentes
3508 974 3738 1027 Petrum
3788 978 3843 1025 et

2189 1047 2447 1111 Paulum,
2518 1047 2759 1115 triginta
2821 1052 3033 1114 septem
3085 1046 3257 1099 annis
3319 1052 3444 1113 post
3509 1045 3839 1099 Passionem

2189 1119 2401 1170 Christi
2450 1117 2682 1185 elapsis,
2732 1118 3003 1186 martyrio
3050 1121 3352 1170 coronatos
3398 1130 3554 1184 esse;
3601 1129 3731 1169 nam
3783 1115 3841 1168 hi

2191 1198 2500 1257 utrumque
2525 1200 2837 1243 extremum
2865 1202 3076 1242 annum
3125 1188 3530 1255 incompletum
3558 1202 3659 1255 pro
3681 1199 3845 1240 com-

2193 1260 2342 1327 pleto
2372 1268 2690 1325 numerant,
2719 1261 2773 1313 in
2800 1274 2912 1328 quo
2944 1259 3126 1313 solum
3160 1273 3191 1312 a
3225 1259 3520 1328 prioribus
3540 1257 3841 1313 diﬁerunt.

2196 1334 2348 1383 Passi
2384 1340 2728 1385 suntautem
2781 1332 2874 1385 die
2904 1332 3178 1400 vigesima
3234 1344 3378 1384 nona
3423 1331 3607 1397 Junii,
3640 1329 3841 1400 quain

2194 1402 2464 1457 omnibus
2498 1403 2609 1456 l‘ei'e
2645 1399 3067 1472 Martyrologiis
3092 1416 3286 1457 eorum
3328 1401 3595 1455 memoria
3628 1399 3847 1454 recoli—

2197 1483 2309 1539 tur,
2346 1476 2660 1543 etquidem
2712 1474 2768 1528 in
2824 1475 3006 1542 prima
3067 1474 3333 1527 Ecclesia:
3373 1472 3773 1542 persecutione
3814 1486 3843 1524 a

2192 1547 2413 1600 Nerone
2449 1552 2790 1614 imperatore
2820 1548 3087 1599 excitata.

2848 1654 3179 1709 SOMMIER.

2265 1764 2436 1818 Linea
2494 1760 2632 1814 4.-
2692 1762 2987 1829 Apostolus
3044 1765 3094 1814 ct
3150 1762 3403 1828 Princeps
3456 1760 3851 1829 apostolorum.

2193 1836 2501 1889 Character
2554 1833 2662 1888 iste
2714 1834 3032 1887 distinctus
3081 1834 3145 1887 in
3194 1833 3539 1886 auctoritate
3573 1831 3853 1901 pastorali

2197 1907 2346 1961 beati
2374 1905 2518 1959 Petri
2549 1904 2952 1972 complectitur
2976 1905 3091 1959 duo
3115 1904 3416 1971 attributa,
3450 1904 3664 1973 quibus
3693 1904 3856 1971 ejus-

2196 1980 2324 2032 dem
2356 1985 2561 2030 natura
2592 1982 2847 2029 constat:
2884 1989 3080 2043 nempe
3112 1977 3493 2036 cmtcnsionvm,
3524 1989 3651 2044 qum
3686 1974 3859 2028 nullo

2199 2052 2385 2103 limite
2411 2046 2942 2113 circumscribitur,
2974 2054 3029 2101 et
3061 2047 3256 2101 ﬁdeles
3286 2052 3571 2115 quotquot
3605 2047 3661 2099 in
3711 2044 3858 2099 orbe

2199 2121 2466 2175 universo
2520 2124 2677 2181 sunt,
2727 2121 2959 2173 Christo
3002 2118 3244 2173 Domino
3300 2118 3375 2172 ita
3414 2117 3859 2186 pronuntiante,

2194 2190 2549 2262 colligitsub
2584 2204 2697 2244 uno
2729 2197 2952 2257 pastore
2990 2192 3166 2262 (Joan.
3219 2205 3275 2257 x,
3314 2188 3416 2262 46),
3446 2196 3507 2243 ut
3534 2189 3633 2243 iiat
3670 2200 3859 2262 unum

2197 2260 2363 2323 ovile,
2399 2270 2454 2316 et
2484 2276 2631 2315 unus
2660 2268 2867 2329 pastor.
2892 2261 3248 2315 Attributum
3284 2260 3526 2315 alterum
3556 2268 3641 2313 est
3669 2260 3865 2311 arcel—

2195 2335 2357 2387 Ientt‘u
2395 2336 2679 2402 potestatis
2705 2346 2769 2385 ac
2789 2333 3131 2386 directionis
3161 2333 3217 2385 in
3250 2339 3473 2401 pastore
3510 2330 3861 2385 universali.

2194 2406 2293 2473 qui
2319 2408 2509 2459 ovium
2546 2406 2599 2456 in
2624 2417 2797 2457 censu
2825 2418 2953 2457 cum
2978 2403 3234 2457 obtineat
3266 2404 3421 2470 ipsos
3452 2409 3727 2470 pastores,
3750 2402 3866 2455 tali

2194 2472 2467 2543 tantaque
2496 2474 2797 2543 vigilantia
2852 2481 2906 2527 et
2958 2474 3189 2542 regendi
3219 2475 3273 2526 vi
3310 2474 3523 2543 pollere
3569 2472 3762 2531 debet.
3800 2481 3870 2526 ut

2194 2542 2524 2601 omnitnoda
2550 2542 2678 2599 cum
2713 2546 3023 2597 securitate
3055 2558 3189 2611 grex
3223 2544 3388 2597 illum
3423 2542 3699 2610 subsequi
3752 2559 3868 2597 va—

2198 2619 2325 2669 leat.
2358 2617 2413 2670 ld
2445 2624 2508 2670 ut
2532 2615 2850 2681 contingat,
2878 2615 3263 2670 necessarium
3291 2620 3377 2668 est
3404 2621 3467 2668 ut
3518 2613 3685 2667 illius
3719 2629 3871 2681 vox,

2192 2700 2257 2741 ac
2278 2688 2525 2742 directio
2551 2687 2669 2739 sint
2698 2688 2901 2738 "veritas
2922 2693 2973 2738 ct
2995 2687 3264 2737 ructatur/0
3292 2702 3307 2737 :
3332 2700 3457 2753 quae
3485 2685 3533 2738 si
3562 2685 3869 2753 deessent,

2196 2772 2484 2827 perperam
2511 2770 2648 2811 cura
2681 2760 2872 2826 gregis
2902 2757 2990 2811 illi
3020 2757 3461 2810 concrederetur
3481 2775 3495 2824 ς
3519 2763 3575 2810 et
3615 2756 3745 2823 plus
3774 2772 3876 2826 pe-

2193 2829 2367 2884 riculi
2393 2831 2719 2882 immineret
2746 2828 2902 2897 gregi
2932 2829 3009 2882 ita
3028 2828 3347 2882 constituto
3371 2827 3479 2881 sub
3510 2840 3624 2881 uno
3649 2835 3863 2894 pasto-

2194 2914 2271 2955 re.
2321 2914 2489 2970 quam
2521 2899 2741 2953 relictis
2772 2899 2977 2954 ovibus
3008 2898 3115 2952 sub
3146 2900 3361 2953 ducatu
3397 2900 3651 2966 plurium
3688 2900 3867 2954 dire—

2193 2978 2497 3038 ctorum,a
2528 2985 2587 3025 se
2636 2971 2877 3025 invicem
2935 2985 3043 3024 non
3094 2971 3564 3038 dependentium.
3605 2972 3745 3024 Nam
3807 2973 3860 3024 si

2195 3058 2346 3098 unus
2372 3042 2706 3097 exorbitans
2734 3050 2935 3096 auctor
2954 3044 3109 3112 gregi
3138 3042 3296 3096 ﬁeret
3326 3043 3563 3107 erroris,
3590 3042 3693 3095 alii
3730 3056 3867 3109 pos-

2194 3121 2461 3170 sentoves
2479 3113 2731 3182 palantes
2746 3124 3062 3182 opportune
3082 3114 3352 3167 reducere
3374 3115 3428 3167 in
3452 3122 3657 3167 rectam
3675 3113 3833 3166 viam
3848 3154 3862 3165 .

2193 3188 2454 3239 Attamen
2488 3191 2707 3239 certum
2733 3193 2837 3252 est,
2888 3185 3055 3239 ﬁnem
3082 3198 3114 3238 a
3158 3185 3289 3239 Jesu
3316 3185 3548 3239 Christo
3579 3185 3864 3252 proposi—

2196 3266 2311 3312 tum
2346 3259 2401 3310 in
2432 3257 2563 3311 sede
2596 3270 2707 3310 una
2728 3257 3131 3311 constituenda
3155 3257 3381 3311 caeteris
3402 3255 3672 3310 omnibus
3698 3269 3862 3322 prie-

2194 3329 2455 3386 cellente.
2492 3341 2722 3396 unoque
2743 3328 3011 3395 pontiﬁce
3030 3342 3252 3382 summo
3287 3329 3343 3381 in
3377 3327 3623 3381 Ecclesia
3648 3327 3865 3380 decla-

421 3405 560 3454 runt
588 3397 856 3468 Justinus
899 3402 1117 3468 martyr
1142 3397 1421 3468 AinOgia
1462 3396 1516 3463 ‘2,
1549 3405 1606 3453 et
1648 3402 1898 3453 Irenteus
1927 3400 2030 3453 lib.
2062 3414 2078 3453 1
2111 3394 2158 3454 C
2195 3400 2395 3468 rando,
2428 3394 2945 3461 fuisse—unitum,
2988 3407 3043 3453 et
3087 3406 3501 3468 consequenter
3540 3400 3861 3458 ceritatem,

417 3474 696 3525 adversus
722 3467 1040 3521 haereticos.
1074 3480 1203 3534 cap.
1234 3466 1324 3522 20.
1356 3469 1536 3537 Hunc,
1580 3476 1644 3525 ut
1674 3472 1864 3537 prodit
1887 3474 2078 3525 Arno-

418 3541 553 3595 bius
586 3538 688 3594 lib.
721 3552 760 3591 ll
817 3538 1093 3610 adversus
1132 3539 1411 3605 Gentiles,
1469 3556 1593 3610 pag.
1644 3541 1735 3603 923,
1767 3543 2075 3596 Ecclesiam

418 3614 785 3667 vehementer
807 3609 1268 3664 conturbantem.
1309 3611 1577 3679 precibus
1600 3614 1912 3681 prostravit
1937 3628 2079 3668 san-

417 3693 548 3739 ctus
571 3685 807 3736 Petrus:
840 3682 982 3735 Cum
1010 3682 1161 3735 enim
1201 3682 1394 3736 Simon
1444 3686 1685 3749 magicis
1733 3686 1981 3749 artibus,
2014 3692 2077 3739 ut

417 3770 478 3810 se
517 3757 695 3809 Deum
731 3753 1022 3821 probaret,
1047 3752 1280 3808 duobus
1307 3753 1583 3809 suifultus
1605 3757 1911 3811 dmmoniis
1938 3771 2073 3811 evo—

418 3827 614 3883 lasset.
648 3824 1020 3878 orationibus
1047 3828 1444 3892 apostolorum
1499 3828 1646 3882 Petri
1681 3835 1736 3881 et
1787 3828 1949 3883 Pauli
1975 3827 2077 3882 fu—

419 3898 572 3969 gatis
601 3895 986 3969 daemonibus,
1022 3895 1296 3963 delapsus
1329 3897 1388 3950 in
1421 3906 1651 3967 terram,
1686 3901 1896 3967 populo
1938 3913 2079 3967 spe-

414 3967 606 4023 etante
627 3967 901 4035 diruptus
945 3973 1051 4020 est.
1104 3969 1241 4021 Acta
1274 3976 1605 4023 sanctorum
1632 3972 1778 4024 Petri
1830 3978 1886 4025 et
1917 3970 2075 4026 Pauli

419 4054 488 4094 ex
513 4038 731 4092 Graecis
779 4037 1075 4098 translata,
1111 4053 1140 4091 a
1170 4040 1522 4108 Lippomano
1554 4050 1610 4094 et
1633 4043 1803 4096 Surio
1832 4043 1899 4096 ad
1924 4043 2073 4097 diem

417 4109 489 4167 29
517 4109 675 4164 Junii
700 4110 878 4178 edita,
916 4108 1125 4163 habent
1153 4118 1384 4165 sanctos
1413 4112 1706 4179 apostolos
1743 4114 2076 4168 Christiana

420 4182 532 4237 ﬁde
574 4180 855 4236 imbuisse
902 4181 1048 4235 duas
1095 4179 1362 4249 feminas,
1412 4185 1656 4237 Neronis
1708 4186 2078 4252 imperatoris

420 4253 677 4321 pellices,
712 4266 839 4321 quae
891 4252 1165 4320 deinceps
1214 4254 1421 4322 pudice
1470 4255 1660 4309 vivere
1710 4262 2067 4311 statuerunt.

421 4327 585 4379 Parte
605 4325 905 4396 alia,cum
958 4325 1104 4396 Nero
1140 4326 1372 4379 Romam
1406 4325 1635 4379 incendi
1686 4327 1982 4396 jussisset,
2008 4327 2080 4382 ob

421 4398 598 4466 idque
625 4396 683 4449 in
708 4394 1191 4466 odiumomnium
1225 4397 1495 4462 venisset,
1523 4396 1803 4451 abolendo
1833 4394 2076 4465 rumOri,

422 4465 877 4537 inquitTacitus
910 4465 1014 4518 lib.
1062 4479 1134 4519 xv
1183 4467 1413 4535 Annal.,
1461 4468 1676 4522 crimen
1721 4469 1970 4536 conjecit
2022 4471 2080 4525 in

421 4540 807 4609 Christianos,
867 4549 1081 4605 eOsque
1149 4537 1254 4591 hac
1307 4538 1377 4591 de
1426 4551 1596 4593 causa
1645 4541 2085 4609 quaesitissimis

424 4612 606 4681 paenis
635 4608 843 4664 aifecit.

495 4682 618 4751 Qua
650 4694 709 4735 re
743 4680 823 4750 (id
873 4685 959 4753 est
1002 4677 1334 4753 miraculis,
1364 4687 1424 4753 et
1452 4682 1932 4753 conversionibus
1962 4699 2087 4753 qua:

2194 3473 2321 3525 sine
2354 3484 2466 3540 qua
2493 3472 2691 3524 unitas
2724 3484 2907 3539 neque
2933 3484 3056 3525 esse
3088 3484 3269 3539 neque
3305 3469 3554 3540 intelligi
3591 3483 3857 3538 unquam

2195 3550 2404 3611 potest.
2436 3541 2599 3595 Multi
2628 3556 2757 3596 vero
2789 3542 3057 3598 ductores
3085 3556 3193 3596 non
3224 3541 3589 3595 subortlinati
3620 3541 3864 3594 diutius

2191 3610 2403 3669 Sociari
2431 3614 2674 3667 invicem
2703 3627 3064 3684 nequaquam
3094 3619 3353 3681 possunt.
3389 3613 3526 3667 Inde
3548 3624 3678 3684 vero
3710 3610 3868 3684 effe—

2189 3693 2343 3740 ctum
2377 3693 2463 3739 est
2494 3692 2557 3738 ut
2592 3684 2690 3738 illa
2716 3683 2930 3751 unitas,
2955 3699 3080 3755 qum
3107 3687 3391 3753 reperitur
3415 3687 3473 3738 in
3502 3683 3624 3738 sola
3653 3683 3863 3755 Eccle—

2190 3762 2277 3812 sia
2309 3756 2615 3811 catholica.
2650 3755 2847 3809 habita
2880 3771 3103 3825 semper
3127 3755 3303 3809 fuerit
3329 3757 3581 3810 medium
3608 3754 3859 3809 tutissi—

2191 3842 2345 3882 mum
2372 3828 2562 3896 ipsius
2588 3830 3023 3881 conservanda.
3058 3826 3403 3896 Quicunque
3454 3829 3637 3895 igitur
3662 3826 3767 3879 hac
3792 3827 3859 3877 in

2188 3899 2441 3954 Ecclesia
2470 3906 2729 3953 centrum
2750 3906 2835 3952 est
2870 3901 3120 3953 unitatis.
3157 3900 3234 3951 sit
3264 3908 3320 3951 et
3340 3900 3588 3951 ueritatis
3622 3909 3864 3951 necesse

2191 3978 2296 4038 est,
2333 3970 2484 4041 quod
2516 3972 2573 4023 in
2607 3970 2755 4023 idem
2810 3970 3036 4041 recidit,
3086 3969 3557 4041 etc.‘t_:_haracter
3599 3969 3863 4041 pastoris

2193 4035 2446 4110 supremi
2471 4047 2527 4095 et
2554 4039 2904 4093 universalis
2924 4047 3028 4105 est,
3057 4047 3115 4110 ut
3145 4035 3480 4110 infallibilis
3499 4039 3577 4110 sit
3597 4039 3654 4091 in
3678 4052 3863 4110 grege

2194 4104 2466 4169 universo
2488 4111 2790 4180 pascendo,
2822 4122 2950 4161 cum
2983 4108 3180 4161 nullus
3201 4109 3310 4174 ipsi
3330 4108 3606 4180 superior
3628 4104 3861 4163 adeum

2193 4177 2571 4256 dirigendum
2589 4181 2670 4256 sit
2690 4180 3067 4256 constitutus,
3092 4187 3295 4256 praeter
3329 4178 3519 4256 ipsum
3541 4177 3858 4233 Christum

2192 4249 2401 4323 Jesuin,
2431 4252 2518 4307 illi
2540 4253 2825 4323 dicentem
2845 4250 2990 4303 citra
3017 4249 3346 4323 facultatem
3379 4249 3553 4304 ullam
3587 4263 3862 4305 censurae

2194 4342 2258 4380 ac
2317 4321 2618 4394 potestatis
2661 4321 2731 4375 ab
2762 4321 2944 4375 altero
2992 4336 3166 4388 supra
3239 4322 3428 4394 ipsum
3485 4323 3854 4394 exercendtc:

2195 4392 2358 4450 Prisce
2414 4411 2584 4461 agnos
2610 4408 2781 4455 meos;
2822 4409 2980 4460 pasco
3009 4409 3127 4445 oves
3176 4409 3321 4445 nicas
3365 4392 3543 4461 (Joan.
3589 4408 3708 4461 XXI,
3765 4393 3854 4457 46,

2199 4466 2314 4537 47);
2350 4466 2829 4537 quemadmodum
2885 4472 3051 4518 antea
3087 4464 3174 4517 illi
3223 4466 3486 4519 dixerat:
3530 4467 3609 4519 Tu
3650 4480 3703 4517 es
3746 4466 3856 4517 Pc—

2198 4546 2336 4598 trus,
2413 4544 2462 4591 ct
2545 4553 2711 4603 super
2759 4536 2899 4588 hunc
2943 4542 3157 4604 petram
3230 4537 3508 4604 azdiﬁcubo
3547 4537 3849 4589 Ecclesium

2199 4625 2405 4669 meum;
2461 4614 2511 4661 ct
2560 4608 2661 4660 tibi.
2718 4608 2857 4659 (latio
2909 4610 3084 4659 claims
3116 4612 3271 4673 regni
3321 4610 3573 4661 oculorum
3624 4606 3851 4677 (Matth.

2201 4695 2314 4749 XVI,
2350 4679 2434 4741 '18,
2469 4678 2591 4746 'i‘J):
2631 4686 2720 4733 et:
2757 4680 2961 4743 Reg/uti
3005 4696 3106 4746 pro
3139 4686 3207 4739 te,
3240 4682 3416 4741 I’t’trc,
3468 4686 3662 4732 utnon
3708 4679 3857 4745 (1(τί-

423 4749 536 4824 per
552 4749 776 4807 Petrum
799 4756 855 4824 et
880 4749 1119 4804 Paulum
1149 4749 1377 4819 ﬁebant)
1405 4752 1473 4805 ad
1494 4754 1768 4807 Neronem
1793 4749 2007 4809 delata.
2029 4797 2077 4808 ..
2114 4763 2168 4823 Ι)
2202 4756 2307 4806 rint
2357 4753 2492 4821 ﬁdes
2523 4758 2617 4802 tua.
2641 4769 2657 4802 :
2709 4754 2760 4802 et
2802 4756 2859 4803 tu
2904 4751 3207 4824 aliqu/troia
3252 4765 3539 4824 conversus
3589 4752 3851 4824 conﬁrma

427 4823 654 4895 primus
679 4823 937 4895 omnium
966 4828 1300 4895 persecutus
1323 4824 1419 4876 Dei
1449 4837 1653 4895 servos
1680 4828 1900 4880 Petrum
1924 4828 2083 4883 cruci

424 4891 635 4965 afﬁxit,
668 4902 726 4949 et
752 4893 995 4949 Paulum
1024 4891 1339 4962 interfecit,
1374 4894 1576 4949 subdit
1612 4898 1943 4953 Lactantius
1968 4898 2088 4954 lau-

426 4971 617 5023 datus.
653 4967 995 5036 Martyrium
1048 4965 1195 5019 illud
1254 4968 1503 5036 contigit
1534 4969 1715 5022 Nerva
1746 4976 1801 5023 et
1854 4972 2085 5025 Vestino

426 5036 793 5110 consulibus.
839 5042 905 5092 ut
937 5036 1152 5106 legitur
1185 5036 1243 5110 in
1277 5038 1544 5107 Catalogo
1592 5049 1845 5095 veterum
1887 5044 2088 5110 ponti-

431 5110 633 5181 ﬁcum,
684 5108 928 5181 ideoque
981 5122 1130 5163 anno
1185 5109 1403 5164 Christi
1452 5113 1808 5181 sexagesimo
1857 5108 2081 5181 quinto.

433 5180 715 5253 Baronius
734 5180 965 5249 quidem
985 5186 1310 5253 sanctorum
1331 5180 1719 5249 apostolorum
1749 5186 2086 5253 martyrium

434 5250 716 5324 diﬂ'ertgin
751 5263 963 5304 annum
1012 5251 1230 5304 Christi
1278 5255 1695 5324 sexagesimum
1753 5250 2086 5323 septimum,

438 5337 602 5391 quem
631 5322 753 5395 ipse
778 5324 1410 5395 vocatsexagesimum,
1430 5322 1675 5391 nonum,
1703 5322 1901 5395 aitque
1924 5342 2085 5385 suam

437 5393 780 5465 sententiam
812 5392 1183 5465 gravissimos
1209 5394 1415 5449 habere
1445 5402 1777 5465 assertores,
1806 5392 2083 5456 nimirum

437 5464 638 5518 Caium
656 5468 961 5531 antiquum
979 5463 1349 5531 Theologum,
1370 5467 1679 5534 Zephirinu
1694 5482 1740 5521 m
1767 5463 2084 5525 Romanum

441 5534 791 5601 pontiﬁcem,
817 5534 1690 5609 et_DionysiumCorinthiorum
1714 5540 2045 5609 episcopum
2068 5561 2083 5607 ς

442 5617 587 5677 quos
617 5604 1467 5677 omnescitansMetaphrastes
1521 5612 1668 5677 apud
1716 5604 1949 5665 S’urium
1992 5604 2088 5668 die

440 5672 511 5753 29
536 5671 693 5753 .lunii
720 5673 923 5753 iisdem
952 5671 1307 5743 astipulatur
1327 5686 1514 5753 atque
1545 5671 1874 5753 concordat,
1924 5684 2083 5750 dum,

446 5751 601 5817 anno
624 5746 920 5817 trigesimo
950 5752 1111 5798 sexto
1156 5755 1282 5812 post
1327 5746 1654 5803 Passionem
1708 5752 1958 5817 Domini,
1993 5746 2090 5809 eos

446 5808 979 5891 necatos-animant.
1044 5817 1123 5891 Ita
1156 5808 1485 5891 'Baronius.
1544 5822 1646 5874 Sed
1704 5823 1836 5876 hinc
1894 5808 2090 5891 potius

448 5879 646 5957 nostra
672 5882 950 5957 sententia
976 5884 1371 5957 conﬁrmatur.
1398 5889 1639 5957 Antiqui
1680 5893 1854 5954 enim,
1889 5879 1950 5948 ut
1982 5879 2089 5951 su;

450 5942 648 6021 perius
667 5942 947 6021 diximus,
970 5950 1264 6005 Christum
1289 5956 1516 6011 duobus
1537 5942 2089 6021 Gemini—sﬂcjoiisul‘i—

456 6009 581 6071 lius,
628 6009 867 6076 ideoque
914 6028 1062 6067 anno
1099 6031 1223 6069 atrae
1262 6009 2087 6098 Christianievigesimo-nano

2196 4829 2403 4892 fratres
2431 4831 2549 4875 tuos
2580 4824 2732 4889 (Luc.
2784 4835 2925 4882 xxii,
2975 4821 3080 4889 3'2).
3111 4822 3271 4876 Talia
3310 4829 3447 4876 sunt
3479 4821 3849 4876 fundamenta

2200 4895 2543 4962 immobilia,
2573 4907 2745 4962 super
2772 4907 2894 4962 qua:
2925 4900 3151 4948 constat
3197 4896 3252 4947 in
3281 4894 3536 4948 Ecclesia
3565 4892 3851 4946 catholica

2200 4967 2527 5023 stabilitum
2561 4979 2683 5020 esse
2710 4965 3044 5034 primatum,
3096 4973 3152 5019 et
3180 4975 3415 5020 caeteras
3443 4967 3603 5020 dotes
3635 4965 3852 5017 Itoma-

2202 5054 2285 5094 lliB
2309 5040 2489 5093 sedis.

2275 5111 2442 5164 Linea
2493 5108 2821 5163 6.—Duas
2880 5108 3173 5174 Epistolas.
3240 5110 3313 5161 Ex
3374 5106 3564 5162 verbis
3630 5105 3850 5174 prioris

2202 5183 2472 5251 Epistolas
2489 5180 2718 5250 colligit
2738 5180 3017 5233 Sommier
3043 5179 3303 5232 ordinem
3326 5180 3707 5251 Ecclesiarum
3730 5178 3844 5243 jam

2201 5250 2583 5309 censtilutum
2617 5251 2724 5307 sub
2785 5254 2966 5305 Petro.
2996 5265 3124 5304 cum
3153 5250 3220 5304 ad
3274 5265 3365 5304 eas
3396 5250 3672 5304 scriberet
3720 5262 3845 5317 pag.

2203 5322 2291 5394 44,
2326 5328 2441 5379 htec
2498 5325 2800 5377 adnotans.
2825 5393 2832 5394 γ
2857 5324 2977 5390 lpse
3006 5322 3060 5376 S.
3088 5324 3289 5376 Petrus
3316 5319 3843 5394 denotat‘ordinem

2200 5404 2255 5457 et
2282 5392 2666 5450 characterem
2711 5393 3092 5447 Ecclesiarum
3150 5394 3216 5446 ad
3254 5407 3399 5462 quas
3439 5392 3646 5447 scribit
3684 5404 3841 5444 suam

2201 5481 2448 5540 priorem
2482 5465 2995 5540 Epistolam,juxta
3028 5464 3285 5540 ordinem
3333 5464 3843 5540 quemprovincia:

2198 5534 2269 5598 ab
2304 5541 2428 5607 ipso
2462 5539 2767 5591 nominatze
2803 5536 2859 5589 in
2898 5537 3150 5590 Romano
3200 5536 3443 5602 imperio
3476 5534 3839 5589 obtinebant:

2199 5617 2390 5667 Petrus
2423 5609 2699 5677 apostolus
2729 5609 2856 5660 Jcsu
2906 5608 3110 5662 Christi
3156 5607 3338 5660 electis
3383 5607 3611 5660 advenis
3642 5607 3845 5673 disper-

2200 5686 2369 5736 sionts
2405 5685 2581 5745 Ponti,
2642 5679 2893 5737 Galatiae,
2944 5678 3319 5746 Cappadociae,
3351 5681 3524 5739 Asia},
3560 5685 3609 5731 ct
3658 5679 3841 5742 Bithy—

2199 5759 2321 5808 πίω.
2359 5752 2587 5805 Amasia
2610 5757 2731 5803 erat
2766 5750 3100 5816 metropolis
3134 5750 3317 5813 Ponti,
3340 5748 3563 5818 Ancyra
3582 5750 3842 5813 Galatize,

2198 5828 2451 5880 Caesarea
2476 5822 2868 5889 Cappadocia),
2899 5821 3156 5885 Ephesus
3186 5822 3356 5889 Asia},
3390 5822 3725 5875 Nicomedia
3758 5822 3839 5873 Bi-

2200 5897 2431 5965 thyniae.
2485 5894 2720 5965 Septem
2756 5891 3039 5965 Ecclesite,
3069 5893 3137 5965 ad
3181 5906 3324 5960 quas
3367 5893 3614 5948 Joannes
3636 5893 3842 5962 dirigit

2198 5960 2358 6021 suam
2383 5960 2805 6033 Apocalypsim,
2844 5963 3070 6015 scilicet
3101 5964 3379 6027 Ephesus,
3410 5966 3674 6033 Smyrna,
3709 5960 3841 6017 Per:

2199 6049 2420 6108 gamus,
2452 6032 2745 6100 Thyatira,
2766 6033 3000 6101 Sardes,
3030 6033 3428 6102 Philadelphia
3450 6032 3517 6089 et
3534 6036 3843 6099 Laodicea;
