3912 6398
137 434 282 496 4045

1026 438 1344 493 HISTORIA
1382 440 1472 494 DE
1514 440 1693 496 VITIS
1732 437 1899 494 ROM.
1946 440 2144 494 PONT.
2175 469 2249 479 —
2283 441 2339 494 S.
2392 440 2671 496 PEI‘RUS.

3428 439 3567 498 4046

134 570 305 620 erant
335 564 680 638 metropoles
723 565 783 620 in
834 564 975 638 Asia
1009 565 1258 621 minori.
1304 567 1375 621 Et
1401 566 1459 622 S.
1486 566 1706 622 Paulus
1737 566 2266 627 adAmcumenica
2312 567 2814 638 Constantinopoli
2868 567 3150 624 celebrata
3203 568 3346 638 (Act.
3407 584 3448 625 ιι
3500 570 3561 625 ἱη

133 638 330 693 Titum
353 634 711 709 discipulum
736 636 1018 709 scribens,
1039 652 1204 706 quem
1229 638 1563 709 episcopum
1588 639 1801 693 consti-

137 714 329 763 tuerat
352 709 410 763 in
438 708 600 763 Creta
632 707 846 774 insula,
874 722 987 764 una
1015 723 1084 764 ex
1115 707 1443 778 provinciis
1459 710 1800 764 Macedoniae

138 778 247 835 sub
280 782 532 836 Romano
566 781 831 852 imperio,
867 782 1037 849 cujus
1069 780 1405 849 metrOpolis
1434 791 1554 836 erat
1583 782 1801 852 Gorty—

139 864 231 917 na,
256 852 443 908 eidem
472 851 735 922 praecipit
761 858 826 906 ut
847 853 1150 921 episcopos
1174 854 1494 909 constituat
1523 866 1620 922 per
1640 851 1799 908 civi-

138 930 306 987 tates,
340 928 482 976 sicut
528 929 577 977 et
617 938 733 990 ego,
771 922 988 994 inquit,
1034 925 1285 994 disposui
1321 924 1423 978 tibi
1470 923 1605 993 (Tit.
1640 938 1681 993 1,
1721 923 1794 994 5).

138 996 377 1049 Constat
402 995 520 1064 jam
553 1007 620 1049 ex
649 998 703 1050 S.
737 994 1056 1066 Scriptura,
1096 996 1247 1051 inter
1273 1002 1474 1051 caetera
1513 997 1645 1063 jura
1688 1010 1798 1051 su-

142 1067 434 1139 periorum
465 1067 690 1139 sedium
721 1066 778 1122 id
809 1067 1139 1139 recognosci
1171 1068 1343 1123 etiam
1370 1072 1535 1122 astate
1559 1074 1796 1137 aposto-

141 1138 275 1207 lica,
309 1144 372 1193 ut
399 1136 741 1194 inferiorum
764 1136 987 1193 sedtum
1012 1140 1313 1209 episcopos
1343 1136 1787 1194 constituerent.

210 1211 386 1265 Linea
415 1210 471 1264 8.
497 1241 571 1249 —
594 1210 733 1278 Ejus
764 1213 1072 1264 testimonio
1120 1217 1249 1264 sunt
1291 1214 1530 1279 ﬁrmata.
1575 1210 1791 1265 Ibidem

142 1287 410 1337 auctores
458 1282 770 1337 orthodosi
815 1298 1003 1350 nempe
1032 1283 1137 1336 SS.
1183 1286 1395 1344 Patres,
1443 1284 1653 1350 aliique
1682 1297 1794 1334 au-

140 1357 313 1406 ctores
346 1354 735 1413 Ecclesiastici,
769 1368 904 1422 quos
933 1369 1104 1423 supra
1130 1353 1417 1423 indicavit)
1450 1352 1797 1408 inhaerentes

139 1424 479 1479 auctoritati
529 1426 661 1479 Jesu
704 1425 946 1492 Christi,
981 1427 1249 1481 testantis
1299 1438 1360 1480 se
1408 1439 1521 1480 non
1570 1425 1798 1479 venisse

139 1496 360 1551 solvere
386 1494 585 1568 legem,
620 1496 716 1551 sed
765 1498 1100 1567 adimplere,
1149 1511 1250 1551 nec
1292 1510 1402 1551 non
1449 1495 1641 1551 verbis
1670 1497 1796 1565 ejus

142 1567 400 1639 Apostoli
433 1567 716 1635 docentis,
751 1570 945 1624 omnia
978 1583 1103 1639 quae
1136 1568 1244 1623 sub
1276 1568 1397 1639 lege
1427 1568 1799 1635 contingebat

144 1638 382 1709 ﬁguram
415 1652 539 1694 esse
571 1653 762 1695 rerum
791 1638 1293 1711 adimplendarum
1326 1638 1433 1695 Sub
1466 1638 1793 1711 Evangelio,

138 1710 463 1765 decernunt
497 1714 733 1780 pariter,
774 1725 805 1766 a
833 1709 1367 1767 Deo‘constituente
1400 1709 1795 1776 pontiﬁcatum

144 1782 365 1836 Veteris
388 1782 735 1838 Testamenti
767 1783 1172 1840 adumbratum
1203 1797 1346 1847 esse,
1378 1796 1445 1837 ac
1481 1781 1660 1836 veluti
1692 1781 1800 1835 de—

143 1853 423 1908 lineatum
447 1855 838 1909 rudimentum
870 1855 1241 1924 pontiﬁcatus
1258 1853 1519 1922 erigendi
1542 1853 1598 1906 in
1619 1854 1794 1908 Novo.

1915 638 2075 709 ﬁne):
2112 659 2137 692 «
2162 641 2229 711 Et
2260 640 2363 695 hoc
2389 640 2664 711 dignitati
2689 654 2806 694 sua:
2833 640 3041 695 addere
3065 642 3375 709 credimus,
3406 643 3559 711 quod

1908 724 1943 784 a
1973 710 2329 784 temporibus
2364 710 2511 784 Petri
2544 712 2795 784 apostoli
2826 711 3050 766 nullum
3087 712 3269 768 alium
3304 710 3559 784 unquam

1908 780 2235 854 Orientalis
2267 782 2520 837 Ecclesia
2574 782 2839 854 suscepit
2878 784 3232 854 episcOpum,
3291 780 3560 840 manibus

1910 859 2119 909 nostrae
2150 853 2304 908 sedis
2335 854 2691 920 ordinatum.
2719 855 2786 907 Et
2816 852 3082 914 forsitan,
3113 855 3197 910 vel
3222 852 3298 911 ad
3330 856 3562 911 demon-

1907 926 2245 981 strationem
2280 924 2472 980 laudis
2506 926 2719 994 ipsius,
2747 925 2832 980 vel
2858 926 2928 980 ad
2956 926 3408 982 destructionem
3434 928 3560 981 ini—

1911 998 2190 1051 micorum
2219 998 2443 1052 instans
2493 1011 2586 1052 res
2616 1003 2774 1051 tanta
2827 997 3102 1067 pervenit,
3143 1004 3206 1052 ut
3255 997 3380 1053 illis
3436 998 3563 1068 ipse

1907 1068 2124 1124 similis
2153 1081 2277 1124 esse
2313 1067 2599 1134 videatur,
2632 1082 2779 1138 quos
2822 1069 2883 1124 in
2918 1068 3009 1122 his
3042 1070 3389 1139 quandoque
3417 1067 3558 1139 par-—

1907 1140 2067 1195 tibus
2101 1140 2290 1209 ipsius
2318 1139 2710 1208 apostolorum
2746 1139 2920 1208 primi
2952 1140 3158 1195 electio
3188 1141 3501 1197 ordinavit.
3528 1158 3555 1190 ››

1905 1213 1974 1266 Et
2002 1208 2139 1281 pag.
2160 1208 2251 1278 53,
2284 1211 2505 1265 laudati
2535 1211 2795 1265 auctoris
2827 1211 2945 1265 haec
2971 1212 3197 1266 addam.

1977 1285 2222 1337 Noscere
2253 1282 2542 1350 quispiam
2582 1283 2784 1352 cupiet
2811 1281 3119 1349 Ecclesias,
3160 1296 3304 1352 quas
3346 1282 3560 1339 Antio-

1906 1353 2090 1409 cheno
2123 1352 2543 1423 patriarchatui
2577 1351 2781 1407 beatus
2812 1354 3012 1407 Petrus
3042 1351 3375 1422 subjecerit.
3408 1355 3560 1409 Dici-

1909 1439 2039 1479 mus
2069 1425 2407 1496 generatim,
2428 1423 2731 1478 Orientem
2764 1423 2854 1478 illi
2886 1423 3241 1496 subdidisse,
3274 1426 3560 1496 quemad-

1912 1494 2142 1551 modu'm
2173 1495 2520 1551 subditurus
2549 1499 2673 1548 erat
2709 1496 2961 1549 Romano
2993 1494 3411 1563 patriarchatui
3442 1495 3559 1551 Oc—

1908 1569 2216 1628 cidentem,
2265 1574 2320 1622 et
2350 1566 2720 1636 Aquilonem,
2752 1573 2806 1621 et
2836 1565 3229 1621 Alexandrino
3275 1567 3560 1622 meridio—

1912 1640 2095 1693 nalem
2152 1646 2318 1694 terra:
2372 1646 2607 1706 partem.
2657 1639 2715 1692 ld
2777 1650 2909 1692 vero
2972 1637 3166 1693 haberi
3223 1651 3335 1693 non
3392 1638 3560 1694 debet

1912 1712 2105 1766 inanis
2136 1710 2487 1780 suppositio,
2535 1709 2627 1763 sed
2677 1707 2813 1763 facti
2854 1722 3024 1764 verax
3073 1710 3340 1776 historia,
3386 1710 3557 1779 cujus

1908 1784 2256 1838 evidentiam
2291 1781 2550 1835 insecuta
2581 1786 2837 1849 tempora
2864 1781 3250 1835 eluciderunt.
3284 1780 3421 1849 Qua:
3447 1781 3558 1835 Ni-

1908 1868 2065 1910 cteno
2089 1868 2158 1909 ex
2175 1852 2426 1908 concilio
2445 1852 2642 1906 desum
2655 1852 2774 1906 itur
2794 1870 2808 1919 ε,
2831 1865 2959 1906 cum
2984 1858 3225 1908 testetur
3240 1852 3557 1907 divisionis

137 1924 253 2001 §ub
278 1925 470 2001 priori
497 1922 1222 2001 fgmlerehmodispluribus
1256 1925 1636 2001 revelatio-nes
1662 1936 1798 2001 suas
1827 1942 1876 2001 Β
1907 1926 2355 2001 antiquitatem;
2403 1924 2757 2001 demonstrat
2804 1922 2874 1977 ab
2923 1936 3003 2001 eo
3046 1925 3412 2001 processisse,
3460 1937 3557 2001 per

144 1996 294 2068 Deus
313 1997 644 2068 aperiebat:
666 1997 982 2067 aliquando
1008 2012 1106 2066 per
1123 2010 1400 2068 organum
1421 1996 1600 2061 vocis,
1626 1996 1797 2068 cujus

139 2067 309 2121 verba
345 2065 932 2134 audiebanturflicet
959 2070 1087 2137 ejus
1118 2065 1218 2138 qui
1267 2065 1548 2137 proferret
1574 2067 1794 2136 species

140 2151 247 2192 non
298 2140 622 2203 videretur,
657 2141 1137 2208 quemadmodum
1182 2141 1240 2193 in
1285 2145 1473 2193 monte
1515 2139 1700 2207 Sinai,
1739 2145 1796 2192 et

134 2210 199 2263 ad
236 2209 434 2264 locum
467 2210 846 2276 tabernaculi.
878 2226 942 2263 ac
971 2211 1218 2265 subinde
1245 2210 1441 2279 templi
1476 2211 1792 2279 nuncupati

135 2283 347 2335 Sancta
371 2290 703 2336 sanctorum
725 2299 739 2343 ;
762 2281 1080 2348 aliquando
1104 2296 1202 2350 per
1230 2281 1620 2335 ministerium
1644 2294 1796 2335 sum-

138 2352 209 2405 mi
241 2351 548 2420 pontiﬁcis
573 2352 761 2406 induti
787 2360 1123 2407 ornamento
1147 2353 1313 2408 illius
1337 2353 1570 2421 proprio
1586 2366 1651 2407 ac
1679 2353 1795 2406 sin-

137 2423 375 2498 gulari;
410 2423 847 2498 aliquandoper
876 2424 1203 2498 prophetas,
1232 2424 1448 2498 aliosve
1475 2424 1796 2498 viros_divi-

141 2494 301 2548 nitus
333 2494 672 2561 inspiratos.
704 2495 773 2549 Ut
802 2494 994 2550 autem
1038 2495 1433 2558 revelationes,
1464 2509 1591 2564 qua:
1624 2495 1792 2550 ﬁdem

141 2578 257 2619 com
271 2564 694 2632 plectebantur.
718 2572 773 2620 et
791 2579 979 2621 mores
999 2565 1069 2620 ab
1082 2566 1366 2620 Israelitis
1382 2565 1789 2632 observandos,

143 2636 524 2707 redderentur
554 2636 841 2691 immunes
870 2636 941 2692 ab
966 2638 1124 2692 omni
1156 2637 1281 2691 labe
1309 2645 1365 2692 et
1395 2638 1789 2707 corruptione,

145 2721 308 2775 quam
349 2706 551 2775 lapsus
593 2710 890 2777 temporis,
939 2714 998 2763 et
1027 2710 1372 2776 Opinionum
1408 2708 1792 2763 humanorum

146 2778 492 2834 vicissitudo
524 2778 696 2834 rebus
722 2780 948 2835 caeteris
972 2777 1186 2834 inferre
1212 2778 1379 2848 solet,
1410 2780 1794 2834 constituerat

149 2849 202 2903 in
231 2849 445 2904 Israele
475 2850 684 2920 sedem,
718 2864 783 2906 ac
814 2849 1074 2906 tribunal
1108 2850 1306 2915 ﬁxum,
1340 2864 1405 2905 ac
1435 2864 1789 2920 supremum,

148 2922 289 2989 quod
323 2920 613 2977 arbitrum
639 2920 785 2978 foret
810 2923 1070 2977 omnium
1102 2922 1513 2989 pertinentium
1542 2923 1610 2977 ad
1648 2921 1796 2976 reli—

146 2992 389 3064 gionem,
426 2993 495 3048 ad
531 3007 723 3049 verum
756 3007 991 3050 sensum
1023 2993 1211 3064 legum
1241 3007 1476 3048 suarum
1528 2993 1792 3048 homini-

147 3063 246 3119 bus
292 3064 697 3134 aperiendum,
746 3072 803 3120 et
849 3066 919 3120 ad
969 3063 1233 3120 absdlute
1285 3065 1669 3120 decidendum
1719 3065 1790 3120 de

146 3135 412 3191 omnibus
462 3137 896 3193 controversiis.
951 3136 1012 3191 Si
1061 3137 1309 3205 difﬁcile,
1365 3142 1415 3189 et
1467 3137 1789 3203 ambiguum

144 3208 286 3327 ἕρμα
329 3213 396 3350 te)
410 3208 692 3275 judicium
733 3224 855 3263 esse
876 3210 1244 3279 perspemeris,
1277 3214 1385 3263 etc.
1429 3207 1606 3279 (Deut.
1642 3219 1784 3277 xvn,

204 3292 365 3350 δερα-
430 3349 439 3350 ,

204 3292 339 3350 seqq
352 3321 365 3333 .

210 3351 380 3406 Linea
414 3349 470 3406 4.
510 3382 585 3392 —
614 3352 941 3407 Cathedram
980 3353 1339 3423 episcopatus.
1376 3352 1437 3406 In
1481 3353 1638 3423 Novo
1675 3351 1786 3404 Te—

146 3427 422 3494 stamento
468 3424 685 3478 veritas
739 3438 929 3479 rerum
987 3421 1231 3494 perfecte
1274 3423 1581 3494 respondet
1630 3422 1789 3494 hisce

148 3493 341 3565 ﬁguris
364 3496 639 3565 Antiqui,
669 3500 783 3551 etc.
819 3492 1308 3565 Quemadmodum
1340 3493 1449 3548 sub
1479 3493 1660 3561 priori
1686 3492 1789 3565 illo

146 3562 344 3621 ftedere
374 3562 677 3636 nunquam
705 3562 897 3623 defuit
926 3565 1184 3622 tribunal
1215 3572 1433 3620 certum
1465 3564 1789 3620 constantis

148 3635 541 3693 institutionis
584 3637 650 3692 ad
695 3652 890 3694 verum
936 3651 1169 3694 sensum
1202 3636 1617 3691 revelationum
1644 3648 1789 3704 ape-

147 3706 431 3780 riendum,
459 3715 516 3765 et
543 3709 613 3764 ad
644 3710 1131 3779 pronuntiandam
1164 3705 1793 3780 sententiamdeﬁniti-

146 3790 257 3833 vam
308 3780 367 3836 in
414 3776 745 3853 fcausis‘ad
802 3781 1150 3853 religionem
1195 3776 1658 3853 pertinentibus;
1706 3778 1789 3853 ita

147 3862 371 3917 prorsus
407 3852 521 3907 hoc
568 3859 820 3921 tempore
867 3850 996 3909 novi
1044 3851 1279 3907 fcederis
1321 3862 1585 3917 suprema
1626 3850 1789 3905 sedes

149 3920 200 3974 in
244 3923 509 3994 Ecclesia
546 3920 734 3979 erecta
777 3930 886 3993 est,
919 3925 1088 3994 cujus
1116 3936 1147 3977 a
1187 3921 1436 3994 judiciis
1473 3933 1788 3994 provocare

150 4004 247 4064 non
272 3994 407 4051 licet
434 4013 447 4049 :
484 3993 768 4064 Quidquid
794 3992 1051 4064 ligaveris
1074 4014 1090 4057 ;
1114 3996 1283 4062 cujus
1303 3992 1630 4064 decisiones
1651 3998 1790 4064 sunt

152 4062 551 4122 irrevocabiles
580 4084 592 4119 :
624 4061 896 4136 Conﬁrnia
926 4070 1129 4135 fratres
1161 4061 1279 4119 tuos
1304 4082 1321 4128 ;
1344 4065 1514 4133 cujus
1539 4061 1788 4119 directio

156 4138 496 4194 universalis
527 4145 633 4206 est,
665 4153 733 4194 ac
762 4152 963 4194 secura
988 4157 1000 4193 :
1034 4140 1201 4191 Pasce
1228 4151 1397 4203 agnos
1435 4149 1598 4197 meos,
1624 4150 1789 4204 pasce

154 4219 260 4259 Ουϐδ
278 4226 444 4263 meas.

217 4279 291 4333 Ad
343 4282 622 4337 lectiones
671 4281 937 4338 codicum
978 4280 1210 4336 Freheri
1261 4279 1307 4334 A
1336 4279 1481 4348 etB,
1524 4283 1581 4332 et
1611 4278 1789 4333 trium

161 4347 418 4423 Fabrotti,
453 4354 618 4423 Reg,
652 4356 786 4409 Maz.
822 4360 879 4408 et
907 4353 1009 4407 Th.
1044 4358 1100 4407 et
1129 4352 1197 4406 ad
1229 4363 1293 4406 ea
1328 4347 1533 4423 verba;
1590 4370 1615 4423 ᾳ
1663 4350 1794 4405 Post

156 4419 269 4486 ejus
290 4419 614 4481 Passioném
647 4424 881 4494 (Christi
910 4437 1062 4479 anno
1092 4422 1353 4491 sequenti
1381 4422 1571 4476 tenuit
1593 4422 1791 4494 Petrus

156 4496 434 4566 apostolus
472 4497 530 4550 in
566 4489 830 4566 partibus
858 4494 1116 4552 Orientis
1155 4489 1487 4566 cathedram
1516 4493 1687 4566 annis
1718 4489 1787 4566 is;

159 4560 347 4621 deinde
373 4581 528 4623 anno
562 4560 789 4623 Domini
822 4566 893 4623 38
920 4566 1078 4622 venit
1106 4565 1492 4625 Antiochiam,
1519 4565 1617 4620 ubi
1641 4560 1793 4619 sedit

160 4636 313 4721 ilignis
351 4635 416 4721 ΖΞ,
450 4639 580 4695 dies
630 4639 979 4721 8;~deinde‘
1005 4638 1433 4721 venit-uomam
1483 4635 1583 4691 ubi
1640 4637 1792 4721 sedit

1818 3310 1867 3375 Ο

1909 1992 2077 2067 quem
2106 2002 2224 2051 tres
2250 1995 2365 2050 illa:
2397 1995 2559 2067 sedes
2590 1992 2842 2050 fundatae
2873 2000 3030 2049 sunt.
3063 1995 3372 2067 Universos
3400 1992 3555 2051 enim

1906 2065 2147 2123 criticos
2179 2079 2484 2136 provocare
2511 2066 2647 2120 licet
2679 2068 2748 2121 ad
2776 2073 3088 2132 auctorem,
3128 2080 3229 2121 seu
3276 2065 3557 2121 fundato-

1909 2153 2025 2194 rem
2051 2140 2347 2194 diversum
2382 2151 2413 2192 a
2449 2139 2610 2191 Petro
2642 2136 2811 2192 nobis
2841 2137 3280 2193 ostendendum.
3320 2138 3554 2192 Nicteno

1907 2212 2092 2281 igitur
2116 2209 2370 2266 concilio
2397 2209 2452 2263 id
2488 2214 2674 2281 ratum
2708 2207 2891 2263 fuisse
2924 2207 3210 2281 habitum,
3241 2214 3306 2263 ut
3335 2208 3550 2263 Antio-

1905 2278 2074 2337 cheni
2105 2282 2531 2351 patriarchatus
2557 2279 2707 2334 ditio
2736 2286 2887 2334 esset
2911 2278 3140 2345 Oriens,
3171 2280 3550 2351 antiquorum

1906 2367 2071 2409 nemo
2100 2352 2413 2408 dubitavit.
2453 2352 2508 2405 S.
2543 2351 2922 2420 Hieronymus
2968 2351 3173 2406 Joanni
3214 2350 3553 2419 Hierosoly—

1905 2427 2124 2479 mitano
2183 2426 2239 2480 id
2299 2422 2626 2492 exprobrat,
2683 2424 2834 2491 quod
2863 2434 2994 2476 cum
3051 2423 3199 2477 inter
3249 2422 3553 2491 episcopos

1904 2495 2221 2551 Palaestina:
2290 2495 2412 2563 ipse
2485 2499 2836 2555 censeretur,
2915 2493 3301 2563 cognitionem
3372 2506 3560 2548 causa

1902 2568 2308 2623 ecclesiastica
2337 2564 2550 2620 deferri
2571 2570 2828 2619 curasset
2856 2564 2925 2618 ad
2954 2565 3287 2633 episcopum
3322 2563 3564 2618 Alexan-

1902 2639 2171 2693 drinum;
2210 2639 2279 2693 ad
2312 2650 2481 2706 quem
2518 2636 2809 2702 judicium
2858 2634 3004 2690 illud
3040 2648 3153 2706 non
3204 2633 3551 2704 pertinebat,

1904 2724 2033 2765 cum
2065 2710 2286 2764 directo
2318 2705 2385 2761 ad
2417 2708 2831 2761 Caesareensem
2865 2705 3288 2774 metropolitam
3322 2711 3557 2774 specta-

1906 2787 2012 2839 ret.
2062 2787 2119 2836 et
2168 2780 2300 2834 inde
2347 2777 2639 2847 appellare
2705 2782 2994 2845 oporteret
3042 2776 3111 2831 ad
3168 2776 3553 2844 patriarcham

1902 2850 2348 2906 Antiochenum.
2386 2849 2546 2903 «Tui
2577 2848 2678 2917 qui
2727 2848 2958 2918 regulas
3012 2849 3227 2917 quaeris
3275 2847 3561 2903 ecclesia-

1904 2927 2081 2978 sticas
2110 2921 2328 3049 gnquit
2376 2921 2431 2976 S.
2477 2920 2678 2975 doctor
2707 2933 2804 2988 ep.
2841 2918 2931 2986 60)
2971 2924 3029 2974 et
3059 2920 3275 2974 Nicaeni
3314 2919 3556 2975 concilii

1904 2995 2110 3049 canoni
2160 3008 2226 3048 us
2248 2992 2465 3049 uteris:
2494 2992 2775 3049 resnonde
2806 2990 2974 3049 mihi.
3001 2991 3070 3047 ad
3104 2990 3556 3047 Alexandrinum

1901 2990 2232 3051 canonibus
2248 2992 2465 3055 uteris;
2494 2992 2775 3061 responde
2806 2990 2974 3058 mihi,
3001 2991 3070 3047 ad
3104 2990 3559 3061 Alexandrinum

1900 3067 2235 3136 episcOpum
2268 3062 2573 3136 Palaestina
2591 3060 2776 3136 quid,
2807 3061 3097 3131 pertinet?
3124 3064 3221 3136 Ni“
3251 3060 3422 3136 fallor
3453 3062 3560 3116 hoc

1903 3133 1985 3193 ibi
2035 3133 2386 3193 decernitur.
2440 3141 2505 3189 ut
2562 3134 2875 3188 Palaestina:
2925 3134 3261 3202 metropolis
3305 3133 3559 3188 Caesarea

1897 3212 1997 3270 sit,
2030 3217 2087 3263 et
2117 3208 2300 3264 totius
2336 3205 2593 3262 Orientis
2616 3205 2946 3271 Antiochia,
2968 3205 3380 3260 [nuorentiusl
3403 3204 3564 3260 scri—

1900 3281 2040 3336 bens
2064 3280 2133 3335 ad
2180 3277 2571 3335 Alexandrum
2616 3277 2948 3345 episcopum
3002 3275 3426 3330 Antiochenum
3451 3274 3562 3328 de-

1899 3353 2101 3416 clarat,
2164 3349 2537 3404 Revolventes
2590 3346 2787 3415 itaque
2850 3346 3251 3400 auctoritatem
3329 3345 3558 3399 Nicenie

1900 3422 2126 3494 synodi,
2187 3432 2314 3490 qua:
2370 3430 2541 3474 unam
2591 3416 2850 3494 omnium
2882 3429 2980 3484 per
3022 3416 3217 3471 orbem
3249 3418 3558 3494 _tei:rarum

1898 3486 2151 3562 eitplicat
2198 3486 2440 3562 mentem
2471 3487 3017 3562 sacerdotum,__qute
3063 3487 3294 3562 censuit
3328 3486 3400 3541 de
3433 3487 3559 3541 An—

1898 3556 2167 3620 tiochena
2190 3560 2440 3616 Ecclesia
2463 3558 2694 3614 cunctis
2725 3556 3017 3626 ﬁdelibus,
3052 3571 3123 3612 ne
3146 3557 3334 3613 dicam
3357 3569 3559 3613 sacer—

1898 3634 2137 3692 donibus
2193 3646 2316 3688 esse
2368 3630 2759 3685 necessarium
2811 3629 3108 3683 custodire
3157 3641 3328 3699 quam
3382 3641 3558 3695 super

1898 3706 2196 3762 dimcesim
2247 3715 2433 3770 suam,
2490 3714 2603 3755 non
2666 3713 2840 3769 super
2884 3699 3556 3770 aliquam-provinciam

1901 3776 2366 3848 recognoscimus
2394 3767 2845 3848 constitutam_._»
2876 3773 2943 3825 Et
2972 3767 3101 3842 pag.
3131 3767 3334 3848 ﬁtait:

1968 3840 2225 3905 Orientis
2253 3846 2503 3905 nomine.
2529 3844 2599 3899 de
2624 3856 2739 3913 quo
2775 3843 2867 3898 hic
2900 3840 3087 3897 sermo
3110 3849 3217 3911 est,
3266 3840 3558 3912 intelligi-

1899 3927 1997 3977 tur
2037 3918 2387 3975 universitas
2408 3915 2740 3986 quindecim
2770 3913 3224 3986 provinciarum,
3255 3928 3380 3986 quze
3400 3919 3556 3983 post-

1901 3993 2132 4047 modum
2191 3989 2383 4044 relatze
2428 3985 2571 4041 sunt
2619 3985 2728 4041 sub
2782 3985 3213 4041 nomenclatura
3243 3985 3556 4042 dioeceseos

1899 4062 2158 4119 Orientis
2186 4061 2247 4115 in
2275 4058 2543 4115 notitiam
2576 4056 2808 4126 imperii
2842 4057 3103 4118 Romani,
3134 4071 3379 4128 quarum
3411 4057 3558 4128 regi-

1902 4149 2029 4191 men
2052 4130 2573 4189 administrabatur
2592 4142 2688 4198 per
2707 4128 3105 4198 magistratum
3124 4128 3195 4182 ab
3216 4131 3559 4197 imperatore

1901 4206 2307 4263 constitutum.
2345 4209 2410 4258 ut
2426 4201 2704 4256 resideret
2719 4199 3059 4259 Antiochiae,
3084 4201 3360 4255 donatum
3380 4198 3556 4254 titulo

1905 4276 2157 4349 praefecti
2198 4274 2467 4349 prtetorio
2495 4270 2774 4349 Orientis.
2793 4272 2941 4349 §u_nt
2968 4275 3157 4349 autem
3188 4271 3283 4349 bas
3317 4271 3558 4349 provin-

1901 4340 2026 4417 cia),
2085 4340 2262 4417 Syria:
2313 4346 2463 4410 duae,
2520 4342 3109 4417 totidemAPaAlestinze,
3141 4349 3199 4395 et
3225 4340 3555 4417 Phaeniciaa,

1901 4411 2354 4489 Ciliciaa'pariter
2370 4418 2403 4473 d
2416 4431 2520 4485 uae,
2539 4414 2827 4489 Armenia,
2846 4414 3066 4484 Cyprus
3078 4411 3296 4489 insula,
3320 4411 3554 4489 Arabia,

1902 4483 2156 4553 lsauria,‘
2185 4483 2618 4560 Euphratensis,
2659 4483 2982 4560 Osrhoena,
3024 4486 3091 4540 et’
3128 4483 3556 4553 Mesopotamia.

1902 4565 2029 4620 Hac
2079 4556 2295 4618 divisio
2346 4561 2661 4616 diteceseos
2703 4556 3021 4613 Orientalis
3053 4560 3279 4625 peracta
3305 4559 3393 4610 est
3421 4561 3553 4609 ante

1902 4634 2142 4693 Honorii
2173 4639 2229 4688 et
2275 4631 2507 4687 Arcadii
2538 4638 2778 4686 aetatem.
2807 4629 2923 4697 sub
2964 4628 3188 4683 ditione
3222 4625 3561 4697 patriarcha:

162 4708 315 4781 gnnis
352 4696 444 4781 ‘23,
492 4724 671 4767 mens.
692 4696 761 4781 ’7,
791 4712 919 4766 dies
945 4708 1000 4778 8,
1038 4727 1063 4757 »
1116 4709 1381 4781 adhiberi
1434 4716 1675 4781 possunt
1700 4721 1789 4781 “ex
1823 4703 1877 4762 D
1902 4704 2246 4781 Antiocheni
2277 4696 3449 4781 habebanturetiamnationcsOrientales
3469 4709 3561 4781 eit-

162 4771 444 4836 Sommier.’
476 4771 1066 4852 llistoria'dogm.'S.
1114 4779 1288 4850 sedis,
1339 4771 1461 4850 pag.
1508 4777 1578 4833 48
1613 4787 1670 4834 et
1696 4777 1788 4847 58,

163 4858 441 4916 sequentes
475 4861 640 4909 notae.

226 4918 461 4993 Tempus
489 4925 809 4995 appetebat,
842 4939 874 4979 a
911 4924 1110 4981 divina
1155 4922 1521 4979 Providentia
1564 4922 1794 4977 consti-

169 4990 703 5065 tutum'fundat'ioni
735 4990 1002 5053 Ecclesiae
1033 4997 1321 5051 Romanae.
1350 4995 1406 5049 8.
1452 4995 1653 5048 Petrus
1687 4995 1794 5048 iter

171 5056 295 5116 illuc
342 5068 620 5133 instituit,
669 5076 725 5124 et
755 5069 1005 5125 visitans
1034 5066 1320 5123 Ecclesias
1357 5079 1424 5120 eo
1475 5065 1532 5118 In
1587 5064 1796 5120 itinere

170 5140 530 5212 QQQurrentes,
562 5140 1042 5210 deditepiscOpos
1077 5138 1329 5212 (ἐρείψετε
1362 5137 1421 5190 in
1474 5134 1793 5212 Paltestina,

169 5203 369 5284 sidoni,
400 5211 653 5284 Beritho,
699 5203 894 5281 Byblo,
940 5203 1161 5284 Tripoli
1188 5208 1455 5284 Syria§_et
1484 5203 1793 5284 Laodiceze,

172 5270 400 5354 aliisque
418 5282 581 5350 locis,
608 5270 1016 5354 quae-antiquis
1036 5270 1067 5338 ἀ
1087 5282 1208 5337 Scri
1220 5270 1482 5354 ptoribus
1502 5270 1799 5354 observata

173 5353 300 5422 sunt
324 5350 379 5405 in
412 5350 802 5411 monumentis
831 5350 1248 5411 vetustissimis
1287 5351 1646 5422 consignata.
1694 5351 1802 5405 Se-

175 5420 400 5477 cundum
435 5426 552 5481 haec
583 5428 785 5483 revisit
822 5440 986 5483 suam
1016 5425 1431 5482 Antiochenam
1463 5420 1798 5483 Ecclesiam,

178 5488 313 5569 1}}!99
330 5498 588 5569 perrexit
629 5500 689 5554 in
719 5498 1159 5569 Cappadociam,
1193 5495 1500 5569 Galatiam,
1534 5495 1799 5569 Po_ntum,

174 5558 574 5641 ct_Bitﬁyniam,
601 5558 821 5641 ubique
846 5558 1208 5625 constituens
1236 5567 1556 5641 episcopos.
1586 5558 1805 5621 FundaL

176 5635 250 5713 lit
293 5641 456 5713 etiam
502 5635 807 5713 plerasque
835 5641 1093 5713 Thracia:
1123 5635 1428 5713 Ecclesias,
1466 5638 1618 5713 inter
1658 5651 1803 5713 quas

178 5696 547 5787 Eyzantinam',
589 5696 1325 5787 qute'vsubindejnclaruit
1370 5696 1603 5764 nomine
1649 5696 1806 5787 Con-

177 5777 956 5854 §iantinopole'os'assumpto.
991 5783 1117 5837 Haec
1143 5787 1452 5854 memorata
1485 5779 1806 5854 reperimus

182 5848 232 5927 in
260 5848 493 5927 epistola
521 5857 760 5927 Agapeti
792 5848 950 5925 papae
975 5854 1042 5907 ad
1074 5856 1301 5909 Petrum
1328 5848 1810 5927 Hierosolymita—

184 5923 342 5995 nu_r_n_:
399 5922 1025 5993 cujus'testimonium
1075 5938 1140 5981 eo
1186 5931 1272 5980 est
1317 5922 1708 5995 venerabilius
1756 5928 1813 5995 et

185 5986 586 6066 solidiusufuod
605 5995 944 6055 adhibitum
960 5996 1355 6052 invenieturin
1379 5994 1581 6063 quinta
1595 5994 1811 6061 synodo

1904 4788 1990 4835 tra
2004 4778 2147 4833 ﬁnes
2164 4776 2400 4831 Romani
2418 4775 2649 4844 imperii
2668 4773 3018 4844 constituta.
3039 4770 3130 4839 cuj
3142 4768 3560 4844 usjurisdictio

1900 4848 2314 4906 extendebatur
2347 4860 2447 4915 pro
2474 4841 2637 4902 modo
2662 4848 2955 4915 augmenti
2999 4841 3407 4915 Ecclesiarum,
3431 4852 3557 4915 quae

1902 4921 2150 4979 subinde
2174 4918 2253 4973 ibi
2286 4910 2699 4973 fu‘ndabantur.
2727 4910 2984 4983 Scriptor
3023 4911 3340 4969 Orientalis
3371 4910 3557 4983 unde-

1903 4993 2043 5049 cimi
2069 4990 2267 5046 saeculi
2304 4987 2478 5043 refert
2497 4988 2623 5057 ejus
2648 4981 2984 5057 auctoritati
3019 4984 3280 5057 paruisse
3297 4981 3558 5057 Parthos.

1904 5065 2117 5130 Medos,
2165 5063 2382 5126 Persas,
2439 5051 2743 5130 usquead
2778 5055 2965 5130 Indos.
3003 5051 3113 5110 ‘Est
3160 5059 3351 5130 autem
3392 5051 3562 5108 Nilus

1906 5125 2546 5200 archimandrita'apud
2578 5127 2853 5200 Allatium
2889 5126 3143 5200 inAOpere
3171 5125 3243 5181 de
3276 5137 3562 5200 consensu

1907 5206 2175 5262 Ecclesiae
2199 5196 2510 5257 Orientfet
2532 5199 2729 5255 Occid.
2779 5200 2891 5253 Nec
2942 5198 3153 5253 desunt
3196 5197 3296 5266 qui
3327 5196 3564 5252 credant

1908 5276 2253 5333 exarchatus
2280 5274 2466 5339 Ponti,
2497 5272 2645 5326 Asia:
2671 5278 2728 5324 et
2754 5270 3013 5324 Thracia:
3046 5270 3253 5338 primis
3295 5267 3563 5322 Ecclesiae

1910 5358 2019 5404 tem
2032 5346 2267 5416 poribus
2286 5338 2548 5416 paruisse
2564 5340 2978 5416 jurisdictioni
2998 5340 3154 5395 sedis
3170 5338 3561 5416 Antiochense.

1908 5406 2225 5491 (Cabasstit.
2257 5406 2384 5472 Not.
2410 5406 2794 5491 Eccl.,s_:ecul.
2825 5426 2890 5480 Il,
2914 5411 3156 5491 dissert.
3191 5406 3277 5491 i4,
3307 5422 3475 5491 nu_m._
3489 5407 3567 5480 3.)

1912 5480 2028 5547 Alii
2084 5488 2369 5544 afﬁrmant
2418 5488 2521 5542 has
2578 5486 2856 5541 dimceses
2909 5480 3093 5537 fuisse
3139 5481 3566 5550 antocephalas,

1914 5562 2062 5618 nulli
2123 5557 2542 5630 patriarchatui
2597 5556 2907 5630 subjectus,
2967 5567 3098 5609 cum
3152 5552 3405 5630 singulis
3437 5565 3576 5630 _me-

1914 5622 2188 5704 tropoli'ta
2219 5630 2544 5701 praecipuus
2590 5622 2719 5704 sive
2761 5627 2979 5704 primas
3030 5622 3332 5704 praefectus
3366 5622 3573 5704 fuisset

1922 5697 2635 5774 ind'ependéns,ietauctus
2649 5697 3321 5774 jurisdictionequadam
3340 5697 3583 5774 patriar-

1919 5768 2093 5833 chali.
2127 5772 2499 5843 Cappadocia:
2535 5773 2592 5827 in
2626 5770 3247 5843 Pontoiiczesareensis,
3275 5769 3425 5823 Asiae
3460 5768 3576 5822 mi—

1923 5849 2049 5910 nori
2101 5840 2448 5916 Ephe'siuus,
2501 5843 2765 5916 Thracias
2812 5840 3574 5916 Heracleensis,‘antequam

1919 5911 2457 5985 Constantinopolis
2509 5922 2693 5970 erecta
2740 5912 2951 5968 fuisset
3010 5912 3066 5966 in
3100 5911 3573 5985 patriarchatum.

1926 5994 2136 6062 Nempe
2176 5983 2489 6054 istas—sunt,
2519 5987 2821 6061 inquiunt,
2851 5984 3176 6054 netr0poles
3201 5983 3314 6036 illa:
3337 5990 3579 6049 ρηεεω·
