  <div class='ocr_page' id='page_1' title='image "/cluster/home/n/w/nwhite01/storage/ocr_20150623/127-128/uc1.31175010226572/531.png"; bbox 0 0 3912 6426; ppageno 0'>
   <div class='ocr_carea' id='block_1_1' title="bbox 315 419 454 477">
    <p class='ocr_par' dir='ltr' id='par_1_1' title="bbox 315 419 454 477">
     <span class='ocr_line' id='line_1_1' title="bbox 315 419 454 477; baseline 0 -1"><span class='ocrx_word' id='word_1_1' title='bbox 315 419 454 477; x_wconf 68' lang='grc'><strong>4047</strong></span> 
     </span>
    </p>
   </div>
   <div class='ocr_carea' id='block_1_2' title="bbox 1538 359 2490 470">
    <p class='ocr_par' dir='ltr' id='par_1_2' title="bbox 1538 359 2490 470">
     <span class='ocr_line' id='line_1_2' title="bbox 1538 359 2490 470; baseline -0.002 -1"><span class='ocrx_word' id='word_1_2' title='bbox 1538 359 1899 469; x_wconf 44' lang='lat' dir='ltr'><strong>ANAST‘ASH</strong></span> <span class='ocrx_word' id='word_1_3' title='bbox 1940 411 2490 470; x_wconf 79' lang='lat' dir='ltr'><strong>BIBLIOTHECARII</strong></span> 
     </span>
    </p>
   </div>
   <div class='ocr_carea' id='block_1_3' title="bbox 3605 411 3763 469">
    <p class='ocr_par' dir='ltr' id='par_1_3' title="bbox 3605 411 3763 469">
     <span class='ocr_line' id='line_1_3' title="bbox 3605 411 3763 469; baseline 0.013 -1"><span class='ocrx_word' id='word_1_4' title='bbox 3605 411 3763 469; x_wconf 63' lang='lat'><strong>1058</strong></span> 
     </span>
    </p>
   </div>
   <div class='ocr_carea' id='block_1_4' title="bbox 313 537 3755 612">
    <p class='ocr_par' dir='ltr' id='par_1_4' title="bbox 313 537 3755 612">
     <span class='ocr_line' id='line_1_4' title="bbox 313 537 3755 612; baseline -0.001 -14"><span class='ocrx_word' id='word_1_5' title='bbox 313 543 455 598; x_wconf 89' lang='lat' dir='ltr'><strong>teris</strong></span> <span class='ocrx_word' id='word_1_6' title='bbox 483 541 761 611; x_wconf 81' lang='lat' dir='ltr'><strong>illustres,</strong></span> <span class='ocrx_word' id='word_1_7' title='bbox 789 541 860 597; x_wconf 90' lang='lat' dir='ltr'><strong>de</strong></span> <span class='ocrx_word' id='word_1_8' title='bbox 903 540 1120 612; x_wconf 84' lang='lat' dir='ltr'><strong>quibus</strong></span> <span class='ocrx_word' id='word_1_9' title='bbox 1157 541 1387 595; x_wconf 65' lang='lat' dir='ltr'><strong>Nicmua</strong></span> <span class='ocrx_word' id='word_1_10' title='bbox 1411 539 1662 609; x_wconf 84' lang='lat' dir='ltr'><strong>synodus</strong></span> <span class='ocrx_word' id='word_1_11' title='bbox 1709 539 1971 612; x_wconf 72' lang='lat' dir='ltr'><strong>loquitur</strong></span> <span class='ocrx_word' id='word_1_12' title='bbox 2000 544 2052 600; x_wconf 83' lang='lat' dir='ltr'><strong>A</strong></span> <span class='ocrx_word' id='word_1_13' title='bbox 2081 537 2300 612; x_wconf 83' lang='lat' dir='ltr'><strong>fuerint</strong></span> <span class='ocrx_word' id='word_1_14' title='bbox 2343 538 2613 612; x_wconf 70' lang='lat' dir='ltr'><strong>Ecclesiae</strong></span> <span class='ocrx_word' id='word_1_15' title='bbox 2638 543 2806 612; x_wconf 68' lang='lat' dir='ltr'><strong>certae</strong></span> <span class='ocrx_word' id='word_1_16' title='bbox 2842 551 2880 612; x_wconf 85' lang='lat' dir='ltr'><strong>_a</strong></span> <span class='ocrx_word' id='word_1_17' title='bbox 2917 537 2973 612; x_wconf 91' lang='lat' dir='ltr'><strong>S_.</strong></span> <span class='ocrx_word' id='word_1_18' title='bbox 3010 537 3179 612; x_wconf 77' lang='lat' dir='ltr'><strong>Petro</strong></span> <span class='ocrx_word' id='word_1_19' title='bbox 3226 537 3581 612; x_wconf 70' lang='lat' dir='ltr'><strong>constitutae,</strong></span> <span class='ocrx_word' id='word_1_20' title='bbox 3636 544 3755 612; x_wconf 84' lang='lat' dir='ltr'><strong>aut</strong></span> 
     </span>
    </p>
   </div>
   <div class='ocr_carea' id='block_1_5' title="bbox 313 611 1970 680">
    <p class='ocr_par' dir='ltr' id='par_1_5' title="bbox 313 611 1970 680">
     <span class='ocr_line' id='line_1_5' title="bbox 313 611 1970 680; baseline -0.002 -12"><span class='ocrx_word' id='word_1_21' title='bbox 313 626 530 668; x_wconf 84' lang='lat' dir='ltr'><strong>canone</strong></span> <span class='ocrx_word' id='word_1_22' title='bbox 555 619 748 668; x_wconf 84' lang='lat' dir='ltr'><strong>sexto:</strong></span> <span class='ocrx_word' id='word_1_23' title='bbox 795 611 1072 680; x_wconf 43' lang='lat' dir='ltr'><strong>ubi,’post</strong></span> <span class='ocrx_word' id='word_1_24' title='bbox 1098 617 1315 666; x_wconf 87' lang='lat' dir='ltr'><strong>asserta</strong></span> <span class='ocrx_word' id='word_1_25' title='bbox 1333 612 1464 680; x_wconf 90' lang='lat' dir='ltr'><strong>jura</strong></span> <span class='ocrx_word' id='word_1_26' title='bbox 1491 624 1595 666; x_wconf 90' lang='lat' dir='ltr'><strong>sua</strong></span> <span class='ocrx_word' id='word_1_27' title='bbox 1622 618 1804 665; x_wconf 90' lang='lat' dir='ltr'><strong>vetera</strong></span> <span class='ocrx_word' id='word_1_28' title='bbox 1853 611 1970 664; x_wconf 90' lang='lat' dir='ltr'><strong>tri—</strong></span> 
     </span>
    </p>
   </div>
   <div class='ocr_carea' id='block_1_6' title="bbox 313 681 1966 753">
    <p class='ocr_par' dir='ltr' id='par_1_6' title="bbox 313 681 1966 753">
     <span class='ocr_line' id='line_1_6' title="bbox 313 681 1966 753; baseline -0.002 -15"><span class='ocrx_word' id='word_1_29' title='bbox 313 685 422 739; x_wconf 87' lang='lat' dir='ltr'><strong>bus</strong></span> <span class='ocrx_word' id='word_1_30' title='bbox 470 683 961 753; x_wconf 88' lang='lat' dir='ltr'><strong>patriarchalibus</strong></span> <span class='ocrx_word' id='word_1_31' title='bbox 1011 682 1282 737; x_wconf 70' lang='lat' dir='ltr'><strong>licclesiis</strong></span> <span class='ocrx_word' id='word_1_32' title='bbox 1321 685 1530 750; x_wconf 68' lang='lat' dir='ltr'><strong>Roma),</strong></span> <span class='ocrx_word' id='word_1_33' title='bbox 1581 681 1966 750; x_wconf 61' lang='lat' dir='ltr'><strong>Alexandria},</strong></span> 
     </span>
    </p>
   </div>
   <div class='ocr_carea' id='block_1_7' title="bbox 311 753 1970 823">
    <p class='ocr_par' dir='ltr' id='par_1_7' title="bbox 311 753 1970 823">
     <span class='ocr_line' id='line_1_7' title="bbox 311 753 1970 823; baseline -0.001 -13"><span class='ocrx_word' id='word_1_34' title='bbox 311 755 659 823; x_wconf 70' lang='lat' dir='ltr'><strong>Antiochiae,</strong></span> <span class='ocrx_word' id='word_1_35' title='bbox 682 753 936 809; x_wconf 74' lang='lat' dir='ltr'><strong>declarat</strong></span> <span class='ocrx_word' id='word_1_36' title='bbox 961 754 1108 822; x_wconf 90' lang='lat' dir='ltr'><strong>apud</strong></span> <span class='ocrx_word' id='word_1_37' title='bbox 1140 760 1373 808; x_wconf 64' lang='lat' dir='ltr'><strong>caeteras</strong></span> <span class='ocrx_word' id='word_1_38' title='bbox 1409 754 1734 822; x_wconf 78' lang='lat' dir='ltr'><strong>provincias</strong></span> <span class='ocrx_word' id='word_1_39' title='bbox 1780 753 1970 808; x_wconf 92' lang='lat' dir='ltr'><strong>hono-</strong></span> 
     </span>
    </p>
   </div>
   <div class='ocr_carea' id='block_1_8' title="bbox 311 824 1968 894">
    <p class='ocr_par' dir='ltr' id='par_1_8' title="bbox 311 824 1968 894">
     <span class='ocr_line' id='line_1_8' title="bbox 311 824 1968 894; baseline -0.002 -14"><span class='ocrx_word' id='word_1_40' title='bbox 311 839 428 880; x_wconf 87' lang='lat' dir='ltr'><strong>rem</strong></span> <span class='ocrx_word' id='word_1_41' title='bbox 461 841 631 880; x_wconf 91' lang='lat' dir='ltr'><strong>suum</strong></span> <span class='ocrx_word' id='word_1_42' title='bbox 662 824 982 894; x_wconf 73' lang='lat' dir='ltr'><strong>unicuique</strong></span> <span class='ocrx_word' id='word_1_43' title='bbox 1008 826 1349 894; x_wconf 84' lang='lat' dir='ltr'><strong>servandum</strong></span> <span class='ocrx_word' id='word_1_44' title='bbox 1383 825 1664 880; x_wconf 74' lang='lat' dir='ltr'><strong>Ecclesiae.</strong></span> <span class='ocrx_word' id='word_1_45' title='bbox 1695 825 1968 878; x_wconf 78' lang='lat' dir='ltr'><strong>VideLu-</strong></span> 
     </span>
    </p>
   </div>
   <div class='ocr_carea' id='block_1_9' title="bbox 306 891 1968 966">
    <p class='ocr_par' dir='ltr' id='par_1_9' title="bbox 306 891 1968 966">
     <span class='ocr_line' id='line_1_9' title="bbox 306 891 1968 966; baseline 0 -16"><span class='ocrx_word' id='word_1_46' title='bbox 306 913 439 966; x_wconf 86' lang='lat' dir='ltr'><strong>pum</strong></span> <span class='ocrx_word' id='word_1_47' title='bbox 466 899 526 950; x_wconf 85' lang='lat' dir='ltr'><strong>in</strong></span> <span class='ocrx_word' id='word_1_48' title='bbox 551 897 586 953; x_wconf 90' lang='grc'>6</span> <span class='ocrx_word' id='word_1_49' title='bbox 621 913 744 950; x_wconf 84' lang='lat' dir='ltr'><strong>con.</strong></span> <span class='ocrx_word' id='word_1_50' title='bbox 792 891 984 949; x_wconf 79' lang='lat' dir='ltr'><strong>concil.</strong></span> <span class='ocrx_word' id='word_1_51' title='bbox 1013 891 1244 957; x_wconf 75' lang='lat' dir='ltr'><strong>Niczeni,</strong></span> <span class='ocrx_word' id='word_1_52' title='bbox 1285 902 1336 950; x_wconf 81' lang='lat' dir='ltr'><strong>et</strong></span> <span class='ocrx_word' id='word_1_53' title='bbox 1357 913 1491 966; x_wconf 83' lang='lat' dir='ltr'><strong>pag.</strong></span> <span class='ocrx_word' id='word_1_54' title='bbox 1536 893 1638 950; x_wconf 88' lang='lat'><strong>89:</strong></span> <span class='ocrx_word' id='word_1_55' title='bbox 1693 897 1762 950; x_wconf 93' lang='lat' dir='ltr'><strong>de</strong></span> <span class='ocrx_word' id='word_1_56' title='bbox 1791 895 1968 950; x_wconf 61' lang='lat' dir='ltr'><strong>Occim</strong></span> 
     </span>
    </p>
   </div>
   <div class='ocr_carea' id='block_1_10' title="bbox 307 965 1967 1036">
    <p class='ocr_par' dir='ltr' id='par_1_10' title="bbox 307 965 1967 1036">
     <span class='ocr_line' id='line_1_10' title="bbox 307 965 1967 1036; baseline -0.002 -13"><span class='ocrx_word' id='word_1_57' title='bbox 307 965 640 1023; x_wconf 79' lang='lat' dir='ltr'><strong>dentalibus</strong></span> <span class='ocrx_word' id='word_1_58' title='bbox 657 967 930 1022; x_wconf 86' lang='lat' dir='ltr'><strong>Ecclesiis</strong></span> <span class='ocrx_word' id='word_1_59' title='bbox 951 968 1006 1020; x_wconf 91' lang='lat' dir='ltr'><strong>in</strong></span> <span class='ocrx_word' id='word_1_60' title='bbox 1032 965 1422 1036; x_wconf 85' lang='lat' dir='ltr'><strong>patriarchatu</strong></span> <span class='ocrx_word' id='word_1_61' title='bbox 1436 969 1688 1022; x_wconf 82' lang='lat' dir='ltr'><strong>Romano</strong></span> <span class='ocrx_word' id='word_1_62' title='bbox 1707 965 1967 1022; x_wconf 82' lang='lat' dir='ltr'><strong>fundatis</strong></span> 
     </span>
    </p>
   </div>
   <div class='ocr_carea' id='block_1_11' title="bbox 307 1037 1965 1109">
    <p class='ocr_par' dir='ltr' id='par_1_11' title="bbox 307 1037 1965 1109">
     <span class='ocr_line' id='line_1_11' title="bbox 307 1037 1965 1109; baseline -0.002 -14"><span class='ocrx_word' id='word_1_63' title='bbox 307 1053 340 1095; x_wconf 90' lang='lat' dir='ltr'><strong>a</strong></span> <span class='ocrx_word' id='word_1_64' title='bbox 371 1040 433 1094; x_wconf 93' lang='lat' dir='ltr'><strong>D.</strong></span> <span class='ocrx_word' id='word_1_65' title='bbox 485 1041 648 1095; x_wconf 90' lang='lat' dir='ltr'><strong>Petro</strong></span> <span class='ocrx_word' id='word_1_66' title='bbox 682 1041 760 1094; x_wconf 90' lang='lat' dir='ltr'><strong>ita</strong></span> <span class='ocrx_word' id='word_1_67' title='bbox 791 1037 1024 1106; x_wconf 84' lang='lat' dir='ltr'><strong>scribit,</strong></span> <span class='ocrx_word' id='word_1_68' title='bbox 1056 1045 1354 1108; x_wconf 83' lang='lat' dir='ltr'><strong>postquam</strong></span> <span class='ocrx_word' id='word_1_69' title='bbox 1385 1040 1637 1094; x_wconf 82' lang='lat' dir='ltr'><strong>Marcum</strong></span> <span class='ocrx_word' id='word_1_70' title='bbox 1669 1037 1965 1109; x_wconf 72' lang='lat' dir='ltr'><strong>ablegasse</strong></span> 
     </span>
    </p>
   </div>
   <div class='ocr_carea' id='block_1_12' title="bbox 312 1109 1964 1178">
    <p class='ocr_par' dir='ltr' id='par_1_12' title="bbox 312 1109 1964 1178">
     <span class='ocr_line' id='line_1_12' title="bbox 312 1109 1964 1178; baseline 0 -14"><span class='ocrx_word' id='word_1_71' title='bbox 312 1111 572 1166; x_wconf 90' lang='lat' dir='ltr'><strong>narravit</strong></span> <span class='ocrx_word' id='word_1_72' title='bbox 601 1109 1036 1165; x_wconf 84' lang='lat' dir='ltr'><strong>Alexandriam.</strong></span> <span class='ocrx_word' id='word_1_73' title='bbox 1093 1111 1301 1164; x_wconf 80' lang='lat' dir='ltr'><strong>Eodem</strong></span> <span class='ocrx_word' id='word_1_74' title='bbox 1354 1115 1606 1178; x_wconf 88' lang='lat' dir='ltr'><strong>tempore</strong></span> <span class='ocrx_word' id='word_1_75' title='bbox 1655 1110 1710 1163; x_wconf 84' lang='grc' dir='ltr'><strong>Β.</strong></span> <span class='ocrx_word' id='word_1_76' title='bbox 1765 1111 1964 1164; x_wconf 85' lang='lat' dir='ltr'><strong>Petrus</strong></span> 
     </span>
    </p>
   </div>
   <div class='ocr_carea' id='block_1_13' title="bbox 305 1181 1965 1252">
    <p class='ocr_par' dir='ltr' id='par_1_13' title="bbox 305 1181 1965 1252">
     <span class='ocr_line' id='line_1_13' title="bbox 305 1181 1965 1252; baseline 0.001 -17"><span class='ocrx_word' id='word_1_77' title='bbox 305 1181 544 1252; x_wconf 89' lang='lat' dir='ltr'><strong>(inquit)</strong></span> <span class='ocrx_word' id='word_1_78' title='bbox 575 1181 724 1236; x_wconf 89' lang='lat' dir='ltr'><strong>alios</strong></span> <span class='ocrx_word' id='word_1_79' title='bbox 751 1181 1078 1252; x_wconf 79' lang='lat' dir='ltr'><strong>discipulos</strong></span> <span class='ocrx_word' id='word_1_80' title='bbox 1111 1181 1436 1236; x_wconf 87' lang='lat' dir='ltr'><strong>transmisit</strong></span> <span class='ocrx_word' id='word_1_81' title='bbox 1458 1182 1516 1235; x_wconf 92' lang='lat' dir='ltr'><strong>in</strong></span> <span class='ocrx_word' id='word_1_82' title='bbox 1547 1182 1806 1252; x_wconf 87' lang='lat' dir='ltr'><strong>diversas</strong></span> <span class='ocrx_word' id='word_1_83' title='bbox 1838 1194 1965 1250; x_wconf 90' lang='lat' dir='ltr'><strong>pro-</strong></span> 
     </span>
    </p>
   </div>
   <div class='ocr_carea' id='block_1_14' title="bbox 307 1251 1968 1319">
    <p class='ocr_par' dir='ltr' id='par_1_14' title="bbox 307 1251 1968 1319">
     <span class='ocr_line' id='line_1_14' title="bbox 307 1251 1968 1319; baseline -0.001 -13"><span class='ocrx_word' id='word_1_84' title='bbox 307 1251 551 1318; x_wconf 88' lang='lat' dir='ltr'><strong>vincias,</strong></span> <span class='ocrx_word' id='word_1_85' title='bbox 590 1251 1018 1319; x_wconf 87' lang='lat' dir='ltr'><strong>meridionalcs,</strong></span> <span class='ocrx_word' id='word_1_86' title='bbox 1049 1253 1452 1316; x_wconf 86' lang='lat' dir='ltr'><strong>occidentales,</strong></span> <span class='ocrx_word' id='word_1_87' title='bbox 1481 1259 1536 1308; x_wconf 93' lang='lat' dir='ltr'><strong>et</strong></span> <span class='ocrx_word' id='word_1_88' title='bbox 1582 1251 1856 1318; x_wconf 78' lang='lat' dir='ltr'><strong>boreales,</strong></span> <span class='ocrx_word' id='word_1_89' title='bbox 1901 1257 1968 1307; x_wconf 90' lang='lat' dir='ltr'><strong>ut</strong></span> 
     </span>
    </p>
   </div>
   <div class='ocr_carea' id='block_1_15' title="bbox 312 1321 1967 1382">
    <p class='ocr_par' dir='ltr' id='par_1_15' title="bbox 312 1321 1967 1382">
     <span class='ocr_line' id='line_1_15' title="bbox 312 1321 1967 1382; baseline -0.001 -3"><span class='ocrx_word' id='word_1_90' title='bbox 312 1325 393 1379; x_wconf 90' lang='lat' dir='ltr'><strong>ibi</strong></span> <span class='ocrx_word' id='word_1_91' title='bbox 428 1324 710 1379; x_wconf 87' lang='lat' dir='ltr'><strong>Ecclesias</strong></span> <span class='ocrx_word' id='word_1_92' title='bbox 741 1321 1070 1382; x_wconf 72' lang='lat' dir='ltr'><strong>iuuarent.</strong></span> <span class='ocrx_word' id='word_1_93' title='bbox 1105 1337 1234 1380; x_wconf 88' lang='lat' dir='ltr'><strong>cum</strong></span> <span class='ocrx_word' id='word_1_94' title='bbox 1259 1324 1337 1379; x_wconf 87' lang='lat' dir='ltr'><strong>sit</strong></span> <span class='ocrx_word' id='word_1_95' title='bbox 1368 1322 1758 1381; x_wconf 87' lang='lat' dir='ltr'><strong>manifestum.</strong></span> <span class='ocrx_word' id='word_1_96' title='bbox 1781 1324 1967 1378; x_wconf 89' lang='lat' dir='ltr'><strong>aitln-</strong></span> 
     </span>
    </p>
   </div>
   <div class='ocr_carea' id='block_1_16' title="bbox 310 1391 1964 1464">
    <p class='ocr_par' dir='ltr' id='par_1_16' title="bbox 310 1391 1964 1464">
     <span class='ocr_line' id='line_1_16' title="bbox 310 1391 1964 1464; baseline -0.001 -14"><span class='ocrx_word' id='word_1_97' title='bbox 310 1397 487 1450; x_wconf 90' lang='lat' dir='ltr'><strong>noc.l</strong></span> <span class='ocrx_word' id='word_1_98' title='bbox 545 1396 714 1464; x_wconf 88' lang='lat' dir='ltr'><strong>epist.</strong></span> <span class='ocrx_word' id='word_1_99' title='bbox 767 1391 894 1451; x_wconf 73' lang='lat' dir='ltr'><strong>lad</strong></span> <span class='ocrx_word' id='word_1_100' title='bbox 954 1398 1214 1450; x_wconf 89' lang='lat' dir='ltr'><strong>l)ecent.:</strong></span> <span class='ocrx_word' id='word_1_101' title='bbox 1275 1416 1300 1445; x_wconf 84' lang='lat'>«</span> <span class='ocrx_word' id='word_1_102' title='bbox 1361 1397 1421 1450; x_wconf 88' lang='lat' dir='ltr'><strong>In</strong></span> <span class='ocrx_word' id='word_1_103' title='bbox 1453 1408 1676 1450; x_wconf 93' lang='lat' dir='ltr'><strong>omnem</strong></span> <span class='ocrx_word' id='word_1_104' title='bbox 1719 1394 1964 1457; x_wconf 83' lang='lat' dir='ltr'><strong>Italiam,</strong></span> 
     </span>
    </p>
   </div>
   <div class='ocr_carea' id='block_1_17' title="bbox 304 1465 1966 1536">
    <p class='ocr_par' dir='ltr' id='par_1_17' title="bbox 304 1465 1966 1536">
     <span class='ocr_line' id='line_1_17' title="bbox 304 1465 1966 1536; baseline -0.001 -15"><span class='ocrx_word' id='word_1_105' title='bbox 304 1466 546 1531; x_wconf 85' lang='lat' dir='ltr'><strong>Gallias,</strong></span> <span class='ocrx_word' id='word_1_106' title='bbox 570 1467 892 1536; x_wconf 87' lang='lat' dir='ltr'><strong>Hispanias,</strong></span> <span class='ocrx_word' id='word_1_107' title='bbox 917 1466 1191 1532; x_wconf 84' lang='lat' dir='ltr'><strong>Africam,</strong></span> <span class='ocrx_word' id='word_1_108' title='bbox 1219 1465 1498 1530; x_wconf 86' lang='lat' dir='ltr'><strong>Siciliam,</strong></span> <span class='ocrx_word' id='word_1_109' title='bbox 1520 1465 1858 1534; x_wconf 89' lang='lat' dir='ltr'><strong>insulasque</strong></span> <span class='ocrx_word' id='word_1_110' title='bbox 1886 1465 1966 1520; x_wconf 89' lang='lat' dir='ltr'><strong>in-</strong></span> 
     </span>
    </p>
   </div>
   <div class='ocr_carea' id='block_1_18' title="bbox 309 1537 1964 1606">
    <p class='ocr_par' dir='ltr' id='par_1_18' title="bbox 309 1537 1964 1606">
     <span class='ocr_line' id='line_1_18' title="bbox 309 1537 1964 1606; baseline 0.001 -15"><span class='ocrx_word' id='word_1_111' title='bbox 309 1539 648 1606; x_wconf 84' lang='lat' dir='ltr'><strong>terjacentes</strong></span> <span class='ocrx_word' id='word_1_112' title='bbox 675 1537 898 1593; x_wconf 92' lang='lat' dir='ltr'><strong>nullum</strong></span> <span class='ocrx_word' id='word_1_113' title='bbox 943 1538 1243 1593; x_wconf 89' lang='lat' dir='ltr'><strong>hominum</strong></span> <span class='ocrx_word' id='word_1_114' title='bbox 1275 1538 1606 1592; x_wconf 87' lang='lat' dir='ltr'><strong>instituisse</strong></span> <span class='ocrx_word' id='word_1_115' title='bbox 1657 1537 1964 1602; x_wconf 85' lang='lat' dir='ltr'><strong>Ecclesias,</strong></span> 
     </span>
    </p>
   </div>
   <div class='ocr_carea' id='block_1_19' title="bbox 307 1609 1967 1680">
    <p class='ocr_par' dir='ltr' id='par_1_19' title="bbox 307 1609 1967 1680">
     <span class='ocr_line' id='line_1_19' title="bbox 307 1609 1967 1680; baseline 0 -17"><span class='ocrx_word' id='word_1_116' title='bbox 307 1610 423 1664; x_wconf 89' lang='lat' dir='ltr'><strong>nisi</strong></span> <span class='ocrx_word' id='word_1_117' title='bbox 445 1623 544 1663; x_wconf 89' lang='lat' dir='ltr'><strong>eos</strong></span> <span class='ocrx_word' id='word_1_118' title='bbox 577 1624 720 1680; x_wconf 90' lang='lat' dir='ltr'><strong>quos</strong></span> <span class='ocrx_word' id='word_1_119' title='bbox 760 1609 1109 1664; x_wconf 77' lang='lat' dir='ltr'><strong>venerabilis</strong></span> <span class='ocrx_word' id='word_1_120' title='bbox 1133 1609 1334 1664; x_wconf 80' lang='lat' dir='ltr'><strong>Petrus</strong></span> <span class='ocrx_word' id='word_1_121' title='bbox 1361 1609 1658 1678; x_wconf 79' lang='lat' dir='ltr'><strong>apostolus</strong></span> <span class='ocrx_word' id='word_1_122' title='bbox 1691 1616 1792 1663; x_wconf 92' lang='lat' dir='ltr'><strong>aut</strong></span> <span class='ocrx_word' id='word_1_123' title='bbox 1839 1611 1967 1676; x_wconf 77' lang='lat' dir='ltr'><strong>ejus</strong></span> 
     </span>
    </p>
   </div>
   <div class='ocr_carea' id='block_1_20' title="bbox 301 1680 1963 1751">
    <p class='ocr_par' dir='ltr' id='par_1_20' title="bbox 301 1680 1963 1751">
     <span class='ocr_line' id='line_1_20' title="bbox 301 1680 1963 1751; baseline 0.001 -18"><span class='ocrx_word' id='word_1_124' title='bbox 301 1694 664 1736; x_wconf 89' lang='lat' dir='ltr'><strong>successores</strong></span> <span class='ocrx_word' id='word_1_125' title='bbox 694 1681 1122 1736; x_wconf 85' lang='lat' dir='ltr'><strong>constituerunt</strong></span> <span class='ocrx_word' id='word_1_126' title='bbox 1155 1681 1496 1736; x_wconf 86' lang='lat' dir='ltr'><strong>sacerdotes.</strong></span> <span class='ocrx_word' id='word_1_127' title='bbox 1518 1682 1630 1736; x_wconf 85' lang='lat' dir='ltr'><strong>Aut</strong></span> <span class='ocrx_word' id='word_1_128' title='bbox 1657 1680 1866 1751; x_wconf 82' lang='lat' dir='ltr'><strong>legant,</strong></span> <span class='ocrx_word' id='word_1_129' title='bbox 1915 1680 1963 1734; x_wconf 90' lang='lat' dir='ltr'><strong>si</strong></span> 
     </span>
    </p>
   </div>
   <div class='ocr_carea' id='block_1_21' title="bbox 309 1751 1967 1821">
    <p class='ocr_par' dir='ltr' id='par_1_21' title="bbox 309 1751 1967 1821">
     <span class='ocr_line' id='line_1_21' title="bbox 309 1751 1967 1821; baseline 0.001 -17"><span class='ocrx_word' id='word_1_130' title='bbox 309 1752 367 1805; x_wconf 94' lang='lat' dir='ltr'><strong>in</strong></span> <span class='ocrx_word' id='word_1_131' title='bbox 383 1751 702 1820; x_wconf 89' lang='lat' dir='ltr'><strong>provinciis</strong></span> <span class='ocrx_word' id='word_1_132' title='bbox 721 1751 1280 1816; x_wconf 86' lang='lat' dir='ltr'><strong>aliusapostolorum</strong></span> <span class='ocrx_word' id='word_1_133' title='bbox 1297 1753 1613 1820; x_wconf 86' lang='lat' dir='ltr'><strong>invenitur,</strong></span> <span class='ocrx_word' id='word_1_134' title='bbox 1633 1760 1734 1806; x_wconf 90' lang='lat' dir='ltr'><strong>aut</strong></span> <span class='ocrx_word' id='word_1_135' title='bbox 1754 1753 1967 1821; x_wconf 77' lang='lat' dir='ltr'><strong>legitur</strong></span> 
     </span>
    </p>
   </div>
   <div class='ocr_carea' id='block_1_22' title="bbox 304 1822 1963 1894">
    <p class='ocr_par' dir='ltr' id='par_1_22' title="bbox 304 1822 1963 1894">
     <span class='ocr_line' id='line_1_22' title="bbox 304 1822 1963 1894; baseline 0.001 -17"><span class='ocrx_word' id='word_1_136' title='bbox 304 1823 593 1878; x_wconf 88' lang='lat' dir='ltr'><strong>docuisse.</strong></span> <span class='ocrx_word' id='word_1_137' title='bbox 621 1842 648 1873; x_wconf 72' lang='grc' dir='ltr'><strong><em>ι»</em></strong></span> <span class='ocrx_word' id='word_1_138' title='bbox 671 1822 956 1880; x_wconf 90' lang='lat' dir='ltr'><strong>Distincte</strong></span> <span class='ocrx_word' id='word_1_139' title='bbox 975 1829 1224 1878; x_wconf 88' lang='lat' dir='ltr'><strong>attamen</strong></span> <span class='ocrx_word' id='word_1_140' title='bbox 1254 1823 1406 1879; x_wconf 85' lang='lat' dir='ltr'><strong>haud</strong></span> <span class='ocrx_word' id='word_1_141' title='bbox 1431 1829 1676 1891; x_wconf 86' lang='lat' dir='ltr'><strong>constat,</strong></span> <span class='ocrx_word' id='word_1_142' title='bbox 1703 1835 1963 1894; x_wconf 71' lang='lat' dir='ltr'><strong>quisnam</strong></span> 
     </span>
    </p>
   </div>
   <div class='ocr_carea' id='block_1_23' title="bbox 309 2036 494 2050">
    <p class='ocr_par' dir='ltr' id='par_1_23' title="bbox 309 2036 494 2050">
     <span class='ocr_line' id='line_1_23' title="bbox 309 2036 494 2050; baseline 0 -4"><span class='ocrx_word' id='word_1_143' title='bbox 309 2036 494 2050; x_wconf 81' lang='lat'><strong>—._...</strong></span> 
     </span>
    </p>
   </div>
   <div class='ocr_carea' id='block_1_24' title="bbox 2079 607 3760 678">
    <p class='ocr_par' dir='ltr' id='par_1_24' title="bbox 2079 607 3760 678">
     <span class='ocr_line' id='line_1_24' title="bbox 2079 607 3760 678; baseline 0.001 -15"><span class='ocrx_word' id='word_1_144' title='bbox 2079 617 2242 664; x_wconf 64' lang='lat' dir='ltr'><strong>aetate</strong></span> <span class='ocrx_word' id='word_1_145' title='bbox 2262 610 2372 678; x_wconf 92' lang='lat' dir='ltr'><strong>ipsi</strong></span> <span class='ocrx_word' id='word_1_146' title='bbox 2385 625 2450 665; x_wconf 91' lang='lat' dir='ltr'><strong>us</strong></span> <span class='ocrx_word' id='word_1_147' title='bbox 2465 609 2536 664; x_wconf 90' lang='lat' dir='ltr'><strong>ab</strong></span> <span class='ocrx_word' id='word_1_148' title='bbox 2551 611 2802 678; x_wconf 86' lang='lat' dir='ltr'><strong>ejusdem</strong></span> <span class='ocrx_word' id='word_1_149' title='bbox 2823 609 3138 678; x_wconf 89' lang='lat' dir='ltr'><strong>discipulis</strong></span> <span class='ocrx_word' id='word_1_150' title='bbox 3154 607 3406 664; x_wconf 66' lang='lat' dir='ltr'><strong>fundatae</strong></span> <span class='ocrx_word' id='word_1_151' title='bbox 3421 610 3477 674; x_wconf 86' lang='lat' dir='ltr'><strong>ip</strong></span> <span class='ocrx_word' id='word_1_152' title='bbox 3497 611 3760 678; x_wconf 81' lang='lat' dir='ltr'><strong>provin-</strong></span> 
     </span>
    </p>
   </div>
   <div class='ocr_carea' id='block_1_25' title="bbox 2078 680 3758 750">
    <p class='ocr_par' dir='ltr' id='par_1_25' title="bbox 2078 680 3758 750">
     <span class='ocr_line' id='line_1_25' title="bbox 2078 680 3758 750; baseline 0 -14"><span class='ocrx_word' id='word_1_153' title='bbox 2078 681 2190 736; x_wconf 91' lang='lat' dir='ltr'><strong>ciis</strong></span> <span class='ocrx_word' id='word_1_154' title='bbox 2223 681 2600 736; x_wconf 86' lang='lat' dir='ltr'><strong>occidentalis</strong></span> <span class='ocrx_word' id='word_1_155' title='bbox 2629 680 2883 748; x_wconf 88' lang='lat' dir='ltr'><strong>imperii.</strong></span> <span class='ocrx_word' id='word_1_156' title='bbox 2910 682 3056 735; x_wconf 90' lang='lat' dir='ltr'><strong>Sunt</strong></span> <span class='ocrx_word' id='word_1_157' title='bbox 3087 694 3218 735; x_wconf 90' lang='lat' dir='ltr'><strong>vero</strong></span> <span class='ocrx_word' id='word_1_158' title='bbox 3246 695 3490 750; x_wconf 87' lang='lat' dir='ltr'><strong>quarum</strong></span> <span class='ocrx_word' id='word_1_159' title='bbox 3517 683 3588 737; x_wconf 87' lang='lat' dir='ltr'><strong>de</strong></span> <span class='ocrx_word' id='word_1_160' title='bbox 3609 682 3758 736; x_wconf 90' lang='lat' dir='ltr'><strong>ori—</strong></span> 
     </span>
    </p>
   </div>
   <div class='ocr_carea' id='block_1_26' title="bbox 2078 751 3758 822">
    <p class='ocr_par' dir='ltr' id='par_1_26' title="bbox 2078 751 3758 822">
     <span class='ocr_line' id='line_1_26' title="bbox 2078 751 3758 822; baseline 0.001 -17"><span class='ocrx_word' id='word_1_161' title='bbox 2078 753 2213 822; x_wconf 81' lang='lat' dir='ltr'><strong>gine</strong></span> <span class='ocrx_word' id='word_1_162' title='bbox 2239 753 2310 807; x_wconf 93' lang='lat' dir='ltr'><strong>ab</strong></span> <span class='ocrx_word' id='word_1_163' title='bbox 2338 766 2404 807; x_wconf 92' lang='lat' dir='ltr'><strong>eo</strong></span> <span class='ocrx_word' id='word_1_164' title='bbox 2453 753 2754 821; x_wconf 91' lang='lat' dir='ltr'><strong>repetenda</strong></span> <span class='ocrx_word' id='word_1_165' title='bbox 2787 752 2934 806; x_wconf 81' lang='lat' dir='ltr'><strong>fama</strong></span> <span class='ocrx_word' id='word_1_166' title='bbox 2990 751 3317 821; x_wconf 85' lang='lat' dir='ltr'><strong>percrebuit</strong></span> <span class='ocrx_word' id='word_1_167' title='bbox 3346 753 3758 808; x_wconf 85' lang='lat' dir='ltr'><strong>verosimilior</strong></span> 
     </span>
    </p>
   </div>
   <div class='ocr_carea' id='block_1_27' title="bbox 2077 822 3752 894">
    <p class='ocr_par' dir='ltr' id='par_1_27' title="bbox 2077 822 3752 894">
     <span class='ocr_line' id='line_1_27' title="bbox 2077 822 3752 894; baseline 0 -16"><span class='ocrx_word' id='word_1_168' title='bbox 2077 838 2294 894; x_wconf 69' lang='lat' dir='ltr'><strong>ezequze</strong></span> <span class='ocrx_word' id='word_1_169' title='bbox 2314 829 2659 893; x_wconf 92' lang='lat' dir='ltr'><strong>sequuntur.</strong></span> <span class='ocrx_word' id='word_1_170' title='bbox 2685 824 2743 878; x_wconf 87' lang='lat' dir='ltr'><strong>In</strong></span> <span class='ocrx_word' id='word_1_171' title='bbox 2759 822 2926 877; x_wconf 86' lang='lat' dir='ltr'><strong>Italia</strong></span> <span class='ocrx_word' id='word_1_172' title='bbox 2948 826 3186 892; x_wconf 87' lang='lat' dir='ltr'><strong>:Capua,</strong></span> <span class='ocrx_word' id='word_1_173' title='bbox 3202 823 3490 894; x_wconf 89' lang='lat' dir='ltr'><strong>Neapolis.</strong></span> <span class='ocrx_word' id='word_1_174' title='bbox 3513 827 3752 890; x_wconf 80' lang='lat' dir='ltr'><strong>Anxur,</strong></span> 
     </span>
    </p>
   </div>
   <div class='ocr_carea' id='block_1_28' title="bbox 2077 895 3757 964">
    <p class='ocr_par' dir='ltr' id='par_1_28' title="bbox 2077 895 3757 964">
     <span class='ocr_line' id='line_1_28' title="bbox 2077 895 3757 964; baseline 0.001 -16"><span class='ocrx_word' id='word_1_175' title='bbox 2077 896 2278 964; x_wconf 69' lang='lat' dir='ltr'><strong>Equa,</strong></span> <span class='ocrx_word' id='word_1_176' title='bbox 2307 896 2525 963; x_wconf 86' lang='lat' dir='ltr'><strong>Nepete.</strong></span> <span class='ocrx_word' id='word_1_177' title='bbox 2559 896 2775 950; x_wconf 68' lang='lat' dir='ltr'><strong>chulte</strong></span> <span class='ocrx_word' id='word_1_178' title='bbox 2801 895 2973 955; x_wconf 87' lang='lat' dir='ltr'><strong>Luca,</strong></span> <span class='ocrx_word' id='word_1_179' title='bbox 3015 895 3300 960; x_wconf 83' lang='lat' dir='ltr'><strong>Ravenna,</strong></span> <span class='ocrx_word' id='word_1_180' title='bbox 3355 897 3594 962; x_wconf 78' lang='lat' dir='ltr'><strong>Verona,</strong></span> <span class='ocrx_word' id='word_1_181' title='bbox 3625 897 3757 950; x_wconf 91' lang='lat' dir='ltr'><strong>Pa-</strong></span> 
     </span>
    </p>
   </div>
   <div class='ocr_carea' id='block_1_29' title="bbox 2077 964 3753 1037">
    <p class='ocr_par' dir='ltr' id='par_1_29' title="bbox 2077 964 3753 1037">
     <span class='ocr_line' id='line_1_29' title="bbox 2077 964 3753 1037; baseline 0.001 -17"><span class='ocrx_word' id='word_1_182' title='bbox 2077 964 2927 1037; x_wconf 81' lang='lat' dir='ltr'><strong>tavium,Ticinum,Aquileia.</strong></span> <span class='ocrx_word' id='word_1_183' title='bbox 2953 967 3013 1022; x_wconf 88' lang='lat' dir='ltr'><strong>In</strong></span> <span class='ocrx_word' id='word_1_184' title='bbox 3029 964 3266 1020; x_wconf 87' lang='lat' dir='ltr'><strong>Galliis:</strong></span> <span class='ocrx_word' id='word_1_185' title='bbox 3291 967 3753 1037; x_wconf 87' lang='lat' dir='ltr'><strong>Lemoviceusis,</strong></span> 
     </span>
    </p>
   </div>
   <div class='ocr_carea' id='block_1_30' title="bbox 2075 1036 3748 1108">
    <p class='ocr_par' dir='ltr' id='par_1_30' title="bbox 2075 1036 3748 1108">
     <span class='ocr_line' id='line_1_30' title="bbox 2075 1036 3748 1108; baseline 0.001 -17"><span class='ocrx_word' id='word_1_186' title='bbox 2075 1037 2374 1105; x_wconf 86' lang='lat' dir='ltr'><strong>Tolosana,</strong></span> <span class='ocrx_word' id='word_1_187' title='bbox 2424 1036 2885 1108; x_wconf 83' lang='lat' dir='ltr'><strong>Burdegalensis,</strong></span> <span class='ocrx_word' id='word_1_188' title='bbox 2935 1037 3292 1104; x_wconf 82' lang='lat' dir='ltr'><strong>Rhemensis,</strong></span> <span class='ocrx_word' id='word_1_189' title='bbox 3355 1036 3748 1100; x_wconf 77' lang='lat' dir='ltr'><strong>Arelatensis,</strong></span> 
     </span>
    </p>
   </div>
   <div class='ocr_carea' id='block_1_31' title="bbox 2075 1108 3752 1178">
    <p class='ocr_par' dir='ltr' id='par_1_31' title="bbox 2075 1108 3752 1178">
     <span class='ocr_line' id='line_1_31' title="bbox 2075 1108 3752 1178; baseline 0.001 -15"><span class='ocrx_word' id='word_1_190' title='bbox 2075 1110 2441 1176; x_wconf 88' lang='lat' dir='ltr'><strong>Senonensis,</strong></span> <span class='ocrx_word' id='word_1_191' title='bbox 2463 1111 2869 1178; x_wconf 87' lang='lat' dir='ltr'><strong>Cenomanum,</strong></span> <span class='ocrx_word' id='word_1_192' title='bbox 2899 1108 3572 1176; x_wconf 83' lang='lat' dir='ltr'><strong>Vienna,Catalaunium,</strong></span> <span class='ocrx_word' id='word_1_193' title='bbox 3600 1110 3752 1165; x_wconf 82' lang='lat' dir='ltr'><strong>Bur-</strong></span> 
     </span>
    </p>
   </div>
   <div class='ocr_carea' id='block_1_32' title="bbox 2075 1180 3748 1251">
    <p class='ocr_par' dir='ltr' id='par_1_32' title="bbox 2075 1180 3748 1251">
     <span class='ocr_line' id='line_1_32' title="bbox 2075 1180 3748 1251; baseline 0.001 -16"><span class='ocrx_word' id='word_1_194' title='bbox 2075 1180 2296 1249; x_wconf 74' lang='lat' dir='ltr'><strong>degala,</strong></span> <span class='ocrx_word' id='word_1_195' title='bbox 2316 1181 2604 1249; x_wconf 87' lang='lat' dir='ltr'><strong>Alvernia,</strong></span> <span class='ocrx_word' id='word_1_196' title='bbox 2626 1183 2926 1242; x_wconf 81' lang='lat' dir='ltr'><strong>Santones,</strong></span> <span class='ocrx_word' id='word_1_197' title='bbox 2943 1180 3183 1251; x_wconf 76' lang='lat' dir='ltr'><strong>Tungri,</strong></span> <span class='ocrx_word' id='word_1_198' title='bbox 3203 1181 3447 1249; x_wconf 89' lang='lat' dir='ltr'><strong>Treviri,</strong></span> <span class='ocrx_word' id='word_1_199' title='bbox 3469 1181 3713 1236; x_wconf 85' lang='lat' dir='ltr'><strong>Colonia</strong></span> <span class='ocrx_word' id='word_1_200' title='bbox 3728 1223 3748 1246; x_wconf 85' lang='lat'><strong>,</strong></span> 
     </span>
    </p>
   </div>
   <div class='ocr_carea' id='block_1_33' title="bbox 2078 1251 2394 1321">
    <p class='ocr_par' dir='ltr' id='par_1_33' title="bbox 2078 1251 2394 1321">
     <span class='ocr_line' id='line_1_33' title="bbox 2078 1251 2394 1321; baseline -0.006 -15"><span class='ocrx_word' id='word_1_201' title='bbox 2078 1251 2394 1321; x_wconf 81' lang='lat' dir='ltr'><strong>Moguntia.</strong></span> 
     </span>
    </p>
   </div>
   <div class='ocr_carea' id='block_1_34' title="bbox 2150 1322 3752 1393">
    <p class='ocr_par' dir='ltr' id='par_1_34' title="bbox 2150 1322 3752 1393">
     <span class='ocr_line' id='line_1_34' title="bbox 2150 1322 3752 1393; baseline 0.001 -17"><span class='ocrx_word' id='word_1_202' title='bbox 2150 1322 2418 1392; x_wconf 87' lang='lat' dir='ltr'><strong>Hispanis</strong></span> <span class='ocrx_word' id='word_1_203' title='bbox 2457 1323 2803 1378; x_wconf 88' lang='lat' dir='ltr'><strong>tribuuntur</strong></span> <span class='ocrx_word' id='word_1_204' title='bbox 2832 1323 3090 1392; x_wconf 89' lang='lat' dir='ltr'><strong>episcopi</strong></span> <span class='ocrx_word' id='word_1_205' title='bbox 3143 1323 3491 1393; x_wconf 85' lang='lat' dir='ltr'><strong>Torquatus,</strong></span> <span class='ocrx_word' id='word_1_206' title='bbox 3540 1323 3752 1378; x_wconf 75' lang='lat' dir='ltr'><strong>Ctesi-</strong></span> 
     </span>
    </p>
   </div>
   <div class='ocr_carea' id='block_1_35' title="bbox 2080 1393 3754 1465">
    <p class='ocr_par' dir='ltr' id='par_1_35' title="bbox 2080 1393 3754 1465">
     <span class='ocr_line' id='line_1_35' title="bbox 2080 1393 3754 1465; baseline 0.001 -16"><span class='ocrx_word' id='word_1_207' title='bbox 2080 1394 2254 1463; x_wconf 87' lang='lat' dir='ltr'><strong>phon,</strong></span> <span class='ocrx_word' id='word_1_208' title='bbox 2273 1393 2590 1459; x_wconf 89' lang='lat' dir='ltr'><strong>Secundus,</strong></span> <span class='ocrx_word' id='word_1_209' title='bbox 2610 1394 2832 1464; x_wconf 90' lang='lat' dir='ltr'><strong>aliique</strong></span> <span class='ocrx_word' id='word_1_210' title='bbox 2857 1394 3197 1465; x_wconf 17' lang='lat' dir='ltr'><strong>:AGermanis</strong></span> <span class='ocrx_word' id='word_1_211' title='bbox 3219 1395 3556 1460; x_wconf 87' lang='lat' dir='ltr'><strong>Eucherius,</strong></span> <span class='ocrx_word' id='word_1_212' title='bbox 3585 1395 3754 1465; x_wconf 72' lang='grc' dir='ltr'><strong>ΔΞ.ςί-</strong></span> 
     </span>
    </p>
   </div>
   <div class='ocr_carea' id='block_1_36' title="bbox 2077 1463 3746 1535">
    <p class='ocr_par' dir='ltr' id='par_1_36' title="bbox 2077 1463 3746 1535">
     <span class='ocr_line' id='line_1_36' title="bbox 2077 1463 3746 1535; baseline 0.001 -15"><span class='ocrx_word' id='word_1_213' title='bbox 2077 1473 2224 1526; x_wconf 90' lang='lat' dir='ltr'><strong>stus.</strong></span> <span class='ocrx_word' id='word_1_214' title='bbox 2263 1471 2321 1520; x_wconf 93' lang='lat' dir='ltr'><strong>et</strong></span> <span class='ocrx_word' id='word_1_215' title='bbox 2349 1467 2697 1521; x_wconf 87' lang='lat' dir='ltr'><strong>Maricanus.</strong></span> <span class='ocrx_word' id='word_1_216' title='bbox 2730 1463 2946 1520; x_wconf 78' lang='lat' dir='ltr'><strong>Siculis</strong></span> <span class='ocrx_word' id='word_1_217' title='bbox 2980 1465 3336 1535; x_wconf 86' lang='lat' dir='ltr'><strong>Pancratius,</strong></span> <span class='ocrx_word' id='word_1_218' title='bbox 3382 1463 3746 1527; x_wconf 81' lang='lat' dir='ltr'><strong>Marcianus.</strong></span> 
     </span>
    </p>
   </div>
   <div class='ocr_carea' id='block_1_37' title="bbox 2074 1537 3750 1606">
    <p class='ocr_par' dir='ltr' id='par_1_37' title="bbox 2074 1537 3750 1606">
     <span class='ocr_line' id='line_1_37' title="bbox 2074 1537 3750 1606; baseline 0.002 -16"><span class='ocrx_word' id='word_1_219' title='bbox 2074 1537 2356 1606; x_wconf 91' lang='lat' dir='ltr'><strong>Beryllus,</strong></span> <span class='ocrx_word' id='word_1_220' title='bbox 2384 1543 2441 1590; x_wconf 91' lang='lat' dir='ltr'><strong>et</strong></span> <span class='ocrx_word' id='word_1_221' title='bbox 2475 1537 2802 1606; x_wconf 86' lang='lat' dir='ltr'><strong>Philippus.</strong></span> <span class='ocrx_word' id='word_1_222' title='bbox 2837 1539 3036 1592; x_wconf 76' lang='lat' dir='ltr'><strong>Fertur</strong></span> <span class='ocrx_word' id='word_1_223' title='bbox 3063 1539 3236 1592; x_wconf 88' lang='lat' dir='ltr'><strong>etiam</strong></span> <span class='ocrx_word' id='word_1_224' title='bbox 3274 1537 3330 1591; x_wconf 92' lang='lat' dir='ltr'><strong>in</strong></span> <span class='ocrx_word' id='word_1_225' title='bbox 3363 1538 3750 1594; x_wconf 84' lang='lat' dir='ltr'><strong>Britannicas</strong></span> 
     </span>
    </p>
   </div>
   <div class='ocr_carea' id='block_1_38' title="bbox 2078 1607 3741 1679">
    <p class='ocr_par' dir='ltr' id='par_1_38' title="bbox 2078 1607 3741 1679">
     <span class='ocr_line' id='line_1_38' title="bbox 2078 1607 3741 1679; baseline 0.001 -16"><span class='ocrx_word' id='word_1_226' title='bbox 2078 1609 2302 1663; x_wconf 90' lang='lat' dir='ltr'><strong>insulas</strong></span> <span class='ocrx_word' id='word_1_227' title='bbox 2352 1607 2461 1662; x_wconf 92' lang='lat' dir='ltr'><strong>sub</strong></span> <span class='ocrx_word' id='word_1_228' title='bbox 2490 1608 2546 1662; x_wconf 92' lang='lat' dir='ltr'><strong>B.</strong></span> <span class='ocrx_word' id='word_1_229' title='bbox 2585 1610 2748 1663; x_wconf 75' lang='lat' dir='ltr'><strong>Petro</strong></span> <span class='ocrx_word' id='word_1_230' title='bbox 2777 1607 3150 1678; x_wconf 80' lang='lat' dir='ltr'><strong>Evangelium</strong></span> <span class='ocrx_word' id='word_1_231' title='bbox 3185 1614 3540 1678; x_wconf 90' lang='lat' dir='ltr'><strong>penetrasse:</strong></span> <span class='ocrx_word' id='word_1_232' title='bbox 3577 1613 3741 1679; x_wconf 76' lang='lat' dir='ltr'><strong>quod</strong></span> 
     </span>
    </p>
   </div>
   <div class='ocr_carea' id='block_1_39' title="bbox 2076 1679 3749 1747">
    <p class='ocr_par' dir='ltr' id='par_1_39' title="bbox 2076 1679 3749 1747">
     <span class='ocr_line' id='line_1_39' title="bbox 2076 1679 3749 1747; baseline 0.001 -13"><span class='ocrx_word' id='word_1_233' title='bbox 2076 1680 2384 1735; x_wconf 89' lang='lat' dir='ltr'><strong>admodum</strong></span> <span class='ocrx_word' id='word_1_234' title='bbox 2411 1679 2706 1747; x_wconf 87' lang='lat' dir='ltr'><strong>probabile</strong></span> <span class='ocrx_word' id='word_1_235' title='bbox 2752 1680 2971 1735; x_wconf 87' lang='lat' dir='ltr'><strong>censeri</strong></span> <span class='ocrx_word' id='word_1_236' title='bbox 2992 1679 3178 1741; x_wconf 86' lang='lat' dir='ltr'><strong>debet,</strong></span> <span class='ocrx_word' id='word_1_237' title='bbox 3203 1693 3330 1735; x_wconf 91' lang='lat' dir='ltr'><strong>cum</strong></span> <span class='ocrx_word' id='word_1_238' title='bbox 3355 1680 3582 1736; x_wconf 89' lang='lat' dir='ltr'><strong>Claudii</strong></span> <span class='ocrx_word' id='word_1_239' title='bbox 3603 1683 3749 1736; x_wconf 62' lang='lat' dir='ltr'><strong>«Eze-</strong></span> 
     </span>
    </p>
   </div>
   <div class='ocr_carea' id='block_1_40' title="bbox 2076 1749 3742 1820">
    <p class='ocr_par' dir='ltr' id='par_1_40' title="bbox 2076 1749 3742 1820">
     <span class='ocr_line' id='line_1_40' title="bbox 2076 1749 3742 1820; baseline 0.002 -14"><span class='ocrx_word' id='word_1_240' title='bbox 2076 1751 2226 1806; x_wconf 76' lang='lat' dir='ltr'><strong>saris</strong></span> <span class='ocrx_word' id='word_1_241' title='bbox 2242 1751 2568 1808; x_wconf 89' lang='lat' dir='ltr'><strong>Britannica</strong></span> <span class='ocrx_word' id='word_1_242' title='bbox 2581 1752 2900 1820; x_wconf 90' lang='lat' dir='ltr'><strong>acquisitio</strong></span> <span class='ocrx_word' id='word_1_243' title='bbox 2919 1749 3164 1806; x_wconf 89' lang='lat' dir='ltr'><strong>liberum</strong></span> <span class='ocrx_word' id='word_1_244' title='bbox 3183 1751 3403 1807; x_wconf 90' lang='lat' dir='ltr'><strong>aditum</strong></span> <span class='ocrx_word' id='word_1_245' title='bbox 3421 1752 3488 1808; x_wconf 89' lang='lat' dir='ltr'><strong>ad</strong></span> <span class='ocrx_word' id='word_1_246' title='bbox 3502 1754 3742 1810; x_wconf 90' lang='lat' dir='ltr'><strong>easdem</strong></span> 
     </span>
    </p>
   </div>
   <div class='ocr_carea' id='block_1_41' title="bbox 2079 1821 3238 1894">
    <p class='ocr_par' dir='ltr' id='par_1_41' title="bbox 2079 1821 3238 1894">
     <span class='ocr_line' id='line_1_41' title="bbox 2079 1821 3238 1894; baseline 0 -17"><span class='ocrx_word' id='word_1_247' title='bbox 2079 1821 2304 1879; x_wconf 87' lang='lat' dir='ltr'><strong>insulas</strong></span> <span class='ocrx_word' id='word_1_248' title='bbox 2336 1822 2699 1891; x_wconf 75' lang='lat' dir='ltr'><strong>praeconibus</strong></span> <span class='ocrx_word' id='word_1_249' title='bbox 2732 1823 2862 1878; x_wconf 79' lang='lat' dir='ltr'><strong>ﬁdei</strong></span> <span class='ocrx_word' id='word_1_250' title='bbox 2894 1823 3238 1894; x_wconf 86' lang='lat' dir='ltr'><strong>aperuisset.</strong></span> 
     </span>
    </p>
   </div>
   <div class='ocr_carea' id='block_1_42' title="bbox 1560 2211 2471 2285">
    <p class='ocr_par' dir='ltr' id='par_1_42' title="bbox 1560 2211 2471 2285">
     <span class='ocr_line' id='line_1_42' title="bbox 1560 2211 2471 2285; baseline -0.007 -3"><span class='ocrx_word' id='word_1_251' title='bbox 1560 2214 1657 2282; x_wconf 87' lang='grc'><strong>11.</strong></span> <span class='ocrx_word' id='word_1_252' title='bbox 1741 2211 2122 2285; x_wconf 86' lang='lat' dir='ltr'><strong>SANCTUS</strong></span> <span class='ocrx_word' id='word_1_253' title='bbox 2188 2211 2436 2282; x_wconf 86' lang='lat' dir='ltr'><strong>LINUS</strong></span> <span class='ocrx_word' id='word_1_254' title='bbox 2452 2253 2471 2276; x_wconf 89' lang='lat'><strong>.</strong></span> 
     </span>
    </p>
   </div>
   <div class='ocr_carea' id='block_1_43' title="bbox 1378 2428 2629 2503">
    <p class='ocr_par' dir='ltr' id='par_1_43' title="bbox 1378 2428 2629 2503">
     <span class='ocr_line' id='line_1_43' title="bbox 1378 2428 2629 2503; baseline -0.004 -14"><span class='ocrx_word' id='word_1_255' title='bbox 1378 2443 1556 2489; x_wconf 80' lang='lat' dir='ltr'><strong>ANNO</strong></span> <span class='ocrx_word' id='word_1_256' title='bbox 1597 2445 1857 2490; x_wconf 81' lang='lat' dir='ltr'><strong>CHRISTI</strong></span> <span class='ocrx_word' id='word_1_257' title='bbox 1895 2429 1996 2503; x_wconf 87' lang='lat'><strong>69,</strong></span> <span class='ocrx_word' id='word_1_258' title='bbox 2031 2443 2313 2489; x_wconf 83' lang='lat' dir='ltr'><strong>NERONIS</strong></span> <span class='ocrx_word' id='word_1_259' title='bbox 2349 2444 2492 2488; x_wconf 82' lang='lat' dir='ltr'><strong>IMP.</strong></span> <span class='ocrx_word' id='word_1_260' title='bbox 2531 2428 2629 2487; x_wconf 79' lang='grc'><strong>13.</strong></span> 
     </span>
    </p>
   </div>
   <div class='ocr_carea' id='block_1_44' title="bbox 527 2799 3739 2882">
    <p class='ocr_par' dir='ltr' id='par_1_44' title="bbox 527 2799 3739 2882">
     <span class='ocr_line' id='line_1_44' title="bbox 527 2799 3739 2882; baseline -0.001 -20"><span class='ocrx_word' id='word_1_261' title='bbox 527 2801 584 2862; x_wconf 87' lang='lat'><strong>2</strong></span> <span class='ocrx_word' id='word_1_262' title='bbox 605 2802 858 2878; x_wconf 79' lang='lat' dir='ltr'><strong>Linus,</strong></span> <span class='ocrx_word' id='word_1_263' title='bbox 893 2803 1172 2865; x_wconf 86' lang='lat' dir='ltr'><strong>natione</strong></span> <span class='ocrx_word' id='word_1_264' title='bbox 1201 2801 1458 2880; x_wconf 85' lang='lat' dir='ltr'><strong>Italus,</strong></span> <span class='ocrx_word' id='word_1_265' title='bbox 1509 2804 1816 2882; x_wconf 71' lang='lat' dir='ltr'><strong>regionis</strong></span> <span class='ocrx_word' id='word_1_266' title='bbox 1868 2803 2144 2882; x_wconf 75' lang='lat' dir='ltr'><strong>Tusciae,</strong></span> <span class='ocrx_word' id='word_1_267' title='bbox 2178 2818 2261 2865; x_wconf 80' lang='lat' dir='ltr'><strong>ex</strong></span> <span class='ocrx_word' id='word_1_268' title='bbox 2298 2805 2487 2882; x_wconf 82' lang='lat' dir='ltr'><strong>patre</strong></span> <span class='ocrx_word' id='word_1_269' title='bbox 2529 2804 2930 2882; x_wconf 84' lang='lat' dir='ltr'><strong>Herculano,</strong></span> <span class='ocrx_word' id='word_1_270' title='bbox 2973 2800 3146 2864; x_wconf 84' lang='lat' dir='ltr'><strong>sedit</strong></span> <span class='ocrx_word' id='word_1_271' title='bbox 3178 2817 3394 2863; x_wconf 85' lang='lat' dir='ltr'><strong>annos</strong></span> <span class='ocrx_word' id='word_1_272' title='bbox 3424 2799 3739 2880; x_wconf 75' lang='lat' dir='ltr'><strong>quinde-</strong></span> 
     </span>
    </p>
   </div>
   <div class='ocr_carea' id='block_1_45' title="bbox 447 2897 3735 2983">
    <p class='ocr_par' dir='ltr' id='par_1_45' title="bbox 447 2897 3735 2983">
     <span class='ocr_line' id='line_1_45' title="bbox 447 2897 3735 2983; baseline -0.001 -23"><span class='ocrx_word' id='word_1_273' title='bbox 447 2899 598 2975; x_wconf 89' lang='lat' dir='ltr'><strong>cim,</strong></span> <span class='ocrx_word' id='word_1_274' title='bbox 631 2915 898 2960; x_wconf 87' lang='lat' dir='ltr'><strong>menses</strong></span> <span class='ocrx_word' id='word_1_275' title='bbox 915 2902 1072 2975; x_wconf 90' lang='lat' dir='ltr'><strong>tres,</strong></span> <span class='ocrx_word' id='word_1_276' title='bbox 1097 2899 1241 2962; x_wconf 92' lang='lat' dir='ltr'><strong>dies</strong></span> <span class='ocrx_word' id='word_1_277' title='bbox 1273 2899 1642 2962; x_wconf 88' lang='lat' dir='ltr'><strong>duodecim.</strong></span> <span class='ocrx_word' id='word_1_278' title='bbox 1671 2902 1840 2964; x_wconf 86' lang='lat' dir='ltr'><strong>Fuit</strong></span> <span class='ocrx_word' id='word_1_279' title='bbox 1867 2905 2094 2964; x_wconf 87' lang='lat' dir='ltr'><strong>autem</strong></span> <span class='ocrx_word' id='word_1_280' title='bbox 2117 2914 2147 2942; x_wconf 67' lang='grc' dir='ltr'><strong><em>λ</em></strong></span> <span class='ocrx_word' id='word_1_281' title='bbox 2175 2902 2585 2983; x_wconf 69' lang='lat' dir='ltr'><strong>temporibus</strong></span> <span class='ocrx_word' id='word_1_282' title='bbox 2615 2903 2939 2980; x_wconf 86' lang='lat' dir='ltr'><strong>Neronis,</strong></span> <span class='ocrx_word' id='word_1_283' title='bbox 2975 2918 3016 2963; x_wconf 91' lang='lat' dir='ltr'><strong>a</strong></span> <span class='ocrx_word' id='word_1_284' title='bbox 3051 2898 3436 2962; x_wconf 75' lang='lat' dir='ltr'><strong>Consulatu</strong></span> <span class='ocrx_word' id='word_1_285' title='bbox 3469 2897 3735 2959; x_wconf 57' lang='lat' dir='ltr'><strong>Satura-</strong></span> 
     </span>
    </p>
   </div>
   <div class='ocr_carea' id='block_1_46' title="bbox 451 2995 3724 3080">
    <p class='ocr_par' dir='ltr' id='par_1_46' title="bbox 451 2995 3724 3080">
     <span class='ocr_line' id='line_1_46' title="bbox 451 2995 3724 3080; baseline 0 -25"><span class='ocrx_word' id='word_1_286' title='bbox 451 2996 614 3058; x_wconf 81' lang='lat' dir='ltr'><strong>nini</strong></span> <span class='ocrx_word' id='word_1_287' title='bbox 642 2999 708 3058; x_wconf 87' lang='lat' dir='ltr'><strong>et</strong></span> <span class='ocrx_word' id='word_1_288' title='bbox 728 2995 1082 3078; x_wconf 74' lang='lat' dir='ltr'><strong>Scipionis</strong></span> <span class='ocrx_word' id='word_1_289' title='bbox 1107 3001 1171 3060; x_wconf 87' lang='lat' dir='ltr'><strong>et</strong></span> <span class='ocrx_word' id='word_1_290' title='bbox 1201 3015 1414 3078; x_wconf 73' lang='lat' dir='ltr'><strong>usque</strong></span> <span class='ocrx_word' id='word_1_291' title='bbox 1439 2999 1530 3060; x_wconf 83' lang='lat' dir='ltr'><strong>ad</strong></span> <span class='ocrx_word' id='word_1_292' title='bbox 1571 3000 1968 3080; x_wconf 70' lang='lat' dir='ltr'><strong>Capitonem</strong></span> <span class='ocrx_word' id='word_1_293' title='bbox 1986 3004 2051 3062; x_wconf 91' lang='lat' dir='ltr'><strong>et</strong></span> <span class='ocrx_word' id='word_1_294' title='bbox 2083 2999 2331 3063; x_wconf 88' lang='lat' dir='ltr'><strong>Rufum</strong></span> <span class='ocrx_word' id='word_1_295' title='bbox 2355 2998 2384 3040; x_wconf 69' lang='grc' dir='ltr'>δ</span> <span class='ocrx_word' id='word_1_296' title='bbox 2413 3000 2742 3063; x_wconf 86' lang='lat' dir='ltr'><strong>consules.</strong></span> <span class='ocrx_word' id='word_1_297' title='bbox 2769 2999 3119 3078; x_wconf 70' lang='lat' dir='ltr'><strong>Martyrio</strong></span> <span class='ocrx_word' id='word_1_298' title='bbox 3151 2999 3539 3060; x_wconf 87' lang='lat' dir='ltr'><strong>coronatur.</strong></span> <span class='ocrx_word' id='word_1_299' title='bbox 3577 2995 3724 3057; x_wconf 82' lang='lat' dir='ltr'><strong>Hic</strong></span> 
     </span>
    </p>
   </div>
   <div class='ocr_carea' id='block_1_47' title="bbox 447 3091 3730 3177">
    <p class='ocr_par' dir='ltr' id='par_1_47' title="bbox 447 3091 3730 3177">
     <span class='ocr_line' id='line_1_47' title="bbox 447 3091 3730 3177; baseline 0 -23"><span class='ocrx_word' id='word_1_300' title='bbox 447 3111 529 3154; x_wconf 79' lang='lat' dir='ltr'><strong>ea</strong></span> <span class='ocrx_word' id='word_1_301' title='bbox 543 3099 878 3175; x_wconf 81' lang='lat' dir='ltr'><strong>praecepto</strong></span> <span class='ocrx_word' id='word_1_302' title='bbox 924 3095 1101 3158; x_wconf 89' lang='lat' dir='ltr'><strong>beati</strong></span> <span class='ocrx_word' id='word_1_303' title='bbox 1125 3097 1326 3160; x_wconf 86' lang='lat' dir='ltr'><strong>Petri</strong></span> <span class='ocrx_word' id='word_1_304' title='bbox 1369 3098 1732 3160; x_wconf 84' lang='lat' dir='ltr'><strong>constituit</strong></span> <span class='ocrx_word' id='word_1_305' title='bbox 1777 3102 1855 3160; x_wconf 86' lang='lat' dir='ltr'><strong>ut</strong></span> <span class='ocrx_word' id='word_1_306' title='bbox 1883 3097 2136 3161; x_wconf 84' lang='lat' dir='ltr'><strong>mulier</strong></span> <span class='ocrx_word' id='word_1_307' title='bbox 2181 3100 2260 3162; x_wconf 91' lang='lat' dir='ltr'><strong>in</strong></span> <span class='ocrx_word' id='word_1_308' title='bbox 2302 3098 2650 3162; x_wconf 86' lang='lat' dir='ltr'><strong>ecclesiam</strong></span> <span class='ocrx_word' id='word_1_309' title='bbox 2689 3097 2911 3161; x_wconf 74' lang='lat' dir='ltr'><strong>celato</strong></span> <span class='ocrx_word' id='word_1_310' title='bbox 2953 3097 3179 3177; x_wconf 82' lang='lat' dir='ltr'><strong>capite</strong></span> <span class='ocrx_word' id='word_1_311' title='bbox 3208 3096 3558 3158; x_wconf 85' lang='lat' dir='ltr'><strong>introiret.</strong></span> <span class='ocrx_word' id='word_1_312' title='bbox 3594 3091 3730 3154; x_wconf 85' lang='lat' dir='ltr'><strong>Hic</strong></span> 
     </span>
    </p>
   </div>
   <div class='ocr_carea' id='block_1_48' title="bbox 368 3190 3723 3277">
    <p class='ocr_par' dir='ltr' id='par_1_48' title="bbox 368 3190 3723 3277">
     <span class='ocr_line' id='line_1_48' title="bbox 368 3190 3723 3277; baseline -0 -25"><span class='ocrx_word' id='word_1_313' title='bbox 368 3192 406 3252; x_wconf 83' lang='lat'><strong>5</strong></span> <span class='ocrx_word' id='word_1_314' title='bbox 450 3190 608 3253; x_wconf 88' lang='lat' dir='ltr'><strong>fecit</strong></span> <span class='ocrx_word' id='word_1_315' title='bbox 631 3191 1088 3256; x_wconf 82' lang='lat' dir='ltr'><strong>ordinationes</strong></span> <span class='ocrx_word' id='word_1_316' title='bbox 1118 3192 1288 3254; x_wconf 88' lang='lat' dir='ltr'><strong>duas</strong></span> <span class='ocrx_word' id='word_1_317' title='bbox 1319 3215 1332 3267; x_wconf 91' lang='lat'><strong>;</strong></span> <span class='ocrx_word' id='word_1_318' title='bbox 1372 3195 1712 3274; x_wconf 86' lang='lat' dir='ltr'><strong>episcopos</strong></span> <span class='ocrx_word' id='word_1_319' title='bbox 1744 3215 1862 3273; x_wconf 84' lang='lat' dir='ltr'><strong>xv,</strong></span> <span class='ocrx_word' id='word_1_320' title='bbox 1899 3195 2315 3277; x_wconf 81' lang='lat' dir='ltr'><strong>presbyteros</strong></span> <span class='ocrx_word' id='word_1_321' title='bbox 2363 3215 2545 3258; x_wconf 82' lang='lat' dir='ltr'><strong>xvm.</strong></span> <span class='ocrx_word' id='word_1_322' title='bbox 2597 3197 2731 3270; x_wconf 83' lang='lat' dir='ltr'><strong>Qui</strong></span> <span class='ocrx_word' id='word_1_323' title='bbox 2757 3195 3074 3277; x_wconf 79' lang='lat' dir='ltr'><strong>sepultus</strong></span> <span class='ocrx_word' id='word_1_324' title='bbox 3102 3198 3201 3259; x_wconf 86' lang='lat' dir='ltr'><strong>est</strong></span> <span class='ocrx_word' id='word_1_325' title='bbox 3227 3194 3443 3273; x_wconf 70' lang='lat' dir='ltr'><strong>juxta</strong></span> <span class='ocrx_word' id='word_1_326' title='bbox 3472 3205 3723 3272; x_wconf 82' lang='lat' dir='ltr'><strong>corpus</strong></span> 
     </span>
    </p>
   </div>
   <div class='ocr_carea' id='block_1_49' title="bbox 449 3289 2638 3368">
    <p class='ocr_par' dir='ltr' id='par_1_49' title="bbox 449 3289 2638 3368">
     <span class='ocr_line' id='line_1_49' title="bbox 449 3289 2638 3368; baseline 0.003 -18"><span class='ocrx_word' id='word_1_327' title='bbox 449 3289 629 3352; x_wconf 82' lang='lat' dir='ltr'><strong>beati</strong></span> <span class='ocrx_word' id='word_1_328' title='bbox 655 3289 851 3353; x_wconf 80' lang='lat' dir='ltr'><strong>Petri</strong></span> <span class='ocrx_word' id='word_1_329' title='bbox 875 3291 954 3354; x_wconf 85' lang='lat' dir='ltr'><strong>in</strong></span> <span class='ocrx_word' id='word_1_330' title='bbox 990 3292 1340 3368; x_wconf 86' lang='lat' dir='ltr'><strong>Vaticano,</strong></span> <span class='ocrx_word' id='word_1_331' title='bbox 1380 3293 1503 3356; x_wconf 89' lang='lat' dir='ltr'><strong>sub</strong></span> <span class='ocrx_word' id='word_1_332' title='bbox 1536 3295 1645 3356; x_wconf 85' lang='lat' dir='ltr'><strong>die</strong></span> <span class='ocrx_word' id='word_1_333' title='bbox 1677 3311 1848 3355; x_wconf 84' lang='lat' dir='ltr'><strong>nono</strong></span> <span class='ocrx_word' id='word_1_334' title='bbox 1882 3294 2230 3358; x_wconf 78' lang='lat' dir='ltr'><strong>Kalendas</strong></span> <span class='ocrx_word' id='word_1_335' title='bbox 2273 3294 2638 3357; x_wconf 88' lang='lat' dir='ltr'><strong>Octobrias.</strong></span> 
     </span>
    </p>
   </div>
   <div class='ocr_carea' id='block_1_50' title="bbox 1457 3446 2536 3510">
    <p class='ocr_par' dir='ltr' id='par_1_50' title="bbox 1457 3446 2536 3510">
     <span class='ocr_line' id='line_1_50' title="bbox 1457 3446 2536 3510; baseline 0 -4"><span class='ocrx_word' id='word_1_336' title='bbox 1457 3446 1956 3510; x_wconf 80' lang='lat' dir='ltr'><strong>CATALOGUS</strong></span> <span class='ocrx_word' id='word_1_337' title='bbox 1983 3449 2140 3510; x_wconf 89' lang='lat' dir='ltr'><strong>SUB</strong></span> <span class='ocrx_word' id='word_1_338' title='bbox 2177 3448 2536 3510; x_wconf 89' lang='lat' dir='ltr'><strong>LIBERIO.</strong></span> 
     </span>
    </p>
   </div>
   <div class='ocr_carea' id='block_1_51' title="bbox 373 3555 3720 3642">
    <p class='ocr_par' dir='ltr' id='par_1_51' title="bbox 373 3555 3720 3642">
     <span class='ocr_line' id='line_1_51' title="bbox 373 3555 3720 3642; baseline 0.001 -24"><span class='ocrx_word' id='word_1_339' title='bbox 373 3555 583 3618; x_wconf 84' lang='lat' dir='ltr'><strong>Linus</strong></span> <span class='ocrx_word' id='word_1_340' title='bbox 637 3557 836 3619; x_wconf 81' lang='lat' dir='ltr'><strong>annis</strong></span> <span class='ocrx_word' id='word_1_341' title='bbox 889 3557 1239 3622; x_wconf 88' lang='lat' dir='ltr'><strong>duodecim</strong></span> <span class='ocrx_word' id='word_1_342' title='bbox 1292 3560 1638 3624; x_wconf 90' lang='lat' dir='ltr'><strong>mensibus</strong></span> <span class='ocrx_word' id='word_1_343' title='bbox 1663 3580 1753 3639; x_wconf 86' lang='lat' dir='ltr'><strong>1v,</strong></span> <span class='ocrx_word' id='word_1_344' title='bbox 1809 3562 2047 3625; x_wconf 91' lang='lat' dir='ltr'><strong>diebus</strong></span> <span class='ocrx_word' id='word_1_345' title='bbox 2101 3580 2214 3624; x_wconf 82' lang='lat' dir='ltr'><strong>x11.</strong></span> <span class='ocrx_word' id='word_1_346' title='bbox 2278 3563 2432 3625; x_wconf 90' lang='lat' dir='ltr'><strong>Fuit</strong></span> <span class='ocrx_word' id='word_1_347' title='bbox 2469 3561 2882 3642; x_wconf 88' lang='lat' dir='ltr'><strong>temporibus</strong></span> <span class='ocrx_word' id='word_1_348' title='bbox 2941 3563 3223 3625; x_wconf 89' lang='lat' dir='ltr'><strong>Neronis</strong></span> <span class='ocrx_word' id='word_1_349' title='bbox 3262 3581 3304 3624; x_wconf 74' lang='grc' dir='ltr'><strong>ε,</strong></span> <span class='ocrx_word' id='word_1_350' title='bbox 3349 3563 3720 3624; x_wconf 84' lang='lat' dir='ltr'><strong>consulatu</strong></span> 
     </span>
    </p>
   </div>
   <div class='ocr_carea' id='block_1_52' title="bbox 451 3655 2217 3740">
    <p class='ocr_par' dir='ltr' id='par_1_52' title="bbox 451 3655 2217 3740">
     <span class='ocr_line' id='line_1_52' title="bbox 451 3655 2217 3740; baseline 0.003 -25"><span class='ocrx_word' id='word_1_351' title='bbox 451 3655 797 3718; x_wconf 81' lang='lat' dir='ltr'><strong>Saturnini</strong></span> <span class='ocrx_word' id='word_1_352' title='bbox 841 3657 906 3718; x_wconf 88' lang='lat' dir='ltr'><strong>et</strong></span> <span class='ocrx_word' id='word_1_353' title='bbox 955 3656 1305 3738; x_wconf 88' lang='lat' dir='ltr'><strong>Scipionis,</strong></span> <span class='ocrx_word' id='word_1_354' title='bbox 1337 3674 1551 3740; x_wconf 86' lang='lat' dir='ltr'><strong>usque</strong></span> <span class='ocrx_word' id='word_1_355' title='bbox 1578 3659 1900 3740; x_wconf 83' lang='lat' dir='ltr'><strong>Capitone</strong></span> <span class='ocrx_word' id='word_1_356' title='bbox 1929 3663 1995 3722; x_wconf 87' lang='lat' dir='ltr'><strong>et</strong></span> <span class='ocrx_word' id='word_1_357' title='bbox 2026 3659 2217 3724; x_wconf 86' lang='lat' dir='ltr'><strong>Rufo.</strong></span> 
     </span>
    </p>
   </div>
   <div class='ocr_carea' id='block_1_53' title="bbox 1445 3820 2568 3866">
    <p class='ocr_par' dir='ltr' id='par_1_53' title="bbox 1445 3820 2568 3866">
     <span class='ocr_line' id='line_1_53' title="bbox 1445 3820 2568 3866; baseline 0.004 -5"><span class='ocrx_word' id='word_1_358' title='bbox 1445 3820 1620 3865; x_wconf 87' lang='lat' dir='ltr'><strong>NOTU</strong></span> <span class='ocrx_word' id='word_1_359' title='bbox 1629 3821 1724 3863; x_wconf 66' lang='lat' dir='ltr'><strong>LZE</strong></span> <span class='ocrx_word' id='word_1_360' title='bbox 1768 3820 2188 3866; x_wconf 77' lang='lat' dir='ltr'><strong>MARGINALES</strong></span> <span class='ocrx_word' id='word_1_361' title='bbox 2216 3821 2544 3866; x_wconf 78' lang='lat' dir='ltr'><strong>FABROTTI</strong></span> <span class='ocrx_word' id='word_1_362' title='bbox 2554 3851 2568 3866; x_wconf 85' lang='lat'><strong>.</strong></span> 
     </span>
    </p>
   </div>
   <div class='ocr_carea' id='block_1_54' title="bbox 358 3947 3725 4025">
    <p class='ocr_par' dir='ltr' id='par_1_54' title="bbox 358 3947 3725 4025">
     <span class='ocr_line' id='line_1_54' title="bbox 358 3947 3725 4025; baseline 0.001 -20"><span class='ocrx_word' id='word_1_363' title='bbox 358 3960 389 3991; x_wconf 71' lang='grc' dir='ltr'><strong>α</strong></span> <span class='ocrx_word' id='word_1_364' title='bbox 410 3951 454 4005; x_wconf 90' lang='grc' dir='ltr'><strong><em>Β</em></strong></span> <span class='ocrx_word' id='word_1_365' title='bbox 477 3963 556 4005; x_wconf 90' lang='lat' dir='ltr'><strong>m.</strong></span> <span class='ocrx_word' id='word_1_366' title='bbox 584 3947 640 4019; x_wconf 76' lang='grc'><strong>2,</strong></span> <span class='ocrx_word' id='word_1_367' title='bbox 670 3949 727 4006; x_wconf 92' lang='lat' dir='ltr'><strong>d.</strong></span> <span class='ocrx_word' id='word_1_368' title='bbox 759 3947 849 4006; x_wconf 71' lang='lat'><strong>23.</strong></span> <span class='ocrx_word' id='word_1_369' title='bbox 925 3948 956 3992; x_wconf 69' lang='grc' dir='ltr'>δ</span> <span class='ocrx_word' id='word_1_370' title='bbox 983 3951 1047 4020; x_wconf 90' lang='lat' dir='ltr'><strong>B,</strong></span> <span class='ocrx_word' id='word_1_371' title='bbox 1089 3953 1276 4009; x_wconf 62' lang='lat' dir='ltr'><strong>Galba</strong></span> <span class='ocrx_word' id='word_1_372' title='bbox 1325 3952 1569 4008; x_wconf 85' lang='lat' dir='ltr'><strong>Othonis.</strong></span> <span class='ocrx_word' id='word_1_373' title='bbox 1607 3955 1818 4010; x_wconf 81' lang='lat' dir='ltr'><strong>Vitellii</strong></span> <span class='ocrx_word' id='word_1_374' title='bbox 1865 3959 1916 4009; x_wconf 86' lang='lat' dir='ltr'><strong>et</strong></span> <span class='ocrx_word' id='word_1_375' title='bbox 1964 3955 2187 4025; x_wconf 76' lang='lat' dir='ltr'><strong>VeSpas.</strong></span> <span class='ocrx_word' id='word_1_376' title='bbox 2237 3971 2272 4008; x_wconf 89' lang='lat' dir='ltr'><strong>a</strong></span> <span class='ocrx_word' id='word_1_377' title='bbox 2310 3955 2454 4013; x_wconf 88' lang='lat' dir='ltr'><strong>Coss.</strong></span> <span class='ocrx_word' id='word_1_378' title='bbox 2483 3957 2694 4012; x_wconf 81' lang='lat' dir='ltr'><strong>Fonteii</strong></span> <span class='ocrx_word' id='word_1_379' title='bbox 2731 3961 2780 4009; x_wconf 86' lang='lat' dir='ltr'><strong>et</strong></span> <span class='ocrx_word' id='word_1_380' title='bbox 2813 3957 2954 4024; x_wconf 80' lang='lat' dir='ltr'><strong>Ruﬁ,</strong></span> <span class='ocrx_word' id='word_1_381' title='bbox 2993 3969 3166 4023; x_wconf 88' lang='lat' dir='ltr'><strong>usque</strong></span> <span class='ocrx_word' id='word_1_382' title='bbox 3189 3954 3266 4007; x_wconf 82' lang='lat' dir='ltr'><strong>ad</strong></span> <span class='ocrx_word' id='word_1_383' title='bbox 3290 3953 3638 4008; x_wconf 88' lang='lat' dir='ltr'><strong>Commodum</strong></span> <span class='ocrx_word' id='word_1_384' title='bbox 3669 3952 3725 4008; x_wconf 81' lang='lat' dir='ltr'><strong>et</strong></span> 
     </span>
    </p>
   </div>
   <div class='ocr_carea' id='block_1_55' title="bbox 294 4039 560 4093">
    <p class='ocr_par' dir='ltr' id='par_1_55' title="bbox 294 4039 560 4093">
     <span class='ocr_line' id='line_1_55' title="bbox 294 4039 560 4093; baseline 0.004 -1"><span class='ocrx_word' id='word_1_385' title='bbox 294 4039 560 4093; x_wconf 85' lang='lat' dir='ltr'><strong>Priscum.</strong></span> 
     </span>
    </p>
   </div>
   <div class='ocr_carea' id='block_1_56' title="bbox 1594 4133 2400 4197">
    <p class='ocr_par' dir='ltr' id='par_1_56' title="bbox 1594 4133 2400 4197">
     <span class='ocr_line' id='line_1_56' title="bbox 1594 4133 2400 4197; baseline 0.002 -5"><span class='ocrx_word' id='word_1_386' title='bbox 1594 4134 1880 4196; x_wconf 63' lang='lat' dir='ltr'><strong>VARIJE</strong></span> <span class='ocrx_word' id='word_1_387' title='bbox 1914 4133 2275 4197; x_wconf 89' lang='lat' dir='ltr'><strong>LECTION</strong></span> <span class='ocrx_word' id='word_1_388' title='bbox 2281 4135 2400 4196; x_wconf 88' lang='lat' dir='ltr'><strong>ES.</strong></span> 
     </span>
    </p>
   </div>
   <div class='ocr_carea' id='block_1_57' title="bbox 295 4263 1947 4389">
    <p class='ocr_par' dir='ltr' id='par_1_57' title="bbox 295 4263 1947 4389">
     <span class='ocr_line' id='line_1_57' title="bbox 295 4263 1947 4389; baseline 0.002 -71"><span class='ocrx_word' id='word_1_389' title='bbox 295 4263 466 4334; x_wconf 84' lang='lat' dir='ltr'><strong>Apud</strong></span> <span class='ocrx_word' id='word_1_390' title='bbox 525 4263 845 4318; x_wconf 85' lang='lat' dir='ltr'><strong>Fabrottum</strong></span> <span class='ocrx_word' id='word_1_391' title='bbox 901 4280 970 4318; x_wconf 79' lang='lat' dir='ltr'><strong>ea:</strong></span> <span class='ocrx_word' id='word_1_392' title='bbox 997 4265 1273 4389; x_wconf 52' lang='lat' dir='ltr'><strong>gohdicibus</strong></span> <span class='ocrx_word' id='word_1_393' title='bbox 1317 4267 1501 4334; x_wconf 81' lang='lat' dir='ltr'><strong>Regio,</strong></span> <span class='ocrx_word' id='word_1_394' title='bbox 1552 4267 1836 4320; x_wconf 63' lang='grc' dir='ltr'><strong>Μαχαινὶηο</strong></span> <span class='ocrx_word' id='word_1_395' title='bbox 1896 4272 1947 4321; x_wconf 87' lang='lat' dir='ltr'><strong>et</strong></span> 
     </span>
     <span class='ocr_line' id='line_1_58' title="bbox 1078 4351 1240 4389; baseline 0 0"><span class='ocrx_word' id='word_1_396' title='bbox 1078 4351 1240 4389; x_wconf 87' lang='lat' dir='ltr'><strong>uano.</strong></span> 
     </span>
    </p>
   </div>
   <div class='ocr_carea' id='block_1_58' title="bbox 1078 4351 1240 4390">
    <p class='ocr_par' dir='ltr' id='par_1_58' title="bbox 1078 4351 1240 4390">
     <span class='ocr_line' id='line_1_59' title="bbox 1078 4351 1240 4390; baseline 0 0"><span class='ocrx_word' id='word_1_397' title='bbox 1078 4351 1240 4390; x_wconf 86' lang='lat' dir='ltr'><strong>uano.</strong></span> 
     </span>
    </p>
   </div>
   <div class='ocr_carea' id='block_1_59' title="bbox 361 4439 1944 4513">
    <p class='ocr_par' dir='ltr' id='par_1_59' title="bbox 361 4439 1944 4513">
     <span class='ocr_line' id='line_1_60' title="bbox 361 4439 1944 4513; baseline 0.001 -14"><span class='ocrx_word' id='word_1_398' title='bbox 361 4445 526 4499; x_wconf 90' lang='lat' dir='ltr'><strong>Num.</strong></span> <span class='ocrx_word' id='word_1_399' title='bbox 568 4441 623 4505; x_wconf 71' lang='lat'><strong>2,</strong></span> <span class='ocrx_word' id='word_1_400' title='bbox 657 4443 758 4496; x_wconf 85' lang='lat' dir='ltr'><strong>lin.</strong></span> <span class='ocrx_word' id='word_1_401' title='bbox 789 4439 840 4506; x_wconf 81' lang='lat' dir='ltr'><strong>l,</strong></span> <span class='ocrx_word' id='word_1_402' title='bbox 871 4443 942 4497; x_wconf 91' lang='lat' dir='ltr'><strong>de</strong></span> <span class='ocrx_word' id='word_1_403' title='bbox 966 4443 1201 4513; x_wconf 79' lang='lat' dir='ltr'><strong>regione</strong></span> <span class='ocrx_word' id='word_1_404' title='bbox 1219 4445 1462 4500; x_wconf 54' lang='lat' dir='ltr'><strong>Tuscia.</strong></span> <span class='ocrx_word' id='word_1_405' title='bbox 1495 4445 1594 4498; x_wconf 79' lang='lat' dir='ltr'><strong>lin.</strong></span> <span class='ocrx_word' id='word_1_406' title='bbox 1643 4441 1698 4512; x_wconf 77' lang='lat'><strong>‘2,</strong></span> <span class='ocrx_word' id='word_1_407' title='bbox 1727 4457 1944 4501; x_wconf 82' lang='lat' dir='ltr'><strong>consu-</strong></span> 
     </span>
    </p>
   </div>
   <div class='ocr_carea' id='block_1_60' title="bbox 300 4511 1946 4586">
    <p class='ocr_par' dir='ltr' id='par_1_60' title="bbox 300 4511 1946 4586">
     <span class='ocr_line' id='line_1_61' title="bbox 300 4511 1946 4586; baseline 0 -16"><span class='ocrx_word' id='word_1_408' title='bbox 300 4516 397 4570; x_wconf 87' lang='lat' dir='ltr'><strong>les.</strong></span> <span class='ocrx_word' id='word_1_409' title='bbox 427 4516 529 4570; x_wconf 87' lang='lat' dir='ltr'><strong>Hic</strong></span> <span class='ocrx_word' id='word_1_410' title='bbox 577 4527 644 4569; x_wconf 87' lang='lat' dir='ltr'><strong>ex</strong></span> <span class='ocrx_word' id='word_1_411' title='bbox 679 4529 762 4583; x_wconf 88' lang='lat' dir='ltr'><strong>pr.</strong></span> <span class='ocrx_word' id='word_1_412' title='bbox 816 4515 912 4586; x_wconf 73' lang='lat' dir='ltr'><strong>lin.</strong></span> <span class='ocrx_word' id='word_1_413' title='bbox 961 4511 1014 4586; x_wconf 82' lang='lat'><strong>5,</strong></span> <span class='ocrx_word' id='word_1_414' title='bbox 1043 4511 1134 4584; x_wconf 61' lang='lat' dir='ltr'><strong>&#39;pr.</strong></span> <span class='ocrx_word' id='word_1_415' title='bbox 1185 4513 1284 4570; x_wconf 67' lang='lat'><strong>48:</strong></span> <span class='ocrx_word' id='word_1_416' title='bbox 1321 4515 1415 4570; x_wconf 92' lang='lat' dir='ltr'><strong>hic</strong></span> <span class='ocrx_word' id='word_1_417' title='bbox 1471 4517 1746 4586; x_wconf 82' lang='lat' dir='ltr'><strong>martyrio</strong></span> <span class='ocrx_word' id='word_1_418' title='bbox 1773 4529 1946 4572; x_wconf 86' lang='lat' dir='ltr'><strong>coro—</strong></span> 
     </span>
    </p>
   </div>
   <div class='ocr_carea' id='block_1_61' title="bbox 293 4585 1113 4656">
    <p class='ocr_par' dir='ltr' id='par_1_61' title="bbox 293 4585 1113 4656">
     <span class='ocr_line' id='line_1_62' title="bbox 293 4585 1113 4656; baseline -0.001 -15"><span class='ocrx_word' id='word_1_419' title='bbox 293 4592 464 4642; x_wconf 89' lang='lat' dir='ltr'><strong>natus</strong></span> <span class='ocrx_word' id='word_1_420' title='bbox 492 4592 600 4656; x_wconf 91' lang='lat' dir='ltr'><strong>est,</strong></span> <span class='ocrx_word' id='word_1_421' title='bbox 628 4592 683 4641; x_wconf 91' lang='lat' dir='ltr'><strong>et</strong></span> <span class='ocrx_word' id='word_1_422' title='bbox 705 4585 970 4656; x_wconf 90' lang='lat' dir='ltr'><strong>sepultus</strong></span> <span class='ocrx_word' id='word_1_423' title='bbox 985 4585 1030 4654; x_wconf 92' lang='lat' dir='ltr'><strong>j.</strong></span> <span class='ocrx_word' id='word_1_424' title='bbox 1064 4600 1113 4640; x_wconf 91' lang='lat' dir='ltr'><strong>c.</strong></span> 
     </span>
    </p>
   </div>
   <div class='ocr_carea' id='block_1_62' title="bbox 2555 4264 3210 4320">
    <p class='ocr_par' dir='ltr' id='par_1_62' title="bbox 2555 4264 3210 4320">
     <span class='ocr_line' id='line_1_63' title="bbox 2555 4264 3210 4320; baseline -0.003 0"><span class='ocrx_word' id='word_1_425' title='bbox 2555 4268 2640 4320; x_wconf 79' lang='lat' dir='ltr'><strong>Ea:</strong></span> <span class='ocrx_word' id='word_1_426' title='bbox 2667 4266 2778 4319; x_wconf 83' lang='lat' dir='ltr'><strong>alio</strong></span> <span class='ocrx_word' id='word_1_427' title='bbox 2811 4265 2929 4319; x_wconf 88' lang='lat' dir='ltr'><strong>cod.</strong></span> <span class='ocrx_word' id='word_1_428' title='bbox 2963 4264 3210 4319; x_wconf 86' lang='lat' dir='ltr'><strong>Thuano.</strong></span> 
     </span>
    </p>
   </div>
   <div class='ocr_carea' id='block_1_63' title="bbox 2127 4351 3715 4427">
    <p class='ocr_par' dir='ltr' id='par_1_63' title="bbox 2127 4351 3715 4427">
     <span class='ocr_line' id='line_1_64' title="bbox 2127 4351 3715 4427; baseline 0.001 -17"><span class='ocrx_word' id='word_1_429' title='bbox 2127 4357 2252 4410; x_wconf 84' lang='lat' dir='ltr'><strong>Lin.</strong></span> <span class='ocrx_word' id='word_1_430' title='bbox 2285 4355 2336 4427; x_wconf 71' lang='lat'><strong>1,</strong></span> <span class='ocrx_word' id='word_1_431' title='bbox 2365 4355 2516 4412; x_wconf 87' lang='lat' dir='ltr'><strong>sedit</strong></span> <span class='ocrx_word' id='word_1_432' title='bbox 2545 4368 2680 4411; x_wconf 90' lang='lat' dir='ltr'><strong>ann.</strong></span> <span class='ocrx_word' id='word_1_433' title='bbox 2714 4352 2771 4410; x_wconf 83' lang='grc' dir='ltr'>Η</span> <span class='ocrx_word' id='word_1_434' title='bbox 2805 4367 3028 4410; x_wconf 89' lang='lat' dir='ltr'><strong>menses</strong></span> <span class='ocrx_word' id='word_1_435' title='bbox 3078 4352 3131 4409; x_wconf 90' lang='lat'><strong>3.</strong></span> <span class='ocrx_word' id='word_1_436' title='bbox 3186 4355 3287 4408; x_wconf 85' lang='lat' dir='ltr'><strong>lin.</strong></span> <span class='ocrx_word' id='word_1_437' title='bbox 3330 4351 3383 4426; x_wconf 76' lang='lat' dir='ltr'><strong>li,</strong></span> <span class='ocrx_word' id='word_1_438' title='bbox 3421 4355 3478 4410; x_wconf 91' lang='lat' dir='ltr'><strong>in</strong></span> <span class='ocrx_word' id='word_1_439' title='bbox 3522 4356 3715 4412; x_wconf 91' lang='lat' dir='ltr'><strong>eccle-</strong></span> 
     </span>
    </p>
   </div>
   <div class='ocr_carea' id='block_1_64' title="bbox 2055 4427 2224 4482">
    <p class='ocr_par' dir='ltr' id='par_1_64' title="bbox 2055 4427 2224 4482">
     <span class='ocr_line' id='line_1_65' title="bbox 2055 4427 2224 4482; baseline 0 -2"><span class='ocrx_word' id='word_1_440' title='bbox 2055 4427 2224 4482; x_wconf 88' lang='lat' dir='ltr'><strong>siam.</strong></span> 
     </span>
    </p>
   </div>
   <div class='ocr_carea' id='block_1_65' title="bbox 2339 4498 3422 4569">
    <p class='ocr_par' dir='ltr' id='par_1_65' title="bbox 2339 4498 3422 4569">
     <span class='ocr_line' id='line_1_66' title="bbox 2339 4498 3422 4569; baseline -0.003 -15"><span class='ocrx_word' id='word_1_441' title='bbox 2339 4498 2509 4569; x_wconf 84' lang='lat' dir='ltr'><strong>Apud</strong></span> <span class='ocrx_word' id='word_1_442' title='bbox 2531 4499 2873 4552; x_wconf 82' lang='lat' dir='ltr'><strong>Hosltenium</strong></span> <span class='ocrx_word' id='word_1_443' title='bbox 2889 4503 2938 4552; x_wconf 91' lang='lat' dir='ltr'><strong>et</strong></span> <span class='ocrx_word' id='word_1_444' title='bbox 2958 4499 3422 4555; x_wconf 83' lang='lat' dir='ltr'><strong>Schelcstratium.</strong></span> 
     </span>
    </p>
   </div>
   <div class='ocr_carea' id='block_1_66' title="bbox 2125 4585 3212 4657">
    <p class='ocr_par' dir='ltr' id='par_1_66' title="bbox 2125 4585 3212 4657">
     <span class='ocr_line' id='line_1_67' title="bbox 2125 4585 3212 4657; baseline -0.002 -13"><span class='ocrx_word' id='word_1_445' title='bbox 2125 4591 2250 4644; x_wconf 85' lang='lat' dir='ltr'><strong>Lin.</strong></span> <span class='ocrx_word' id='word_1_446' title='bbox 2286 4585 2336 4657; x_wconf 74' lang='lat' dir='ltr'><strong>l,</strong></span> <span class='ocrx_word' id='word_1_447' title='bbox 2367 4589 2554 4644; x_wconf 80' lang='lat' dir='ltr'><strong>Vatic.</strong></span> <span class='ocrx_word' id='word_1_448' title='bbox 2591 4589 2957 4650; x_wconf 82' lang='lat' dir='ltr'><strong>etduo-Flor.,</strong></span> <span class='ocrx_word' id='word_1_449' title='bbox 2985 4601 3098 4644; x_wconf 91' lang='lat' dir='ltr'><strong>ann</strong></span> <span class='ocrx_word' id='word_1_450' title='bbox 3131 4601 3212 4643; x_wconf 85' lang='lat' dir='ltr'><strong>xt.</strong></span> 
     </span>
    </p>
   </div>
   <div class='ocr_carea' id='block_1_67' title="bbox 1634 4713 2390 4777">
    <p class='ocr_par' dir='ltr' id='par_1_67' title="bbox 1634 4713 2390 4777">
     <span class='ocr_line' id='line_1_68' title="bbox 1634 4713 2390 4777; baseline 0 -3"><span class='ocrx_word' id='word_1_451' title='bbox 1634 4713 1882 4775; x_wconf 74' lang='lat' dir='ltr'><strong>NOTE</strong></span> <span class='ocrx_word' id='word_1_452' title='bbox 1920 4715 2026 4776; x_wconf 85' lang='lat' dir='ltr'><strong>VA</strong></span> <span class='ocrx_word' id='word_1_453' title='bbox 2039 4715 2390 4777; x_wconf 88' lang='lat' dir='ltr'><strong>RIORUM.</strong></span> 
     </span>
    </p>
   </div>
   <div class='ocr_carea' id='block_1_68' title="bbox 911 4837 1339 4892">
    <p class='ocr_par' dir='ltr' id='par_1_68' title="bbox 911 4837 1339 4892">
     <span class='ocr_line' id='line_1_69' title="bbox 911 4837 1339 4892; baseline -0.005 0"><span class='ocrx_word' id='word_1_454' title='bbox 911 4837 1339 4892; x_wconf 78' lang='lat' dir='ltr'><strong>ALTASERRA.</strong></span> 
     </span>
    </p>
   </div>
   <div class='ocr_carea' id='block_1_69' title="bbox 369 4923 1955 4996">
    <p class='ocr_par' dir='ltr' id='par_1_69' title="bbox 369 4923 1955 4996">
     <span class='ocr_line' id='line_1_70' title="bbox 369 4923 1955 4996; baseline 0 -13"><span class='ocrx_word' id='word_1_455' title='bbox 369 4928 541 4983; x_wconf 84' lang='lat' dir='ltr'><strong>Linea</strong></span> <span class='ocrx_word' id='word_1_456' title='bbox 565 4923 616 4981; x_wconf 71' lang='grc'><strong>4.</strong></span> <span class='ocrx_word' id='word_1_457' title='bbox 641 4956 714 4966; x_wconf 89' lang='grc'><strong><em>-</em></strong></span> <span class='ocrx_word' id='word_1_458' title='bbox 740 4927 842 4980; x_wconf 86' lang='lat' dir='ltr'><strong>Hic</strong></span> <span class='ocrx_word' id='word_1_459' title='bbox 888 4943 956 4979; x_wconf 80' lang='lat' dir='ltr'><strong>ea:</strong></span> <span class='ocrx_word' id='word_1_460' title='bbox 1005 4933 1276 4996; x_wconf 74' lang='lat' dir='ltr'><strong>praecepto</strong></span> <span class='ocrx_word' id='word_1_461' title='bbox 1303 4928 1449 4981; x_wconf 85' lang='lat' dir='ltr'><strong>beati</strong></span> <span class='ocrx_word' id='word_1_462' title='bbox 1498 4929 1646 4982; x_wconf 80' lang='lat' dir='ltr'><strong>Petri</strong></span> <span class='ocrx_word' id='word_1_463' title='bbox 1673 4931 1955 4984; x_wconf 81' lang='lat' dir='ltr'><strong>constituit</strong></span> 
     </span>
    </p>
   </div>
   <div class='ocr_carea' id='block_1_70' title="bbox 294 4999 1953 5068">
    <p class='ocr_par' dir='ltr' id='par_1_70' title="bbox 294 4999 1953 5068">
     <span class='ocr_line' id='line_1_71' title="bbox 294 4999 1953 5068; baseline 0.002 -14"><span class='ocrx_word' id='word_1_464' title='bbox 294 5005 355 5054; x_wconf 88' lang='lat' dir='ltr'><strong>ut</strong></span> <span class='ocrx_word' id='word_1_465' title='bbox 378 4999 576 5052; x_wconf 83' lang='lat' dir='ltr'><strong>mulier</strong></span> <span class='ocrx_word' id='word_1_466' title='bbox 605 5000 665 5052; x_wconf 79' lang='lat' dir='ltr'><strong>in</strong></span> <span class='ocrx_word' id='word_1_467' title='bbox 701 4999 978 5052; x_wconf 75' lang='lat' dir='ltr'><strong>ecclesiam</strong></span> <span class='ocrx_word' id='word_1_468' title='bbox 1016 4999 1190 5052; x_wconf 84' lang='lat' dir='ltr'><strong>velato</strong></span> <span class='ocrx_word' id='word_1_469' title='bbox 1212 5001 1386 5068; x_wconf 82' lang='lat' dir='ltr'><strong>capite</strong></span> <span class='ocrx_word' id='word_1_470' title='bbox 1409 5001 1681 5054; x_wconf 75' lang='lat' dir='ltr'><strong>introiret.</strong></span> <span class='ocrx_word' id='word_1_471' title='bbox 1715 5001 1758 5054; x_wconf 93' lang='lat' dir='ltr'><strong>A</strong></span> <span class='ocrx_word' id='word_1_472' title='bbox 1792 5002 1953 5057; x_wconf 90' lang='lat' dir='ltr'><strong>Petro</strong></span> 
     </span>
    </p>
   </div>
   <div class='ocr_carea' id='block_1_71' title="bbox 296 5069 1954 5140">
    <p class='ocr_par' dir='ltr' id='par_1_71' title="bbox 296 5069 1954 5140">
     <span class='ocr_line' id='line_1_72' title="bbox 296 5069 1954 5140; baseline 0.002 -16"><span class='ocrx_word' id='word_1_473' title='bbox 296 5073 650 5125; x_wconf 89' lang='lat' dir='ltr'><strong>memoratur</strong></span> <span class='ocrx_word' id='word_1_474' title='bbox 681 5069 1151 5131; x_wconf 86' lang='lat' dir='ltr'><strong>hiciustitutum.</strong></span> <span class='ocrx_word' id='word_1_475' title='bbox 1189 5077 1250 5124; x_wconf 92' lang='lat' dir='ltr'><strong>ut</strong></span> <span class='ocrx_word' id='word_1_476' title='bbox 1278 5070 1547 5125; x_wconf 92' lang='lat' dir='ltr'><strong>mulieres</strong></span> <span class='ocrx_word' id='word_1_477' title='bbox 1569 5072 1954 5140; x_wconf 83' lang='lat' dir='ltr'><strong>velatocapite</strong></span> 
     </span>
    </p>
   </div>
   <div class='ocr_carea' id='block_1_72' title="bbox 296 5139 1948 5210">
    <p class='ocr_par' dir='ltr' id='par_1_72' title="bbox 296 5139 1948 5210">
     <span class='ocr_line' id='line_1_73' title="bbox 296 5139 1948 5210; baseline 0.001 -14"><span class='ocrx_word' id='word_1_478' title='bbox 296 5143 418 5196; x_wconf 92' lang='lat' dir='ltr'><strong>sint</strong></span> <span class='ocrx_word' id='word_1_479' title='bbox 441 5141 499 5194; x_wconf 92' lang='lat' dir='ltr'><strong>in</strong></span> <span class='ocrx_word' id='word_1_480' title='bbox 526 5139 786 5207; x_wconf 90' lang='lat' dir='ltr'><strong>ecclesia,</strong></span> <span class='ocrx_word' id='word_1_481' title='bbox 820 5155 934 5210; x_wconf 91' lang='lat' dir='ltr'><strong>quo</strong></span> <span class='ocrx_word' id='word_1_482' title='bbox 962 5141 1166 5210; x_wconf 91' lang='lat' dir='ltr'><strong>pudori</strong></span> <span class='ocrx_word' id='word_1_483' title='bbox 1199 5155 1373 5196; x_wconf 81' lang='lat' dir='ltr'><strong>sexus</strong></span> <span class='ocrx_word' id='word_1_484' title='bbox 1403 5143 1762 5197; x_wconf 87' lang='lat' dir='ltr'><strong>consulatur.</strong></span> <span class='ocrx_word' id='word_1_485' title='bbox 1801 5139 1948 5198; x_wconf 89' lang='lat' dir='ltr'><strong>ldem</strong></span> 
     </span>
    </p>
   </div>
   <div class='ocr_carea' id='block_1_73' title="bbox 291 5211 1952 5281">
    <p class='ocr_par' dir='ltr' id='par_1_73' title="bbox 291 5211 1952 5281">
     <span class='ocr_line' id='line_1_74' title="bbox 291 5211 1952 5281; baseline 0.002 -14"><span class='ocrx_word' id='word_1_486' title='bbox 291 5226 322 5267; x_wconf 91' lang='lat' dir='ltr'><strong>a</strong></span> <span class='ocrx_word' id='word_1_487' title='bbox 358 5211 534 5266; x_wconf 88' lang='lat' dir='ltr'><strong>Paulo</strong></span> <span class='ocrx_word' id='word_1_488' title='bbox 568 5217 908 5280; x_wconf 69' lang='lat' dir='ltr'><strong>praaceptum</strong></span> <span class='ocrx_word' id='word_1_489' title='bbox 944 5215 993 5278; x_wconf 87' lang='grc' dir='ltr'><strong>(Ι</strong></span> <span class='ocrx_word' id='word_1_490' title='bbox 1035 5215 1152 5268; x_wconf 77' lang='lat' dir='ltr'><strong>Cor.</strong></span> <span class='ocrx_word' id='word_1_491' title='bbox 1178 5213 1255 5281; x_wconf 72' lang='lat' dir='ltr'><strong>iu)</strong></span> <span class='ocrx_word' id='word_1_492' title='bbox 1288 5213 1591 5268; x_wconf 73' lang='lat' dir='ltr'><strong>ut&#39;mulier</strong></span> <span class='ocrx_word' id='word_1_493' title='bbox 1615 5221 1738 5268; x_wconf 89' lang='lat' dir='ltr'><strong>oret</strong></span> <span class='ocrx_word' id='word_1_494' title='bbox 1767 5217 1952 5270; x_wconf 81' lang='lat' dir='ltr'><strong>velato</strong></span> 
     </span>
    </p>
   </div>
   <div class='ocr_carea' id='block_1_74' title="bbox 295 5283 1951 5354">
    <p class='ocr_par' dir='ltr' id='par_1_74' title="bbox 295 5283 1951 5354">
     <span class='ocr_line' id='line_1_75' title="bbox 295 5283 1951 5354; baseline 0.001 -16"><span class='ocrx_word' id='word_1_495' title='bbox 295 5283 525 5354; x_wconf 74' lang='lat' dir='ltr'><strong>capite,</strong></span> <span class='ocrx_word' id='word_1_496' title='bbox 563 5283 730 5354; x_wconf 79' lang='lat' dir='ltr'><strong>quasi</strong></span> <span class='ocrx_word' id='word_1_497' title='bbox 764 5290 1026 5336; x_wconf 92' lang='lat' dir='ltr'><strong>monente</strong></span> <span class='ocrx_word' id='word_1_498' title='bbox 1077 5291 1300 5339; x_wconf 87' lang='lat' dir='ltr'><strong>natura.</strong></span> <span class='ocrx_word' id='word_1_499' title='bbox 1354 5298 1479 5352; x_wconf 78' lang='lat' dir='ltr'><strong>qua:</strong></span> <span class='ocrx_word' id='word_1_500' title='bbox 1521 5285 1767 5354; x_wconf 91' lang='lat' dir='ltr'><strong>capillos</strong></span> <span class='ocrx_word' id='word_1_501' title='bbox 1791 5286 1951 5340; x_wconf 80' lang='lat' dir='ltr'><strong>dedit</strong></span> 
     </span>
    </p>
   </div>
   <div class='ocr_carea' id='block_1_75' title="bbox 295 5350 1952 5425">
    <p class='ocr_par' dir='ltr' id='par_1_75' title="bbox 295 5350 1952 5425">
     <span class='ocr_line' id='line_1_76' title="bbox 295 5350 1952 5425; baseline 0.002 -17"><span class='ocrx_word' id='word_1_502' title='bbox 295 5350 530 5410; x_wconf 77' lang='lat' dir='ltr'><strong>mulieri</strong></span> <span class='ocrx_word' id='word_1_503' title='bbox 556 5350 1024 5425; x_wconf 37' lang='lat' dir='ltr'><strong>ivri‘zspteolaz&#39;ou,</strong></span> <span class='ocrx_word' id='word_1_504' title='bbox 1049 5370 1150 5422; x_wconf 85' lang='lat' dir='ltr'><strong>pro</strong></span> <span class='ocrx_word' id='word_1_505' title='bbox 1181 5350 1468 5407; x_wconf 76' lang='lat' dir='ltr'><strong>uelamine.</strong></span> <span class='ocrx_word' id='word_1_506' title='bbox 1497 5350 1838 5425; x_wconf 75' lang='lat' dir='ltr'><strong>Apostolicte</strong></span> <span class='ocrx_word' id='word_1_507' title='bbox 1869 5359 1952 5412; x_wconf 86' lang='lat' dir='ltr'><strong>in-</strong></span> 
     </span>
    </p>
   </div>
   <div class='ocr_carea' id='block_1_76' title="bbox 293 5422 1955 5491">
    <p class='ocr_par' dir='ltr' id='par_1_76' title="bbox 293 5422 1955 5491">
     <span class='ocr_line' id='line_1_77' title="bbox 293 5422 1955 5491; baseline 0.002 -12"><span class='ocrx_word' id='word_1_508' title='bbox 293 5425 626 5480; x_wconf 90' lang='lat' dir='ltr'><strong>stitutionis</strong></span> <span class='ocrx_word' id='word_1_509' title='bbox 651 5422 785 5491; x_wconf 88' lang='lat' dir='ltr'><strong>fuit,</strong></span> <span class='ocrx_word' id='word_1_510' title='bbox 811 5429 870 5478; x_wconf 88' lang='lat' dir='ltr'><strong>ut</strong></span> <span class='ocrx_word' id='word_1_511' title='bbox 892 5425 1237 5480; x_wconf 83' lang='lat' dir='ltr'><strong>mulieribus</strong></span> <span class='ocrx_word' id='word_1_512' title='bbox 1262 5425 1421 5479; x_wconf 92' lang='lat' dir='ltr'><strong>locus</strong></span> <span class='ocrx_word' id='word_1_513' title='bbox 1439 5422 1697 5482; x_wconf 83' lang='lat' dir='ltr'><strong>tabulato</strong></span> <span class='ocrx_word' id='word_1_514' title='bbox 1727 5429 1955 5483; x_wconf 84' lang='lat' dir='ltr'><strong>distin-</strong></span> 
     </span>
    </p>
   </div>
   <div class='ocr_carea' id='block_1_77' title="bbox 293 5495 1949 5566">
    <p class='ocr_par' dir='ltr' id='par_1_77' title="bbox 293 5495 1949 5566">
     <span class='ocr_line' id='line_1_78' title="bbox 293 5495 1949 5566; baseline 0.002 -16"><span class='ocrx_word' id='word_1_515' title='bbox 293 5501 486 5566; x_wconf 85' lang='lat' dir='ltr'><strong>ctusa</strong></span> <span class='ocrx_word' id='word_1_516' title='bbox 528 5495 678 5550; x_wconf 88' lang='lat' dir='ltr'><strong>vi‘ris</strong></span> <span class='ocrx_word' id='word_1_517' title='bbox 698 5495 928 5566; x_wconf 71' lang='lat' dir='ltr'><strong>essetin</strong></span> <span class='ocrx_word' id='word_1_518' title='bbox 970 5495 1232 5566; x_wconf 82' lang='lat' dir='ltr'><strong>ecclesia.</strong></span> <span class='ocrx_word' id='word_1_519' title='bbox 1262 5497 1422 5566; x_wconf 85' lang='lat' dir='ltr'><strong>Joan.</strong></span> <span class='ocrx_word' id='word_1_520' title='bbox 1463 5497 1852 5566; x_wconf 74' lang='lat' dir='ltr'><strong>Chrysostom.</strong></span> <span class='ocrx_word' id='word_1_521' title='bbox 1890 5501 1949 5554; x_wconf 87' lang='lat' dir='ltr'><strong>in</strong></span> 
     </span>
    </p>
   </div>
   <div class='ocr_carea' id='block_1_78' title="bbox 296 5563 1950 5640">
    <p class='ocr_par' dir='ltr' id='par_1_78' title="bbox 296 5563 1950 5640">
     <span class='ocr_line' id='line_1_79' title="bbox 296 5563 1950 5640; baseline 0.002 -22"><span class='ocrx_word' id='word_1_522' title='bbox 296 5565 500 5640; x_wconf 86' lang='lat' dir='ltr'><strong>M_a_tth.</strong></span> <span class='ocrx_word' id='word_1_523' title='bbox 537 5566 734 5640; x_wconf 78' lang='lat' dir='ltr'><strong>homil.</strong></span> <span class='ocrx_word' id='word_1_524' title='bbox 762 5563 862 5620; x_wconf 67' lang='grc'><strong>741</strong></span> <span class='ocrx_word' id='word_1_525' title='bbox 905 5566 1101 5638; x_wconf 68' lang='grc' dir='ltr'>Ἐχρῆν</span> <span class='ocrx_word' id='word_1_526' title='bbox 1133 5563 1218 5635; x_wconf 79' lang='grc' dir='ltr'><strong>μέν</strong></span> <span class='ocrx_word' id='word_1_527' title='bbox 1248 5568 1332 5640; x_wconf 55' lang='grc' dir='ltr'><strong>(ξὺν</strong></span> <span class='ocrx_word' id='word_1_528' title='bbox 1363 5564 1500 5618; x_wconf 73' lang='grc' dir='ltr'>ἔνδον</span> <span class='ocrx_word' id='word_1_529' title='bbox 1532 5563 1664 5639; x_wconf 45' lang='grc' dir='ltr'><strong>ἐγξεῑν</strong></span> <span class='ocrx_word' id='word_1_530' title='bbox 1693 5567 1750 5620; x_wconf 83' lang='grc' dir='ltr'><strong>τὸ</strong></span> <span class='ocrx_word' id='word_1_531' title='bbox 1777 5580 1950 5640; x_wconf 60' lang='lat' dir='ltr'><strong>xei-[pg</strong></span> 
     </span>
    </p>
   </div>
   <div class='ocr_carea' id='block_1_79' title="bbox 293 5632 1951 5708">
    <p class='ocr_par' dir='ltr' id='par_1_79' title="bbox 293 5632 1951 5708">
     <span class='ocr_line' id='line_1_80' title="bbox 293 5632 1951 5708; baseline -0.011 2"><span class='ocrx_word' id='word_1_532' title='bbox 293 5632 351 5686; x_wconf 69' lang='grc' dir='ltr'><strong>τὸ</strong></span> <span class='ocrx_word' id='word_1_533' title='bbox 376 5636 588 5708; x_wconf 59' lang='grc' dir='ltr'><strong>διεῖρϊον</strong></span> <span class='ocrx_word' id='word_1_534' title='bbox 628 5637 753 5708; x_wconf 53' lang='grc' dir='ltr'><strong>βμᾶς</strong></span> <span class='ocrx_word' id='word_1_535' title='bbox 782 5642 882 5687; x_wconf 78' lang='grc' dir='ltr'><strong>τῶν</strong></span> <span class='ocrx_word' id='word_1_536' title='bbox 906 5632 1198 5708; x_wconf 15' lang='grc' dir='ltr'><strong>γχύἶλαὶκῶν.</strong></span> <span class='ocrx_word' id='word_1_537' title='bbox 1243 5637 1534 5706; x_wconf 73' lang='lat' dir='ltr'><strong>Oportebat</strong></span> <span class='ocrx_word' id='word_1_538' title='bbox 1559 5632 1816 5708; x_wconf 58' lang='lat' dir='ltr'><strong>&quot;quidem</strong></span> <span class='ocrx_word' id='word_1_539' title='bbox 1855 5632 1951 5694; x_wconf 62' lang='grc' dir='ltr'><strong>ἰὴ-</strong></span> 
     </span>
    </p>
   </div>
   <div class='ocr_carea' id='block_1_80' title="bbox 293 5706 1950 5779">
    <p class='ocr_par' dir='ltr' id='par_1_80' title="bbox 293 5706 1950 5779">
     <span class='ocr_line' id='line_1_81' title="bbox 293 5706 1950 5779; baseline 0.008 -26"><span class='ocrx_word' id='word_1_540' title='bbox 293 5706 718 5779; x_wconf 60' lang='lat' dir='ltr'><strong>teriorepariete</strong></span> <span class='ocrx_word' id='word_1_541' title='bbox 744 5722 778 5756; x_wconf 78' lang='grc' dir='ltr'><strong>ιι</strong></span> <span class='ocrx_word' id='word_1_542' title='bbox 797 5706 1118 5761; x_wconf 73' lang='lat' dir='ltr'><strong>mulieribus</strong></span> <span class='ocrx_word' id='word_1_543' title='bbox 1143 5711 1395 5777; x_wconf 79' lang='lat' dir='ltr'><strong>separari</strong></span> <span class='ocrx_word' id='word_1_544' title='bbox 1439 5706 1745 5779; x_wconf 75' lang='lat' dir='ltr'><strong>Augustin.</strong></span> <span class='ocrx_word' id='word_1_545' title='bbox 1763 5713 1831 5766; x_wconf 91' lang='lat' dir='ltr'><strong>de</strong></span> <span class='ocrx_word' id='word_1_546' title='bbox 1851 5714 1950 5766; x_wconf 85' lang='lat' dir='ltr'><strong>Ci—</strong></span> 
     </span>
    </p>
   </div>
   <div class='ocr_carea' id='block_1_81' title="bbox 295 5771 1954 5850">
    <p class='ocr_par' dir='ltr' id='par_1_81' title="bbox 295 5771 1954 5850">
     <span class='ocr_line' id='line_1_82' title="bbox 295 5771 1954 5850; baseline 0.008 -26"><span class='ocrx_word' id='word_1_547' title='bbox 295 5775 466 5826; x_wconf 88' lang='lat' dir='ltr'><strong>vitat.</strong></span> <span class='ocrx_word' id='word_1_548' title='bbox 495 5771 598 5850; x_wconf 64' lang='lat' dir='ltr'><strong>Qei</strong></span> <span class='ocrx_word' id='word_1_549' title='bbox 625 5772 755 5850; x_wconf 67' lang='lat' dir='ltr'><strong>libr.</strong></span> <span class='ocrx_word' id='word_1_550' title='bbox 789 5789 926 5850; x_wconf 74' lang='lat' dir='ltr'><strong>X_X_ll.</strong></span> <span class='ocrx_word' id='word_1_551' title='bbox 952 5790 1076 5850; x_wconf 82' lang='lat' dir='ltr'><strong>cap.</strong></span> <span class='ocrx_word' id='word_1_552' title='bbox 1101 5771 1236 5850; x_wconf 57' lang='lat'><strong>8:}:</strong></span> <span class='ocrx_word' id='word_1_553' title='bbox 1269 5771 1623 5834; x_wconf 72' lang='lat' dir='ltr'><strong>Admonciur</strong></span> <span class='ocrx_word' id='word_1_554' title='bbox 1647 5781 1702 5835; x_wconf 89' lang='lat' dir='ltr'><strong>in</strong></span> <span class='ocrx_word' id='word_1_555' title='bbox 1732 5783 1954 5838; x_wconf 84' lang='lat' dir='ltr'><strong>somnis</strong></span> 
     </span>
    </p>
   </div>
   <div class='ocr_carea' id='block_1_82' title="bbox 297 5845 1956 5916">
    <p class='ocr_par' dir='ltr' id='par_1_82' title="bbox 297 5845 1956 5916">
     <span class='ocr_line' id='line_1_83' title="bbox 297 5845 1956 5916; baseline 0.009 -23"><span class='ocrx_word' id='word_1_556' title='bbox 297 5845 796 5916; x_wconf 69' lang='lat' dir='ltr'><strong>appropinquante</strong></span> <span class='ocrx_word' id='word_1_557' title='bbox 827 5845 1056 5916; x_wconf 59' lang='lat' dir='ltr'><strong>Pascha,</strong></span> <span class='ocrx_word' id='word_1_558' title='bbox 1099 5855 1160 5900; x_wconf 90' lang='lat' dir='ltr'><strong>ut</strong></span> <span class='ocrx_word' id='word_1_559' title='bbox 1188 5849 1246 5902; x_wconf 91' lang='lat' dir='ltr'><strong>in</strong></span> <span class='ocrx_word' id='word_1_560' title='bbox 1290 5855 1448 5916; x_wconf 83' lang='lat' dir='ltr'><strong>parte</strong></span> <span class='ocrx_word' id='word_1_561' title='bbox 1470 5850 1813 5907; x_wconf 83' lang='lat' dir='ltr'><strong>feminarum</strong></span> <span class='ocrx_word' id='word_1_562' title='bbox 1843 5853 1956 5908; x_wconf 84' lang='lat' dir='ltr'><strong>ob-</strong></span> 
     </span>
    </p>
   </div>
   <div class='ocr_carea' id='block_1_83' title="bbox 301 5906 1953 5992">
    <p class='ocr_par' dir='ltr' id='par_1_83' title="bbox 301 5906 1953 5992">
     <span class='ocr_line' id='line_1_84' title="bbox 301 5906 1953 5992; baseline 0.01 -30"><span class='ocrx_word' id='word_1_563' title='bbox 301 5906 555 5962; x_wconf 84' lang='lat' dir='ltr'><strong>servanti</strong></span> <span class='ocrx_word' id='word_1_564' title='bbox 585 5907 654 5959; x_wconf 89' lang='lat' dir='ltr'><strong>ad</strong></span> <span class='ocrx_word' id='word_1_565' title='bbox 686 5906 1112 5981; x_wconf 62' lang='lat' dir='ltr'><strong>baptisterium,</strong></span> <span class='ocrx_word' id='word_1_566' title='bbox 1145 5906 1502 5986; x_wconf 66' lang='lat' dir='ltr'><strong>quaecunque</strong></span> <span class='ocrx_word' id='word_1_567' title='bbox 1532 5921 1620 5974; x_wconf 88' lang='lat' dir='ltr'><strong>illi</strong></span> <span class='ocrx_word' id='word_1_568' title='bbox 1667 5906 1953 5992; x_wconf 77' lang='lat' dir='ltr'><strong>baptizata</strong></span> 
     </span>
    </p>
   </div>
   <div class='ocr_carea' id='block_1_84' title="bbox 1980 4839 3714 4912">
    <p class='ocr_par' dir='ltr' id='par_1_84' title="bbox 1980 4839 3714 4912">
     <span class='ocr_line' id='line_1_85' title="bbox 1980 4839 3714 4912; baseline -0.003 -12"><span class='ocrx_word' id='word_1_569' title='bbox 1980 4840 2034 4900; x_wconf 93' lang='lat' dir='ltr'>B</span> <span class='ocrx_word' id='word_1_570' title='bbox 2063 4841 2338 4910; x_wconf 89' lang='lat' dir='ltr'><strong>primitus</strong></span> <span class='ocrx_word' id='word_1_571' title='bbox 2364 4841 2733 4906; x_wconf 90' lang='lat' dir='ltr'><strong>occurrisset,</strong></span> <span class='ocrx_word' id='word_1_572' title='bbox 2757 4840 3079 4912; x_wconf 82' lang='lat' dir='ltr'><strong>signaretei</strong></span> <span class='ocrx_word' id='word_1_573' title='bbox 3117 4839 3302 4912; x_wconf 79' lang='lat' dir='ltr'><strong>locum</strong></span> <span class='ocrx_word' id='word_1_574' title='bbox 3330 4840 3496 4911; x_wconf 82' lang='lat' dir='ltr'><strong>signo</strong></span> <span class='ocrx_word' id='word_1_575' title='bbox 3519 4839 3714 4912; x_wconf 80' lang='lat' dir='ltr'><strong>crucis</strong></span> 
     </span>
    </p>
   </div>
   <div class='ocr_carea' id='block_1_85' title="bbox 2061 4911 3708 4983">
    <p class='ocr_par' dir='ltr' id='par_1_85' title="bbox 2061 4911 3708 4983">
     <span class='ocr_line' id='line_1_86' title="bbox 2061 4911 3708 4983; baseline -0.002 -16"><span class='ocrx_word' id='word_1_576' title='bbox 2061 4913 2299 4967; x_wconf 82' lang='lat' dir='ltr'><strong>Christi.</strong></span> <span class='ocrx_word' id='word_1_577' title='bbox 2330 4931 2354 4961; x_wconf 69' lang='grc' dir='ltr'><strong>ι)</strong></span> <span class='ocrx_word' id='word_1_578' title='bbox 2389 4913 2652 4968; x_wconf 89' lang='lat' dir='ltr'><strong>Anastas.</strong></span> <span class='ocrx_word' id='word_1_579' title='bbox 2679 4925 2738 4966; x_wconf 88' lang='lat' dir='ltr'><strong>in</strong></span> <span class='ocrx_word' id='word_1_580' title='bbox 2770 4912 2999 4983; x_wconf 77' lang='lat' dir='ltr'><strong>Sergio:</strong></span> <span class='ocrx_word' id='word_1_581' title='bbox 3035 4932 3062 4964; x_wconf 78' lang='grc' dir='ltr'><strong>α</strong></span> <span class='ocrx_word' id='word_1_582' title='bbox 3099 4913 3202 4967; x_wconf 84' lang='lat' dir='ltr'><strong>Hic</strong></span> <span class='ocrx_word' id='word_1_583' title='bbox 3233 4911 3370 4967; x_wconf 84' lang='lat' dir='ltr'><strong>fecit</strong></span> <span class='ocrx_word' id='word_1_584' title='bbox 3405 4911 3708 4983; x_wconf 81' lang='lat' dir='ltr'><strong>imaginem</strong></span> 
     </span>
    </p>
   </div>
   <div class='ocr_carea' id='block_1_86' title="bbox 2065 4981 3708 5054">
    <p class='ocr_par' dir='ltr' id='par_1_86' title="bbox 2065 4981 3708 5054">
     <span class='ocr_line' id='line_1_87' title="bbox 2065 4981 3708 5054; baseline -0.004 -16"><span class='ocrx_word' id='word_1_585' title='bbox 2065 4985 2214 5039; x_wconf 92' lang='lat' dir='ltr'><strong>beati</strong></span> <span class='ocrx_word' id='word_1_586' title='bbox 2249 4985 2397 5040; x_wconf 89' lang='lat' dir='ltr'><strong>Petri</strong></span> <span class='ocrx_word' id='word_1_587' title='bbox 2425 4984 2843 5054; x_wconf 72' lang='lat' dir='ltr'><strong>apostoli,qua:</strong></span> <span class='ocrx_word' id='word_1_588' title='bbox 2881 4981 2972 5038; x_wconf 82' lang='lat' dir='ltr'><strong>est</strong></span> <span class='ocrx_word' id='word_1_589' title='bbox 3020 4984 3079 5038; x_wconf 92' lang='lat' dir='ltr'><strong>in</strong></span> <span class='ocrx_word' id='word_1_590' title='bbox 3113 4989 3273 5052; x_wconf 87' lang='lat' dir='ltr'><strong>parte</strong></span> <span class='ocrx_word' id='word_1_591' title='bbox 3319 4981 3646 5054; x_wconf 87' lang='lat' dir='ltr'><strong>mulierum.</strong></span> <span class='ocrx_word' id='word_1_592' title='bbox 3681 4999 3708 5030; x_wconf 72' lang='grc' dir='ltr'><strong><em>υ</em></strong></span> 
     </span>
    </p>
   </div>
   <div class='ocr_carea' id='block_1_87' title="bbox 2067 5053 3710 5125">
    <p class='ocr_par' dir='ltr' id='par_1_87' title="bbox 2067 5053 3710 5125">
     <span class='ocr_line' id='line_1_88' title="bbox 2067 5053 3710 5125; baseline -0.001 -15"><span class='ocrx_word' id='word_1_593' title='bbox 2067 5057 2213 5111; x_wconf 92' lang='lat' dir='ltr'><strong>ldem</strong></span> <span class='ocrx_word' id='word_1_594' title='bbox 2248 5057 2306 5110; x_wconf 91' lang='lat' dir='ltr'><strong>in</strong></span> <span class='ocrx_word' id='word_1_595' title='bbox 2337 5057 2616 5125; x_wconf 79' lang='lat' dir='ltr'><strong>Gregorio</strong></span> <span class='ocrx_word' id='word_1_596' title='bbox 2659 5053 2768 5111; x_wconf 37' lang='lat' dir='ltr'><strong>Ill’:</strong></span> <span class='ocrx_word' id='word_1_597' title='bbox 2805 5057 2959 5110; x_wconf 81' lang='lat' dir='ltr'><strong>«llic</strong></span> <span class='ocrx_word' id='word_1_598' title='bbox 3015 5054 3150 5110; x_wconf 81' lang='lat' dir='ltr'><strong>fecit</strong></span> <span class='ocrx_word' id='word_1_599' title='bbox 3198 5055 3516 5110; x_wconf 89' lang='lat' dir='ltr'><strong>oratorium</strong></span> <span class='ocrx_word' id='word_1_600' title='bbox 3559 5053 3710 5108; x_wconf 89' lang='lat' dir='ltr'><strong>intra</strong></span> 
     </span>
    </p>
   </div>
   <div class='ocr_carea' id='block_1_88' title="bbox 2061 5125 3711 5196">
    <p class='ocr_par' dir='ltr' id='par_1_88' title="bbox 2061 5125 3711 5196">
     <span class='ocr_line' id='line_1_89' title="bbox 2061 5125 3711 5196; baseline -0.003 -14"><span class='ocrx_word' id='word_1_601' title='bbox 2061 5129 2314 5182; x_wconf 91' lang='lat' dir='ltr'><strong>eamdem</strong></span> <span class='ocrx_word' id='word_1_602' title='bbox 2347 5127 2668 5195; x_wconf 90' lang='lat' dir='ltr'><strong>basilicam,</strong></span> <span class='ocrx_word' id='word_1_603' title='bbox 2712 5128 2877 5196; x_wconf 84' lang='lat' dir='ltr'><strong>juxta</strong></span> <span class='ocrx_word' id='word_1_604' title='bbox 2907 5139 3103 5182; x_wconf 89' lang='lat' dir='ltr'><strong>arcum</strong></span> <span class='ocrx_word' id='word_1_605' title='bbox 3137 5125 3512 5195; x_wconf 87' lang='lat' dir='ltr'><strong>principalem</strong></span> <span class='ocrx_word' id='word_1_606' title='bbox 3557 5129 3711 5192; x_wconf 88' lang='lat' dir='ltr'><strong>parte</strong></span> 
     </span>
    </p>
   </div>
   <div class='ocr_carea' id='block_1_89' title="bbox 2063 5195 3710 5266">
    <p class='ocr_par' dir='ltr' id='par_1_89' title="bbox 2063 5195 3710 5266">
     <span class='ocr_line' id='line_1_90' title="bbox 2063 5195 3710 5266; baseline -0.002 -15"><span class='ocrx_word' id='word_1_607' title='bbox 2063 5200 2340 5254; x_wconf 90' lang='lat' dir='ltr'><strong>virorum.</strong></span> <span class='ocrx_word' id='word_1_608' title='bbox 2371 5217 2396 5247; x_wconf 85' lang='lat'>»</span> <span class='ocrx_word' id='word_1_609' title='bbox 2420 5201 2572 5254; x_wconf 91' lang='lat' dir='ltr'><strong>ldem</strong></span> <span class='ocrx_word' id='word_1_610' title='bbox 2602 5199 2662 5253; x_wconf 88' lang='lat' dir='ltr'><strong>in</strong></span> <span class='ocrx_word' id='word_1_611' title='bbox 2710 5195 2963 5254; x_wconf 86' lang='lat' dir='ltr'><strong>Adriano</strong></span> <span class='ocrx_word' id='word_1_612' title='bbox 2995 5201 3047 5252; x_wconf 88' lang='lat' dir='ltr'><strong>I:</strong></span> <span class='ocrx_word' id='word_1_613' title='bbox 3077 5217 3104 5247; x_wconf 78' lang='grc' dir='ltr'>α</span> <span class='ocrx_word' id='word_1_614' title='bbox 3139 5199 3206 5252; x_wconf 83' lang='lat' dir='ltr'><strong>Et</strong></span> <span class='ocrx_word' id='word_1_615' title='bbox 3237 5211 3411 5266; x_wconf 73' lang='lat' dir='ltr'><strong>rugas</strong></span> <span class='ocrx_word' id='word_1_616' title='bbox 3464 5195 3522 5249; x_wconf 92' lang='lat' dir='ltr'><strong>in</strong></span> <span class='ocrx_word' id='word_1_617' title='bbox 3579 5208 3710 5264; x_wconf 85' lang='lat' dir='ltr'><strong>pre—</strong></span> 
     </span>
    </p>
   </div>
   <div class='ocr_carea' id='block_1_90' title="bbox 2064 5269 3703 5340">
    <p class='ocr_par' dir='ltr' id='par_1_90' title="bbox 2064 5269 3703 5340">
     <span class='ocr_line' id='line_1_91' title="bbox 2064 5269 3703 5340; baseline -0.004 -15"><span class='ocrx_word' id='word_1_618' title='bbox 2064 5271 2317 5340; x_wconf 89' lang='lat' dir='ltr'><strong>sbyterio</strong></span> <span class='ocrx_word' id='word_1_619' title='bbox 2341 5283 2373 5324; x_wconf 92' lang='lat' dir='ltr'><strong>a</strong></span> <span class='ocrx_word' id='word_1_620' title='bbox 2399 5279 2557 5338; x_wconf 88' lang='lat' dir='ltr'><strong>parte</strong></span> <span class='ocrx_word' id='word_1_621' title='bbox 2571 5271 2830 5325; x_wconf 87' lang='lat' dir='ltr'><strong>virorum</strong></span> <span class='ocrx_word' id='word_1_622' title='bbox 2851 5277 2906 5324; x_wconf 94' lang='lat' dir='ltr'><strong>et</strong></span> <span class='ocrx_word' id='word_1_623' title='bbox 2929 5269 3235 5324; x_wconf 89' lang='lat' dir='ltr'><strong>mulierum</strong></span> <span class='ocrx_word' id='word_1_624' title='bbox 3252 5282 3317 5323; x_wconf 84' lang='lat' dir='ltr'><strong>ex</strong></span> <span class='ocrx_word' id='word_1_625' title='bbox 3341 5274 3584 5340; x_wconf 77' lang='lat' dir='ltr'><strong>argento</strong></span> <span class='ocrx_word' id='word_1_626' title='bbox 3601 5281 3703 5334; x_wconf 90' lang='lat' dir='ltr'><strong>pu-</strong></span> 
     </span>
    </p>
   </div>
   <div class='ocr_carea' id='block_1_91' title="bbox 2065 5336 3708 5410">
    <p class='ocr_par' dir='ltr' id='par_1_91' title="bbox 2065 5336 3708 5410">
     <span class='ocr_line' id='line_1_92' title="bbox 2065 5336 3708 5410; baseline -0.004 -14"><span class='ocrx_word' id='word_1_627' title='bbox 2065 5336 2318 5397; x_wconf 79' lang='lat' dir='ltr'><strong>rissimo.</strong></span> <span class='ocrx_word' id='word_1_628' title='bbox 2354 5359 2380 5388; x_wconf 84' lang='grc'><strong>››</strong></span> <span class='ocrx_word' id='word_1_629' title='bbox 2402 5336 2556 5396; x_wconf 83' lang='lat' dir='ltr'><strong>ldem</strong></span> <span class='ocrx_word' id='word_1_630' title='bbox 2581 5342 2640 5395; x_wconf 92' lang='lat' dir='ltr'><strong>in</strong></span> <span class='ocrx_word' id='word_1_631' title='bbox 2674 5343 2855 5396; x_wconf 90' lang='lat' dir='ltr'><strong>Leone</strong></span> <span class='ocrx_word' id='word_1_632' title='bbox 2877 5342 2978 5395; x_wconf 89' lang='lat' dir='ltr'><strong>Ill:</strong></span> <span class='ocrx_word' id='word_1_633' title='bbox 3019 5361 3044 5390; x_wconf 77' lang='grc' dir='ltr'><strong><em>α</em></strong></span> <span class='ocrx_word' id='word_1_634' title='bbox 3077 5339 3380 5410; x_wconf 90' lang='lat' dir='ltr'><strong>Simulque</strong></span> <span class='ocrx_word' id='word_1_635' title='bbox 3404 5336 3467 5393; x_wconf 89' lang='lat' dir='ltr'><strong>ut</strong></span> <span class='ocrx_word' id='word_1_636' title='bbox 3499 5336 3708 5410; x_wconf 88' lang='lat' dir='ltr'><strong>colum-</strong></span> 
     </span>
    </p>
   </div>
   <div class='ocr_carea' id='block_1_92' title="bbox 2065 5409 3709 5483">
    <p class='ocr_par' dir='ltr' id='par_1_92' title="bbox 2065 5409 3709 5483">
     <span class='ocr_line' id='line_1_93' title="bbox 2065 5409 3709 5483; baseline -0.003 -17"><span class='ocrx_word' id='word_1_637' title='bbox 2065 5427 2165 5467; x_wconf 91' lang='lat' dir='ltr'><strong>nas</strong></span> <span class='ocrx_word' id='word_1_638' title='bbox 2197 5411 2498 5468; x_wconf 91' lang='lat' dir='ltr'><strong>tornatiles</strong></span> <span class='ocrx_word' id='word_1_639' title='bbox 2523 5420 2636 5467; x_wconf 92' lang='lat' dir='ltr'><strong>tam</strong></span> <span class='ocrx_word' id='word_1_640' title='bbox 2679 5413 2738 5466; x_wconf 91' lang='lat' dir='ltr'><strong>in</strong></span> <span class='ocrx_word' id='word_1_641' title='bbox 2759 5413 3023 5483; x_wconf 84' lang='lat' dir='ltr'><strong>ingressu</strong></span> <span class='ocrx_word' id='word_1_642' title='bbox 3048 5409 3311 5480; x_wconf 84' lang='lat' dir='ltr'><strong>corporis</strong></span> <span class='ocrx_word' id='word_1_643' title='bbox 3336 5411 3536 5483; x_wconf 87' lang='lat' dir='ltr'><strong>dextra</strong></span> <span class='ocrx_word' id='word_1_644' title='bbox 3556 5409 3709 5483; x_wconf 48' lang='lat' dir='ltr'><strong>laeva-</strong></span> 
     </span>
    </p>
   </div>
   <div class='ocr_carea' id='block_1_93' title="bbox 2063 5481 3705 5552">
    <p class='ocr_par' dir='ltr' id='par_1_93' title="bbox 2063 5481 3705 5552">
     <span class='ocr_line' id='line_1_94' title="bbox 2063 5481 3705 5552; baseline -0.003 -14"><span class='ocrx_word' id='word_1_645' title='bbox 2063 5497 2174 5552; x_wconf 89' lang='lat' dir='ltr'><strong>que</strong></span> <span class='ocrx_word' id='word_1_646' title='bbox 2193 5497 2261 5537; x_wconf 86' lang='lat' dir='ltr'><strong>ex</strong></span> <span class='ocrx_word' id='word_1_647' title='bbox 2297 5491 2453 5552; x_wconf 89' lang='lat' dir='ltr'><strong>parte</strong></span> <span class='ocrx_word' id='word_1_648' title='bbox 2484 5487 2740 5539; x_wconf 91' lang='lat' dir='ltr'><strong>virorum</strong></span> <span class='ocrx_word' id='word_1_649' title='bbox 2771 5481 2845 5539; x_wconf 78' lang='lat' dir='ltr'><strong>ac</strong></span> <span class='ocrx_word' id='word_1_650' title='bbox 2877 5483 3208 5539; x_wconf 90' lang='lat' dir='ltr'><strong>mulierum.</strong></span> <span class='ocrx_word' id='word_1_651' title='bbox 3239 5501 3264 5531; x_wconf 81' lang='grc' dir='ltr'><strong>ι)</strong></span> <span class='ocrx_word' id='word_1_652' title='bbox 3298 5482 3514 5536; x_wconf 84' lang='lat' dir='ltr'><strong>Dicatis</strong></span> <span class='ocrx_word' id='word_1_653' title='bbox 3538 5481 3705 5552; x_wconf 87' lang='lat' dir='ltr'><strong>etiam</strong></span> 
     </span>
    </p>
   </div>
   <div class='ocr_carea' id='block_1_94' title="bbox 2063 5551 3700 5625">
    <p class='ocr_par' dir='ltr' id='par_1_94' title="bbox 2063 5551 3700 5625">
     <span class='ocr_line' id='line_1_95' title="bbox 2063 5551 3700 5625; baseline -0.002 -18"><span class='ocrx_word' id='word_1_654' title='bbox 2063 5551 2378 5625; x_wconf 78' lang='lat' dir='ltr'><strong>virginilus</strong></span> <span class='ocrx_word' id='word_1_655' title='bbox 2407 5556 2678 5625; x_wconf 78' lang='lat' dir='ltr'><strong>prOprius</strong></span> <span class='ocrx_word' id='word_1_656' title='bbox 2705 5554 2867 5610; x_wconf 90' lang='lat' dir='ltr'><strong>locus</strong></span> <span class='ocrx_word' id='word_1_657' title='bbox 2905 5561 3028 5610; x_wconf 89' lang='lat' dir='ltr'><strong>erat</strong></span> <span class='ocrx_word' id='word_1_658' title='bbox 3056 5555 3113 5609; x_wconf 92' lang='lat' dir='ltr'><strong>in</strong></span> <span class='ocrx_word' id='word_1_659' title='bbox 3140 5553 3402 5625; x_wconf 85' lang='lat' dir='ltr'><strong>ecclesia.</strong></span> <span class='ocrx_word' id='word_1_660' title='bbox 3435 5551 3700 5625; x_wconf 89' lang='lat' dir='ltr'><strong>Ambros.</strong></span> 
     </span>
    </p>
   </div>
   <div class='ocr_carea' id='block_1_95' title="bbox 2062 5623 3705 5695">
    <p class='ocr_par' dir='ltr' id='par_1_95' title="bbox 2062 5623 3705 5695">
     <span class='ocr_line' id='line_1_96' title="bbox 2062 5623 3705 5695; baseline -0.002 -17"><span class='ocrx_word' id='word_1_661' title='bbox 2062 5626 2130 5679; x_wconf 92' lang='lat' dir='ltr'><strong>ad</strong></span> <span class='ocrx_word' id='word_1_662' title='bbox 2165 5623 2386 5695; x_wconf 78' lang='lat' dir='ltr'><strong>Virgin.</strong></span> <span class='ocrx_word' id='word_1_663' title='bbox 2441 5623 2658 5695; x_wconf 87' lang='lat' dir='ltr'><strong>lapsam</strong></span> <span class='ocrx_word' id='word_1_664' title='bbox 2685 5639 2811 5695; x_wconf 90' lang='lat' dir='ltr'><strong>cap.</strong></span> <span class='ocrx_word' id='word_1_665' title='bbox 2843 5625 2896 5680; x_wconf 91' lang='lat'><strong>6.</strong></span> <span class='ocrx_word' id='word_1_666' title='bbox 2923 5647 2948 5675; x_wconf 88' lang='lat'><strong><em>«</em></strong></span> <span class='ocrx_word' id='word_1_667' title='bbox 2974 5628 3170 5680; x_wconf 84' lang='lat' dir='ltr'><strong>Nonne</strong></span> <span class='ocrx_word' id='word_1_668' title='bbox 3204 5625 3289 5679; x_wconf 88' lang='lat' dir='ltr'><strong>vel</strong></span> <span class='ocrx_word' id='word_1_669' title='bbox 3321 5623 3486 5678; x_wconf 90' lang='lat' dir='ltr'><strong>illum</strong></span> <span class='ocrx_word' id='word_1_670' title='bbox 3526 5623 3705 5676; x_wconf 91' lang='lat' dir='ltr'><strong>locum</strong></span> 
     </span>
    </p>
   </div>
   <div class='ocr_carea' id='block_1_96' title="bbox 2066 5695 3708 5766">
    <p class='ocr_par' dir='ltr' id='par_1_96' title="bbox 2066 5695 3708 5766">
     <span class='ocr_line' id='line_1_97' title="bbox 2066 5695 3708 5766; baseline -0.001 -17"><span class='ocrx_word' id='word_1_671' title='bbox 2066 5695 2286 5750; x_wconf 84' lang='lat' dir='ltr'><strong>tabulis</strong></span> <span class='ocrx_word' id='word_1_672' title='bbox 2315 5705 2664 5762; x_wconf 87' lang='lat' dir='ltr'><strong>separatum,</strong></span> <span class='ocrx_word' id='word_1_673' title='bbox 2699 5698 2758 5751; x_wconf 93' lang='lat' dir='ltr'><strong>in</strong></span> <span class='ocrx_word' id='word_1_674' title='bbox 2779 5712 2892 5766; x_wconf 92' lang='lat' dir='ltr'><strong>quo</strong></span> <span class='ocrx_word' id='word_1_675' title='bbox 2927 5698 2983 5751; x_wconf 89' lang='lat' dir='ltr'><strong>in</strong></span> <span class='ocrx_word' id='word_1_676' title='bbox 3007 5698 3247 5752; x_wconf 83' lang='lat' dir='ltr'><strong>ecclesia</strong></span> <span class='ocrx_word' id='word_1_677' title='bbox 3272 5695 3484 5757; x_wconf 82' lang='lat' dir='ltr'><strong>stabas,</strong></span> <span class='ocrx_word' id='word_1_678' title='bbox 3515 5707 3708 5766; x_wconf 81' lang='lat' dir='ltr'><strong>recor—</strong></span> 
     </span>
    </p>
   </div>
   <div class='ocr_carea' id='block_1_97' title="bbox 2065 5764 3708 5838">
    <p class='ocr_par' dir='ltr' id='par_1_97' title="bbox 2065 5764 3708 5838">
     <span class='ocr_line' id='line_1_98' title="bbox 2065 5764 3708 5838; baseline -0.002 -18"><span class='ocrx_word' id='word_1_679' title='bbox 2065 5767 2189 5820; x_wconf 89' lang='lat' dir='ltr'><strong>dari</strong></span> <span class='ocrx_word' id='word_1_680' title='bbox 2219 5766 2501 5828; x_wconf 83' lang='lat' dir='ltr'><strong>debuisti,</strong></span> <span class='ocrx_word' id='word_1_681' title='bbox 2523 5769 2590 5838; x_wconf 89' lang='lat' dir='ltr'><strong>ad</strong></span> <span class='ocrx_word' id='word_1_682' title='bbox 2623 5764 3100 5838; x_wconf 47' lang='lat' dir='ltr'><strong>quem—religiosa‘</strong></span> <span class='ocrx_word' id='word_1_683' title='bbox 3125 5777 3396 5822; x_wconf 71' lang='lat' dir='ltr'><strong>matronae</strong></span> <span class='ocrx_word' id='word_1_684' title='bbox 3412 5774 3466 5820; x_wconf 92' lang='lat' dir='ltr'><strong>et</strong></span> <span class='ocrx_word' id='word_1_685' title='bbox 3488 5764 3708 5819; x_wconf 88' lang='lat' dir='ltr'><strong>nobiles</strong></span> 
     </span>
    </p>
   </div>
   <div class='ocr_carea' id='block_1_98' title="bbox 2064 5837 3707 5908">
    <p class='ocr_par' dir='ltr' id='par_1_98' title="bbox 2064 5837 3707 5908">
     <span class='ocr_line' id='line_1_99' title="bbox 2064 5837 3707 5908; baseline -0.001 -17"><span class='ocrx_word' id='word_1_686' title='bbox 2064 5839 2326 5892; x_wconf 87' lang='lat' dir='ltr'><strong>certatim</strong></span> <span class='ocrx_word' id='word_1_687' title='bbox 2348 5837 2657 5893; x_wconf 82' lang='lat' dir='ltr'><strong>currebant</strong></span> <span class='ocrx_word' id='word_1_688' title='bbox 2673 5846 2772 5894; x_wconf 87' lang='lat' dir='ltr'><strong>tua</strong></span> <span class='ocrx_word' id='word_1_689' title='bbox 2789 5837 2983 5894; x_wconf 88' lang='lat' dir='ltr'><strong>oscula</strong></span> <span class='ocrx_word' id='word_1_690' title='bbox 3011 5848 3282 5908; x_wconf 65' lang='lat' dir='ltr'><strong>petentes,</strong></span> <span class='ocrx_word' id='word_1_691' title='bbox 3303 5851 3429 5908; x_wconf 72' lang='lat' dir='ltr'><strong>qua:</strong></span> <span class='ocrx_word' id='word_1_692' title='bbox 3449 5838 3707 5892; x_wconf 88' lang='lat' dir='ltr'><strong>sanctio-</strong></span> 
     </span>
    </p>
   </div>
   <div class='ocr_carea' id='block_1_99' title="bbox 2067 5909 2885 5964">
    <p class='ocr_par' dir='ltr' id='par_1_99' title="bbox 2067 5909 2885 5964">
     <span class='ocr_line' id='line_1_100' title="bbox 2067 5909 2885 5964; baseline -0.005 -2"><span class='ocrx_word' id='word_1_693' title='bbox 2067 5921 2156 5963; x_wconf 92' lang='lat' dir='ltr'><strong>res</strong></span> <span class='ocrx_word' id='word_1_694' title='bbox 2179 5915 2234 5963; x_wconf 94' lang='lat' dir='ltr'><strong>et</strong></span> <span class='ocrx_word' id='word_1_695' title='bbox 2267 5909 2533 5963; x_wconf 89' lang='lat' dir='ltr'><strong>meliores</strong></span> <span class='ocrx_word' id='word_1_696' title='bbox 2555 5916 2608 5963; x_wconf 90' lang='lat' dir='ltr'><strong>te</strong></span> <span class='ocrx_word' id='word_1_697' title='bbox 2633 5910 2840 5964; x_wconf 80' lang='lat' dir='ltr'><strong>erant?</strong></span> <span class='ocrx_word' id='word_1_698' title='bbox 2859 5928 2885 5958; x_wconf 70' lang='grc' dir='ltr'><strong>ι»</strong></span> 
     </span>
    </p>
   </div>
  </div>
